4140 6506
311 462 425 525 713

1000 469 1089 527 ΒΕ
1126 466 1571 525 ADORATIONE
1610 468 1676 524 1N
1718 467 1893 523 5mm

2029 470 2117 525 ΕΤ
2160 471 2528 527 ΥΕΠΙΤΑΤΕ.
2572 504 2636 511 ———
2684 474 2810 529 LIB.
2854 474 2920 529 Χ.

3490 481 3594 536 7N

307 580 563 655 ὁμοειδὴς
597 582 707 654 γάρ
732 582 811 653 τῷ
847 582 1034 654 μόσχῳ
1068 581 1324 654 δάμαλις,
1354 582 1470 638 ἀλλ’
1506 582 1563 635 ἐν
1586 581 1755 652 πολλῇ
1782 579 1897 633 λίαν

2013 582 2104 638 ille
2146 593 2260 637 tum
2303 585 2501 641 robore
2542 595 2656 641 tum
2689 588 2861 658 gloria
2897 587 3208 655 inferiores,
3243 591 3595 664 longissimo-

309 677 559 749 ὑπεροχῇ
581 677 650 732 τά
681 676 872 733 αὐτοῦ.
921 698 940 731 ι
981 678 1076 742 Τίς
1100 678 1211 751 γὰρ
1243 676 1756 751 ὁμοιωθήσεταιτῴ
1790 674 1910 747 Θεῷ

306 770 374 823 ἐν
404 771 536 832 υἱοῖς
564 768 737 835 Θεοῦς
774 789 791 822 ι
818 768 942 825 καθ’
970 770 1119 842 ημᾶς
1152 771 1261 844 γάρ
1290 770 1426 841 ὁμοῦ
1467 770 1561 825 καὶ
1589 770 1731 842 ὑπὲρ
1760 770 1909 839 ἡμᾶς

301 863 336 915 ὸ
386 862 625 933 Χριστὸς
645 864 703 915 ὲν
734 863 979 934 ὑπεροχῇ
1013 863 1287 933 θεότητος,
1320 865 1369 916 εἰ
1404 864 1497 917 καὶ
1525 860 1713 931 γέγονε
1747 861 1906 932 σάρξ.

302 952 414 1007 Δύο
440 970 504 1021 γε
531 952 639 1025 μὴν
655 956 711 1008 αἱ
729 954 1007 1026 δαμάλεις,
1029 956 1108 1018 είς
1131 954 1321 1020 τύπον,
1347 949 1501 1024 οἶμαί
1525 971 1650 1019 που,
1679 952 1788 1005 τῶν
1815 952 1908 1006 δύο

301 1044 490 1111 λαῶν,
536 1047 1062 1119 συνδεδραμηκότων
1104 1050 1184 1112 εἰς
1230 1048 1325 1102 ἕνα
1361 1047 1455 1101 τὸν
1519 1047 1612 1099 ἀπ’
1663 1046 1903 1115 ἀμφοῖν,

305 1138 654 1212 συνείροντος
683 1142 763 1205 εις
781 1141 1011 1213 ἑνότητα
1037 1140 1136 1214 τὴν
1159 1140 1537 1212 πνευματικὴν
1553 1138 1641 1193 διὰ
1669 1137 1907 1201 πίστεως

300 1230 399 1284 τοῦ
440 1232 510 1285 δι’
549 1234 697 1305 ἡμᾶς
721 1251 780 1287 τε
809 1232 905 1286 καὶ
932 1235 1052 1303 μεθ’
1085 1234 1265 1306 ἡμῶν.
1299 1233 1461 1305 Κριοὶ
1492 1233 1551 1287 δὲ
1592 1231 1757 1287 πάλιν
1810 1230 1907 1284 καὶ

298 1325 473 1393 ἀμνοὶ
494 1325 811 1401 νὶσάριθμοι,
834 1326 1063 1397 χίμαροί
1098 1343 1160 1380 τε
1181 1326 1278 1398 οὐχ
1311 1327 1528 1396 ἥττους,
1558 1324 1669 1377 τῶν
1686 1340 1907 1377 πιστευ-

296 1414 481 1469 όντων
519 1415 730 1488 πληθὺν
762 1416 1224 1489 ὑπεμφαίνοντες,
1275 1416 1376 1486 τὴν
1436 1416 1513 1480 ὠς
1553 1417 1611 1469 ὲν
1644 1416 1901 1486 πέμπτῳ,

298 1508 475 1578 φημὶ,
510 1509 979 1580 συνενηνεγμένην
998 1507 1197 1580 καιρῷ,
1222 1506 1347 1562 καθ’
1375 1505 1434 1561 ὃν
1458 1509 1491 1579 ἡ
1522 1507 1784 1578 ἐπιδημία
1808 1507 1902 1560 τοῦ

296 1598 582 1668 λέγοντος,
614 1619 633 1650 ι
674 1601 844 1654 ὐταν
862 1600 1065 1672 ὑψωθῶ
1094 1602 1159 1655 ὲκ
1183 1602 1277 1672 τῆς
1298 1601 1422 1672 γῆς,
1454 1600 1661 1665 πάντας
1690 1600 1904 1654 ἑλκύσω

298 1690 449 1761 πρὸς
496 1691 752 1762 ἐμαυτόν.
805 1711 824 1744 ι
863 1692 1203 1764 Σημαίνεται
1240 1691 1296 1744 δὲ
1322 1691 1430 1744 τῶν
1457 1691 1903 1745 πεπιστευκότων

294 1780 393 1836 δια
424 1782 528 1854 μὲν
566 1783 676 1838 τῶν
711 1781 882 1856 κριῶν
912 1784 974 1837 τὸ
1020 1783 1097 1848 ὡς
1123 1785 1182 1837 ὲν
1216 1785 1476 1855 φρονήσει
1527 1782 1734 1837 τέλειον
1757 1823 1773 1847 ,
1809 1783 1901 1837 καὶ¹

294 1876 403 1947 τῆς
428 1878 627 1948 νοητῆς
654 1876 895 1947 ἡλικίας,
936 1875 1099 1948 δῆλον
1130 1876 1188 1930 δὲ
1220 1878 1304 1930 ὅτι
1342 1875 1444 1946 τῆς
1488 1877 1547 1929 ὲν
1572 1874 1813 1946 Χριστῷ,
1840 1875 1901 1929 τὸ

291 1970 517 2041 ἀρτίως
549 1969 695 2041 ἔχον,
719 1969 809 2022 διὰ
829 1969 884 2023 δὲ
908 1967 1029 2035 τῶν
1058 1968 1249 2040 ἀμνῶν
1273 1969 1335 2022 τὸ
1362 1967 1439 2033 ὡς
1464 1970 1522 2021 ὲν
1554 1967 1819 2038 ἀπλότητί
1842 1985 1901 2021 τε

292 2064 407 2117 καὶ
447 2062 672 2136 ἀκακία·
696 2083 717 2115 ἰ
746 2062 840 2134 Μὴ
871 2082 889 2113 ι
916 2061 1026 2135 γὰρ
1055 2062 1139 2134 δὴ,
1172 2063 1361 2135 φησιν,
1388 2060 1687 2131 ιηάδελφοὶ,
1710 2060 1898 2116 παιδία

290 2155 527 2224 γίνεσθε
550 2158 670 2219 ταῖς
710 2156 926 2226 φρεσὶν,
958 2153 1096 2208 ἀλλὰ
1130 2155 1199 2226 τῆ
1221 2154 1388 2225 κακίᾳ
1424 2152 1745 2225 νηπιάζετε,
1779 2154 1900 2217 ταῖς

286 2248 360 2301 δὲ
400 2248 565 2317 φρεσὶ
610 2247 809 2301 τέλειοι
846 2246 1087 2316 γίνεσθε’
1132 2265 1150 2297 ι
1188 2244 1277 2301 διὰ
1320 2246 1378 2299 δὲ
1418 2245 1525 2299 τῶν
1556 2245 1698 2318 ὑπὲρ
1729 2245 1905 2317 ἁμαρ-

286 2340 430 2404 τίας
466 2341 741 2412 χιμάρων,
762 2340 823 2393 τὸ
857 2341 944 2394 ἀεὶ
972 2339 1181 2394 δεῖσθαι
1211 2339 1559 2412 καθαρισμοῦ
1602 2341 1697 2393 καὶ
1724 2339 1906 2410 πλημ-

290 2430 640 2502 μελημάτων
672 2430 943 2499 ἀφέσεως.
970 2430 1260 2502 Τοιγάρτοι
1301 2432 1394 2485 καὶ
1414 2428 1777 2501 δεδιδάγμεθα
1812 2430 1900 2483 λέ-

285 2539 427 2591 γειν
474 2524 533 2575 ὲν
584 2524 943 2593 προσευχαῖς·
982 2542 1000 2574 ι
1048 2524 1218 2591 Ἀφες
1242 2524 1374 2593 ἡμῖν
1410 2522 1477 2576 τὰ
1512 2522 1897 2594 παραπτώμα-

283 2629 393 2667 τα.
435 2631 453 2663 ι
483 2612 557 2666 Οὐ
593 2612 704 2682 γάρ
746 2612 863 2665 ἐστι
906 2611 1136 2683 καιρὸς,
1170 2611 1257 2665 ὅτε
1301 2610 1375 2683 μὴ
1421 2610 1550 2683 βοᾷν
1599 2612 1896 2681 ἀναγκαῖον

283 2706 416 2767 τοῖς
446 2702 524 2766 ὼς
556 2702 773 2774 άληθῶς
805 2702 1119 2773 άρτίφροσι,
1149 2702 1243 2756 καὶ
1269 2704 1368 2773 τῆς
1398 2692 1747 2774 ἀνθρωπείας
1778 2702 1894 2773 φύ-

287 2813 447 2860 σεως
471 2796 635 2850 εἰδόσι
656 2796 717 2850 τὸ
757 2796 974 2861 ἄναλκι,
1000 2794 1117 2862 καὶ,
1153 2813 1172 2846 ι
1204 2794 1639 2867 Παραπτώματα
1669 2794 1752 2858 τίς
1778 2813 1903 2850 συν·

286 2889 463 2958 ἠσεις
494 2908 512 2940 ι
539 2887 657 2955 καὶ,
701 2908 721 2940 ι
766 2889 861 2942 Ἐκ
878 2888 989 2941 τῶν
1014 2887 1264 2961 κρυφίων
1298 2905 1397 2958 μου
1424 2885 1721 2958 καθάρισον
1755 2904 1841 2957 με.
1877 2905 1895 2939 ι

286 2979 479 3033 ’Τοῦτο
524 2979 687 3033 θυσία
742 2978 1129 3049 πνευματικὴ,
1178 2977 1455 3049 σωτηρίας
1506 2995 1567 3032 τε
1625 2980 1755 3052 πέρι
1795 2977 1904 3031 τῶν

285 3074 590 3146 ἡμετέρων
622 3070 809 3142 ψυχῶν
843 3069 1213 3133 εὐωδιάζουσα
1241 3069 1320 3141 τῷ
1343 3069 1485 3139 Θεῷ.

2012 690 2118 745 que
2139 675 2430 731 intervallo
2459 677 2755 750 disjuncti:
2795 695 2921 735 nam
2952 681 3058 736 etsi
3082 682 3261 738 nostri
3286 684 3484 744 similis
3511 688 3596 745 fa-

2010 776 2134 823 ctus
2192 777 2279 823 est
2336 768 2551 839 (eadem
2596 773 2802 844 quippe
2849 773 3033 845 specie
3079 784 3210 832 sunt
3259 776 3467 835 vitulus
3532 797 3598 839 ac

2010 861 2229 933 vitula),
2257 862 2355 917 sed
2383 871 2587 929 tamen,
2625 880 2747 935 qua:
2790 865 2861 920 ad
2910 882 3036 922 eum
3087 870 3389 939 pertinent,
3436 872 3597 945 longe

2010 962 2139 1007 sunt
2168 954 2583 1010 excellentiora.
2640 976 2657 1006 ι
2686 956 2821 1024 Quis
2852 958 3000 1013 enim
3027 961 3339 1031 aequabitur
3372 963 3484 1019 Deo
3538 965 3594 1021 in

2009 1045 2137 1100 filiis
2164 1046 2261 1100 Dei
2289 1048 2371 1113 "3
2397 1067 2415 1099 ι
2454 1047 2628 1103 Simul
2664 1051 2813 1105 enim
2842 1060 2900 1105 et
2931 1052 3234 1107 secundum
3262 1069 3383 1120 nos,
3419 1064 3476 1110 et
3499 1072 3594 1112 su-

2006 1153 2108 1209 pra
2133 1153 2236 1192 nos
2286 1137 2544 1195 Christus
2582 1152 2704 1208 est;
2749 1158 2814 1198 ac
2870 1146 3243 1214 przestantiam
3287 1147 3597 1205 divinitatis

2008 1227 2230 1293 retinet,
2253 1230 2388 1285 licet
2412 1231 2484 1286 sit
2512 1247 2641 1287 caro
2664 1232 2860 1289 factus.
2884 1233 3156 1290 Craterum
3182 1236 3304 1293 duas
3348 1249 3479 1295 sunt
3507 1240 3592 1295 vi-

2008 1320 2137 1375 tula:
2186 1320 2244 1376 in
2310 1321 2564 1393 figuram,
2600 1332 2663 1378 ut
2696 1325 2915 1395 opinor,
2946 1326 3182 1382 duorum
3232 1331 3589 1400 populorum,

2007 1412 2103 1483 qui
2162 1428 2265 1469 suo
2323 1429 2600 1469 concursu
2665 1431 2837 1470 unum
2901 1415 3149 1473 efﬁciunt
3204 1420 3470 1491 populum
3523 1438 3591 1477 ex

2007 1513 2245 1576 utroque
2285 1505 2605 1571 conﬂatum,
2650 1523 2777 1563 cum
2818 1523 2915 1565 eos
2965 1510 3021 1564 in
3057 1511 3322 1567 unitatem
3362 1513 3594 1585 spiritus

2004 1612 2105 1669 per
2131 1597 2295 1653 fidem
2329 1598 2420 1654 ille
2462 1608 2721 1656 conserat
2746 1610 2920 1673 atque
2973 1612 3284 1669 connectat,
3337 1606 3433 1677 qui
3465 1621 3595 1677 pro-

2006 1698 2127 1759 pter
2147 1705 2248 1745 nos
2262 1700 2427 1763 atque
2452 1692 2599 1748 inter
2619 1709 2721 1749 nos
2740 1702 2826 1750 est
2854 1694 3050 1751 factus.
3084 1697 3303 1754 Arietes
3321 1708 3586 1770 praetcrea

2005 1791 2064 1836 et
2091 1782 2218 1853 agni
2250 1784 2501 1850 totidem,
2528 1786 2670 1841 hirci
2696 1802 2917 1857 quoque
2935 1787 3083 1843 haud
3100 1790 3413 1860 pauciores,
3442 1791 3588 1848 mul—

2004 1874 2303 1933 titudinem
2327 1878 2676 1934 credentium
2717 1879 2989 1946 indicant,
3037 1896 3161 1951 quae
3190 1883 3386 1952 quinto
3428 1884 3587 1955 quasi

1933 1948 1975 2003 Β
2006 1976 2255 2039 tempore
2308 1971 2600 2041 contingit,
2635 1986 2747 2041 quo
2784 1948 3171 2043 tempore—ille
3208 1948 3465 2040 advenit:
3490 1976 3586 2045 qui

2001 2059 2181 2115 dixit:
2230 2080 2250 2111 ι
2278 2059 2419 2117 Cum
2467 2063 2742 2119 exaltatus
2766 2062 2925 2118 fuero
2955 2080 2986 2118 a
3034 2071 3200 2136 terra,
3231 2079 3427 2121 omnes
3470 2074 3588 2123 tra-

2000 2153 2128 2208 ham
2163 2152 2232 2213 ad
2267 2167 2355 2208 me
2390 2152 2569 2224 ipsum
2592 2155 2658 2207 5'.
2686 2174 2704 2204 ι
2761 2154 2865 2208 Per
2892 2154 3094 2210 arietes
3130 2163 3315 2211 autem
3372 2155 3587 2228 signiﬁ-

2000 2252 2158 2301 catur
2192 2244 2537 2300 credentium
2570 2245 2881 2315 prudentia
2913 2245 3201 2317 perfectio,
3224 2256 3282 2303 et
3319 2248 3585 2319 spiritua-

2001 2337 2072 2392 lis
2096 2337 2298 2401 astatis,
2318 2336 2472 2391 illius
2503 2336 2767 2392 nimirum
2806 2352 2916 2407 qua
2941 2337 2997 2391 in
3015 2337 3237 2394 Christo
3260 2338 3584 2406 crescimus.

2004 2431 2314 2496 absolutio,
2360 2445 2461 2500 per
2488 2445 2658 2500 agnos
2706 2445 2842 2484 vero
2880 2430 3204 2501 simplicitas
3236 2440 3293 2487 et
3318 2432 3586 2489 innocen—

2003 2520 2123 2575 tia:
2165 2518 2383 2574 «Nolite
2410 2537 2429 2570 ι
2468 2519 2640 2583 enim,
2686 2519 2885 2590 inquit,
2929 2520 3196 2585 «fratres,
3232 2522 3386 2592 pueri
3443 2521 3586 2578 θαίοἰ

2002 2609 2279 2673 sensibus,
2307 2608 2403 2664 sed
2433 2609 2641 2664 malitia
2680 2600 2896 2680 parvuli
2940 2619 3138 2675 estote,
3178 2612 3434 2667 sensibus
3485 2628 3586 2669 au-

2000 2709 2113 2756 tem
2166 2700 2396 2772 perfecti
2445 2709 2625 2757 estote
2651 2702 2698 2734 ⁵³
2722 2722 2740 2754 ι
2784 2720 2797 2755 :
2830 2718 2930 2773 per
2963 2703 3151 2760 hircos
3207 2704 3446 2777 denique
3485 2721 3587 2779 pro

2000 2802 2250 2866 peccato,
2281 2810 2500 2865 semper
2525 2810 2627 2851 nos
2657 2794 2973 2866 expiatione
2995 2811 3063 2850 ac
3089 2796 3414 2853 remissione
3453 2812 3584 2868 pec-

2001 2896 2252 2942 catorum
2286 2902 2426 2957 opus
2456 2886 2681 2942 habere.
2730 2887 2921 2958 Itaque
2938 2888 3121 2944 edocti
3144 2903 3335 2946 sumus
3360 2890 3416 2944 in
3455 2904 3584 2945 ora-

2000 2979 2252 3034 tionibus
2271 2978 2490 3033 dicere:
2526 2998 2544 3030 c
2568 2978 2793 3033 Dimitte
2811 2979 2975 3034 nobis
2994 2979 3181 3035 debila
3210 2980 3275 3033 ⁸³.
3310 3000 3329 3030 ι
3358 2980 3582 3036 Nullum

2003 3072 2153 3128 enim
2192 3079 2409 3140 tempus
2435 3079 2539 3134 est,
2585 3086 2696 3140 quo
2733 3086 2845 3125 non
2896 3071 2967 3126 iis
2998 3080 3171 3136 certe,
3211 3072 3307 3143 qui
3339 3072 3585 3144 perfecta

284 3176 435 3223 sunt
499 3164 796 3238 prudentia
859 3163 1223 3233 humanaeque
1292 3162 1686 3219 imbecillitatis
1744 3162 1891 3219 haud
1943 3158 2141 3231 ignari,
2189 3161 2429 3216 clamare
2467 3176 2691 3216 necesse
2747 3162 2850 3217 sit:
2889 3181 2907 3214 ι
2945 3162 3154 3218 Delicta
3202 3162 3327 3235 quis
3374 3164 3582 3219 intelli-

280 3260 419 3334 git?
444 3278 463 3311 ι
505 3267 581 3325 et,
628 3278 648 3310 ι
676 3258 761 3313 Ab
799 3256 1031 3313 occultis
1062 3255 1201 3311 meis
1238 3255 1442 3310 munda
1478 3271 1564 3312 me
1595 3256 1661 3309 ⁸⁸.
1702 3274 1719 3308 ι
1755 3256 1881 3312 Haec
1918 3264 2004 3313 est
2035 3256 2340 3327 spiritualis
2388 3256 2586 3321 hostia,
2647 3263 2705 3313 et
2739 3274 2861 3328 quae
2900 3273 3001 3329 pro
3052 3258 3237 3315 salute
3264 3268 3582 3316 nostrarum

282 3357 612 3412 animarum
643 3351 757 3407 Deo
783 3349 841 3405 in
875 3349 1107 3404 odorem
1129 3346 1422 3401 suavitatis
1447 3346 1698 3402 oﬂ‘ertur.

373 3456 582 3511 nam.
617 3450 863 3522 Ἀληθές.

371 3546 542 3601 ΚΥΡ.
577 3542 813 3615 Χριστὸν
846 3536 939 3595 οὖν
969 3538 1127 3608 ἔφην,
1176 3536 1252 3603 ὡς
1285 3537 1342 3591 εν
1375 3554 1440 3608 γε
1474 3537 1554 3608 τῷ
1591 3536 1776 3609 μόσχῳ
1802 3535 1897 3590 καὶ

296 3643 417 3703 τοῖς
445 3639 643 3709 κριοῖς,
676 3633 870 3706 ἁμνιῖς
898 3649 957 3687 τε
988 3633 1085 3686 καὶ
1124 3630 1373 3702 τράγοις,
1419 3631 1513 3684 καὶ
1550 3633 1663 3694 τοῖς
1689 3630 1897 3701 ἑτέροις

298 3726 847 3802 κατασημαίνεσθαι,
896 3723 999 3779 καὶ
1045 3724 1395 3794 ἀφαμαρτεῖν
1450 3719 1546 3774 τοῦ
1592 3721 1897 3792 πρέποντος

292 3824 544 3896 οἰηθείην
571 3820 636 3877 ἂν
660 3818 777 3874 οὔτι
811 3835 912 3872 που
954 3815 1046 3869 τὸν
1088 3815 1183 3868 ἐπὶ
1220 3812 1354 3884 τῷδε
1410 3812 1589 3883 λόγον.
1632 3814 1697 3867 Et
1741 3812 1799 3867 δὲ
1828 3812 1893 3883 δή

295 3935 387 3981 τις
433 3916 610 3971 ἕλοιτο
662 3913 758 3966 καὶ
795 3912 882 3981 ἐφ’
935 3909 1084 3981 ἡμᾶς
1131 3906 1331 3970 αὐτοὺς
1386 3907 1486 3978 τὴν
1536 3906 1643 3961 τῶν
1675 3905 1896 3960 ἐννοιῶν

297 4007 671 4082 μετακομίσαι
686 4004 937 4075 δύναμιν,
966 4002 1027 4055 τὸ
1054 3999 1261 4055 λυποῦν
1283 4000 1460 4066 οὐδὲν,
1491 4000 1745 4071 τοιαύτην
1773 3998 1895 4053 τινὰ

291 4102 537 4175 θεωρίαν
566 4101 681 4161 τοῖς
705 4095 1087 4169 προκειμένοις
1121 4094 1459 4161 ἐπενεγκεῖν.

370 4194 584 4250 ΠΛΛΛ.
630 4188 851 4246 Ὀποίαν
874 4188 941 4259 δὴ
975 4186 1080 4258 φῄς
1107 4202 1121 4250 ς

370 4288 539 4346 ΚΥΡ.
571 4281 1042 4357 Προσικομίζοντο
1072 4279 1215 4335 κατὰ
1250 4279 1342 4333 τὸν
1367 4279 1529 4350 νόμον
1568 4277 1722 4352 παρὰ
1761 4294 1897 4334 παν-

290 4384 391 4447 τὸς
416 4380 638 4454 Ἰσραὴλ
670 4379 743 4434 τὰ
780 4377 904 4450 ιερὰ
949 4375 1188 4447 θύματα.
1223 4376 1551 4446 Προσεχεῖτο
1584 4372 1641 4428 δὲ
1668 4371 1743 4443 τῷ
1764 4370 1895 4441 θείῳ

290 4473 675 4546 θυσιαστηρίῳ
703 4471 813 4524 τῶν
837 4466 1195 4538 σφαζομένων
1214 4468 1275 4520 τὸ
1304 4459 1464 4536 αἷμα,
1487 4464 1771 4536 μονονουχὶ
1797 4480 1895 4516 κα-

290 4568 672 4639 ταγράφοντος
700 4562 776 4627 ὼς
814 4563 873 4615 ὲν
902 4560 1033 4630 σκιᾷ
1064 4557 1157 4613 τοῦ
1187 4556 1495 4629 δρωμένου,
1526 4554 1623 4610 καὶ
1649 4551 1896 4621 πλαγίως

291 4662 432 4731 ἡμῖν
470 4654 931 4726 ὑπεμφαίνοντος,
970 4652 1055 4705 ὅτι
1081 4649 1201 4721 Θεῷ
1232 4648 1313 4719 τῷ
1360 4648 1503 4718 ἁγίῳ
1542 4645 1642 4709 τὰς
1683 4643 1893 4699 ἑαυτῶν

288 4748 456 4823 ἡμῶν
486 4744 777 4816 καθιεροῦν
808 4743 1074 4814 προσήκει
1093 4739 1294 4813 ψυχάς.

367 4838 579 4895 ΠΑΛΛ.
630 4830 706 4889 Εὖ
734 4834 888 4903 εφης.

367 4930 533 4987 ΚΥΡ.
571 4925 781 4983 Οὐκοῦν
809 4925 925 4979 ἀνθ’
955 4920 1111 4993 ἡμῶν
1140 4920 1234 4975 καὶ
1259 4918 1397 4991 ὑπὲρ
1415 4917 1571 4990 ἡμῶν
1602 4932 1673 4970 τα
1701 4915 1879 4986 θυμα-

286 5044 383 5089 τα,
402 5022 497 5077 καὶ
519 5019 681 5091 ἡμεῖς
710 5017 879 5087 ἐσμεν
903 5014 963 5067 ὲν
1000 5013 1183 5075 αὐτοῖς
1217 5012 1266 5065 οἱ
1298 5011 1441 5065 κατὰ
1469 5008 1639 5065 τύπον
1669 5008 1882 5078 ῖερουρ-

284 5116 388 5187 γού
397 5131 569 5186 μενοι.

362 5209 578 5264 una.
630 5200 878 5272 Ἀληθές.

363 5300 533 5356 ΚΥΡ.
566 5297 708 5367 Φέρε
735 5294 801 5365 δὴ
830 5286 926 5347 οῦν
978 5283 1559 5360 πολυπραγμονοῦντες
1604 5283 1781 5357 ὀρθῶς
1815 5283 1885 5339 τὰ

282 5393 366 5458 ὡς
383 5391 537 5462 παρὰ
552 5389 770 5443 πάντων
801 5396 1082 5455 προσκεκο
1091 5378 1329 5450 μισμένα
1357 5376 1448 5433 διὰ
1474 5376 1575 5448 τῆς
1595 5375 1704 5429 τῶν
1722 5376 1883 5445 ἡγου-

288 5486 471 5559 μένων
508 5481 714 5554 χειρὸς,
742 5478 843 5547 τῆς
888 5478 947 5531 ὲν
995 5471 1270 5542 πνεύματι
1312 5467 1547 5541 θεωρίας
1590 5468 1651 5523 τὸ
1682 5467 1881 5559 κάλλος

287 5554 775 5650 περιαθρήσωμεν.
814 5566 925 5625 Ἦν
974 5561 1068 5620 οὖν
1135 5564 1249 5637 ἄρα
1292 5562 1364 5617 τὰ
1400 5554 1881 5634 προσενηνεγμένα

284 5672 349 5725 ὲν
367 5669 632 5739 ἀργυροῖς
659 5656 1189 5731 σκιύεσι,τρυ6λίῳ,
1224 5655 1391 5727 φημὶ,
1433 5654 1529 5710 καὶ
1563 5652 1752 5726 φιάλῃ.
1791 5668 1881 5705 σε-

288 5762 507 5834 μίδαλις
536 5754 915 5829 ιλαιοὸρεχής.
953 5750 1235 5823 Σύμϐολον
1277 5748 1335 5805 δὲ
1362 5747 1749 5821 λαμπρότητος
1783 5746 1882 5819 μὲν

392 5948 437 5980 ⁸ο
468 5946 610 6003 Psal.
638 5956 889 6005 unum
917 5940 971 5995 7.
1048 5941 1091 5976 "
1114 5938 1273 5997 Joan.
1304 5953 1399 6000 xu,
1424 5934 1511 5989 52.

614 6037 886 6097 Parnm"
932 6033 1047 6093 Gn.
1097 6030 1333 6092 LXVIII

1598 5935 1638 5963 "‘
1670 5934 1690 5988 Ι
1714 5933 1843 5987 Cor.
1873 5949 1981 5997 xxv,
2009 5931 2097 5987 ‘20.

1924 3454 1969 3512 C
2073 3448 2272 3504 PALL.
2297 3447 2377 3503 Ita
2404 3455 2509 3503 est.

2060 3539 2219 3597 CYR.
2248 3538 2530 3595 Christum
2572 3537 2741 3607 igitur
2765 3536 2881 3591 dixi
2913 3534 2972 3591 in
3006 3535 3183 3592 vitulo
3209 3546 3267 3592 et
3282 3536 3579 3603 arietibus.

1997 3632 2153 3703 agnis
2177 3645 2398 3702 quoque
2426 3640 2483 3685 et
2522 3629 2692 3686 hircis
2721 3628 3048 3698 ueterisque
3086 3627 3464 3685 animantibus
3501 3629 3580 3686 sic
3698 3646 3699 3649 ‘

1994 3722 2284 3795 gnificari:
2326 3738 2506 3793 neque
2538 3736 2673 3778 vero
2714 3736 2893 3776 meam
2922 3720 3026 3775 hac
3068 3720 3137 3776 de
3178 3736 3239 3775 re
3275 3720 3579 3791 θεροςίιίοο

1994 3832 2124 3873 nem
2146 3816 2388 3871 arbitror
2402 3816 2473 3871 ab
2494 3830 2563 3871 eo
2583 3814 2731 3886 quod
2750 3822 2964 3870 rectum
2989 3813 3062 3869 sit
3097 3813 3420 3871 abhorrere.
3448 3813 3578 3879 Sed,

1994 3910 2039 3966 si
2069 3910 2198 3981 quis
2218 3909 2352 3965 velit
2372 3908 2443 3963 ad
2466 3924 2569 3964 nos
2594 3908 2745 3978 ipsos
2774 3920 2994 3977 quoque
3024 3906 3425 3962 sententiarum
3464 3904 3578 3960 vim

1992 4001 2319 4066 transferre,
2358 4000 2498 4055 nihil
2537 3997 2797 4069 prohibet
2820 3994 3095 4068 ejusmodi
3146 3996 3464 4066 quampiam
3493 4010 3580 4051 re-

1990 4089 2272 4147 conditam
2302 4087 2721 4158 intelligentiam
2743 4084 3041 4156 propositis
3069 4084 3238 4141 rebus
3254 4084 3577 4156 adiungere.

2064 4182 2265 4240 PALL.
2297 4179 2620 4252 Cujusmodi
2651 4178 2911 4235 tandem?

2056 4274 2218 4332 CYR.
2278 4272 2691 4335 Oderebantur,
2746 4278 2808 4324 ut
2848 4270 2938 4324 lex
2971 4269 3362 4333 constituerat,
3410 4284 3581 4327 sacra

1991 4364 2233 4421 victimae
2263 4363 2335 4419 ab
2362 4362 2624 4418 universo
2674 4358 2895 4415 lsraelis
2928 4358 3155 4429 populo.
3181 4357 3344 4430 367
3375 4357 3484 4416 Sed
3506 4360 3575 4417 ad

1988 4458 2165 4512 altare
2218 4453 2552 4510 fundebatur
2594 4464 2867 4508 caesorum
2901 4448 3267 4505 animantium
3312 4449 3573 4524 sanguis:

1992 4549 2052 4605 in
2082 4562 2195 4618 quo
2215 4561 2304 4604 res
2327 4547 2446 4617 ipsa
2464 4553 2615 4617 gesta
2636 4543 2798 4600 nobis
2821 4552 3082 4614 tanquam
3106 4542 3165 4597 in
3183 4541 3383 4599 umbra
3405 4557 3577 4615 prope

1989 4638 2289 4710 descripsit
2317 4646 2375 4695 et
2403 4636 2629 4707 oblique
2658 4634 3008 4707 significavit,
3039 4633 3174 4699 Deo,
3206 4633 3302 4705 qui
3350 4644 3577 4691 sanctus

1988 4741 2098 4797 est,
2132 4739 2351 4788 nostras
2379 4730 2592 4787 animas
2619 4742 2723 4784 nos
2750 4741 3079 4785 consecrare
3105 4725 3331 4783 debere.

1913 4806 1959 4863 υ
2057 4824 2256 4883 PALL.
2288 4824 2457 4880 Recte
2482 4822 2580 4878 ais

2057 4916 2217 4974 CYR.
2271 4915 2471 4973 Nostro
2508 4913 2677 4985 igitur
2725 4912 2847 4970 loco
2876 4926 2943 4968 ac
2982 4926 3086 4984 pro
3128 4909 3292 4967 nobis
3338 4907 3575 4967 victima

1986 5009 2320 5073 oﬂ’eruntur,
2356 5022 2566 5077 nosque
2590 5006 2649 5062 in
2686 5005 2796 5061 illis
2829 5004 3009 5075 typiee
3031 5002 3424 5058 sacrificamur.

2055 5190 2254 5250 PALL.
2286 5190 2365 5247 Ita
2398 5199 2501 5247 est.

2054 5282 2213 5341 οἵη.
2242 5280 2356 5353 Age
2378 5293 2531 5350 ergo,
2557 5276 2849 5347 diligenter
2881 5270 3260 5330 examinemus
3299 5288 3425 5346 qua
3446 5282 3570 5333 an-

1980 5391 2145 5448 quam
2182 5374 2254 5431 ab
2292 5372 2443 5429 omni
2488 5366 2844 5426 multitudine
2880 5380 2981 5439 per
3016 5379 3217 5423 manus
3254 5364 3568 5439 principum

1979 5468 2163 5525 oblata
2192 5473 2345 5530 sunt,
2371 5478 2438 5520 ac
2466 5458 2773 5535 spiritualis
2803 5456 3289 5530 contemplationis
3314 5456 3567 5531 pulchri-
3658 5490 3674 5514 η

1980 5560 2230 5618 tudinem
2269 5553 2801 5625 circumspicimus.
2855 5548 3147 5624 Argenteis
3197 5548 3365 5623 igitur
3397 5547 3566 5614 ναῖε.

1980 5651 2186 5717 catino,
2235 5650 2482 5720 inquam,
2520 5660 2587 5703 ac
2612 5644 2821 5718 phiala,
2866 5642 3050 5701 simila
3085 5641 3268 5700 oblata
3311 5649 3401 5699 est
3440 5639 3567 5698 oleo

1980 5742 2285 5801 madefacta
2313 5760 2326 5794 :
2351 5748 2438 5799 est
2465 5748 2649 5796 autem
2667 5745 2957 5811 argentum
2984 5733 3295 5810 splendoris
3324 5741 3476 5799 nota,
3506 5741 3569 5790 ut

2178 5929 2437 5985 “Matth.
2473 5944 2547 5990 η.
2585 5927 2667 5981 ιε.
2746 5924 2965 5983 "Psal.
3005 5920 3278 6071 xvm,
3380 5888 3381 5891 γ
