4140 6510
578 400 682 454 ’ἶῖῖί
1607 401 1660 455 S.
1705 400 1979 456 CYRllLl
2020 401 2184 455 ΜΕ)

2284 401 2490 455 ἱΠῐίῙΝι
2526 401 2843 457 ARClllEP.
3740 398 3840 455 Titi

578 514 759 571 Simila
780 517 936 577 vitae,
972 515 1173 584 quippe
1214 528 1337 569 cum
1374 529 1441 568 ex
1474 514 1579 567 illa
1608 514 1765 584 panis
1790 515 2039 579 exsistat,
2066 516 2159 585 qui

2284 519 2294 568 ί
2339 517 2604 586 ἄργυρος,
2634 513 2779 587 ζωῆς
2823 516 2879 571 δὲ
2911 520 2945 587 ἡ
3004 514 3304 587 σεμίδαλις,
3329 515 3405 580 ὡς
3436 516 3602 587 ἄρτου
3640 513 3842 583 γένεσις

576 610 746 664 vitam
778 612 1102 672 conservat;
1129 606 1311 659 oleum
1346 603 1583 673 denique
1620 606 1837 676 signum
1868 615 1953 660 est
1977 604 2167 660 hilari-

578 702 728 757 tatis.
764 700 1039 756 Oﬁ’eratur
1061 697 1243 767 itaque
1273 714 1303 751 a
1328 696 1490 751 nobis
1519 697 1652 767 ipsis
1675 712 1895 767 quoque
1914 698 2047 762 Deo,
2072 698 2168 768 qui

578 803 666 849 est
707 809 872 865 super
913 790 1117 855 omnia,
1163 791 1219 845 in
1269 788 1561 860 splendore
1608 788 1735 844 vita:
1774 789 2024 844 hilaritas
2073 806 2173 860 per

580 901 731 956 spem
756 900 877 955 quae
906 882 960 937 in
980 882 1202 938 Christo
1221 892 1305 937 est
1332 900 1343 934 :
1382 903 1398 932 ι
1429 881 1536 952 Spe
1556 881 1701 936 enim
1729 882 2031 953 gaudentes
2046 884 2113 948 ",
2145 902 2163 934 ι

579 978 779 1048 inquit.
811 977 915 1043 Qui
947 976 1095 1031 enim
1123 975 1242 1031 ﬁeri
1280 983 1482 1045 potest,
1510 984 1573 1029 ut
1602 990 1712 1029 non
1740 989 1952 1029 summa
1981 975 2169 1030 laetitia

578 1070 727 1139 pleni
787 1069 926 1133 sint,
984 1068 1077 1139 qui
1129 1084 1303 1138 genus
1347 1067 1474 1122 vita:
1524 1076 1688 1136 atque
1737 1068 2173 1123 conversationis

580 1160 933 1231 splendidum
959 1159 1251 1230 diligenter
1276 1156 1642 1223 excoluerint,
1674 1164 1729 1211 et
1754 1156 2055 1212 Salvatoris
2073 1174 2172 1212 no—

578 1254 683 1310 stri
734 1252 989 1307 mandata
1041 1249 1437 1307 custodierint?
1490 1248 1693 1319 quibus
1736 1247 1965 1303 omnino
2026 1249 2170 1318 apud

578 1347 755 1402 Deum
793 1345 1032 1416 reposita
1072 1353 1157 1398 est
1188 1343 1310 1414 ejus
1340 1341 1513 1413 ipsius
1563 1340 1749 1411 gloria:
1801 1339 2169 1410 participatio.

588 1459 607 1489 ‹
641 1437 841 1492 Mortui
871 1436 1019 1491 enim
1050 1434 1201 1500 estis,
1238 1456 1254 1486 ι
1296 1433 1495 1504 inquit,
1542 1452 1560 1483 ι
1596 1441 1651 1487 et
1690 1432 1802 1487 vita
1826 1441 2009 1487 vestra
2045 1431 2171 1486 abs-

580 1530 802 1585 condita
833 1537 918 1584 est
954 1543 1080 1583 cum
1114 1527 1336 1583 Christo
1362 1526 1416 1579 in
1440 1526 1571 1581 Deo.
1612 1524 1751 1581 Cum
1794 1525 2047 1581 Christus
2074 1540 2172 1595 ap-

580 1624 851 1694 paruerit.
890 1621 1003 1675 vita
1037 1627 1248 1682 nostra,
1282 1627 1412 1673 tunc
1449 1626 1507 1673 et
1544 1633 1643 1672 vos
1672 1616 2010 1688 apparebitis
2048 1631 2173 1670 cum

582 1716 704 1785 ipso
732 1714 787 1768 in
814 1712 986 1785 gloria
1010 1712 1076 1763 ³⁷.
1120 1732 1137 1763 ι
1177 1710 1349 1781 Igitur
1374 1708 1554 1763 simila
1580 1708 1704 1762 oleo
1728 1722 2019 1777 conspersa
2067 1713 2170 1761 est.

582 1807 729 1862 Inest
752 1805 898 1865 enim
930 1804 985 1862 in
1018 1809 1332 1858 sanctorum
1364 1799 1614 1854 virorum
1637 1798 1747 1853 vita
1781 1797 1871 1853 illa
1896 1806 1957 1851 ut
1985 1799 2040 1852 in
2080 1811 2175 1866 spe

2268 607 2365 660 τοῦ
2405 608 2718 679 συνέχοντος
2768 610 2849 672 εἰς
2888 607 3055 680 ζωὴν,
3079 608 3392 680 ἱλαρότητος
3442 606 3499 661 δὲ
3547 605 3611 659 τὸ
3650 605 3841 660 ἔλαιον.

2271 699 2639 770 Προσαγέσθω
2665 700 2729 772 δὴ
2777 695 2873 755 οὖν
2920 700 3017 754 καὶ
3060 699 3198 772 πρός
3234 716 3300 768 γε
3339 697 3501 769 ἡμῶν
3540 696 3723 751 αὑτῶν
3774 696 3848 768 τῷ

2270 793 2363 846 ἐπὶ
2413 793 2629 847 πάντων
2656 792 2776 865 Θεῷ
2802 792 2864 847 τὸ
2896 792 2973 857 ὡς
2998 793 3059 847 ὲν
3093 792 3437 864 λαμπρότητι
3463 789 3611 860 ζωῆς
3646 788 3845 861 ἱλαρὸν,

2272 881 2455 936 ἑλπίδι
2481 885 2549 953 τῇ
2578 884 2635 936 ὲν
2663 883 2909 955 Χριστῷ.
2946 902 2966 935 ι
2998 884 3077 956 Τῇ
3111 884 3222 955 γὰρ
3252 882 3428 937 ἑλπίδι
3476 882 3781 953 χαίροντες,
3824 899 3840 933 ι

2272 972 2427 1042 φησί.
2476 973 2603 1037 Πῶς
2639 973 2684 1027 δ’
2715 973 2782 1029 ἂν
2822 969 2933 1029 εἷεν
2994 974 3115 1046 οὑχὶ
3152 975 3250 1045 τῆς
3288 974 3548 1030 ἀνωτάτω
3584 971 3851 1041 θυμηδίας

2272 1062 2517 1135 ἔμπλεῳ.
2534 1064 2596 1117 τδ
2613 1065 2671 1117 ὲν
2698 1064 2808 1136 ζωῇ
2825 1082 2884 1119 τε
2907 1067 3003 1120 καὶ
3020 1064 3267 1138 πολιτείᾳ
3296 1064 3597 1137 περιφανὲς
3621 1062 3854 1134 ἐξησκη-

2271 1156 2430 1221 κότες
2458 1152 2518 1212 εὖ
2555 1157 2701 1228 μάλα
2744 1158 2851 1213 τῶν
2881 1157 2975 1212 τοῦ
3019 1158 3272 1229 Σωτῆρος
3311 1156 3473 1228 ἡμῶν
3501 1154 3855 1226 ὲνταλμάτων

2271 1250 2320 1304 οἱ
2348 1250 2610 1319 φύλακες
2657 1246 2741 1315 οἷς
2788 1251 2968 1322 πάντη
3000 1269 3058 1305 τε
3094 1252 3185 1305 καὶ
3218 1251 3437 1313 πάντως
3460 1248 3522 1302 τὸ
3550 1250 3609 1302 ὲν
3640 1247 3855 1319 μεθέξει

2271 1342 2532 1411 γενέσθαι
2570 1344 2671 1415 τῆς
2706 1343 2865 1415 δόξης
2895 1343 3063 1398 αὑτοῦ
3088 1342 3509 1415 τεθησαύρισται
3538 1340 3695 1412 παρά
3719 1340 3854 1410 Θεῷ.

2278 1435 2647 1491 «Ἂπεθάνετε
2688 1438 2819 1509 γὰρ,
2867 1436 3023 1507 φησὶ,
3078 1438 3173 1490 καὶ
3224 1438 3257 1507 ἡ
3295 1434 3408 1506 ζωὴ
3459 1433 3616 1503 ὑμῶν
3661 1431 3857 1502 κέκρυ-

2273 1549 2406 1586 πται
2435 1532 2531 1586 σὺν
2577 1529 2654 1602 τῷ
2693 1531 2919 1604 Χριστῷ
2944 1533 3002 1583 ὲν
3042 1529 3120 1601 τῷ
3148 1528 3288 1600 Θεῷ.
3341 1529 3511 1582 Ὅταν
3553 1527 3584 1580 6
3623 1524 3857 1597 Χριστός

2274 1622 2585 1693 φανερωθῇ,
2626 1623 2660 1693 ἡ
2691 1621 2803 1695 ζωὴ
2848 1621 3026 1693 ἡμῶν,
3066 1622 3187 1676 τότε
3231 1620 3325 1674 καὶ
3372 1620 3530 1690 ὑμεῖς
3575 1619 3674 1673 σὺν
3712 1615 3860 1685 αὑτῷ

2275 1714 2729 1786 φανερωθήσεσθε
2755 1715 2813 1767 ὲν
2840 1713 2985 1786 δόξῃ.
3024 1733 3041 1765 ι
3076 1711 3338 1783 Οὑκοῦνὴ
3369 1709 3646 1781 σεμίδαλις
3694 1709 3861 1762 ἐλαιό-

2275 1806 2482 1871 δευτος.
2527 1807 2747 1861 Ἔνεστι
2788 1806 2898 1877 γὰρ
2943 1809 3009 1877 τῇ
3039 1804 3147 1858 τῶν
3194 1788 3517 1875 ἁγίωνλζωῇ
3568 1802 3664 1855 καὶ
3700 1801 3760 1854 τὸ
3790 1800 3861 1863 ὡς

580 1898 771 1969 glorize
797 1895 1072 1959 hilaritas,
1102 1908 1226 1949 cum
1263 1890 1554 1961 splendore
1574 1890 1836 1944 nimirum
1866 1888 2173 1944 sanctitatis

2284 1898 2332 1949 ὲν
2354 1895 2528 1949 ἐλπίδι
2542 1895 2700 1967 δόξης
2723 1895 2924 1966 ἱλαρὸν,
2949 1893 3091 1966 μετὰ
3107 1894 3489 1966 λαμπρότητος
3503 1890 3749 1963 δηλονότι
3764 1891 3862 1960 τῆς

580 1997 638 2044 et
662 1987 911 2061 iustitiae.
937 1984 1181 2041 Aureum
1213 1998 1378 2054 porro
1410 1982 1793 2037 mortariolum
1821 1982 2029 2037 incensi
2059 1982 2176 2051 ple-

579 2096 715 2136 num
749 2087 1064 2136 sanctorum
1105 2076 1577 2148 pulchritudinem
1614 2072 1907 2146 significat,
1935 2080 1992 2128 et
2025 2073 2171 2127 illam

582 2180 845 2242 tanquam
889 2170 946 2225 in
988 2169 1159 2224 sacris
1187 2169 1336 2223 vasis
1369 2166 1799 2221 suaveolentiam
1844 2165 2171 2228 sancﬁtatis,

583 2280 707 2334 qua:
741 2263 941 2319 deinde
968 2262 1200 2317 offertur
1226 2260 1339 2315 Deo
1370 2260 1521 2314 velut
1553 2258 1759 2313 donum
1788 2256 2063 2327 quoddam
2092 2272 2178 2311 sa-

583 2373 655 2413 ne
679 2356 1197 2428 fragrantissimum.
1221 2355 1303 2407 An
1330 2367 1483 2417 vero,
1514 2350 1745 2414 Palladi,
1782 2357 2002 2405 sanctos
2027 2350 2177 2404 viros

580 2464 714 2504 vasa
750 2462 871 2503 esse
900 2444 1186 2516 splendida
1216 2452 1272 2498 et
1298 2443 1473 2505 electa
1494 2458 1602 2497 non
1630 2442 1986 2513 putabimus?

664 2539 862 2597 PALL.
893 2538 1008 2609 Ego
1032 2551 1165 2591 vero
1199 2535 1433 2590 maxime
1463 2545 1618 2605 puto.

650 2631 812 2690 CYR.
836 2631 1056 2686 Vitulus
1074 2630 1242 2701 igitur
1265 2645 1294 2683 a
1317 2628 1550 2699 singulis
1572 2644 1715 2683 unus
1738 2627 1968 2683 oﬂ‘ertur
1986 2669 2001 2693 ,
2024 2634 2178 2681 sunt-

572 2740 696 2796 que
742 2722 907 2779 simul
965 2721 1211 2776 universi
1258 2719 1571 2783 duodecim,
1627 2718 1723 2774 sed
1764 2718 2177 2773 tabernaculum

572 2827 776 2875 tamen
798 2817 1008 2873 vehunt
1052 2815 1191 2879 bini,
1228 2812 1296 2869 ad
1340 2812 1656 2867 vehiculum
1698 2826 1761 2866 ac
1782 2812 1973 2881 jugum
2007 2824 2179 2864 unum

585 2907 785 2978 juncti,
832 2905 1261 2973 Levitarumque
1318 2909 1447 2955 sunt
1498 2900 1820 2955 ministeriis
1876 2899 2177 2953 attributi:

583 3016 713 3071 qua:
757 3014 846 3053 res
882 2998 1055 3068 figura
1098 3006 1182 3050 est
1224 2994 1390 3065 368
1428 2993 1663 3047 duorum
1706 2993 2056 3062 populorum,
2087 2992 2181 3061 qui

587 3108 702 3147 non
726 3090 906 3146 adhuc
931 3090 1247 3160 dogmatum
1269 3097 1326 3142 ct
1346 3086 1473 3140 vitae
1495 3082 1948 3139 dissimilitudine
1974 3084 2184 3155 disjun—

588 3187 688 3251 eti,
725 3185 821 3240 sed
855 3184 959 3239 sub
979 3198 1149 3237 unum
1184 3180 1485 3235 Salvatoris
1511 3178 1687 3233 nostri
1712 3180 1902 3249 jugum
1946 3176 2185 3231 toleran-

588 3286 678 3331 ter
704 3291 768 3330 ac
805 3274 1022 3328 fortiter
1064 3272 1344 3343 conjuncti
1382 3277 1511 3325 sunt
1550 3277 1714 3339 atque
1753 3279 2131 3327 convenerunt
2168 3288 2177 3321 :

568 3386 619 3419 ..ι
655 3366 904 3421 Viriliter
934 3364 1081 3418 enim
1112 3379 1232 3433 age,
1276 3382 1293 3412 ι
1327 3362 1525 3431 inquit,
1567 3381 1583 3411 ι
1621 3371 1677 3415 et
1712 3361 2052 3417 confortctur
2088 3376 2183 3415 cor

560 3471 773 3524 quam,
800 3465 859 3512 et
889 3456 1099 3511 sustine
1126 3454 1418 3517 Dominum
1445 3454 1510 3506 ⁵⁸.
1548 3474 1565 3504 ι
1601 3453 1699 3509 Es’t
1741 3462 1924 3509 autem
1972 3455 2070 3509 bos
2102 3455 2181 3509 la-

580 3547 748 3603 ‘boris
777 3544 1265 3601 tolerantissimum
1293 3544 1493 3598 animal
1525 3552 1687 3613 atque
1717 3544 2181 3609 robustissimum,

595 3637 787 3707 quales
824 3634 1049 3689 omnino
1092 3643 1241 3698 sunt,
1300 3633 1395 3704 qui
1440 3633 1699 3703 pietatem
1746 3634 1803 3688 in
1848 3636 2018 3691 Deum
2066 3652 2184 3691 am-

595 3728 935 3797 plectuntur,
996 3723 1091 3794 qui
1152 3722 1434 3777 Christum
1494 3723 1650 3793 quasi
1692 3725 1883 3795 jugum
1931 3726 2036 3779 sibi
2080 3727 2183 3780 im—

597 3817 837 3890 positum
871 3814 1166 3879 sustinent,
1199 3815 1255 3868 in
1280 3814 1374 3869 illo
1404 3830 1562 3869 sacro
1602 3815 1957 3870 tabernaculo
1988 3817 2187 3887 ﬁgura—

598 3923 738 3967 tum.
772 3910 988 3979 Corpus
1021 3924 1188 3979 porro
1238 3908 1388 3963 illius
1435 3908 1735 3963 Ecclesiam
1798 3909 1912 3978 ipse
1968 3925 2187 3981 quoque

588 4002 805 4060 Paulus
837 4001 1059 4057 divinus
1086 4001 1172 4054 vir
1192 4000 1431 4069 appellat
1455 3997 1547 4051 ⁸⁸⁸.
1578 4000 1793 4054 Dictum
1819 4009 1901 4054 est
1925 4000 2089 4054 etiam
2117 4000 2185 4056 ad

588 4096 870 4153 Ananiam
907 4094 976 4148 de
1008 4092 1202 4148 eodem
1231 4093 1437 4146 Paulo:
1472 4110 1489 4141 ι
1523 4091 1691 4155 Vade,
1727 4113 1745 4141 ι
1780 4092 1975 4162 inquit,
2008 4113 2023 4143 ι
2059 4094 2186 4163 quia

598 4202 697 4242 vas
724 4184 1012 4241 electionis
1044 4191 1129 4238 est
1162 4183 1253 4237 hic
1281 4183 1437 4247 mihi,
1470 4192 1532 4237 ut
1560 4192 1742 4253 portet
1771 4199 1970 4238 nomen
2004 4200 2186 4240 meum

590 4291 787 4331 coram
817 4274 1075 4347 gentibus
1100 4276 1168 4327 “.
1209 4293 1228 4324 ι
1262 4273 1427 4327 Aries
1448 4282 1712 4342 prazterea
1757 4281 1814 4327 et
1849 4288 2024 4343 agnus
2051 4274 2188 4329 afte-

598 4376 825 4433 runtur,
850 4367 950 4437 qui
968 4413 973 4418 .
993 4375 1105 4420 tum
1120 4394 1123 4397 -
1138 4364 1473 4435 antiquioris
1490 4373 1615 4418 .tum
1646 4364 1972 4419 recentioris
2002 4366 2189 4435 populi

598 4460 668 4513 ad
698 4460 868 4514 Deum
894 4472 1173 4513 accessum
1198 4471 1263 4511 ac
1290 4456 1459 4510 veluti
1487 4454 1891 4510 dedicationem
1925 4456 2189 4527 spiritua-

2277 1990 2334 2041 ὲν
2349 1988 2587 2059 ὁσιότητι
2604 1990 2697 2042 καὶ
2712 1988 3047 2061 δικαιοσύνῃ.
3067 1990 3109 2041 Χ
3119 1986 3259 2059 ρυσῆ
3275 1987 3331 2041 δὲ
3351 1985 3548 2055 θυΐσκη
3579 1985 3863 2056 θυμιάμα-

2275 2100 2367 2148 τος
2417 2083 2653 2156 πλήρης,
2682 2082 2741 2137 τδ
2762 2084 2869 2137 τῶν
2898 2084 3069 2153 ἁγίων
3104 2082 3391 2153 γράφουσα
3413 2080 3631 2144 κάλλος,
3673 2080 3767 2133 καὶ
3791 2078 3863 2142 ὡς

2276 2178 2336 2231 ἐν
2364 2177 2613 2231 σκεύεσιν
2646 2177 2922 2241 ἐκλεκτοῖς
2954 2177 3015 2231 τὸ
3062 2174 3261 2239 εὑῶδες
3316 2176 3373 2228 ὲν
3415 2171 3696 2244 ἁγιασμῷ,
3746 2166 3865 2225 εἶτα

2276 2267 2446 2340 δῶρον
2469 2267 2618 2321 ὥσπε
2628 2284 2658 2338 ρ
2686 2284 2739 2320 τι
2782 2267 2901 2338 Θεῷ
2923 2267 2984 2320 τδ
3013 2264 3375 2335 εὐοσμότατον
3391 2263 3627 2334 ἀληθῶς.
3647 2262 3723 2329 Ἡ
3745 2261 3866 2332 οὐχὶ

2279 2362 2449 2433 σκεύη
2494 2362 2723 2435 λαμπρά
2766 2364 2860 2414 καὶ
2894 2359 3169 2414 άπόλεκτα
3198 2357 3327 2421 τοὺς
3349 2356 3543 2425 ἁγίους
3595 2355 3867 2425 ὑπάρχειν

2279 2453 2609 2523 οἱησαίμεθα
2634 2453 2720 2517 ἂν,
2745 2446 2790 2505 ὦ
2815 2448 3079 2505 Παλλάδιε
3102 2468 3115 2515 ;

2353 2548 2567 2601 ΠΔΛΛ.
2598 2545 2851 2601 Μάλιστά
2875 2561 2959 2612 γε.

2352 2638 2517 2691 KI'P.
2548 2636 2764 2707 Μόσχος
2794 2635 2851 2688 δὲ
2878 2630 2946 2707 ἦν
2974 2635 3104 2705 παρ’
3130 2634 3384 2699 ἑκάστου,
3418 2632 3513 2687 καὶ
3542 2631 3869 2687 δυοκαίδεκα

2236 2774 2239 2777 μ
2286 2729 2385 2801 μὲν
2443 2730 2497 2783 oi
2558 2728 2782 2791 πάντες.
2848 2725 3241 2807 Ἀχθοφοροῦσί
3293 2742 3358 2793 γε
3408 2725 3515 2795 μὴν
3567 2723 3665 2795 τὴν
3705 2724 3869 2792 άγίαν

2285 2821 2520 2893 σκηνὴν,
2542 2820 2682 2875 κατά
2706 2820 2799 2875 δύο
2813 2818 3300 2891 προσενηνεγμένα
3325 2818 3459 2890 πρὸς
3475 2817 3694 2888 ἅμαξαν
3719 2819 3871 2889 μίαν,

2286 2913 2378 2965 καὶ
2400 2912 2504 2965 ὑπὸ
2531 2911 2693 2981 ζυγὸν
2724 2910 2842 2975 ἕνα,
2870 2909 3257 2981 ἐκνενέμηνται
3275 2908 3332 2961 δὲ
3359 2911 3476 2972 ταῖς
3492 2907 3601 2961 τῶν
3627 2909 3872 2961 Λευιτῶν

2287 3004 2651 3075 ὑπουργίαις⁶
2704 3004 2798 3057 καὶ
2852 3002 3023 3066 τύπος
3078 2999 3144 3055 ἂν
3200 3002 3287 3073 εἴη
3322 3000 3383 3055 τὸ
3426 3002 3615 3072 χρῆμα
3639 3001 3750 3054 τῶν
3778 3002 3875 3055 δύο

2285 3097 2452 3164 λαῶν,
2488 3098 2671 3151 οὐκέτι
2717 3096 3133 3169 μεμερισμένων
3164 3097 3243 3157 είς
3273 3095 3635 3165 ἀνομοιότητα
3666 3093 3874 3164 δογμά-

2287 3205 2395 3242 των
2425 3188 2521 3242 καὶ
2559 3188 2726 3257 ζωῆς,
2757 3186 3240 3258 συνενηνεγμένοιν
3264 3186 3320 3239 δὲ
3351 3187 3654 3258 ὦσπερκαὶ
3694 3185 3875 3239 συνδεο

2285 3281 2651 3352 δραμηκότοιν
2706 3279 2811 3333 ὑπό
2862 3295 2924 3348 γε
2965 3279 3056 3333 τὸν
3096 3278 3194 3331 ἕνα
3243 3277 3339 3332 τοῦ
3407 3276 3663 3348 Σωτῆρος
3711 3275 3875 3345 ζυγὸν

2284 3373 2578 3445 τληπαθῶς
2642 3372 2737 3426 καὶ
2794 3371 3076 3443 ἀνδρείως.
3133 3390 3152 3422 ι
3204 3368 3488 3441 ’Δνδρίζου
3527 3369 3658 3440 γὰρ,
3717 3371 3872 3440 φησὶ,

2286 3467 2380 3520 καὶ
2433 3462 2811 3536 κραταιοὺσθω
2865 3465 2898 3533 ἡ
2959 3462 3157 3531 καρδία
3186 3479 3301 3527 σου,
3339 3463 3434 3515 καὶ
3457 3460 3759 3531 ὑπόμεινον
3786 3461 3875 3514 τὸν

2287 3558 2512 3630 Κύριον.
2540 3577 2559 3609 ι
2594 3556 2880 3625 Τληπαθὲς
2906 3556 2963 3608 δὲ
2993 3555 3131 3620 ζῶον
3152 3556 3181 3608 ὁ
3209 3556 3408 3625 μόσχος
3431 3553 3525 3608 καὶ
3544 3554 3875 3623 κραταιότα-

2286 3664 2398 3703 τον.
2432 3646 2634 3700 Τοιοίδε
2684 3646 2902 3708 πάντως
2932 3646 2980 3697 oi
3015 3644 3323 3708 θεοσεϐείας
3367 3642 3653 3714 ᾑρημένοι,
3710 3643 3875 3712 ζυγὸν

2286 3739 2471 3809 ὥςπερ
2506 3738 2591 3807 ἐφ’
2624 3738 2834 3800 ἑαυτοῖς
2865 3736 3154 3806 ἐπέχοντες
3195 3735 3286 3788 τὸν
3320 3734 3575 3806 Χριστὸν,
3605 3734 3681 3798 ὡς
3725 3737 3786 3787 ἐν
3809 3738 3872 3805 τῇ

2287 3830 2423 3902 ἁγίᾳ
2458 3830 2632 3899 σκηνῇ
2680 3826 3253 3898 προανατυπούμενον.
3278 3825 3447 3896 Σῶμα
3474 3826 3530 3879 δὲ
3567 3824 3740 3878 αὑτοῦ
3778 3826 3875 3895 τὴν

2300 3921 2629 3993 Ἐκκλησίαν
2656 3920 2752 3973 καὶ¹
2783 3918 2812 3970 ὁ
2842 3916 2983 3981 θεῖος
3007 3919 3137 3988 ἡμῖν
3172 3915 3421 3987 ὠνόμαζε
3456 3916 3687 3980 Παῦλος.
3732 3916 3878 3969 Ἐλέ-

2288 4030 2416 4082 γετο
2444 4012 2501 4066 δὲ
2531 4011 2625 4064 καὶ
2674 4010 2813 4079 πρὸς
2846 4009 3098 4063 Ἁνανίαν
3134 4009 3262 4081 περὶ
3286 4007 3474 4074 αὑτοῦ,
3504 4009 3647 4078 φημὶ
3684 4008 3755 4080 δὴ
3783 4004 3876 4062 τοῖ’.

2291 4102 2522 4159 Παύλου·
2538 4122 2555 4153 ι
2578 4103 2843 4174 Πορεύου,
2866 4102 2948 4154 ὃτι
2979 4100 3169 4164 σκεῦος
3184 4100 3415 4170 ἐκλογῆς
3447 4101 3562 4153 ἐστι
3586 4118 3675 4170 μοι
3697 4096 3875 4166 οὗτος,

2291 4195 2385 4250 τοὺ
2426 4194 2698 4266 βαστάσαι
2756 4193 2818 4247 τὸ
2871 4194 3045 4263 δνομά
3084 4210 3183 4265 μου
3212 4194 3453 4246 ἐναντίον
3490 4192 3598 4246 τῶν
3633 4192 3826 4248 ἐθνῶν.
3853 4213 3871 4245 ι

2292 4287 2462 4359 Κριὸς
2488 4287 2545 4340 δὲ
2576 4285 2711 4357 πρὸς
2744 4284 2975 4350 τούτοις,
3006 4286 3100 4339 καὶ
3147 4284 3252 4356 μὴν
3284 4285 3377 4339 καὶ
3408 4284 3578 4354 ἀμνὸς
3614 4283 3682 4337 τά
3712 4302 3880 4356 προσ-

2292 4379 2644 4453 ενηνεγμένα,
2674 4376 2770 4431 τοῦ
2835 4394 2895 4431 τε
2951 4376 3327 4448 πρεσϐυτέρου
3368 4378 3877 4449 προσενηνεγμένου

2295 4474 2389 4526 καὶ
2426 4471 2521 4525 τοῦ
2565 4472 2688 4526 νέου
2713 4469 2844 4525 λαοῦ
2893 4471 2993 4542 τὴν
3037 4469 3175 4540 πρὸς
3212 4469 3345 4523 Θεὸν
3412 4470 3595 4539 ἄφιξιν
3642 4471 3740 4525 καὶ
3782 4472 3878 4540 τὴν

592 4552 710 4607 ειεξηὶ
743 4566 853 4619 prae
878 4566 937 4605 sc
980 4552 1180 4605 lerunt.
1210 4548 1281 4605 Ut
1304 4548 1452 4602 enim
1500 4547 1554 4601 in
1596 4548 1775 4603 bobus
1808 4549 2096 4604 tolerantia
2132 4559 2184 4604 et

2294 4561 2578 4625 οἱονείπως
2613 4558 2892 4625 ἀνάθεσιν,
2939 4558 3099 4628 δῆλον
3137 4558 3195 4612 δὲ
3227 4560 3310 4611 ὅτι
3351 4558 3450 4629 τὴν
3477 4562 3873 4631 πνευματικὴν,

594 4642 871 4698 fortitudo
901 4642 1331 4710 designabatur,
1378 4639 1478 4701 sic,
1522 4650 1584 4693 ut
1622 4641 1839 4709 opinor,
1889 4641 1944 4694 in
1995 4641 2193 4695 ovibus

603 4748 824 4803 quoque
861 4733 950 4786 illa
997 4747 1122 4785 cum
1161 4730 1584 4785 mansuetudine
1615 4732 1841 4787 ubertas
1866 4748 2065 4787 eorum
2097 4727 2192 4803 qui

605 4843 705 4898 per
739 4825 901 4880 (idem
935 4824 988 4878 in
1007 4822 1287 4879 Christum
1310 4822 1589 4893 iustiﬁcati
1619 4834 1769 4887 sunt,
1791 4825 1950 4895 plane
1986 4827 2195 4881 indica-

604 4928 736 4986 tur;
778 4927 861 4973 est
894 4932 1131 4985 namque
1168 4915 1231 4970 id
1270 4915 1473 4970 animal
1504 4926 1851 4973 mansuetum
1882 4926 2047 4989 atque
2072 4919 2195 4974 fru-

605 5023 859 5067 ctuosum
882 5052 894 5075 ,
930 5009 1133 5079 quales
1159 5015 1287 5063 sunt
1337 5024 1529 5062 omnes
1569 5009 1663 5078 qui
1697 5011 2065 5080 evangelicum
2104 5012 2193 5065 vi-

604 5104 768 5159 vendi
793 5103 1065 5157 rationem
1091 5100 1384 5171 diligenter
1407 5101 1613 5161 colunt,
1644 5117 1782 5170 quos
1805 5101 1918 5171 ipse
1942 5103 2196 5157 Christus

605 5195 1029 5265 alloquebatur:
1080 5212 1096 5243 ι
1136 5192 1294 5247 Omni
1331 5192 1538 5263 petenti
1579 5202 1631 5246 te
1666 5194 1879 5261 tribue;
1923 5204 1980 5249 et
2008 5196 2076 5249 ab
2104 5212 2194 5261 eo,

604 5287 704 5357 qui
746 5287 890 5341 tollit
916 5301 1003 5340 res
1037 5294 1177 5349 tuas,
1208 5300 1277 5339 ne
1312 5295 1548 5355 repetas,
1590 5295 1647 5340 et
1692 5288 2021 5357 percutienti
2060 5296 2113 5343 te
2141 5290 2196 5344 in

607 5380 833 5433 "dextera
878 5376 1117 5439 maxilla,
1144 5386 1316 5432 verte
1365 5377 1442 5430 illi
1484 5387 1542 5432 et
1584 5377 1809 5433 alteram
1834 5380 1900 5431 ⁸ο.
1937 5399 1955 5429 ι
1990 5380 2193 5438 Scribit

607 5470 774 5525 etiam
805 5467 1007 5523 Paulus
1040 5484 1051 5519 :
1082 5487 1099 5516 ι
1128 5466 1358 5523 Servum
1385 5478 1569 5524 autem
1593 5470 1807 5524 Domini
1839 5485 1948 5525 non
1976 5483 2192 5541 oportet

609 5575 874 5633 pugnare,
907 5559 1004 5615 sed
1040 5569 1386 5615 mansuetum
1425 5577 1544 5617 esse
1578 5562 1646 5616 ad
1680 5577 1892 5626 omnes,
1938 5564 1992 5617 in
2037 5576 2191 5622 man-

608 5654 917 5713 suetudine~
942 5653 1230 5709 docentem
1262 5654 1475 5709 diversa
1511 5656 1903 5711 sentientes“.
1945 5677 1962 5706 ι
1994 5658 2194 5713 Ρωόί-

686 5769 731 5800 ⁸⁶
766 5768 922 5824 Rom.
964 5782 1058 5831 xu,
1088 5765 1174 5819 12.
1252 5767 1296 5798 ⁸⁷
1326 5765 1442 5823 Col.
1487 5784 1563 5834 ut,
1594 5768 1647 5835 3,
1676 5770 1728 5823 4.
1810 5769 1854 5801 ⁸⁸
1887 5770 2026 5825 Psal.
2060 5787 2202 5835 xxvi,
2241 5774 2323 5828 Μ.

618 5839 659 5869 ⁵³
707 5839 747 5896 ll
779 5838 917 5894 Tim.
956 5839 1127 5902 11,24.

2291 4654 2740 4724 ὑπεμφαίνοντες.
2799 4652 3009 4722 Ὥσπερ
3073 4650 3183 4722 γὰρ
3222 4650 3285 4704 τὸ
3338 4651 3614 4722 τληπαθὲς
3654 4654 3750 4704 καὶ
3782 4654 3875 4704 ἁν-

2290 4745 2466 4815 δρεῖον
2501 4745 2575 4807 ὡς
2620 4743 2679 4795 ἔν
2723 4760 2786 4810 γε
2829 4746 2943 4807 τοῖς
2992 4743 3215 4814 μόσχοις
3249 4744 3699 4815 κατεσημαίνετο.
3738 4745 3879 4797 κατά

2293 4838 2385 4891 τὸν
2411 4838 2545 4901 ἶσον,
2575 4832 2748 4906 οἶμαι.
2775 4836 2987 4888 τουτονὶ
3017 4838 3218 4908 τρόπον
3240 4836 3335 4890 καὶ
3372 4838 3430 4891 ὲν
3450 4839 3561 4899 τοῖς
3586 4835 3879 4906 προὸάτειις

2293 4929 2327 4998 ἡ
2384 4927 2460 4991 ὡς
2511 4931 2568 4981 ἐν
2621 4928 2888 4998 πραότητι
2951 4927 3298 4999 καρποφορία
3338 4927 3447 4980 τῶν
3499 4927 3587 4980 διὰ
3642 4927 3879 4990 πίστεως

2296 5018 2396 5088 τῆς
2433 5019 2492 5070 ὲν
2522 5016 2742 5092 Χριστῷ
2778 5019 3216 5089 δεδικαιωμένων
3259 5018 3626 5072 διαδείκνυται
3669 5018 3875 5086 σαφῶς.

2301 5111 2485 5182 Πρᾶον
2515 5111 2623 5183 γάρ
2644 5111 2710 5183 δὴ
2737 5112 2798 5165 τὸ
2832 5110 2989 5177 ζῶον,
3022 5112 3118 5165 καὶ
3160 5112 3267 5184 μὴν
3296 5112 3597 5183 ἔγκαρπον.
3635 5112 3879 5164 Τοιοῦτοι

2300 5203 2357 5257 δὲ
2382 5204 2581 5267 πάντες
2603 5206 2653 5257 οἱ
2692 5205 2790 5276 τῆς
2820 5205 3183 5277 εὑαγγελικῆς
3210 5205 3485 5268 πολιτείας
3519 5204 3767 5275 ἀκριϐεῖς
3792 5207 3881 5275 ἑρ-

2301 5290 2490 5358 γάται,
2521 5285 2603 5354 οἷς
2624 5293 2717 5345 καὶ
2749 5293 2912 5356 αὑτὸς
2943 5294 3295 5363 ἐπεφώνησεν
3320 5296 3349 5347 6
3370 5294 3623 5365 Χριστός·
3655 5311 3675 5345 ι
3712 5294 3881 5347 Παντὶ

2301 5382 2378 5453 τῷ
2411 5382 2651 5437 αἰτοῦντί
2684 5399 2743 5436 σε
2792 5382 2934 5436 δίδου
2964 5423 2979 5449 ,
3013 5385 3107 5437 καὶ
3132 5384 3242 5439 ἀπὸ
3284 5384 3378 5438 τοῦ
3405 5384 3652 5456 αἴροντος
3689 5384 3758 5437 τά
3792 5383 3879 5446 σὰ,

2306 5481 2380 5547 μὴ
2407 5476 2651 5543 ἀπαίτει,
2672 5476 2769 5531 καὶ
2798 5476 2876 5547 τῷ
2904 5477 3117 5530 παίοντι
3144 5494 3203 5530 σε
3228 5479 3305 5540 είς
3333 5476 3431 5548 τὴν
3454 5478 3700 5544 σιαγόνα,
3728 5476 3884 5545 στρὲ-

2299 5570 2401 5637 ψον
2417 5568 2567 5640 αὑτῷ
2595 5570 2690 5624 καὶ
2713 5569 2813 5639 τὴν
2842 5569 3031 5640 ἀλλην.
3064 5588 3082 5621 ι
3123 5569 3331 5641 Γράφει
3362 5570 3417 5623 δὲ
3456 5570 3549 5624 καὶ
3569 5572 3599 5623 6
3632 5568 3835 5631 Παῦλος
3854 5583 3874 5600 ⁶

2307 5680 2325 5711 ι
2362 5661 2557 5715 Δοῦλον
2584 5661 2639 5715 δὲ
2670 5662 2875 5733 Κυρίου
2898 5663 2957 5715 οὐ
2981 5663 3061 5715 δεῖ
3086 5662 3510 5733 μάχεσθαι,ἀλλ⁹
3542 5663 3704 5734 ῆπιον
3740 5656 3878 5713 εἶναι

2422 5773 2492 5806 ⁸⁸⁸
2521 5773 2637 5831 Col.
2669 5793 2717 5837 ι,
2769 5773 2859 5829 24.
2940 5776 2985 5808 ”
3021 5776 3139 5830 Act.
3178 5790 3251 5841 Ix,
3284 5777 3367 5830 15.
3448 5775 3494 5807 ⁸⁸
3523 5774 3653 5829 an.
3683 5791 3751 5838 Vt,
3782 5773 3873 5829 ὅθ.
