3982 6532
222 433 332 490 717

928 428 1017 484 DE
1057 425 1500 483 ADORATIONE
1541 426 1609 481 IN
1651 425 1920 482 SPIRITU
1954 427 2051 483 ἘΤ
2092 424 2460 484 VERITATE.
2493 458 2560 466 —
2599 425 2728 481 LIB.
2770 425 2837 479 Χ.

3406 428 3512 489 718

221 550 367 624 πρὸς
392 550 626 613 πάντας,
656 547 714 602 ἐν
757 546 1024 619 πραότητι
1051 545 1372 599 διδάσκοντα
1419 544 1544 608 τοὺς
1576 545 1814 598 ἀντιδια-

1934 546 2023 600 :tis
2059 556 2241 601 autem
2270 545 2411 600 haedi
2446 546 2611 600 etiam
2634 543 2969 599 oblationem
2987 542 3210 615 adjungi
3232 554 3509 614 oportere,
3552 596 3555 601 .

220 642 574 715 τιθεμένους.
599 661 617 691 ι
652 640 728 694 Τὸ
757 642 813 695 δὲ
847 642 956 695 δεῖν
991 639 1221 693 ἕπεσθαι
1265 640 1375 703 τοῖς
1412 639 1514 710 ἤδη
1556 654 1816 709 προειρη-

227 734 419 806 μένοις
468 734 565 789 καὶ
596 734 695 805 τὴν
730 734 885 803 αίγδς
920 731 1264 806 προσφορὰν,
1292 731 1585 796 ὲκδείξειεν
1610 731 1675 786 ἂν
1701 732 1821 801 οὐχὶ

223 826 445 899 ἕτερον,
468 823 643 896 οἶμαι,
670 826 746 887 τὶ,
776 825 916 896 πλὴν
941 825 1078 897 ὅπερ
1109 822 1335 893 ἔναγχος
1358 822 1518 893 ἔφην,
1538 822 1599 876 τὸ
1616 822 1820 876 δεῖσθαι

223 916 292 990 δὴ
321 917 566 982 πάντας,
596 916 700 970 κᾶν
733 916 786 969 εἴ
811 934 954 980 τινες
976 911 1088 969 εἷεν
1111 916 1421 986 ἀγαθοιτὴν
1453 916 1584 982 ἕξιν,
1608 915 1703 970 τοῦ
1732 914 1823 970 διὰ

227 1009 638 1082 μεταγνώσεως
663 1008 1007 1081 καθαρισμοῦ
1066 1009 1158 1062 καὶ
1184 1009 1489 1080 ἀμνηστίας
1524 1025 1823 1079 παραπτωο

227 1102 442 1174 μάτων.
471 1103 581 1156 Καὶ
612 1101 770 1155 τοῦτο
798 1100 1153 1164 είδὼςὸθεῖος
1185 1100 1289 1173 ἔφη
1319 1101 1484 1155 Δαὸίδ
1530 1120 1549 1152 ‹
1578 1100 1702 1154 Ἐὰν
1738 1102 1825 1155 ἀνι

224 1193 395 1265 ομίας
411 1195 833 1267 παρατηρήσῃς,
858 1192 1052 1265 Κύριε,
1070 1192 1267 1263 Κύριε,
1285 1192 1367 1256 τίς
1384 1193 1751 1264 ύποστήσεται
1770 1210 1817 1258 ;»

225 1287 488 1358 Χίμαρος
516 1287 580 1359 δὴ
602 1282 696 1341 οὖν
726 1286 787 1340 τὸ
800 1286 938 1358 ὑπὲρ
960 1287 1207 1356 ἀφέσεως
1232 1284 1401 1356 θῦμα,
1430 1286 1569 1339 κατὰ
1590 1286 1681 1339 τὸν
1715 1286 1825 1340 πά-

224 1376 317 1433 λαι
352 1379 545 1449 νόμον.
580 1378 935 1447 Μετάγνωσις
959 1378 1016 1431 δὲ
1061 1376 1183 1431 νυνὶ
1216 1377 1311 1431 καὶ
1337 1377 1644 1448 ἀμνηστίας
1678 1378 1827 1448 αἰτη-

228 1488 314 1534 σις
340 1471 406 1523 τὸ
443 1470 569 1523 καθ’
610 1471 757 1541 ἡμᾶς
791 1471 1005 1542 ἱερεῖον,
1050 1471 1177 1534 τοὺς
1211 1471 1269 1523 ὲν
1316 1469 1590 1540 πνεύματί
1634 1487 1695 1522 τε
1734 1472 1828 1524 καὶ

227 1561 464 1633 ἀληθείᾳ
526 1561 849 1632 προσιόντας
896 1559 1034 1630 Θεῷ.
1078 1579 1096 1611 ι
1137 1560 1278 1626 Λέγε
1349 1560 1491 1632 γάρ,
1556 1560 1722 1630 φησι,
1762 1560 1826 1613 σὺ

225 1650 327 1715 τὰς
358 1651 643 1721 ἁμαρτίας
689 1666 783 1702 σου
817 1649 1054 1718 πρῶτος,
1086 1648 1175 1702 ἵνα
1206 1647 1524 1720 δικαιωθῇς.
1568 1667 1586 1699 ›
1622 1647 1828 1702 Ψάλλει

226 1742 283 1796 δέ
315 1759 423 1796 που
464 1744 563 1797 καὶ
590 1743 619 1794 ὁ
644 1741 827 1795 Δαϐίδ·
864 1761 883 1792 ι
930 1735 1095 1803 Εἷπα,
1139 1739 1513 1810 Ἐξαγορεύσω
1541 1740 1661 1793 κατ’
1695 1739 1827 1811 ἐμοῦ

230 1833 327 1904 τὴν
342 1834 627 1905 ἁμαρτίαν
656 1850 757 1904 μου
782 1831 859 1903 τῷ
885 1831 1096 1902 Κυρίῳ,
1125 1831 1221 1884 καὶ
1246 1831 1310 1884 σὺ
1334 1832 1551 1902 ἀφῆκας
1577 1830 1679 1903 τὴν
1698 1830 1827 1885 ἀσέ-

1923 638 1978 693 id
2010 640 2147 694 nihil
2192 639 2363 703 aliud,
2416 646 2477 692 ut
2507 638 2725 708 Opinor,
2760 635 3003 691 ostendit
3030 635 3137 691 nisi
3171 636 3317 707 quod
3347 638 3511 707 paulo

1922 740 2049 786 ante
2080 731 2216 797 dixi,
2247 746 2461 795 omnes,
2489 730 2708 785 etiamsi
2757 728 2951 799 probis
2984 728 3238 783 moribus
3281 728 3511 794 fuerint,

1922 824 2246 895 purgatione
2273 822 2611 893 pmnitentiaa
2638 831 2695 877 et
2722 820 3059 877 offensarum
3102 820 3380 877 oblivione
3426 822 3513 877 in-

1922 913 2132 985 digere.
2176 914 2345 983 quue
2370 913 2548 969 sciens
2578 913 2773 967 beatus
2799 912 2969 967 David
3002 912 3222 968 aiebat:
3265 924 3283 961 ι
3315 907 3373 969 Si
3408 914 3517 969 ini-

1924 1007 2163 1076 quitates
2192 1006 2595 1070 observaveris,
2632 1005 2884 1069 Domine,
2914 1006 3166 1071 Domine,
3198 1007 3325 1077 quis
3352 1008 3517 1063 susti-

1923 1099 2079 1153 nebit
2111 1099 2188 1152 "?
2226 1118 2244 1148 ι
2275 1098 2475 1154 Haedus
2495 1098 2663 1170 igitur
2684 1114 2785 1168 pro
2814 1098 3139 1153 remissione
3161 1108 3515 1170 peccatorum

1926 1190 2181 1256 oll‘ertur,
2216 1192 2373 1262 juxta
2403 1200 2649 1247 veterem
2691 1190 2889 1262 legem,
2920 1200 2977 1246 et
3004 1206 3151 1246 nunc
3187 1192 3514 1262 poenitentia

1926 1294 1983 1338 et
2018 1283 2313 1338 oblivionis
2340 1283 2536 1353 petitio
2567 1290 2819 1338 nostrum
2841 1293 2927 1339 est
2948 1284 3279 1339 sacriﬁcium
3304 1285 3357 1340 in
3398 1286 3513 1356 spi-

1928 1378 2037 1432 ritu
2089 1384 2146 1431 et
2181 1376 2414 1432 veritate
2468 1375 2537 1430 ad
2592 1375 2765 1430 Deum
2814 1375 3213 1430 accedentium.
3276 1396 3295 1426 ‹
3350 1377 3449 1431 Dic
3486 1398 3505 1428 ι

1928 1470 2099 1535 enim,
2156 1470 2354 1539 inquit,
2395 1488 2412 1520 ι
2450 1476 2509 1522 tu
2540 1467 2694 1538 prior
2720 1466 3056 1536 ;iniquitates
3090 1474 3231 1532 tuas,
3256 1474 3317 1522 ut
3348 1469 3513 1540 justi-

1930 1560 2111 1616 ﬁceris
2153 1560 2216 1614 ⁸³.
2272 1579 2289 1611 ι
2329 1558 2521 1613 Psallit
2552 1558 2718 1613 etiam
2763 1557 3011 1628 profecto
3056 1558 3266 1612 David:
3314 1578 3331 1610 ι
3370 1560 3512 1614 Dixi:

1928 1652 2245 1710 Conﬁtebor
2264 1651 2555 1706 adversum
2581 1666 2667 1705 mc
2692 1650 3016 1721 injustitiam
3032 1665 3208 1705 meam
3230 1651 3393 1722 369
3408 1652 3516 1705 Do-

1930 1745 2105 1809 mino,
2160 1753 2217 1799 et
2239 1753 2298 1798 tu
2334 1742 2593 1798 remisisti
2639 1741 2975 1811 impietatem
3013 1741 3197 1798 cordis
3235 1744 3344 1797 mei
3375 1744 3439 1797 ⁶⁶.
3489 1762 3507 1794 ν

1931 1837 2099 1892 Estne
2132 1837 2243 1907 jam
2288 1835 2385 1890 tibi
2427 1833 2647 1890 tandem
2690 1833 2838 1890 illius
2869 1834 3166 1890 oblationis
3203 1835 3513 1906 principum

229 1927 384 1981 σειαν
418 1928 526 1999 τῆς
578 1926 810 1998 καρδίας
854 1942 979 1997 μου.
1031 1943 1048 1975 ι
1090 1918 1239 1995 Ἀρά
1270 1941 1352 1978 σοι
1382 1923 1565 1978 λοιπὸν
1598 1924 1775 1995 σαφὴς
1800 1926 1827 1978 ὁ

1934 1930 2068 1984 ratio
2099 1928 2387 1999 perspicua
2405 1928 2419 1978 ‘.

230 2020 389 2089 λόγος
423 2021 559 2092 περὶ
589 2020 689 2091 τῆς
721 2018 832 2072 τῶν
855 2017 1131 2090 ἀρχόντων
1158 2017 1493 2088 δωροφορίας
1517 2034 1533 2082 ;

300 2112 521 2165 ΠᾹΛΛ.
550 2111 700 2165 Πάνυ
743 2110 843 2181 μὲν
869 2107 983 2164 οὖν.

301 2206 473 2261 ΚΥΡ.
510 2205 723 2276 Χρῆναι
753 2204 810 2257 δὲ
841 2200 995 2275 οἶμαι
1025 2203 1250 2255 κάκεῖνο
1296 2202 1494 2268 εἰπεῖν,
1526 2219 1827 2273 προσκεκο-

235 2297 519 2369 μισμένης
552 2297 662 2369 γὰρ
705 2298 809 2369 ήδη
850 2296 952 2367 τῆς
992 2299 1123 2367 παρ’
1151 2295 1387 2350 ἑκάστου
1435 2296 1527 2348 καὶ
1580 2294 1654 2359 ὡς
1685 2296 1827 2367 ὑπὲρ

235 2390 455 2444 πάντων
514 2390 728 2453 θυσίας,
776 2389 920 2460 ἀρχὴ
949 2388 1058 2441 τῶν
1100 2387 1260 2440 θείων
1309 2387 1527 2456 ἐγένετο
1554 2386 1727 2456 λόγων
1769 2390 1828 2441 ἐν

233 2482 297 2550 τῇ
330 2478 467 2549 ἁγία
505 2480 678 2550 σκηνῇ
720 2476 857 2549 πρὸς
900 2475 993 2529 τὸν
1021 2475 1341 2548 ἱεροφάντην
1366 2474 1590 2530 Μωσέα.
1617 2474 1826 2548 Γέγρα-

236 2589 364 2625 πται
408 2570 467 2623 δὲ
522 2569 667 2622 οὕτω
715 2568 878 2621 πάλιν
926 2569 984 2621 ὲν
1027 2570 1139 2631 τοῖς
1189 2565 1502 2639 ’Δριθμοῖς’
1551 2585 1570 2618 r
1608 2566 1822 2639 Δῦτηὴ

237 2662 547 2732 ὲγκαίνισις
606 2661 701 2714 τοῦ
754 2660 1175 2731 θυσιαστηρίου,
1226 2658 1365 2730 μετά
1425 2658 1486 2712 τὸ
1537 2659 1825 2731 πληρῶσαι

237 2757 331 2820 τὶς
358 2759 560 2827 χεῖρας
594 2752 781 2819 αὐτοῦ,
816 2753 910 2806 καὶ
950 2751 1088 2824 μετὰ
1118 2752 1179 2804 τὸ
1208 2751 1392 2823 χρίσαι
1423 2751 1605 2807 αὐτόν.
1641 2753 1728 2805 Ἐν
1749 2752 1827 2824 τῷ

237 2847 662 2917 εἰσπορεύεσθαι
689 2846 895 2918 Μωσῆν
917 2848 997 2910 είς
1019 2844 1117 2917 τὴν
1150 2843 1352 2916 σκηνὴν
1375 2844 1470 2898 τοῦ
1498 2845 1824 2917 μαρτυρίου,

238 2939 330 2993 τοῦ
374 2940 615 3009 λαλῆσαι
666 2937 842 3008 αὐτῷ,
880 2938 975 2991 καὶ
1014 2937 1213 3008 ἢκουσε
1254 2937 1352 3008 τὴν
1389 2936 1571 3007 φωνὴν
1618 2938 1826 3008 Κυρίου

239 3032 329 3085 τοῦ
356 3030 501 3085 Θεοῦ
539 3031 831 3094 λαλοῦντος
862 3029 999 3101 πρὸς
1038 3029 1200 3083 αὐτὸν
1231 3028 1438 3083 ἄνωθεν
1473 3028 1565 3083 τοῦ
1605 3028 1826 3097 ἱλαστη-

242 3124 390 3193 ρίου,
417 3123 447 3177 ὃ
502 3126 649 3177 ἐστιν
692 3122 784 3176 ἐπὶ
825 3121 927 3191 τῆς
958 3120 1194 3174 κιϐωτοῦ
1230 3118 1326 3173 τοῦ
1362 3120 1694 3192 μαρτυρίου,
1723 3119 1829 3173 ἀνά

244 3216 406 3285 μέσον
435 3216 553 3270 τῶν
584 3204 678 3269 δύο
719 3213 1036 3285 Χερουϐὶμ,
1069 3213 1163 3267 καὶ
1198 3212 1377 3267 ἐλάλει
1416 3212 1550 3284 πρὸς
1583 3212 1763 3267 αὺτὸν.
1803 3231 1821 3263 ι

242 3307 691 3379 Τετελειωμένης
744 3306 853 3379 γὰρ
894 3306 1084 3377 ὥσπερ
1126 3304 1229 3374 τῆς
1276 3303 1436 3373 ἁγίας
1467 3303 1703 3374 σκηνῆς,
1733 3304 1829 3357 καὶ

242 3398 654 3469 ἀναδειχθέντος
705 3397 896 3469 κόσμῳ
946 3394 1043 3449 τοῦ
1092 3393 1329 3462 ἀληθοῦς
1380 3395 1753 3465 άγιάσματος,
1800 3394 1830 3448 ὅ

245 3494 385 3544 ἐστιν
415 3493 449 3562 ὴ
503 3488 822 3560 Ἐκκλησία,
852 3488 975 3540 τότε
1012 3486 1077 3557 δὴ
1104 3485 1227 3539 τότε
1269 3484 1423 3557 φωνὴ
1461 3484 1651 3555 γέγονε
1691 3484 1829 3557 πρὸς

245 3576 385 3655 ἡμᾶς
423 3580 524 3635 τοῦ
552 3580 687 3635 Θεοῦ
714 3580 810 3634 καὶ
838 3580 1073 3650 Πατρός.
1110 3597 1129 3631 ι
1162 3577 1443 3650 Λελάληκε
1470 3579 1581 3647 γὰρ
1608 3580 1742 3650 ἡμῖν
1768 3579 1826 3630 ὲν

245 3676 438 3749 Υἱῷ,’›
486 3676 544 3729 ὃν
598 3674 694 3729 καὶ
758 3672 1073 3743 ἱλαστήριον
1129 3666 1272 3725 εἷναί
1314 3688 1494 3741 φαμεν
1534 3671 1673 3741 ὑπὲρ
1717 3670 1829 3723 τῶν

247 3769 532 3840 ἁμαρτιῶν
582 3765 765 3838 ἡμῶν,
790 3765 931 3818 κατά
961 3764 1060 3826 τὰς
1092 3762 1337 3834 Γραφάς.
1370 3761 1613 3815 Ἀνωθεν
1630 3762 1686 3815 δὲ
1718 3762 1830 3815 τῶν

246 3860 535 3934 Χερουϐὶμ
577 3860 611 3929 ἡ
654 3857 829 3928 φωνή·
859 3855 1091 3918 κτίσεως
1136 3855 1243 3927 γὰρ
1289 3853 1552 3907 ἀνωτάτω
1594 3854 1690 3907 καὶ
1726 3855 1826 3905 ὲπ-

248 3955 426 4009 έκεινα
456 3952 613 4015 Θεὸς,
650 3949 881 4021 οὐσιὼδη
912 3965 972 4001 τε
1006 3949 1100 4001 καὶ
1129 3946 1543 4018 ἐνυπάρχουσαν
1563 3945 1659 4018 τὴν
1689 3945 1830 4000 κατά

250 4045 443 4109 παντὸς
468 4043 562 4097 τοῦ
597 4043 882 4111 γεγονότος
914 4040 1054 4111 ἔχων
1087 4040 1384 4111 ὑπεροχήνο
1414 4038 1829 4110 διαπορθμεύων

249 4138 301 4192 δὲ
337 4139 415 4201 είς
459 4137 612 4207 ἡμᾶς
640 4134 740 4197 τὰς
786 4131 992 4187 ἄνωθεν
1034 4131 1129 4186 καὶ
1160 4130 1314 4202 παρά
1366 4130 1580 4203 Πατρὸς
1622 4130 1827 4200 φωνὰς,
1866 4173 1876 4183 .

250 4230 485 4297 ἔφασκεν
512 4229 540 4281 ὁ
570 4227 719 4290 Υἱὸς,
745 4224 805 4278 τὸ
838 4223 1037 4295 ἀληθὲς
1069 4224 1406 4295 ἱλαστήριον,
1441 4242 1459 4275 ι
1498 4221 1578 4276 Τά
1608 4225 1830 4293 ῥήματα

250 4318 285 4371 ἂ
318 4317 425 4386 ἐγὼ
474 4317 622 4372 λαλὼ
668 4317 770 4369 οὐκ
817 4315 964 4369 ἐστιν
1015 4315 1156 4386 ὲμά,
1199 4313 1334 4368 ἀλλὰ
1367 4313 1460 4368 τοῦ
1516 4314 1831 4385 πέμψαντός

257 4426 339 4480 με.
394 4430 412 4463 ι
465 4406 679 4463 Οὐκοῦν
727 4406 937 4462 ἀνωθεν
1003 4406 1099 4459 τοῦ
1159 4405 1472 4477 ἱλαστηρίου
1527 4405 1751 4474 γέγονεν
1793 4408 1826 4475 ἠ

257 4505 419 4575 φωνή.
452 4501 776 4572 Θαυμάσαις
802 4499 846 4553 δ“
884 4499 950 4553 ἂν
982 4499 1043 4552 οὐ
1087 4498 1323 4571 μετρίως
1348 4497 1446 4569 τὴν
1480 4497 1588 4550 τῶν
1622 4495 1833 4568 φυλάρ-

2001 2109 2199 2165 PALL.
2242 2109 2492 2164 Maxime.

1991 2202 2148 2258 (ΝΒ.
2184 2201 2322 2257 Illud
2362 2201 2529 2256 etiam
2570 2198 2865 2255 dicendum
2898 2213 3021 2253 esse
3058 2198 3317 2263 arbitror,
3350 2200 3517 2255 allato

1926 2297 2035 2368 jam
2060 2310 2090 2348 a
2116 2294 2350 2365 singulis
2370 2290 2661 2355 sacriﬁcio,
2684 2289 2834 2361 quod
2856 2299 3115 2359 tanquam
3136 2306 3237 2359 pro
3260 2291 3517 2345 omnibus
3580 2272 3590 2281 ’

1928 2385 2289 2449 offerebatur,
2338 2384 2514 2439 Deum
2564 2381 2784 2437 initium
2827 2380 3023 2437 fecisse
3062 2382 3119 2436 in
3159 2382 3519 2440 tabernaculo

1928 2492 2055 2532 cum
2100 2476 2282 2548 Moyse
2319 2474 2414 2531 illo
2454 2489 2739 2531 sacrorum
2792 2474 3096 2544 interprete
3142 2475 3517 2545 colloquendi.

1930 2570 2209 2641 Scriptum
2239 2577 2325 2625 est
2356 2575 2539 2623 autem
2574 2581 2769 2621 rursus
2790 2564 2857 2619 ad
2887 2564 3036 2618 hunc
3066 2565 3289 2619 modum
3320 2566 3377 2620 in
3404 2567 3519 2621 Νιιι-

1930 2663 2102 2719 meris
2147 2680 2159 2715 :
2221 2681 2239 2713 ι
2284 2661 2413 2716 Haec
2459 2669 2546 2715 est
2583 2658 2860 2714 dedicatio
2898 2656 3111 2721 altaris,
3161 2667 3520 2729 posteaquam

1931 2755 2177 2826 implevit
2204 2769 2399 2809 manus
2426 2754 2566 2823 ejus,
2589 2761 2645 2806 et
2674 2759 2964 2821 postquam
2992 2748 3150 2803 unxit
3181 2749 3355 2804 illum.
3382 2750 3519 2806 Cum
3618 2786 3625 2791 -

1930 2848 2315 2920 ingrederetur
2357 2847 2568 2917 Moyses
2617 2844 2674 2897 in
2723 2842 3142 2897 tabernaculum
3193 2842 3519 2905 testimonii,

1932 2950 1990 2996 ut
2020 2942 2343 3011 loqueretur
2376 2952 2502 2993 cum
2542 2938 2683 3006 ipso,
2730 2944 2786 2989 et
2823 2933 3262 2991 audivit.vocem
3305 2933 3522 2989 Domini

1930 3033 2025 3089 Dei
2060 3032 2339 3102 loquentis
2372 3045 2498 3085 cum
2531 3028 2649 3098 ipso
2688 3041 2855 3096 supra
2888 3025 3354 3096 propitiatorium,
3376 3027 3524 3096 quod

1929 3134 2015 3180 est
2053 3139 2218 3194 supra
2258 3137 2441 3177 arcam
2479 3118 2779 3175 testimonii
2832 3117 2977 3172 inter
3018 3118 3157 3172 duos
3198 3116 3520 3179 Cherubim,

1930 3228 1986 3272 et
2033 3215 2363 3286 loquebatur
2403 3229 2528 3267 cum
2583 3212 2703 3282 ipso
2740 3212 2806 3265 ".
2864 3230 2880 3260 ι
2934 3210 3102 3275 Nam,
3143 3221 3524 3265 consummato

1932 3309 2045 3379 jam
2079 3304 2484 3378 quodammodo
2534 3303 2909 3367 tabernaculo,
2945 3311 3004 3356 et
3030 3317 3159 3356 vera
3194 3302 3282 3356 illa
3317 3304 3521 3358 sancti-~-

1936 3400 2213 3463 ﬁcatione,
2255 3398 2311 3452 id
2341 3404 2444 3462 est,
2486 3396 2734 3451 Ecclesia
2768 3393 2976 3449 mundo
3001 3393 3366 3458 manifestata,
3409 3403 3522 3448 tum

1938 3492 2177 3562 denique
2205 3505 2311 3544 vox
2338 3489 2435 3544 Dci
2476 3503 2541 3543 ac
2559 3488 2741 3542 Patris
2768 3486 2931 3541 nobis
2952 3485 3249 3541 insonavit.
3286 3506 3304 3538 ι
3343 3488 3489 3542 Locu
3515 3520 3523 3527 -

1938 3594 2027 3639 tus
2050 3593 2134 3638 est
2169 3602 2186 3634 ι
2231 3581 2379 3637 enim
2428 3600 2446 3631 ι
2487 3578 2651 3634 nobis
2716 3577 2770 3632 in
2810 3578 2952 3632 Filio
2977 3579 3053 3642 ⁸⁸,
3088 3597 3105 3628 ι
3142 3594 3305 3648 quem
3335 3581 3525 3650 propi~

1938 3677 2220 3731 tiationem
2248 3690 2371 3731 esse
2403 3673 2641 3729 dicimus
2672 3688 2773 3744 pro
2811 3669 3052 3743 peccatis
3075 3671 3299 3735 nostris,
3326 3687 3524 3728 secun-

1937 3770 2067 3823 dum
2104 3767 2418 3838 Scripturas
2455 3766 2522 3819 ⁸⁷.
2567 3767 2815 3836 Desuper
2859 3772 3041 3818 autem
3081 3762 3382 3818 Cherubim
3418 3781 3524 3820 vox

1937 3861 2293 3925 audiebatur;
2324 3874 2449 3914 nam
2485 3857 2741 3928 superior
2775 3866 3028 3911 creatura
3059 3854 3207 3910 omni
3239 3863 3401 3927 atque
3437 3857 3524 3911 ul-

1939 3954 2109 4009 terior
2134 3960 2220 4008 est
2246 3952 2412 4015 Deus,
2439 3959 2496 4005 et
2520 3949 2799 4005 essentiali
2827 3955 2992 4018 atque
3016 3946 3176 4003 insita
3201 3947 3525 4004 excellentia

1937 4044 2195 4099 omnibus
2226 4042 2396 4097 rebus
2427 4040 2666 4096 conditis
2685 4046 2927 4110 prastat.
2955 4036 3093 4093 Cum
3124 4038 3307 4107 itaque
3331 4053 3524 4093 verum

1938 4133 2405 4207 propitiatorium,
2436 4132 2609 4187 Filius
2645 4147 2864 4202 nempe,
2896 4131 2965 4185 ad
2995 4146 3096 4185 nos
3124 4132 3527 4188 transmitteret

1938 4243 2165 4298 superas
2185 4227 2305 4281 illas
2324 4235 2380 4281 et
2402 4225 2581 4281 editas
2600 4242 2631 4281 a
2652 4226 2814 4281 Patre
2842 4240 3026 4288 voces,
3050 4223 3268 4279 dicebat
3297 4243 3309 4278 :
3346 4245 3363 4277 ι
3392 4225 3526 4281 Ver-

1937 4319 2005 4374 ba
2038 4335 2159 4390 qua:
2196 4334 2297 4390 ego
2338 4319 2535 4388 loquor
2576 4334 2687 4373 non
2735 4325 2864 4372 sunt
2920 4333 3062 4382 mea,
3106 4317 3201 4372 scd
3258 4318 3379 4390 ejus
3429 4320 3525 4390 qui

1939 4412 2091 4467 misit
2125 4427 2211 4466 me
2242 4412 2306 4464 ⁸⁸.
2346 4431 2364 4463 ι
2400 4411 2574 4482 Igitur
2607 4409 2675 4465 de
2717 4408 3104 4480 propitiatorio
3150 4425 3254 4463 vox
3292 4409 3523 4467 exstitit.

1935 4505 2050 4560 Nec
2072 4503 2430 4559 mediocriter
2460 4501 2845 4566 admiraberis,
2870 4501 2914 4555 si
2949 4500 3229 4572 principes
3254 4501 3521 4565 tribuum,

256 4608 359 4661 χων
383 4589 867 4662 ἀνασκοπούμενος
902 4590 1185 4662 πρόσοδον.
1226 4587 1692 4660 Ἀπονεμηθείσης
1720 4588 1827 4663 γὰρ

1937 4610 2048 4666 quo
2079 4592 2274 4648 ordine
2297 4592 2649 4657 accesserint,
2678 4592 3002 4663 inspexeris.
3035 4591 3172 4647 Cum
3217 4593 3365 4648 enim
3393 4610 3525 4650 suus

258 4682 462 4755 ἡμέρας
494 4681 710 4753 ἑκάστῳ
735 4681 828 4736 καὶ
864 4679 1067 4746 ἱδικῶς,
1100 4679 1224 4734 καθ’
1256 4680 1322 4752 ἢν
1348 4679 1456 4733 ἔδει
1494 4678 1734 4752 πληροῦν
1761 4680 1827 4733 τά

1934 4684 2131 4754 cuique
2167 4682 2285 4738 dies
2308 4682 2531 4753 proprie
2563 4682 2866 4737 attributus
2899 4690 3065 4747 esset,
3093 4697 3203 4752 quo
3247 4683 3337 4737 die
3369 4684 3523 4755 jussa

258 4774 660 4845 συντεταγμένα
686 4775 781 4828 καὶ
807 4772 1180 4844 προσκομίσαι
1210 4771 1272 4825 τὸ
1314 4770 1507 4843 δῶρον,
1532 4772 1829 4844 προσίεσαν

262 4867 354 4939 μὲν
392 4871 449 4923 ὲν
498 4869 691 4940 κόσμῳ
740 4866 885 4922 κατά
930 4883 997 4936 γε
1060 4866 1123 4920 τὸ
1177 4864 1255 4934 τῷ
1306 4864 1574 4939 νομοθέτῃ
1616 4864 1826 4919 δοκοῦν·

258 4958 388 5031 πλὴν
428 4961 491 5014 οὐ
537 4960 681 5013 κατὰ
731 4959 833 5029 τὴν
890 4958 991 5028 τῆς
1039 4956 1307 5027 γενέσεως
1341 4957 1517 5025 τάξιν,
1558 4959 1676 5029 ἢτοι
1705 4957 1829 5011 καθ’

259 5050 493 5121 ἡλικίαν,
528 5051 641 5105 ἀλλ’
672 5050 794 5104 οὐδὲ
817 5048 1019 5121 ἀναμὶξ
1050 5049 1144 5103 καὶ
1186 5050 1353 5121 χύδην
1382 5050 1600 5115 ἁπλῶς,
1637 5067 1827 5104 συντε-

261 5138 493 5213 θειμένοι
544 5142 602 5196 δὲ
657 5141 858 5214 μᾶλλον
903 5140 1093 5212 ὥσπερ
1137 5143 1217 5205 εἰς
1268 5143 1581 5213 οἰκονομίαν
1634 5160 1827 5214 μυστι-

261 5233 375 5303 κήν.

329 5327 529 5381 ΠΑΛΛ.
562 5326 673 5381 Καὶ
696 5325 802 5398 μὴν
828 5326 858 5380 ὃ
885 5344 938 5381 τι
966 5326 1097 5380 ποτέ
1123 5328 1270 5380 ἐστιν
1296 5327 1325 5380 ὃ
1355 5329 1481 5399 φὴς,
1510 5328 1710 5382 ἐννοεῖν
1731 5330 1831 5382 οὐκ

263 5418 381 5487 ἔχω.
411 5417 587 5491 Φράζε
611 5418 676 5491 δὴ
702 5415 797 5472 οὖν
823 5436 912 5492 μοι
938 5418 1145 5487 σαφῶς.

261 5591 415 5655 ΚΥῬ.
454 5601 639 5656 Βούλει
680 5600 928 5672 λέγωμεν
958 5603 1012 5653 ἐν
1038 5602 1188 5668 τάξει
1215 5604 1309 5656 καὶ
1336 5601 1569 5674 καθεξῆς
1601 5603 1727 5666 τοὺς
1767 5604 1826 5667 ἐξ

328 5806 369 5840 ⁶¹
396 5807 531 5862 Psal.
572 5823 749 5873 cxxrx,
783 5807 835 5861 5.
913 5807 958 5839 ⁸³
993 5806 1095 5860 lsa.
1131 5821 1280 5871 XLI",
1312 5806 1400 5860 26.

284 5888 318 5939 l,
349 5876 398 5930 Ξ.
474 5877 515 5907 ⁸⁸
548 5879 705 5933 Joan.
754 5895 825 5944 vl,
859 5878 946 5932 64.

1480 5807 1524 5837 ⁸³
1560 5806 1700 5861 Psal.
1738 5821 1856 5861 xxxi
1920 5806 1970 5861 5.

1926 4776 2236 4846 perliceret,
2271 4791 2335 4831 ac
2366 4775 2572 4830 donum
2605 4775 2850 4842 all'erret,
2892 4775 3145 4831 ordinate
3179 4775 3257 4830 illi
3296 4776 3518 4847 quidem

1926 4878 2295 4933 accesserunt,
2324 4876 2386 4923 ut
2423 4866 2723 4938 legislatori
2748 4866 2929 4921 visum
2957 4875 3063 4930 est,
3094 4880 3206 4920 non
3238 4874 3420 4921 tamen
3452 4882 3522 4922 eo

1925 4959 2119 5015 ordine
2162 4975 2275 5030 quo
2317 4960 2551 5032 quisque
2583 4968 2747 5016 natus
2777 4967 2916 5024 erat,
2965 4960 3021 5014 id
3067 4970 3173 5024 est,
3218 4960 3397 5015 relatis
3428 4977 3519 5017 ra-

1931 5052 2079 5108 tione
2108 5053 2335 5109 minime
2364 5054 2573 5119 habita,
2609 5068 2788 5124 neque
2826 5068 3017 5108 rursus
3037 5052 3261 5108 omnino
3292 5054 3519 5109 confuso

1934 5152 2098 5214 atque
2124 5145 2405 5216 permiste,
2438 5145 2535 5201 sed
2572 5144 2757 5217 potius
2792 5144 2963 5199 veluti
3004 5143 3233 5216 mystica
3264 5145 3518 5201 modera-

1934 5234 2084 5291 tione
2110 5236 2381 5308 dispositi.

2001 5327 2196 5383 PALL.
2229 5329 2518 5400 Equidem,
2539 5327 2687 5400 quod
2713 5344 2744 5383 a
2777 5336 2830 5383 te
2860 5327 3067 5384 dictum
3098 5338 3201 5393 est,
3232 5329 3395 5400 quale
3423 5328 3514 5391 sit,

1928 5437 2037 5477 non
2075 5438 2296 5493 possum
2340 5423 2678 5494 intelligere;
2710 5420 3068 5492 quamobrem
3113 5436 3325 5491 expone
3379 5420 3513 5475 illud

1928 5515 2191 5585 apertius.

1995 5606 2152 5662 (ΠΒ.
2175 5608 2341 5662 Visne
2395 5618 2457 5663 ut
2485 5606 2677 5664 ordine
2698 5617 2753 5663 ct
2780 5616 3178 5678 consequenter
3209 5621 3304 5661 eos
3324 5606 3418 5676 qui
3447 5621 3514 5661 ex

2052 5808 2095 5839 ⁸⁸
2124 5807 2284 5861 Num.
2320 5823 2411 5871 vn,
2448 5807 2536 5874 88,
2569 5808 2653 5861 89.
2734 5812 2776 5840 ⁸⁸
2814 5806 2977 5865 Hebr.
3015 5824 3052 5871 ι,
3089 5808 3141 5862 ‘2.
3222 5808 3316 5863 "1
3347 5808 3510 5867 Joan.

2142 6019 2277 6029 .«~‘.
