3982 6514
462 368 579 428 τιο

1489 367 1548 422 S.
1588 358 1863 425 CVRILL!
1902 362 2369 427 ALEXANDBINI
2409 366 2726 451 ARCIIIEP.

3624 365 3717 419 Ἰὶθ

472 484 640 542 Jacob
685 486 802 541 uati
847 493 994 548 sunt,
1024 483 1446 539 recenseamus?
1481 483 1573 538 Sic
1605 483 1753 538 enim
1790 482 2046 537 facillime

2163 481 2357 536 Ἰακὼϐ
2393 482 2722 552 γεγονότας;
2765 482 2943 550 Erga;
2980 480 3090 551 γάρ
3128 479 3193 532 ἂν
3240 474 3450 547 γένοιτο
3477 478 3577 531 καὶ
3613 479 3722 531 λίαν

474 578 828 649 perSpicuum
856 575 966 647 ,θοι
994 575 1270 645 quomodo
1298 574 1371 630 sit
1400 574 1729 630 accessionis
1772 574 1909 629 ordo
1942 575 2045 627 im-

472 675 734 721 mutatus.

543 756 741 811 PALL.
770 755 941 811 Velim
971 746 1244 825 equidem.

541 846 698 903 CVR.
734 846 830 900 Est
858 845 1023 916 igitur
1060 844 1458 917 primogenitus
1497 844 1723 910 Ruben;
1753 854 1876 915 post
1903 844 2049 899 hunc

474 939 715 1004 Simeon,
748 937 910 1007 370
942 936 1094 1001 Levi,
1143 948 1199 991 et
1236 936 1405 992 Judas
1433 952 1501 991 ex
1544 944 1716 990 matre
1765 934 1881 989 Lia.
1922 935 2049 989 Bala

473 1030 672 1086 deinde
717 1031 913 1084 ancilla
963 1029 1077 1084 Dan
1112 1039 1167 1084 et
1220 1029 1572 1099 Neplttbalim
1614 1027 1804 1099 parit;
1846 1026 2049 1097 Zelpha

474 1123 602 1179 item
630 1123 827 1179 ancilla
859 1122 990 1186 Liae,
1023 1120 1138 1177 Gad
1167 1130 1222 1176 et
1241 1120 1397 1175 Aser.
1426 1119 1523 1174 Lia
1553 1134 1747 1173 rursus
1769 1126 1890 1188 post
1915 1117 2051 1172 alios

473 1223 728 1285 quatuor,
762 1212 1010 1268 lssachar
1035 1221 1089 1266 et
1114 1210 1356 1265 Zabulon
1381 1210 1552 1281 gignit
1583 1226 1595 1262 :
1625 1208 1690 1263 de
1719 1208 1923 1263 Rachel
1950 1223 2049 1260 au-

476 1316 582 1360 tem
620 1303 821 1375 Joseph
854 1315 909 1360 et
934 1303 1220 1375 Benjamin
1262 1302 1375 1357 nati
1416 1312 1561 1357 sunt.
1594 1300 1762 1373 Igitur
1790 1300 1951 1371 primi
1984 1314 2051 1353 ex

471 1395 569 1451 Lia
600 1397 772 1452 libera
805 1406 1040 1467 quatuor
1064 1406 1209 1461 sunt,
1239 1396 1433 1451 Ruben
1469 1405 1523 1450 et
1557 1394 1798 1458 Simeon,
1834 1391 1963 1447 Levi
1996 1398 2051 1446 et

471 1490 641 1546 Judas
682 1508 694 1544 :
739 1506 807 1545 ex
850 1490 1064 1545 duabus
1113 1505 1277 1561 porro
1318 1489 1532 1544 ancillis
1578 1488 1705 1543 Bala
1749 1496 1804 1541 et
1849 1486 2050 1556 Zelpha

473 1594 730 1653 quatuor,
768 1584 882 1638 Dan
912 1592 967 1638 et
997 1582 1367 1653 Nephthalim,
1402 1581 1515 1637 Gad
1549 1588 1604 1635 et
1636 1581 1805 1635 Aser:
1841 1579 1927 1634 his
1958 1579 2049 1633 alii

475 1682 711 1746 Quatuor
740 1675 933 1739 additi,
974 1675 1083 1729 duo
1121 1691 1187 1729 ex
1234 1674 1350 1737 Lia,
1398 1674 1645 1728 lssachar
1674 1680 1728 1727 et
1766 1671 2048 1738 Zabulon;

474 1766 586 1820 duo
617 1766 745 1820 item
791 1780 859 1819 ex
902 1764 1125 1827 Rachel,
1157 1763 1356 1833 Joseph
1399 1772 1455 1817 et
1497 1761 1816 1831 Beujaniin:
1854 1759 2050 1814 memi-

2153 573 2250 626 ὠδὶ
2278 575 2338 626 τὸ
2375 575 2431 626 ὲν
2459 576 2525 643 τῇ
2553 572 2801 644 προσόδῳ
2834 571 3310 643 παρηλλαγμένον.

2224 748 2429 801 ΠΔΛΛ.
2472 748 2582 802 Καὶ
2621 747 2784 818 μάλα.

2222 839 2388 893 ΚΥΡ.
2434 838 2591 892 Ἔστι
2631 841 2809 891 τοίνυν
2860 832 3205 910 πρωτότοκος
3264 839 3360 908 μὲν
3397 839 3427 890 ὁ
3466 834 3727 908 Ῥουδὴμ,

2154 928 2238 980 ἐπ’
2290 926 2438 998 αύτῷ
2481 927 2538 979 δὲ
2583 925 2839 997 Συμεὼν,
2888 927 3056 988 Λευὶ,
3108 928 3202 981 καὶ
3268 924 3468 988 Ἰούδας
3520 925 3629 978 ἀπό
3669 943 3729 993 γε

2156 1021 2364 1094 μητρὸς
2408 1020 2507 1089 τῆς
2549 1020 2733 1082 Λείας.
2784 1018 2932 1074 Βάλα
2993 1019 3051 1073 δὲ
3098 1015 3165 1072 αὖ
3220 1018 3279 1071 τὸ
3326 1017 3733 1089 θεραπαινίδιον

2151 1114 2243 1167 τὸν
2281 1112 2390 1165 Δάν
2422 1128 2481 1165 τε
2529 1112 2621 1164 καὶ
2668 1111 3011 1181 Νεφθαλεὶμ,
3054 1112 3149 1165 καὶ
3197 1112 3303 1182 μὴν
3341 1112 3439 1165 καὶ
3466 1112 3503 1182 ἡ
3554 1110 3733 1178 Ζελςιά

2154 1203 2412 1274 παιδίσκη
2455 1202 2652 1265 Λείας,
2690 1203 2783 1256 τὸν
2833 1201 2939 1254 Γὰδ
2987 1203 3082 1255 καὶ
3135 1201 3319 1272 Ἀσὴρ,
3361 1202 3498 1255 Λεία
3528 1218 3591 1268 γε
3631 1202 3733 1270 μὴν

2152 1296 2288 1367 πρὸς
2314 1297 2424 1356 τοῖς
2454 1294 2634 1357 ἄλλοις
2671 1292 2974 1364 τέσσαρσι,
3005 1292 3094 1345 τὸν
3137 1292 3354 1363 ἰσάχαρ
3396 1293 3492 1344 καὶ
3532 1290 3732 1345 2:60-4-

2152 1388 2258 1442 λὼν
2287 1386 2480 1441 τίκτει·
2514 1384 2775 1455 γενέσθην
2809 1384 2867 1438 δὲ
2921 1383 3014 1437 καὶ
3040 1384 3147 1437 ἀπὸ
3173 1384 3371 1454 Ῥαχὴλ
3417 1382 3621 1452 Ἰωσὴφ
3646 1384 3732 1433 καὶ

2153 1480 2433 1551 Βενιαμίν.
2466 1477 2675 1532 Ούκοῦν
2718 1476 2929 1549 πρῶτοι
2972 1477 3069 1545 μὲν
3102 1478 3165 1528 ὲκ
3198 1477 3383 1541 Λείας,
3414 1476 3463 1528 οἱ
3498 1476 3560 1541 ἐξ
3586 1476 3734 1528 em.-

2161 1573 2323 1642 θέρας
2378 1572 2674 1641 τέσσαρες,
2725 1567 2996 1638 Ῥουῦὴμ,
3045 1568 3139 1621 καὶ
3187 1567 3442 1637 Συμεὼν,
3478 1566 3613 1620 Λευὶ
3643 1566 3732 1619 καὶ

2168 1665 2387 1727 Ἰούδας.
2446 1665 2540 1717 Ἐκ
2588 1662 2730 1715 δυοῖν
2775 1660 2832 1714 δὲ
2876 1660 3268 1732 θεραπαίναιν,
3310 1658 3489 1721 Βάλας
3535 1674 3595 1709 τε
3645 1658 3733 1709 καὶ

2157 1757 2399 1826 Ζελφᾶς,
2446 1754 2746 1825 τέσσαρες,
2794 1752 2901 1805 Δάν
2957 1750 3051 1804 καὶ
3093 1748 3445 1819 Νεφθαλεὶμ,
3494 1746 3606 1801 Γὰδ
3645 1747 3732 1799 καὶ

473 1857 620 1912 uisse
652 1865 833 1911 autem
862 1871 1082 1911 necesse
1110 1863 1212 1918 est,
1242 1854 1442 1933 J'oseph
1474 1864 1677 1908 sortem
1714 1853 1769 1907 in
1800 1852 1938 1906 duas
1967 1851 2046 1905 di-

2168 1851 2357 1921 Ἀσήρ.
2406 1846 2625 1919 Ἐτεροι
2684 1845 2740 1899 δὲ
2796 1840 2862 1898 αὖ
2920 1843 3013 1895 ἐπὶ
3053 1841 3262 1905 τούτοις
3303 1840 3598 1911 τέσσαρεςο
3646 1837 3733 1890 δύο

472 1948 645 2001 visam
668 1961 787 2002 esse
809 1946 1005 2007 tribus,
1033 1946 1087 1999 in
1111 1944 1370 2015 prraim
1400 1952 1455 1997 et
1474 1944 1739 2008 Manasse,
1766 1942 1956 1997 ambos
1982 1956 2047 1994 ea

474 2039 569 2095 illo
596 2039 808 2110 genitos
834 2040 899 2091 ".

2159 1941 2256 2013 μὲν
2288 1942 2351 1993 ὲκ
2384 1939 2578 2001 Λείας,
2621 1938 2841 2008 Ἰσάχαρ
2870 1953 2929 1988 τε
2971 1936 3064 1989 καὶ
3090 1931 3399 1997 Ζαϐουλὼν,
3438 1932 3549 1985 ἀπὸ
3583 1930 3641 1985 δέ
3673 1948 3731 1999 γε

2154 2033 2252 2103 τῆς
2292 2032 2524 2101 Ῥαχὴλ,
2576 2028 2775 2098 Ἰωσὴφ
2825 2027 2919 2081 καὶ
2983 2025 3260 2094 Βενιαμίν.
3303 2021 3636 2095 Μεμνῆσθαι
3679 2022 3731 2075 δὲ

471 2132 795 2198 ἀναγκαῖον,
829 2129 904 2193 ὡς
943 2130 1021 2191 εἰς
1065 2128 1157 2181 δύο
1190 2128 1518 2200 μεμέρισται
1570 2127 1742 2198 φυλὰς
1778 2128 1807 2181 ὁ
1842 2127 2041 2197 Ἰωσὴφ
2080 2124 2299 2195 κλῆρος,
2326 2126 2404 2187 εἷς
2468 2140 2528 2175 τε
2590 2122 2681 2175 τὸν
2719 2118 2963 2191 Ἐφραῒμ
3017 2118 3110 2172 καὶ
3144 2117 3325 2187 μέντοι
3358 2116 3455 2169 τὸν
3510 2115 3729 2169 Man:-

472 2228 596 2289 σῆν,
626 2227 751 2288 τοὺς
781 2225 837 2291 ἐξ
866 2221 1030 2278 αὑτοῦ
1062 2224 1371 2291 γεγονότας.

544 2316 738 2373 PALL.
762 2315 1029 2385 Equidem
1050 2314 1300 2368 ordinem
1322 2314 1603 2369 nominum
1626 2315 1829 2384 optime
1854 2324 2045 2371 teneo:

472 2412 568 2466 sed
600 2412 676 2466 tui
721 2411 831 2481 jam
867 2406 1028 2462 ollicii
1060 2416 1144 2461 est
1184 2405 1464 2461 declarare
1504 2406 1649 2477 quod
1690 2406 1746 2460 in
1790 2406 1859 2462 iis
1898 2425 2046 2478 qum-

474 2504 637 2557 ritur.

543 2594 700 2649 CVR.
732 2592 834 2659 Qui
872 2608 997 2648 cum
1034 2591 1194 2647 donis
1226 2589 1579 2655 accedebant,
1620 2591 1845 2655 Palladi,
1875 2591 1929 2646 id
1969 2592 2049 2645 fa-

468 2686 711 2749 ciebant,
742 2700 853 2739 non
890 2684 1069 2748 relatis
1089 2683 1275 2737 habita
1308 2683 1540 2746 ratione,
1565 2681 1660 2737 sed
1691 2684 1904 2754 primus
1924 2684 2049 2754 qui-

470 2784 597 2839 dem
632 2781 821 2846 Judas,
862 2780 1076 2835 etiamsi
1110 2778 1371 2848 temporis
1403 2778 1596 2833 ordine
1631 2788 1859 2847 quartus
1896 2789 2046 2844 erat;

471 2890 653 2929 nonus
684 2874 847 2929 etiam
878 2881 1002 2941 post
1031 2887 1157 2926 eum
1190 2869 1435 2925 lssachar
1462 2876 1517 2924 et
1543 2885 1649 2923 una
1677 2868 1924 2925 decimus
1946 2870 2048 2923 Za-

472 2965 660 3020 bulon.
697 2965 823 3019 Post
845 2964 943 3017 hos
981 2960 1219 3017 secunda
1247 2960 1416 3015 veluti
1453 2959 1640 3014 classis
1670 2960 2047 3030 consequitur,

472 3056 865 3128 primogenitus
883 3053 1099 3117 Ruben,
1130 3061 1185 3106 et
1210 3050 1303 3121 qui
1330 3051 1590 3121 delnceps
1623 3050 1816 3105 ordine
1851 3067 2049 3105 secun-

468 3148 576 3202 .dus
607 3156 690 3202 est
718 3146 971 3209 Simeon;
1008 3143 1203 3213 hisque
1231 3142 1559 3212 conjunctus
1598 3142 1711 3195 Dan
1748 3158 1813 3196 ex
1854 3142 2048 3197 ancilla

466 3248 653 3294 natus.
705 3237 922 3291 Tertius
967 3234 1054 3289 his
1092 3233 1303 3288 accedit
1348 3232 1484 3288 ordo
1526 3248 1592 3288 ex
1637 3232 1813 3287 tribus
1838 3232 2047 3297 liberis,

468 3324 752 3396 prraim,
784 3323 1027 3377 Man-asse
1067 3330 1123 3376 et
1166 3321 1467 3392 Benjamin.
1512 3320 1715 3387 Quarta
1762 3322 1951 3376 classis
1994 3323 2049 3376 in

467 3415 729 3470 extremis
762 3416 1025 3469 collocata
1056 3423 1140 3467 est
1178 3427 1390 3478 eorum,
1424 3413 1518 3483 qui
1561 3429 1628 3467 ex
1663 3413 1877 3468 ancillis
1915 3414 2047 3469 editi

470 3516 616 3569 sunt,
647 3516 863 3575 tresque
896 3504 1085 3559 itidem
1116 3515 1262 3569 sunt,
1306 3504 1444 3568 Dan,
1484 3504 1639 3567 Aser,
1674 3504 2044 3574 Nephthalini,

2223 2313 2433 2367 HAAA.
2465 2308 2695 2381 Συνίημι
2745 2310 2845 2379 μὲν
2880 2304 2938 2361 εὖ
2986 2307 3132 2379 μάλα
3166 2309 3276 2363 τῶν
3319 2307 3608 2379 ὀνομάτων
3626 2309 3732 2378 ’τὴν

2150 2405 2325 2469 τάξιν·
2360 2404 2414 2457 τί
2438 2401 2484 2457 δ’
2525 2403 2590 2456 ἂν
2617 2402 2701 2472 εἴη
2732 2400 2918 2453 λοιπὺν
2944 2400 3003 2453 τὸ
3030 2400 3358 2472 ζητούμενον
3385 2401 3463 2464 ὡς
3496 2400 3555 2453 ἓν
3583 2417 3648 2469 γε
3670 2401 3726 2471 δὴ

2149 2498 2389 2561 τούτοις,
2424 2496 2515 2549 σὸν
2545 2494 2647 2566 ἤδη
2679 2491 3019 2565 διατρανοῦν.

2220 2591 2384 2644 ΚΥΡ.
2422 2589 2743 2661 Προσιόντες
2765 2630 2780 2653 ,
2807 2583 2851 2642 ὦ
2892 2588 3157 2641 Παλλάδιε
3177 2630 3194 2656 ,
3218 2591 3331 2651 τοῖς
3360 2587 3562 2658 δώροις
3595 2587 3721 2655 ἅμα,

2149 2684 2308 2739 τοῦτο
2352 2685 2550 2757 ἔδρων,
2601 2685 2663 2737 οὐ
2718 2681 2841 2736 καθ’
2897 2681 3147 2753 ἠλικίαν,
3196 2680 3336 2734 ἀλλὰ
3381 2679 3601 2751 πρῶτος
3635 2678 3723 2747 μὲν

2162 2777 2384 2842 Ἰούδας,
2454 2777 2632 2831 καίτοι
2676 2777 2934 2847 τέταρτος
2974 2773 3049 2827 ὢν
3081 2773 3222 2827 κατὰ
3260 2772 3474 2845 χρόνον,
3517 2771 3721 2833 ἔννατος

2150 2870 2207 2925 δὲ
2238 2870 2354 2943 μετ’
2389 2871 2551 2925 αὑτὸν
2606 2870 2858 2941 ἰσάχαρ,
2889 2869 2985 2922 καὶ
3020 2869 3117 2921 σὺν
3154 2866 3336 2929 αὐτοῖς
3374 2865 3603 2925 δέκατος
3629 2862 3720 2915 Ζα-

2153 2960 2377 3016 ϐουλὼν.
2428 2961 2717 3033 Συμμορξα
2749 2960 2805 3013 δὲ
2838 2960 3028 3029 ὣσπερ
3060 2956 3197 3028 μετὰ
3225 2955 3449 3017 τούτους
3481 2953 3718 3021 δευτέρα,

2165 3053 2405 3124 Ῥουὸὴμ
2431 3055 2459 3107 ὁ
2490 3051 2862 3124 πρωτότοκος,
2891 3050 2985 3103 καὶ
3017 3051 3046 3102 ὁ
3074 3047 3307 3120 καθεξῆς
3342 3047 3438 3101 καὶ
3458 3046 3718 3116 δεύτερος,

2152 3146 2399 3217 Συμεών.
2448 3146 2725 3215 Συνῆπται
2764 3143 2821 3196 δὲ
2874 3143 2967 3196 καὶ
3018 3141 3046 3193 ὁ
3080 3141 3185 3194 Δάν
3242 3142 3307 3193 ὲκ
3352 3139 3571 3209 δούλης.
3622 3140 3720 3191 Καὶ

2153 3238 2290 3309 πρός
2332 3254 2396 3305 γε
2456 3235 2521 3308 δὴ
2566 3235 2811 3297 τούτοις,
2862 3234 3051 3303 τάγμα
3094 3231 3155 3285 τὸ
3202 3230 3386 3302 τρίτον
3433 3230 3523 3283 διὰ
3567 3229 3721 3301 τριῶν

2154 3328 2481 3399 ἐλευθέρων,
2530 3325 2771 3396 Ἐφραῖμ
2802 3339 2861 3377 τε
2889 3324 2984 3377 καὶ
3021 3322 3290 3392 Μανασσῆ
3324 3323 3422 3376 καλ⁸
3451 3323 3719 3393 Βενιαμίν.

2151 3417 2439 3488 Συμμορῖα
2470 3413 2527 3466 δὲ
2558 3415 2792 3484 τετάρτη
2827 3414 2884 3464 ὲν
2922 3412 3172 3482 ἐσχάτοις
3192 3451 3207 3475 ,
3234 3411 3344 3465 τῶν
3370 3412 3437 3465 ὲκ
3466 3411 3721 3484 θεραπαι·

2152 3508 2257 3562 νῶν
2280 3506 2599 3577 γεγονότων.
2646 3506 2807 3576 Τρεῖς
2866 3505 2925 3558 δὲ
2955 3506 3020 3575 δὴ
3066 3501 3214 3558 οὗτοι
3256 3506 3453 3569 πάλιν,
3496 3506 3603 3558 Δάν
3637 3506 3724 3559 καὶ

464 3597 721 3667 quamvis
744 3606 983 3665 tempore
1005 3596 1305 3652 nativitatis
1327 3595 1601 3650 anteirent
1624 3612 1717 3650 eos
1752 3596 1845 3666 qui
1868 3598 2046 3666 priore

2165 3599 2367 3672 Ἀσὴρ,
2418 3601 2512 3652 καὶ
2560 3596 2913 3667 Νεφθαλεὶμ,
2951 3598 3126 3650 καίτοι
3159 3595 3495 3669 προύχοντες
3531 3598 3609 3669 τῷ
3632 3598 3721 3668 τῆς

470 3687 593 3743 loco
618 3687 865 3741 collocati
901 3695 1047 3750 sunt,
1084 3686 1367 3756 Ephraim,
1414 3686 1657 3756 inquam,
1705 3696 1761 3741 et
1804 3687 2048 3743 Manasse

470 3786 527 3833 et
566 3776 866 3848 Beujamin.
900 3777 1040 3832 Num
1074 3777 1241 3847 igitur
1287 3793 1481 3847 parum
1528 3777 1892 3832 necessariam
1927 3794 2047 3833 esse

458 3883 663 3925 censes
692 3869 887 3924 harum
913 3885 1097 3923 rerum
1133 3870 1580 3941 inquisitionem?

532 4057 729 4112 PALL.
760 4057 871 4129 Ego
905 4073 1035 4112 vero
1068 4058 1300 4113 maxime
1340 4060 1704 4113 necessariam
1750 4070 1917 4129 puto;
1952 4062 2049 4116 sed

469 4164 717 4218 quamam
752 4148 821 4202 sit
854 4148 974 4219 ejus
1009 4149 1087 4203 rei
1118 4149 1278 4213 ratio,
1306 4148 1519 4203 enitere
1549 4156 1608 4202 ut
1632 4149 1765 4203 mihi
1787 4149 2045 4219 explices.

537 4236 692 4294 CYR.
727 4238 955 4293 Videtur
975 4254 1038 4293 ea
1060 4255 1169 4304 res,
1201 4250 1259 4294 ut
1284 4256 1385 4311 ego
1409 4238 1668 4303 arbitror,
1699 4256 1798 4309 per
1819 4240 2049 4311 aenigma

470 4330 768 4389 insinuare.
804 4345 923 4401 quae
946 4347 1043 4401 per
1062 4331 1339 4386 Christum
1363 4332 1613 4386 instituta
1641 4340 1787 4397 sunt,
1817 4347 1881 4387 ea
1904 4333 2047 4403 apud

464 4420 639 4475 Deum
673 4422 910 4492 priorem
958 4423 1137 4477 locum
1180 4432 1388 4489 tenere,
1438 4439 1601 4494 quam
1640 4440 1705 4478 ea
1741 4440 1862 4494 qua:
1920 4434 2049 4480 sunt

466 4512 585 4582 lege
616 4512 853 4576 sancita;
892 4520 946 4567 et
987 4513 1080 4582 qui
1118 4521 1275 4567 erant
1308 4514 1493 4584 primi,
1530 4529 1625 4567 eos
1662 4528 1784 4568 esse
1821 4514 2049 4568 ultimos

468 4603 671 4668 factos,
705 4619 767 4659 ac
796 4604 1037 4658 vicissim
1077 4604 1300 4659 ultimos
1346 4606 1572 4677 primos.
1602 4605 1759 4670 Nam,
1785 4606 1878 4675 qui
1906 4616 2045 4661 tem-

464 4711 603 4767 pore
626 4695 965 4765 antiquiores
994 4705 1168 4760 erant,
1202 4707 1257 4751 et
1280 4697 1350 4751 ob
1379 4713 1499 4752 eam
1528 4712 1747 4751 causam
1778 4698 2045 4768 primoge-

469 4788 591 4851 niti,
613 4788 666 4843 id
690 4796 792 4853 est,
824 4786 986 4841 lsracl
1006 4797 1236 4857 gentesa
1256 4798 1406 4859 tergo
1426 4789 1672 4858 sequitur
1691 4806 1703 4840 :
1722 4789 1922 4859 quippe
1952 4789 2045 4860 qui

2151 3693 2419 3763 γενέσεως
2471 3690 2681 3763 χρόνῳ,
2732 3690 2843 3743 τῶν
2908 3690 2983 3753 ὡς
3029 3690 3180 3755 τάξει
3248 3693 3716 3761 προτεταγμένων,

2162 3785 2401 3859 Ἐφραῖμ
2456 3801 2538 3850 τε,
2588 3782 2753 3853 φημὶ,
2808 3783 2903 3836 καὶ
2950 3781 3251 3852 Μανασσῆ,
3300 3781 3398 3836 καὶ
3448 3782 3715 3853 Βενιαμίν.

2151 3872 2277 3948 'Ap‘
2347 3877 2475 3949 ούκδ
2515 3874 2822 3943 ἀναγκαίαν
2882 3874 2987 3945 φῂς
3017 3875 3118 3945 τὴν
3186 3875 3305 3945 ἐπὶ-
3348 3874 3565 3938 τούτοις
3624 3874 3712 3944 βά-

2151 3982 2310 4019 σανον
2326 3982 2341 4030 ;

2219 4054 2429 4108 HAAA.
2470 4051 2730 4107 Μάλιστά
2755 4070 2847 4121 γε·
2878 4052 2963 4116 τίς
3006 4049 3099 4107 οὖν
3145 4053 3172 4105 ὁ
3210 4053 3391 4121 λόγος,
3429 4055 3601 4124 πειρώ
3637 4072 3712 4124 μοι

2148 4146 2349 4214 λέγειν.

2221 4238 2383 4291 ΚΥΡ.
2420 4237 2661 4309 Αἴνιγμά
2690 4254 2793 4290 που
2824 4238 2884 4289 τὸ
2914 4236 3104 4308 χρῆμά
3140 4239 3274 4299 ἐστι,
3309 4238 3564 4310 καθάπερ
3589 4233 3713 4307 ἐγῷ-

2152 4348 2250 4399 μαι
2292 4329 2473 4384 πάλιν.
2504 4329 2629 4383 "Ott
2660 4329 2814 4395 τάξιν
2857 4328 2969 4399 ἔχει
3014 4331 3115 4401 τὴν
3159 4329 3385 4401 πρώτην
3411 4332 3566 4403 παρὰ
3607 4332 3711 4403 Θεῷ

2148 4423 2215 4476 τὰ
2238 4422 2326 4476 διὰ
2360 4421 2595 4493 Χριστοῦ
2634 4421 2743 4475 τῶν
2778 4423 2834 4475 ὲν
2862 4422 3030 4494 νόμῳ·
3086 4424 3180 4477 καὶ
3210 4423 3291 4477 ὅτι
3320 4424 3593 4479 τέθεινται
3626 4426 3710 4496 μὲν

2146 4517 2196 4568 οἱ
2232 4514 2437 4588 πρῶτοι
2462 4514 2700 4586 ἔσχατοι,
2725 4515 2773 4567 οἱ
2803 4514 2859 4567 δὲ
2884 4514 3104 4586 ἔσχατοι
3156 4517 3386 4589 πρῶτοι.
3425 4519 3489 4571 Oi
3522 4520 3625 4590 γάρ
3646 4519 3709 4583 ὡς

2147 4610 2205 4661 ὲν
2260 4608 2438 4681 χρόνῳ
2483 4608 2846 4680 πρεσϐύτεροι
2900 4609 2989 4662 διά
3052 4627 3109 4663 τε
3154 4609 3314 4663 τοῦτο
3366 4612 3707 4681 πρωτότοκοι,

2146 4699 2289 4753 τοῦτ’
2319 4698 2464 4752 ἔστιν
2492 4702 2520 4752 ὁ
2574 4699 2822 4771 Ἰσραὴλ,
2856 4699 3087 4755 κατόπιν
3126 4702 3345 4773 ἔρχεται
3385 4703 3496 4756 τῶν
3530 4703 3705 4757 ἐθνῶν.

2148 4790 2258 4844 Καὶ
2279 4792 2327 4842 οἱ
2356 4791 2415 4843 τὸ
2443 4789 2626 4843 δοῦλον
2663 4790 2877 4862 ἔχοντες
2909 4791 3146 4863 πνεῦμα,
3184 4792 3279 4846 καὶ
3305 4793 3406 4864 τῆς
3440 4794 3704 4848 δουλευού-

468 4881 721 4951 spiritum
758 4879 1012 4933 servilem
1048 4878 1271 4944 habent,
1319 4886 1374 4933 ct
1413 4881 1700 4935 servientis
1741 4880 2045 4936 Jerusalem

2158 4899 2249 4952 σης
2283 4881 2636 4954 Ἰερουσαλὴμ
2661 4882 2790 4947 υἱοὶ,
2822 4882 2884 4936 τὸ
2918 4882 3178 4955 προύχειν
3205 4885 3262 4937 ὲν
3305 4884 3435 4959 δόξῃ
3465 4904 3706 4959 παραχω-

469 4972 564 5028 ﬁlii
591 4974 657 5027 de
685 4972 1061 5044 pnestantiore
1099 4973 1256 5044 371
1294 4972 1462 5044 gloria
1487 4974 1794 5028 concedunt
1821 4972 1945 5028 liliis
1972 4975 2042 5028 li-

2158 4976 2373 5048 ρήσουσι
2438 4978 2551 5040 τοῖς
2602 4976 2702 5048 τῆς
2764 4976 3086 5048 ἐλευθέρας,
3150 4979 3271 5049 ἥτις
3352 4980 3473 5033 ἐστὶ
3539 4983 3703 5051 μήτηρ

469 5064 632 5128 berce,
667 5081 788 5138 quae
811 5073 893 5119 est
916 5074 1089 5118 mater
1112 5074 1297 5119 nostra
1318 5064 1585 5127 omnium,
1616 5065 1709 5136 qui
1738 5065 1795 5119 in
1819 5064 2039 5121 Christo

468 5156 744 5225 iustiﬁcati
772 5172 979 5221 sumus,
1004 5165 1059 5212 et
1090 5173 1189 5227 per
1217 5157 1441 5227 spiritus
1467 5156 1777 5211 libertatem
1810 5157 1878 5212 ad
1900 5158 2041 5211 libe-

468 5263 582 5304 ram
617 5249 982 5303 conditionem
1011 5250 1206 5304 vocati.
1240 5250 1373 5305 Vide
1404 5250 1574 5314 enim,
1610 5250 1655 5304 si
1683 5249 1879 5320 placet,
1915 5250 2042 5305 dili-

470 5348 683 5408 gentem
745 5339 907 5410 hujus
956 5342 1431 5412 contemplationis
1503 5343 1791 5397 rationem.
1857 5341 2041 5398 Prima

469 5432 615 5484 enim
649 5433 793 5487 inter
846 5442 1070 5487 caeteras
1112 5433 1315 5488 donum
1354 5434 1513 5489 all'ert
1547 5435 1723 5490 tribus
1764 5434 1932 5499 Juda,
1971 5450 2038 5489 ex

469 5534 577 5588 qua
609 5530 762 5575 ortus
796 5530 879 5575 est
909 5520 1208 5576 secundum
1250 5538 1469 5578 carnem
1496 5523 1789 5587 Christus:
1824 5533 1881 5580 et
1917 5536 2039 5595 post

466 5624 590 5663 eam
623 5614 883 5667 continuo
918 5612 1094 5668 tribus
1113 5614 1357 5670 lssachar
1380 5624 1433 5672 et
1464 5602 1731 5683 Zabulon,
1753 5616 1848 5688 qui
1879 5617 2041 5674 ambo

580 5785 622 5819 "
658 5783 791 5839 Cen.
828 5784 947 5838 im
982 5800 1137 5855 seqq.
1222 5796 1225 5799 λ

2147 5067 2305 5139 ἡμῶν
2329 5066 2441 5120 τῶν
2480 5069 2538 5121 ὲν
2580 5066 2804 5139 Χριστῷ
2840 5068 3301 5140 δεδικαιωμένων,
3339 5072 3436 5124 καὶ
3464 5075 3545 5136 εἰς
3568 5074 3705 5126 ἐλεύ-

2147 5160 2305 5231 θερον
2343 5158 2559 5230 ἀξίωμα
2594 5160 2947 5230 κεκλημένων
2978 5160 3045 5213 δι’
3079 5159 3361 5231 ἐλευθέρου
3388 5164 3700 5235 πνεύματπ.

2150 5253 2293 5322 Ὅρα
2342 5252 2473 5321 γὰρ,
2507 5253 2555 5304 εἰ
2592 5250 2761 5316 δοκεῖ,
2804 5251 2913 5304 τῶν
2955 5252 3327 5324 θεωρημάτων
3370 5254 3434 5306 τὸ
3476 5258 3702 5326 ἀκριϐές.

2148 5340 2345 5413 Πρώτη
2380 5344 2479 5413 μὲν
2508 5340 2617 5412 γὰρ
2660 5342 2927 5413 προσάγει
2961 5343 3023 5395 τὸ
3060 5343 3233 5415 δῶρον
3272 5346 3306 5415 ἡ
3356 5344 3529 5400 Ἰούδα
3559 5346 3699 5414 φυλήο

2145 5434 2204 5500 ἐξ
2238 5428 2305 5505 ἧς
2332 5432 2502 5503 ἀνέφυ
2536 5435 2678 5488 κατὰ
2707 5435 2883 5507 σάρκα
2920 5436 3174 5508 Χριστός.
3211 5438 3322 5492 Καὶ
3350 5440 3488 5508 μετὰ
3518 5441 3702 5509 ταύτην

2146 5526 2307 5589 εὐθὺς
2349 5526 2383 5595 ἡ
2422 5525 2641 5597 Ἰσάχαρ
2670 5542 2729 5578 τε
2777 5528 2872 5580 καὶ
2908 5527 3214 5584 Ζαϐουλὼν·
3255 5530 3423 5600 άμφω
3462 5531 3517 5584 δὲ
3548 5531 3700 5602 ἥσθην

2148 5617 2421 5687 ἐλεύθεροι
2462 5619 2556 5673 καί
2588 5618 2650 5685 ἐξ
2686 5618 3005 5693 ἐλευθέρων.
3055 5618 3188 5675 Εἶτα
3227 5622 3471 5696 Ῥουδὴμ
3501 5626 3531 5679 ὀ
3563 5643 3696 5696 πρω-
