4140 6506
356 487 449 541 ’ἵει

1066 483 1156 538 DE
1193 482 1637 541 ADOIIATIONE
1676 485 1743 541 IN
1783 483 2055 542 SPIRITU
2094 483 2182 539 ET
2225 484 2591 541 V'ERITA'I'E.
2632 515 2700 525 ——
2733 484 2863 541 LIB.
2904 485 2970 540 Χ.

3516 472 3649 548 ω·-

350 599 598 661 τότοκος,
634 590 864 665 Συμεών
904 607 963 644 τε
1018 592 1114 646 καὶ
1155 591 1283 657 Γὰδ,
1321 592 1380 658 ὃς
1431 594 1580 649 ἔστιν
1624 595 1690 650 ὲκ
1718 594 1927 667 δούλης.

2039 594 2200 653 liberi
2240 572 2401 652 erant
2428 605 2485 652 et
2510 612 2578 653 ex
2614 595 2838 665 liberis;
2875 596 3076 654 deinde
3114 599 3310 657 Ruben
3346 603 3624 679 primoge-

351 687 685 761 Σημαίνεται
725 684 785 739 δὲ
816 684 907 739 διά
935 684 1143 739 τούτων
1178 686 1207 738 6
1246 686 1486 758 Ἰσραήλ.
1541 688 1652 742 Καὶ
1678 687 1812 761 φέρε
1836 688 1936 753 τὰς

349 780 435 849 ἐφ’
462 776 682 846 ἑκάστῳ
722 775 1007 846 λέγωμεν,
1040 777 1107 829 ὲκ
1134 774 1237 846 τῆς
1270 776 1359 830 ἐπ’
1405 777 1590 842 αὐτοῖς
1636 778 1936 850 γενομένης

346 869 692 940 προφητείας
736 867 796 934 ἐξ
840 867 1039 921 Ἰακὼϐ
1073 867 1443 937 συλλέγοντες.
1494 868 1639 943 Ἔφη
1688 870 1867 924 τοίνυν
1906 872 1935 923 6

346 960 637 1025 θεσπέσιος
695 959 913 1015 Ἰακώϐ·
950 980 969 1015 ι
1011 960 1257 1035 Ῥουϐὴμ
1291 963 1633 1036 πρωτότοκος
1680 952 1817 1035 μου,
1868 966 1933 1018 σὺ

348 1053 505 1125 ίσχύς
548 1071 673 1126 μου,
705 1053 802 1107 καὶ
834 1053 976 1125 ἁρχὴ
1008 1052 1218 1109 τέκνων
1250 1071 1375 1126 μου,
1411 1055 1647 1128 σκληρὸς
1669 1056 1933 1128 φέρεσθαι

343 1148 442 1200 καὶ
480 1146 717 1220 σκληρὸς
749 1146 1012 1218 αὐθάδηςο
1062 1164 1082 1198 ι
1123 1146 1219 1200 καὶ
1265 1147 1449 1202 πά).ιν’
1510 1167 1529 1201 ι
1565 1148 1791 1219 Συμεὼν
1839 1150 1935 1203 καὶ

341 1239 481 1292 Λευὶ
525 1238 743 1307 ἀδελφοὶ
805 1237 1160 1293 συνετέλεσαν
1188 1238 1403 1294 ἀδικίαν
1450 1237 1512 1305 ἐξ
1543 1239 1811 1310 αἱρέσεως
1836 1240 1936 1294 αὐ-

342 1328 477 1385 τῶν.
527 1331 621 1395 Εἰς
682 1329 876 1402 βουλὴν
921 1330 1105 1385 αὐτῶν
1153 1329 1230 1402 μὴ
1277 1331 1560 1405 είσὲλθῃή
1610 1333 1756 1404 ψυχή
1806 1350 1931 1403 μου,

343 1422 443 1477 καὶ
472 1423 567 1477 ἐπὶ
609 1424 675 1495 τῇ
719 1422 980 1476 συστάσει
1025 1423 1204 1478 αὐτῶν
1249 1427 1323 1495 μὴ
1365 1426 1573 1498 ἐρεῖσαι
1614 1425 1684 1480 τά
1740 1427 1931 1498 ἧπατά

345 1534 474 1590 μουο
509 1518 593 1573 ὅτι
638 1520 696 1571 ὲν
744 1516 825 1589 τῷ
847 1516 1005 1597 θυμῷ
1025 1518 1204 1575 αὐτῶν
1229 1518 1561 1575 ἀπέκτειναν
1586 1520 1931 1593 ἀνθρώπους,

343 1606 439 1659 καὶ
472 1605 531 1659 ὲν
567 1609 632 1680 τῇ
680 1607 946 1683 ἐπιθυμίᾳ
987 1610 1168 1669 αὐτῶν
1229 1614 1673 1687 ὲνευροκόπησαν
1709 1613 1930 1691 ταῦρον.

357 1693 797 1769 Ἐπικατάρατος
832 1700 861 1753 6
890 1697 1062 1771 θυμὸς
1088 1700 1289 1767 αὐτῶν,
1332 1704 1415 1757 ὅτι
1465 1703 1728 1778 αὐθάδης,
1761 1705 1856 1758 καὶ
1899 1706 1932 1777 ή

345 1785 513 1857 μῆνις
554 1787 760 1854 αὐτῶν,
790 1789 874 1845 ὅτι
915 1791 1283 1866 ὲσκληρύνθη.
1342 1813 1360 1847 ι
1410 1795 1548 1867 Περὶ
1583 1794 1641 1849 δὲ
1690 1796 1786 1850 τοῦ
1824 1796 1933 1851 Γὰδ

343 1877 451 1951 εφη
476 1879 641 1934 πάλιν
671 1879 821 1935 τάδε’
854 1902 872 1937 ι
908 1885 1272 1958 Πειρατήριον
1305 1886 1673 1959 πειρατεύσει,
1705 1888 1798 1943 καὶ
1832 1890 1931 1942 αὑ-

341 1969 437 2036 τὸς
474 1973 827 2044 πειρατεύσει
864 1976 1028 2031 αὑτὸν
1058 1978 1198 2032 κατὰ
1222 1979 1408 2044 πόδας.
1449 1999 1468 2032 ι
1502 1981 1710 2036 Οὐκοῦν
1739 1984 1797 2038 ἐν
1833 1984 1931 2055 μὲν

341 2062 424 2134 τῷ
477 2062 723 2138 Ῥουϐήμ
785 2068 1106 2141 σημαίνοιτο
1156 2072 1222 2128 ἂν
1268 2074 1493 2140 εἰκότως
1539 2078 1568 2129 6
1626 2076 1864 2149 Ἰσραήλ,
1902 2078 1932 2133 6

341 2156 693 2227 πρωτότοκος
736 2158 837 2231 μὲν
882 2160 1027 2217 κατὰ
1072 2162 1298 2235 χρόνον,
1348 2163 1582 2237 σκληρὸς
1634 2166 1690 2221 δὲ
1732 2167 1797 2239 δή
1838 2168 1931 2223 καὶ

340 2246 587 2321 αὐθάδης
615 2252 712 2305 καὶ
746 2250 1010 2326 ὑϐριστής
1033 2272 1047 2286 ·
1090 2256 1149 2311 δν
1191 2256 1358 2327 δότε
1384 2257 1462 2332 τῷ
1494 2260 1739 2330 Συμεὼν,
1770 2253 1814 2329 ᾧ
1836 2261 1931 2317 καὶ

342 2340 616 2411 συνῆπται
688 2342 856 2408 Δευῒ,
905 2344 982 2409 ὡς
1029 2344 1251 2419 ἕτοιμος
1302 2347 1384 2412 είς
1441 2351 1784 2421 μιαιφονίαν,
1836 2353 1931 2405 καὶ

340 2432 661 2498 ἀπεκτονὼς
715 2436 814 2505 μὲν
862 2437 1079 2505 ἁγίους·
1127 2457 1147 2491 t
1188 2438 1363 2494 Τίνα»
1399 2441 1536 2513 γάρ,
1571 2444 1727 2514 φησὶ,
1759 2463 1778 2495 ι
1819 2445 1931 2498 τῶν

341 2525 640 2595 προφητῶν
670 2526 771 2580 οὐκ
794 2527 1121 2584 ἀπέκτειναν
1141 2530 1192 2585 οἱ
1225 2530 1461 2606 πατέρες
1486 2534 1678 2604 ὑμῶνς
1705 2554 1723 2586 ι
1746 2552 1932 2608 νευρο-

340 2618 594 2686 κοπήσας
642 2617 699 2672 δὲ
745 2617 936 2691 ὥσπερ
982 2621 1076 2675 καὶ
1126 2621 1366 2693 ταῦρον,
1411 2625 1471 2690 ὃς
1512 2627 1629 2680 ἔστι
1670 2628 1927 2698 Χριστός.

340 2708 418 2762 Οὐ
451 2708 646 2780 γάρτοι
699 2710 860 2783 μόνος
886 2714 915 2767 6
946 2713 1056 2768 τῶν
1108 2714 1378 2773 Ἰουδαίων
1418 2722 1814 2792 καταφωρᾶται
1840 2739 1931 2776 τε-

336 2798 632 2871 τολμηκὼς
670 2803 740 2858 τὰ
782 2803 925 2859 κατὰ
965 2806 1075 2860 τῶν
1133 2807 1305 2876 ἁγίων
1364 2809 1460 2863 καὶ
1498 2810 1639 2864 κατὰ
1685 2812 1926 2884 Χριστοῦ

338 2892 692 2965 τολμήματα,
727 2897 1029 2970 συνέδραμε
1068 2899 1126 2954 δὲ
1163 2900 1379 2966 τούτοις
1407 2902 1503 2957 καὶ
1531 2903 1559 2955 6
1592 2903 1746 2970 Λευῒ,
1779 2906 1927 2961 τοῦτ’

336 2983 544 3039 ἔστιτὸ
572 2987 714 3060 ἱερὸν
738 2989 917 3057 γένος,
950 2992 999 3044 οἱ
1024 2990 1101 3063 τῷ
1136 2990 1508 3067 θυσιαστηρίῳ
1544 2998 1930 3071 προσεδρεύον-

336 3093 467 3141 τες,
517 3077 875 3151 Γραμματεῖς
917 3099 975 3136 τε
1018 3084 1113 3136 καὶ
1158 3086 1461 3157 Φαρισαῖοι.
1507 3088 1606 3144 Διὰ
1652 3089 1831 3155 τοῦτο,
1868 3093 1928 3147 ὲν

336 3170 465 3233 ταῖς
491 3168 588 3223 τοῦ
628 3172 977 3244 προπάτορος
1016 3175 1214 3231 Ἰακὼϐ
1245 3180 1641 3250 προφητείαις,
1670 3182 1925 3249 συνέζευ-

2036 688 2209 754 nitus,
2234 688 2479 753 Simeon,
2507 698 2565 745 et
2580 688 2718 754 Gad,
2745 688 2841 760 qui
2863 700 2949 746 est
2976 706 3046 747 ex
3076 692 3271 749 ancilla
3301 703 3495 763 natus;
3524 713 3625 771 per

2036 777 2138 833 hos
2169 787 2353 833 autem
2380 777 2545 832 Israel
2582 777 2941 849 signiﬁcatur.
2970 779 3081 851 Age
3109 797 3261 853 ergo,
3282 782 3350 838 de
3376 801 3625 857 unoquo-

2035 884 2144 939 que
2180 870 2449 935 dicamus,
2475 878 2639 939 atque
2660 885 2728 925 ex
2774 870 2843 925 iis
2868 886 2990 941 quae
3009 886 3039 926 a
3058 872 3227 928 Iacob
3256 873 3325 929 de
3349 875 3458 931 illis
3480 892 3621 947 prae-

2036 961 2183 1017 dicta
2211 970 2361 1026 sunt,
2406 961 2659 1016 nonnihil
2698 976 2999 1018 sumamus.
3040 962 3188 1018 Dixit
3220 964 3389 1036 igitur
3427 967 3624 1024 beatus

2033 1051 2203 1107 Iacob
2239 1068 2255 1104 :
2296 1069 2314 1103 ι
2351 1050 2545 1106 Ruben
2588 1051 2990 1123 primogenitus
3032 1069 3211 1119 meus,
3253 1065 3310 1111 tu
3358 1057 3624 1116 fortitudo

2035 1160 2181 1209 mea,
2204 1153 2261 1200 et
2290 1143 2628 1216 principium
2657 1144 2899 1200 ﬁliorum
2932 1161 3204 1213 meorum,
3233 1148 3408 1206 durus
3433 1149 3504 1206 ad
3538 1152 3622 1209 fe-

2036 1234 2291 1299 rendum,
2316 1233 2492 1289 durus
2514 1242 2572 1289 et
2612 1236 2815 1305 procax
2839 1236 2912 1288 '°.
2944 1255 2962 1287 ο
2997 1236 3320 1293 Etiterum:
3352 1259 3371 1292 ι
3401 1241 3623 1299 Simeon

2034 1335 2091 1381 et
2116 1324 2248 1380 Levi
2284 1324 2483 1381 fratres
2515 1324 2869 1396 perfecerunt
2899 1324 3247 1397 iniquitatem
3271 1346 3340 1385 ex
3370 1332 3626 1390 instituto

2035 1432 2157 1474 suo.
2186 1419 2245 1474 In
2269 1419 2561 1474 consilium
2591 1433 2785 1474 eorum
2814 1433 2927 1474 non
2966 1419 3136 1476 intret
3176 1423 3358 1480 anima
3396 1440 3539 1490 mea,
3569 1433 3627 1482 et

2035 1512 2093 1567 in
2124 1511 2531 1584 conspiratione
2560 1527 2752 1567 eorum
2783 1528 2894 1568 non
2926 1508 3197 1572 innitatur
3218 1518 3376 1589 jecur
3406 1533 3629 1582 meum.

2034 1605 2167 1676 quia
2193 1603 2249 1660 in
2271 1603 2457 1660 furore
2487 1620 2590 1660 suo
2610 1605 2937 1662 occiderunt
2956 1592 3126 1674 viros,
3155 1616 3211 1664 et
3235 1610 3294 1665 in
3323 1609 3639 1681 cupiditate-

2034 1713 2133 1753 sua
2174 1690 2652 1753 subnervaverunt
2692 1706 2911 1754 taurum
2942 1718 2953 1754 :
2990 1699 3315 1759 maledictus
3346 1703 3500 1759 furor
3527 1720 3623 1761 eo—

2036 1806 2181 1855 rum,
2234 1790 2364 1861 quia
2406 1791 2678 1861 pertinax,
2718 1800 2775 1847 et
2807 1792 2887 1846 ira
2919 1809 3137 1859 eorum,
3186 1796 3313 1865 quia
3355 1796 3639 1852 obdurata'

2034 1891 2121 1937 est
2149 1884 2215 1937 ⁷³.
2258 1904 2275 1935 ι
2313 1881 2391 1939 De
2421 1881 2536 1939 Gad
2561 1899 2695 1939 vero
2729 1884 2846 1939 haec
2870 1901 3065 1941 rursus
3093 1885 3233 1941 dixit
3263 1906 3275 1940 :
3315 1906 3333 1939 ι
3370 1887 3627 1945 Tentatio

1963 1950 2005 2005 Β
2038 1974 2267 2031 tentabit
2291 1990 2441 2039 eum,
2473 1984 2530 2030 et
2549 1976 2665 2046 ipse
2700 1975 2933 2032 tentabit
2968 1992 3095 2032 eum
3121 1993 3280 2033 secus
3305 1978 3475 2049 pedes
3498 1981 3564 2033 ".
3601 2001 3637 2030 ον

2033 2067 2206 2139 Igitur
2230 2082 2330 2137 per
2358 2064 2555 2123 Ruben
2578 2083 2688 2122 non
2722 2067 2961 2124 absurde
2993 2069 3158 2125 Israel
3191 2070 3494 2141 accipitur;
3516 2072 3648 2143 pri»

2032 2158 2345 2230 mogenitus
2384 2158 2475 2213 ille
2504 2158 2728 2229 quidem
2763 2161 3030 2231 temporis
3072 2158 3288 2225 ordine,
3321 2162 3417 2217 sed
3451 2161 3642 2217 durus,

2030 2258 2088 2307 et
2118 2264 2323 2321 procax
2367 2258 2425 2304 et
2467 2251 2900 2307 contumeliosus
2939 2271 2952 2307 :
2990 2267 3091 2323 per
3139 2252 3363 2308 Simeon
3415 2262 3637 2319 autem,.

2032 2344 2122 2398 cui
2163 2344 2492 2414 conjunctus
2516 2353 2601 2399 est
2622 2342 2775 2410 Levi,
2801 2345 2944 2400 idem
2978 2346 3214 2417 populus
3243 2355 3304 2401 ut
3326 2346 3395 2402 ad
3422 2347 3627 2403 mdem

2032 2446 2406 2509 promptus,et
2420 2443 2737 2492 sanctorum
2753 2438 2968 2493 occisor
2983 2437 3327 2509 signiﬁcatur
3345 2457 3357 2492 :
3373 2459 3390 2490 ι
3407 2438 3579 2507 Quem
3601 2458 3620 2491 ι

2033 2528 2183 2583 enim
2222 2548 2239 2579 ι
2279 2527 2701 2599 prophetarum,
2751 2547 2769 2578 ι
2804 2525 3005 2596 inquit,
3070 2545 3090 2578 ι
3128 2543 3238 2582 non
3303 2526 3631 2583 occiderunt

2033 2629 2218 2692 patres
2241 2619 2408 2674 vestri
2442 2619 2521 2673 τη
2544 2639 2562 2671 ι
2590 2620 2663 2674 Et
2687 2627 2906 2673 taurum
2932 2628 3222 2689 prmterea,
3249 2617 3344 2692 qui
3369 2620 3643 2676 Christus.

2029 2721 2135 2777 est,
2171 2711 2566 2768 subuervavit:
2609 2726 2790 2781 neque
2832 2710 2981 2767 enim
3029 2710 3346 2768 Iudaeorum
3390 2711 3647 2784 populus.

2030 2805 2299 2860 duntaxat
2338 2803 2521 2860 moliri
2561 2818 2730 2858 ausus
2762 2812 2848 2858 est
2880 2802 2971 2858 illa
3000 2802 3265 2860 adversus
3298 2812 3518 2860 sanctos
3540 2804 3628 2859 vi-
3712 2848 3715 2849 ν

2030 2912 2122 2952 ros
2175 2905 2339 2967 atque
2373 2897 2551 2968 ipsum
2576 2896 2860 2952 Christum
2888 2894 3170 2963 facinora;
3206 2896 3303 2952 sed
3330 2896 3461 2952 Levi
3485 2912 3627 2967 quo—

2029 3007 2136 3061 que
2164 3006 2222 3045 se
2253 2990 2321 3045 iis
2351 2990 2562 3045 socium
2599 2989 2867 3060 adjunxit,
2915 3006 3071 3044 sacra
3114 2990 3374 3044 nimirum
3422 2990 3623 3055 tribus,

2028 3081 2122 3152 qui
2159 3082 2319 3138 altari
2341 3082 2553 3151 jugiter‘
2583 3091 2782 3151 praesto
2810 3089 3002 3146 erant,
3055 3079 3266 3136 Scriba:
3307 3096 3528 3151 quoque
3559 3096 3645 3136 ac;

2028 3174 2313 3229 Pbariswi.
2341 3160 2552 3228 Idcirco
2577 3173 2632 3226 in
2664 3172 3119 3242 praedictionibus
3143 3172 3311 3228 Iacob
3335 3173 3499 3243 primi
3524 3188 3639 3245 [ιο--

336 3277 467 3314 κται
506 3260 585 3333 τῷ
622 3263 852 3334 Συμεὼν
899 3267 992 3319 καὶ
1020 3270 1049 3321 6
1080 3268 1230 3324 Λευῖ.
1270 3271 1359 3324 Ἐν
1393 3271 1448 3325 δέ
1485 3288 1549 3340 γε
1595 3273 1674 3345 τῷ
1709 3275 1835 3341 Γὰδ,
1865 3276 1927 3341 ὃς

2033 3265 2207 3320 rentis
2230 3279 2354 3318 cum
2383 3263 2605 3319 Simeon
2633 3263 2988 3334 coniungitur
3037 3263 3188 3318 Levi.
3226 3262 3330 3319 Per
3361 3262 3477 3320 Gad
3520 3280 3623 3319 au-

335 3352 491 3407 ἐστιν
519 3354 586 3408 ὲκ
609 3353 805 3426 δούλης
842 3358 938 3411 καὶ⁸
970 3361 1347 3433 πειρατήριον,
1378 3364 1454 3428 ὡς
1479 3365 1746 3438 δυσγενὴς
1787 3369 1930 3423 κατὰ

333 3442 603 3516 γνώμην,
648 3445 743 3500 καὶ
792 3449 1070 3521 πειράζων
1110 3452 1201 3507 τὸν
1266 3454 1502 3525 Ἰησοῦν,
1553 3459 1648 3512 καὶ
1694 3461 1930 3531 παγίδας

337 3535 514 3601 ίστάς,
548 3538 630 3602 είς
658 3542 1000 3613 κακουργίας
1040 3543 1209 3616 αὐτῷ⁸
1250 3548 1565 3620 προσῄεσαν
1605 3552 1715 3625 γὰρ
1740 3554 1930 3624 λέγον-

334 3644 451 3718 τες,
495 3648 519 3718 ι
576 3630 796 3698 Ἔξεστι
853 3632 1037 3689 δοῦναι
1099 3636 1305 3710 φόρους
1365 3641 1711 3718 Καίσαρι,ἢ
1762 3646 1861 3713 οὓς
1901 3668 1920 3701 ι

336 3716 589 3781 Οὐκοῦν,
631 3720 833 3775 άνοίσω
879 3723 986 3795 γὰρ
1036 3720 1193 3790 αὖθις
1242 3730 1323 3792 είς
1377 3730 1440 3784 τὸ
1488 3732 1545 3785 ὲν
1591 3716 1788 3806 ἀρχαῖς
1832 3737 1927 3793 τὸν

334 3807 531 3902 λόγον,
553 3810 606 3902 Δόᾼ
626 3811 687 3902 εν
730 3814 906 3885 χρόνῳ
946 3817 1293 3887 πρωτότοκος
1330 3821 1566 3896 Ἰσραὴλ,
1610 3827 1638 3879 6
1686 3827 1924 3902 σκληρὸς

336 3898 435 3989 καὶ
472 3898 714 3973 αὐθάδης
744 3907 837 3957 καὶ
872 3904 1154 3981 ὑϐριστὴς,
1190 3912 1218 3965 6
1248 3912 1540 3987 πρόχειρος
1573 3918 1653 3981 είς
1696 3898 1922 3989 μιαιῷο-

334 3987 480 4054 νίαν,
518 3992 614 4046 καὶ
646 3993 924 4068 ἐπάρατον
961 3998 1061 4067 μὲν
1096 4000 1195 4071 τὴν
1228 4002 1390 4074 μῆνιν
1420 4006 1580 4076 ἔχων,
1608 3987 1925 4079 ἀπεκτονὼς

333 4080 763 4179 δὲάνθρὼπους,
794 4089 890 4142 καὶ⁸
911 4095 1327 4170 νευροκοπήσας
1355 4098 1577 4171 ταῦρον,
1608 4104 1636 4156 6
1661 4102 1924 4179 δυσγενὴς

334 4174 431 4227 καὶ
473 4176 673 4247 πικρὸς
711 4182 789 4244 είς
824 4180 1041 4249 δόλους,
1088 4185 1185 4238 καὶ
1218 4187 1453 4256 παγίδας
1491 4193 1644 4259 ίστὰς
1677 4197 1773 4251 καὶ
1808 4174 1925 4255 πει·

334 4268 625 4340 ρατήριον,
659 4273 889 4327 κατόπιν
931 4275 1195 4332 τέτακται
1232 4280 1342 4335 τῶν
1377 4284 1435 4336 ὲν
1476 4286 1700 4358 Χριστῷ
1728 4307 1788 4344 τε
1830 4293 1925 4346 καὶ

331 4357 671 4432 ἐλευθέρων,
721 4363 817 4417 καὶ
880 4367 929 4419 εί
986 4365 1271 4441 ἐλεύθερος
1334 4374 1455 4442 μεθ’
1506 4357 1690 4447 ἡμᾶς,
1741 4381 1817 4446 ὡς
1866 4385 1925 4437 ἐν

331 4450 455 4521 ὕψει
493 4450 649 4523 μόλις
687 4454 944 4527 ἔρχεσθαι
983 4457 1141 4514 Θεοῦ.

407 4632 617 4688 ΠΑΛΛ.
649 4632 724 4689 Εὖ
759 4635 916 4707 ἔφης.

404 4727 571 4782 ΚΥΡ.
616 4728 946 4800 Ἀναμάθοις
976 4731 1021 4785 δ’
1067 4732 1135 4787 ἂν
1168 4735 1196 4788 ὃ
1231 4752 1403 4807 φημι,
1439 4738 1534 4791 καὶ
1576 4741 1689 4804 τοῖς
1720 4741 1921 4814 ἑφεξῆς

326 4818 422 4872 τδν
448 4819 573 4875 νοῦν
600 4822 848 4891 ἐφιστάς.
875 4823 1038 4895 Τρεῖς
1065 4825 1176 4897 γὰρ
1198 4827 1443 4899 ἀλλήλων
1476 4818 1726 4901 ἐχόμενοι
1756 4850 1923 4905 προσ·

328 4912 589 4983 εκὸμιζον
622 4912 841 4984 ἐφεξῆς,
872 4914 933 4980 ἐξ
958 4915 1249 4990 ἐλευθέρας
1282 4922 1383 4992 τῆς
1421 4920 1623 4993 Ῥαχὴλ
1644 4962 1659 4987 ,
1679 4922 1918 4996 Ἐφραῖμ

328 5019 388 5056 τε
430 5004 526 5058 καὶ
553 5006 895 5077 Μανασσῆςῖ
922 5003 1057 5063 Εἶτα
1086 5013 1239 5082 τρεῖς
1275 5011 1521 5083 ἀλλήλων
1549 5015 1802 5085 ἐχόμενοί
1856 5034 1916 5070 τε

326 5097 427 5150 καὶ
472 5097 592 5168 μετ’
628 5098 966 5164 ἑκείνουςόί
1015 5104 1079 5156 ὲκ
1130 5102 1506 5174 θεραπαινῶν,
1555 5106 1702 5176 φημὶ⁵
1741 5104 1798 5160 δὲ
1850 5107 1916 5181 δὴ

327 5187 532 5250 πάλιν,
564 5189 703 5248 Δάν.
737 5190 905 5264 Ἀσήρ
950 5210 1011 5246 τε
1059 5196 1153 5248 καὶ
1197 5194 1537 5268 Νεφθαλείμ.
1589 5198 1787 5271 Συνίης
1822 5197 1919 5254 οὖν

2034 3368 2166 3422 tem,
2198 3357 2293 3429 qui
2316 3364 2401 3412 est
2438 3371 2468 3411 e
2492 3371 2670 3421 serva,
2698 3364 2754 3410 et
2781 3364 3200 3423 tentamentum,
3237 3355 3381 3412 idem
3416 3354 3625 3412 intelli-

2032 3451 2206 3524 gitur,
2237 3458 2298 3506 ut
2326 3450 2421 3522 qui
2453 3464 2618 3505 sensu
2641 3458 2696 3504 et
2724 3450 2909 3503 animo
2942 3448 3015 3505 sit
3056 3447 3308 3520 ignobili,
3350 3456 3407 3503 et
3434 3445 3623 3503 Iesum

2031 3551 2229 3609 tentet,
2265 3552 2431 3613 atque
2472 3542 2695 3597 malitiae
2744 3557 2856 3596 sua:
2901 3541 3129 3611 laqueos
3158 3539 3350 3595 tendat
3382 3556 3394 3592 :
3433 3554 3621 3595 acces-

2029 3642 2222 3691 serunt
2243 3635 2412 3699 enim,
2441 3635 2689 3697 dicentes
2719 3652 2731 3687 :
2763 3654 2779 3685 ι
2808 3633 2962 3689 Licet
2989 3620 3213 3689 censum
3245 3633 3374 3688 dare
3398 3631 3619 3698 Caesari,

2030 3744 2099 3783 an
2126 3743 2237 3782 non
2260 3728 2308 3759 ⁷⁸
2334 3727 2359 3780 ?
2399 3747 2415 3778 ι
2452 3726 2626 3798 Igitur
2646 3768 2660 3793 ,
2690 3734 2751 3781 ut
2778 3727 2845 3781 ad
2877 3726 2931 3781 id
2965 3725 3112 3797 quod
3165 3724 3323 3789 initio
3369 3722 3621 3780 dicebam

2030 3836 2282 3876 revocem
2322 3819 2630 3876 orationem
2687 3834 2889 3883 meam,
2932 3808 3029 3874 ille
3076 3818 3238 3891 372
3288 3808 3491 3886 Israel,
3523 3816 3620 3887 qui

2027 3911 2294 3982 temporis
2339 3911 2533 3966 ordine
2583 3910 2987 3983 primogenitus
3024 3919 3162 3974 erat,
3220 3908 3312 3963 ille
3358 3908 3532 3963 durus
3564 3918 3622 3964 et

2026 4019 2229 4074 procax
2259 4010 2315 4058 et
2342 4003 2795 4067 contumeliosus,
2832 4002 2924 4057 ille
2961 4009 3247 4072 promptus
3288 3996 3356 4055 ad
3389 3998 3618 4065 caedem,

2026 4103 2083 4149 et
2104 4096 2198 4165 qui
2229 4094 2576 4151 maledictam
2602 4094 2741 4149 iram
2774 4093 2996 4157 retinet,
3026 4104 3081 4147 et
3111 4092 3363 4147 homines
3391 4091 3616 4153 occidit,

2025 4192 2082 4239 et
2116 4182 2473 4240 subnervavit
2498 4192 2741 4247 taurum,
2783 4182 2876 4237 ille
2915 4174 3172 4253 ignobilis
3209 4192 3265 4237 et
3295 4182 3525 4237 acerbus
3548 4179 3620 4237 ad

2027 4278 2323 4334 struendos
2348 4277 2526 4342 dolos,
2567 4286 2623 4333 ct
2652 4278 2746 4348 qui
2784 4278 3010 4347 laqueos
3039 4276 3237 4341 tendit,
3267 4288 3325 4332 et
3352 4285 3621 4341 tentator,

2028 4371 2267 4442 denique
2295 4378 2420 4441 post
2445 4387 2561 4433 eos,
2595 4370 2689 4439 qui
2723 4371 2779 4425 in
2808 4369 3028 4426 Christo
3063 4378 3119 4425 et
3146 4369 3307 4424 liberi
3334 4379 3481 4432 sunt,
3504 4371 3621 4426 col-

2026 4464 2239 4520 locatus
2269 4472 2373 4528 est,
2408 4463 2510 4517 etsi
2553 4464 2693 4518 liber
2729 4471 2853 4535 post
2880 4478 2982 4518 nos
3010 4462 3136 4529 erit,
3181 4472 3239 4517 ut
3270 4463 3358 4516 vix
3395 4463 3614 4519 tandem

2029 4555 2095 4611 ad
2128 4555 2225 4610 Dei
2253 4564 2608 4625 conspectum
2638 4555 2841 4610 veniat.

1950 4641 1996 4697 D
2096 4647 2295 4703 PALL.
2327 4647 2652 4703 Rectissime
2684 4647 2839 4703 dicis.

2086 4737 2244 4795 CYR.
2270 4736 2428 4805 Quod
2459 4746 2644 4794 autem
2693 4738 2840 4804 dixi,
2869 4739 3031 4809 plane
3058 4739 3349 4813 intelliges,
3376 4740 3422 4797 si
3455 4738 3522 4797 ad
3550 4758 3613 4798 ea

2016 4843 2139 4900 quze
2169 4827 2429 4899 deinceps
2471 4838 2782 4899 sequuntur
2825 4830 3068 4884 animum
3108 4830 3412 4885 intenderis
3450 4850 3463 4885 :
3502 4842 3614 4887 tres

2016 4921 2165 4975 enim
2198 4919 2342 4974 inter
2375 4934 2433 4974 se
2466 4920 2748 4991 conjuncti
2776 4919 3041 4990 deinceps
3061 4922 3383 4977 obtulerunt
3407 4937 3473 4977 ex
3500 4922 3611 4977 Ra-

2019 5013 2176 5068 chele
2209 5012 2404 5077 libera,
2441 5011 2725 5082 Ephraim,
2771 5022 2827 5068 et
2872 5013 3165 5081 Manasses,
3207 5024 3263 5069 et
3301 5010 3607 5085 Benjamin.

2017 5122 2253 5177 quorum
2311 5106 2527 5177 priores
2589 5121 2656 5160 ex
2723 5105 2926 5176 Ioseph
2988 5114 3218 5181 parente
3280 5107 3392 5161 nati
3455 5092 3607 5165 sunt.

2015 5199 2278 5270 Ephraim
2305 5206 2361 5255 et
2385 5199 2693 5255 Manasses:
2725 5200 2925 5256 deinde
2954 5182 3079 5271 post
3108 5200 3232 5256 illos
3248 5186 3349 5256 alii
3380 5209 3491 5256 tres
3518 5201 3609 5256 iu-

324 5280 412 5333 ὃτι
445 5281 900 5352 προεισϐάλλουσι
931 5283 1032 5354 μὲν
1066 5285 1163 5338 καὶ
1203 5286 1591 5358 ἐκτετίμηνται
1618 5287 1741 5342 λίαν
1772 5290 1824 5344 οἱ
1855 5290 1917 5356 ἐξ

2027 5292 2190 5347 vicem
2237 5290 2443 5363 juncti,
2498 5292 2931 5362 ancillarumque
2987 5291 3112 5357 ﬁlii,
3168 5292 3304 5359 Dan,
3360 5292 3607 5364 inquam,

325 5370 654 5444 ἐλευθέρας,
709 5374 935 5429 ἕπονταί
981 5392 1046 5445 γε
1095 5377 1203 5448 μὴν
1251 5378 1302 5430 oi
1357 5379 1421 5431 ὲκ
1474 5379 1909 5454 θεραπαινῶνοῆ

2027 5382 2150 5437 \ser
2196 5391 2255 5437 et
2301 5374 2679 5453 Nephtbalim.
2715 5381 3123 5437 Animadvertis
3157 5382 3322 5455 igitur
3349 5398 3381 5439 e
3415 5383 3610 5439 liberis

325 5461 451 5535 οὐχὶ
484 5464 642 5519 τοῦτό
674 5466 825 5520 ἐστιν
871 5466 1137 5537 ἐναργὲς,
1170 5466 1199 5521 6
1234 5467 1330 5522 καὶ
1374 5469 1538 5533 αὐτὸς
1581 5471 1714 5541 ἡμῖν
1744 5473 1773 5525 6
1821 5471 1910 5525 θε-

326 5555 556 5621 σπέσιος
615 5558 819 5628 γράφει
859 5556 1106 5623 Παῦλοςς
1145 5578 1164 5611 ι
1204 5560 1374 5615 Ὅταν
1397 5579 1415 5611 ι
1441 5562 1570 5634 γὰρ,
1606 5562 1762 5634 φησὶ,
1808 5581 1828 5615 t
1854 5564 1915 5617 τδ

323 5647 609 5720 πλήρωμα
636 5649 744 5704 τῶν
772 5649 943 5706 ἐθνῶν
971 5650 1188 5724 εἰσέλθῃ
1212 5691 1227 5718 ,
1251 5652 1375 5707 τότε
1404 5654 1515 5718 πᾶς
1554 5653 1773 5726 Ἰσραὴλ
1808 5672 1941 5726 σωεη

327 5739 578 5809 θήσεται.
617 5758 636 5789 ι

400 5942 448 5974 π
491 5942 627 6001 σου.
676 5962 816 6016 xm,
859 5947 912 6017 δ,
944 5948 995 6005 4.
1072 5949 1117 6045 ,τι
1158 5948 1294 6007 una.
1353 5950 1473 6007 5-7.
1646 5922 1785 6007 uua.
1829 5952 1911 6009 ιιι.

1554 6079 1646 6092 ιο.-

2023 5473 2246 5544 quidem
2281 5483 2440 5529 natos
2467 5472 2814 5539 antecedere,
2845 5483 2900 5528 et
2937 5474 2993 5527 in
3023 5490 3219 5547 magno
3259 5475 3469 5532 honore
3505 5477 3631 5531 ba-'

2022 5565 2164 5631 beri,
2192 5566 2563 5637 sequi'autem
2592 5566 2735 5621 ﬁlios
2762 5567 3086 5623 ancillarum
3120 5588 3132 5621 :
3165 5584 3348 5624 annon
3400 5569 3506 5626 hoc
3535 5569 3598 5626 il-

2019 5654 2116 5711 lud
2157 5663 2263 5720 est,
2313 5656 2460 5725 quod
2500 5657 2618 5728 ipse
2665 5656 2826 5713 nobis
2872 5658 3069 5714 beatus
3113 5660 3315 5717 Paulus
3361 5661 3554 5739 scribit
3581 5662 3633 5727 ?7

2028 5767 2045 5797 ο
2075 5746 2212 5802 Cum
2248 5771 2265 5795 ι
2296 5743 2467 5812 enim,
2496 5739 2697 5819 inquit:
2730 5769 2745 5800 ι
2777 5744 3335 5823 ριοηίιιιιιοέοηὶίὐω
3367 5747 3631 5810 intra‘veL'f

2022 5840 2111 5899 rit,
2154 5848 2285 5893 tunc
2314 5840 2495 5895 omnis
2514 5841 2680 5897 Israel
2712 5842 2895 5897 salvus
2926 5844 3119 5898 erit".
3162 5863 3179 5895 ι
3286 5882 3294 5891 .
3388 5878 3394 5887 ι

1990 5953 2037 5983 ⁷³
2075 5952 2193 6009 Act.
2243 5970 2333 6021 vn,
2371 5953 2456 6009 5:2.
2538 5957 2583 5985 7‘
2616 5954 2801 6010 Matth.
2836 5971 2983 6023 xxn,
3019 5956 3100 6011 l7.
3133 5958 3177 5989 ⁷⁸
3211 5958 3366 6014 ηοω.
3402 5971 3475 6022 x1,
3502 5951 3625 6014 25..
