4140 6524
555 435 663 489 7‘23

1578 439 1633 493 S.
1669 436 1943 494 CYRILLI
1984 438 2456 497 ALEXANDRINI
2496 441 2816 499 ARCIIIEP.

3720 441 3823 497 724

624 549 820 604 I’ALL.
864 551 1031 606 Recte
1072 549 1194 605 ais:
1245 558 1331 607 est
1378 552 1526 608 enim
1570 552 1790 608 subtilis
1841 552 2117 608 admodun

2314 556 2526 610 ΙΙᾹᾹΛ.
2576 555 2782 627 Ὀρθῶς
2814 554 2970 627 ἔφης·
3024 554 3182 627 ἰσχνὴ
3224 555 3332 628 γὰρ
3375 556 3514 626 ἄγαν
3557 558 3592 627 ἡ
3632 558 3822 627 ἑπιτή-

550 642 880 697 observatio.

620 734 779 789 Cl’lt.
808 735 974 805 Atqui
1012 736 1069 790 id
1111 750 1222 790 non
1268 751 1389 791 esse
1435 735 1572 792 falso
1607 736 1817 792 dictum
1849 738 1995 794 scies
2018 780 2031 802 ,
2081 748 2139 793 et

549 825 771 895 quidem
809 825 1067 881 facillime
1102 846 1118 881 :
1146 828 1257 898 jam
1296 828 1444 883 enim
1473 828 1760 900 Scriptura
1784 846 1888 885 nos
1916 846 1983 886 ex
2012 831 2137 887 aliis

548 917 839 974 sententiis
860 918 1185 974 conﬁrmat:
1215 920 1406 977 ordine
1431 922 1757 993 congruenti
1777 921 1941 992 jussit
1966 922 2133 989 Deus,

548 1019 611 1065 ut
640 1020 819 1066 castra
847 1021 1133 1068 moverent
1159 1023 1325 1084 atque
1348 1014 1615 1078 locarent,
1648 1030 1714 1069 ac
1747 1014 2007 1070 sisterent
2038 1015 2133 1071 ﬁlii

546 1102 734 1168 Israel,
769 1112 827 1159 et
858 1113 921 1160 ut
950 1106 1367 1163 tabernaculum
1400 1106 1779 1171 circumirent,
1812 1107 2131 1173 constituit,

539 1193 695 1263 juxta
719 1194 876 1261 illud,
907 1197 1126 1268 opinor,
1149 1197 1296 1268 quod
1316 1208 1402 1254 est
1426 1214 1458 1253 a
1480 1197 1644 1253 beato
1662 1197 1833 1252 David
1855 1198 2134 1269 eleganter

544 1286 933 1343 decantatum:
963 1310 982 1341 ι
1010 1290 1080 1345 Et
1098 1288 1458 1346 circumdabo
1483 1290 1654 1345 altare
1675 1297 1855 1353 tuum,
1880 1288 2130 1353 Domine,

544 1384 605 1430 ut
633 1377 856 1434 audiam
882 1394 1073 1434 vocem
1097 1380 1279 1435 laudis
1298 1388 1405 1434 tua:
1439 1381 1507 1444 ⁷⁸,
1546 1401 1564 1430 ι
1612 1379 1699 1435 vel
1738 1378 1873 1433 illud
1918 1397 1930 1431 :
1961 1398 1978 1429 ι
2009 1378 2131 1434 Cir-

542 1467 690 1523 cuivi
711 1479 769 1524 et
794 1468 1072 1524 immolavi
1106 1469 1163 1524 in
1191 1469 1546 1524 tabernaculo
1579 1468 1751 1539 ipsius
1778 1467 2013 1524 hostiam
2037 1484 2132 1523 vo-

540 1560 884 1616 ciferationis
922 1561 990 1614 ".
1035 1581 1054 1612 ι
1086 1561 1399 1616 lnsinuatur
1443 1562 1610 1616 etiam
1663 1562 1812 1617 aliud
1846 1564 2129 1635 quidpiam

539 1663 664 1703 esse
700 1656 959 1719 tanquam
1007 1649 1063 1705 in
1100 1649 1274 1721 ﬁgura
1307 1650 1425 1706 ﬁeri
1448 1652 1683 1723 jussum.
1720 1651 1949 1723 Oportet
1978 1655 2129 1709 enim

540 1749 603 1796 ut
623 1755 724 1795 nos
744 1756 776 1795 a
798 1741 909 1797 Deo
932 1742 1159 1797 minime
1182 1742 1583 1814 disjungamur,
1607 1744 1702 1799 sed
1726 1745 1972 1814 proxime
1994 1762 2131 1818 quo-

539 1833 834 1889 dammodo
862 1843 919 1889 et
949 1835 1097 1891 circa
1132 1836 1286 1890 illum
1321 1844 1466 1892 stare
1503 1836 1809 1903 videamur,
1834 1854 1903 1893 ne
1930 1855 2125 1909 pecca-

539 1932 659 1980 tum
705 1924 1088 1996 interpositum
1121 1926 1213 1991 sit,
1244 1942 1383 1981 neve
1413 1927 1521 1981 ulla
1560 1928 1838 1983 saecularis
1874 1930 2127 2000 voluptas

538 2032 639 2072 nos
658 2017 888 2084 dividat,
913 2020 1008 2075 sed
1038 2028 1200 2075 recta:
1232 2019 1433 2074 mentis
1455 2020 1743 2091 praesentia
1768 2030 1824 2076 et
1848 2022 1915 2077 ad
1937 2039 2129 2079 omnes

536 2108 839 2166 laudandas
875 2111 1118 2167 actiones
1152 2111 1533 2182 suscipiendas
1570 2112 1824 2168 alacritas
1852 2114 1919 2169 ad
1960 2116 2125 2185 spiri-

537 2202 739 2258 tdalem
784 2203 1051 2259 unitatem
1086 2205 1324 2275 colligat.
1354 2204 1491 2259 Nam
1525 2205 1617 2274 qui
1653 2205 1731 2261 sic
1773 2205 2127 2263 laudabiliter

534 2310 593 2350 se
627 2311 819 2366 gerere
848 2297 1186 2359 curaverint,
1218 2312 1314 2351 eos
1354 2305 1504 2351 certe
1536 2296 1592 2350 in
1632 2296 1825 2368 primis
1853 2298 1995 2354 dona
2040 2298 2123 2354 of-

533 2388 682 2442 ferre
712 2386 889 2443 decet.
908 2387 1187 2457 Scriptum
1215 2396 1299 2442 est
1327 2388 1475 2442 enim
1496 2405 1510 2441 :
1535 2408 1552 2439 ι
1576 2387 1778 2445 Omnes
1805 2390 1858 2445 in
1886 2392 2125 2448 circuitu

533 2478 654 2547 ejus
680 2476 916 2531 aﬁ'erent
946 2494 1175 2532 munera
1208 2479 1272 2531 ".
1308 2497 1325 2529 ι
1363 2478 1551 2547 Itaque
1592 2479 1757 2533 simul
1798 2480 1958 2550 373
1996 2498 2123 2537 cum

535 2567 891 2637 tabernaculo
928 2583 1025 2623 eos
1054 2567 1350 2637 proﬁcisci,
1387 2576 1445 2623 et
1474 2568 1552 2621 illi
1599 2567 1963 2625 circumfusos
1992 2587 2121 2641 pro-

533 2672 754 2715 movere
777 2658 963 2729 jussit,
995 2657 1190 2712 ordine
1213 2672 1434 2727 quoque
1461 2673 1571 2713 non
1595 2658 1691 2728 qui
1727 2660 1875 2714 aetati
1916 2676 2119 2719 conve-

531 2751 701 2816 niret,
725 2764 905 2820 neque
929 2748 1024 2820 qui
1057 2765 1091 2804 a
1121 2748 1315 2819 primis
1349 2748 1417 2803 ad
1449 2756 1725 2804 extremos
1746 2750 1971 2807 confuse
1997 2768 2124 2823 per-

530 2843 770 2907 veniret,
796 2842 894 2899 sed
915 2842 1108 2903 eadem
1141 2842 1353 2905 ratione
1377 2844 1701 2915 conjunctos
1727 2854 1892 2914 atque
1918 2844 2122 2902 discre-

532 2943 648 3001 tos,
699 2951 806 3006 qua
847 2936 903 2989 in
944 2934 1217 2990 donorum
1256 2935 1538 2991 oblatione
1583 2935 1836 3006 dispositi
1878 2936 2116 2992 fuerant.

530 3027 809 3098 Scriptum
827 3036 911 3083 est
929 3028 1079 3083 enim
1098 3028 1152 3083 in
1180 3028 1441 3084 Numeris
1460 3027 1525 3083 ad
1553 3028 1702 3085 hunc
1725 3029 1982 3084 modum:
2007 3050 2024 3080 ι
2051 3030 2121 3084 Et

529 3117 747 3173 locutus
779 3126 864 3172 est
894 3118 1158 3173 Dominus
1196 3117 1265 3174 ad
1307 3117 1525 3190 Moysen
1563 3127 1620 3173 et
1648 3118 1849 3185 Aaron,
1877 3120 2069 3175 dicens
2102 3138 2115 3174 :

530 3211 947 3284 Ilomojunetus
971 3212 1276 3269 secundum
1298 3229 1493 3284 agmen
1520 3228 1703 3279 suum,
1726 3222 1782 3269 et
1810 3215 2112 3270 secundum

530 3303 703 3376 signa,
736 3303 1041 3358 secundum
1071 3302 1264 3358 domos
1300 3303 1635 3357 familiarum
1665 3320 1889 3359 suarum
1912 3315 2118 3361 castra-

529 3400 807 3449 metentur
847 3392 943 3446 ﬁlii
974 3392 1140 3447 Israel
1180 3408 1367 3447 coram
1394 3391 1647 3457 Domino,
1692 3394 1901 3449 circum
1939 3396 2122 3451 taber-

529 3484 787 3545 naculum
810 3483 1111 3538 testimonii
1133 3485 1674 3541 castrametabuntur
1692 3485 1788 3541 ﬁlii
1812 3486 1978 3543 Israel
1996 3488 2060 3543 τ’.
2092 3509 2111 3542 ι

530 3571 735 3627 Deinde
755 3573 1083 3627 attributum
1113 3573 1312 3644 cuique
1345 3575 1525 3630 locum
1552 3577 1817 3641 ostendit,
1858 3577 2081 3634 ubinam
2100 3623 2114 3647 ,

528 3673 585 3717 et
609 3664 907 3734 quomodo,
929 3666 1093 3735 quive
1121 3668 1496 3721 castrametari
1523 3667 1759 3725 debeant
1794 3688 1806 3723 :
1837 3671 2121 3745 subjungit

529 3754 677 3810 enim
720 3754 788 3810 ad
835 3755 983 3811 hunc
1024 3756 1249 3812 modum
1294 3776 1307 3811 :
1350 3778 1368 3809 ι
1402 3759 1470 3814 Et
1513 3760 1607 3830 qui
1658 3769 2118 3819 castrametantur

529 3846 693 3915 primi
709 3846 773 3902 ad
795 3847 1089 3913 orientem,
1124 3864 1317 3920 agmen
1337 3860 1641 3905 castrorum
1661 3852 1801 3908 Juda
1823 3869 1946 3909 cum
1964 3871 2119 3911 exer-

529 3938 644 3994 citu
674 3954 794 4005 suo,
820 3948 875 3994 et
905 3950 1358 3999 castrametantes
1375 3943 1532 4014 juxta
1563 3959 1630 3999 ex
1661 3946 1809 4001 tribu
1846 3947 2115 4016 Issachar,

528 4039 1062 4090 etcastrametantes
1097 4035 1251 4106 juxta
1283 4052 1380 4092 eos
1412 4053 1479 4093 ex
1514 4038 1663 4093 tribu
1700 4038 1945 4094 Zabulon
1987 4040 2053 4093 “.
2090 4060 2107 4091 ι

527 4122 734 4178 Deinde
755 4125 1055 4180 secundam
1076 4126 1309 4183 classem
1334 4138 1605 4194 recenset,
1630 4139 1686 4184 et
1715 4130 1824 4185 ait:
1860 4150 1878 4182 ι
1906 4131 2113 4202 Agmen

526 4226 827 4275 castrorum
862 4218 1057 4275 Ruben
1087 4220 1153 4275 ad
1194 4232 1441 4277 austrum
1471 4238 1596 4280 cum
1626 4223 1871 4280 exercitu
1897 4240 2110 4290 eorum,

524 4319 577 4365 et
599 4310 859 4381 princeps
879 4311 1115 4368 ﬁliorum
1132 4314 1326 4369 Ruben
1346 4316 1530 4371 Elisur
1550 4316 1696 4370 ﬁlius
1719 4316 1943 4384 Sediur,L
1957 4334 2114 4373 exer-

525 4403 668 4456 citus
685 4404 804 4473 ejus
828 4405 1085 4461 recensiti
1104 4421 1201 4461 sex
1221 4414 1277 4462 et
1297 4407 1659 4480 quadraginta
1681 4409 1854 4465 millia
1873 4418 1930 4465 et
1951 4411 2112 4482 quin-

525 4493 674 4563 genti
692 4511 705 4559 ;
721 4503 777 4548 et
793 4504 1247 4554 castrametantes
1258 4500 1413 4569 juxta
1435 4517 1561 4556 eum
1586 4518 1654 4557 ex
1682 4502 1830 4557 tribu
1852 4501 2108 4569 Simeon;

2244 662 2421 716 ρησις.

2311 738 2476 793 ΚΥΡ.
2503 738 2612 791 Kal
2636 736 2744 809 μὴν
2772 737 2853 791 ὅτι
2880 735 2941 789 τὸ
2960 737 3151 807 χρῆμα
3181 737 3282 791 ούκ
3306 738 3669 809 ἐψευσμένον,
3691 739 3813 811 εἴσῃ

2234 844 2318 881 τοι
2346 830 2442 882 καὶ
2486 828 2605 882 λίαν
2651 826 2915 889 εὐπετῶς.
2962 828 3221 895 Ἐμπεδοῖ
3262 829 3370 899 γάρ
3416 831 3568 900 ἡμᾶς
3616 829 3714 882 καὶ
3760 828 3821 896 ἑξ

2238 920 2446 991 ἑτέρων
2493 919 2656 985 εὐθὺς
2696 922 2916 975 ἑννοιῶν
2960 924 2989 976 ὁ
3031 921 3208 989 λόγος·
3252 924 3310 976 ἑν
3354 924 3545 995 κόσμῳ
3586 922 3696 996 γὰρ
3742 923 3823 995 τῷ

2238 1012 2531 1084 καθήκοντι
2558 1012 2896 1085 πράττεσθαι
2926 1014 3037 1067 δεῖν
3067 1014 3272 1068 ἑτύπου
3300 1015 3432 1080 Θεὸς
3460 1016 3560 1079 τάς
3592 1033 3652 1069 τε
3688 1017 3823 1070 άνα-

2237 1104 2468 1172 ζεύξεις,
2512 1106 2605 1159 καὶ
2656 1106 2763 1177 μὴν
2818 1106 2913 1159 καὶ
2968 1106 3234 1177 ἱδρύσεις,
3279 1106 3399 1177 ῆτοι
3454 1107 3821 1175 συγκαταυλι-

2237 1197 2408 1268 σμοὺς
2441 1197 2546 1251 τῶν
2583 1197 2716 1251 υίῶν
2763 1196 3009 1269 Ἰσραὴλ,
3057 1195 3244 1269 κύκλῳ
3281 1214 3340 1250 τε
3392 1196 3527 1251 ίὲναι
3556 1197 3659 1268 τῆς
3682 1214 3819 1268 σκη-

2234 1288 2331 1359 νῆς
2370 1283 2429 1342 εὖ
2482 1282 2637 1359 μάλα
2675 1288 3036 1359 προστέταχε,
3072 1287 3217 1342 κατά
3254 1304 3319 1357 γε
3357 1288 3439 1353 τὸ,
3474 1286 3652 1359 οἶμαι,
3680 1290 3820 1361 πρὸς

2232 1379 2327 1432 τοῦ
2365 1379 2612 1452 μάκαρος
2643 1378 2807 1432 Δαϐὶδ
2839 1378 3073 1443 ἀστείως
3111 1377 3472 1449 ὑμνούμενον·
3517 1399 3535 1430 ι
3574 1379 3684 1431 Ka‘:
3713 1396 3816 1432 κυ-

2233 1469 2428 1524 κλώσω
2454 1470 2516 1524 τὸ
2547 1469 2933 1541 θυσιαστήριόν
2968 1486 3088 1535 σου,
3115 1467 3313 1541 Κύριε,
3352 1467 3446 1522 τοῦ
3482 1468 3716 1521 ἀκοῦσαί
3746 1484 3815 1539 με

2234 1562 2416 1633 φωνῆς
2447 1560 2709 1626 αίνέσεῶς
2746 1579 2876 1628 σου,
2928 1580 2946 1614 ι
2985 1561 3153 1631 ἦγουν
3179 1560 3269 1627 τὸ,
3305 1580 3323 1612 ι
3374 1558 3692 1614 Ἐκύκλωσα
3721 1560 3816 1615 καί⁵

2232 1652 2402 1706 ἔθυσα
2452 1654 2509 1707 ἑν
2556 1656 2625 1725 τῇ
2682 1655 2858 1724 σκηνῇ
2913 1650 3081 1705 αὑτοῦ
3145 1650 3341 1705 θυσίαν
3390 1649 3732 1720 ἀλαλαγμοῦ.
3787 1670 3808 1704 ι

2242 1742 2711 1815 ’Υποσημαίνεται
2743 1743 2801 1797 δέ
2850 1760 2905 1797 τι
2939 1744 3032 1797 καὶ
3065 1743 3286 1814 ἕτερον,
3328 1742 3390 1795 τὸ
3434 1742 3511 1806 ῶς
3554 1744 3614 1795 ἑν
3652 1742 3811 1813 τύπῳ

2230 1834 2423 1906 δράσαι
2488 1834 2939 1906 κεκελευσμένον.
2993 1834 3113 1907 Χρὴ
3168 1833 3278 1906 γὰρ
3327 1834 3476 1905 ἡμᾶς
3517 1834 3619 1888 οὐκ
3676 1834 3814 1886 ἀπο-

2230 1926 2750 1996 νοσφίξεσθαιθεοῦ,
2775 1926 2890 1980 ἀλλ’
2907 1927 3189 1990 οίονείπως
3206 1926 3377 1997 ἀγχοῦ
3418 1926 3511 1980 καὶ
3539 1928 3596 1979 ἑν
3618 1924 3803 2002 κύκλερ

2230 2016 2518 2085 φαίνεσθαι
2552 2017 3025 2090 περιεστηκότας,
3071 2018 3133 2070 ού
3180 2016 3587 2089 μεσολαϐούσης
3631 2017 3811 2086 ἁμαρ-

2226 2110 2369 2176 τίας,
2393 2110 2454 2163 ού
2488 2109 2783 2182 διαστάσης
2818 2110 2969 2181 ἡμᾶς
3002 2111 3271 2180 κοσμικῆς
3320 2107 3533 2179 ἡδονῆς,
3564 2106 3681 2159 ἀλλ’
3720 2108 3799 2171 είς

2228 2202 2456 2273 ἑνότητα
2508 2201 2605 2273 τὴν
2659 2201 3039 2272 πνευματικὴν
3078 2199 3432 2269 συλλέγοντος
3479 2196 3643 2270 ὀρθοῦ
3686 2198 3804 2252 δια-

2226 2294 2376 2360 νοίας
2419 2295 2851 2366 παραστήματος
2897 2292 3250 2364 ἑτοιμότητός
3285 2308 3345 2345 τε
3389 2292 3487 2362 τῆς
3526 2290 3663 2361 πρὸς
3702 2291 3812 2343 πᾶν

2224 2387 2403 2441 ὁτιοῦν
2453 2386 2561 2440 τῶν
2600 2385 3084 2458 τεθαυμασμένων.
3115 2384 3326 2455 Πρέπει
3358 2383 3467 2456 γάρ
3498 2382 3564 2436 ἂν
3584 2383 3668 2436 ’ότι
3701 2383 3810 2454 μά-

2225 2477 2383 2532 λιστά
2408 2496 2470 2548 γε
2514 2481 2627 2542 τοῖς
2662 2477 2838 2542 οὕτως
2871 2477 3177 2547 εὐδοκιμεῖν
3228 2476 3527 2547 ᾑρημένοις
3570 2474 3633 2529 τὸ
3673 2473 3809 2546 χρῆ-

2224 2588 2311 2623 ναι
2334 2573 2725 2643 καρποφορεῖν.
2740 2570 3053 2641 Γέγραπται
3070 2568 3178 2639 γὰρ
3192 2568 3274 2621 ὅτι
3295 2586 3312 2619 ι
3336 2567 3544 2631 Πάντες
3556 2566 3606 2620 οἱ
3624 2565 3808 2638 κύκλῳ

2224 2664 2387 2719 αὑτοῦ
2409 2664 2615 2718 οίσουσι
2634 2663 2803 2734 δῶρα.
2825 2683 2844 2715 ι
2870 2661 3080 2716 Ούκοῦν
3097 2660 3451 2732 συναπαίρειν
3472 2661 3669 2725 αὐτοὺς
3685 2662 3807 2715 ἑκέ-

2223 2753 2343 2809 λεύε
2378 2758 2443 2827 τῇ
2473 2758 2670 2826 σκηνῇ,
2696 2754 2794 2809 καὶ
2824 2753 3010 2824 κύκλῳ
3039 2752 3299 2823 βαδίζειν,
3333 2753 3427 2805 καὶ
3460 2752 3536 2815 ὡς
3567 2754 3625 2805 ἑν
3657 2752 3805 2815 τάξει

2224 2846 2403 2907 πάλιν.
2447 2846 2508 2900 οὐ
2554 2848 2674 2908 ταῖς
2717 2844 2957 2917 ἡλικίαις
3010 2842 3297 2915 πρεπούσῃ
3341 2846 3435 2896 καὶ
3484 2840 3809 2912 ἀσυγχύτως

2227 2941 2380 3014 ἰούσῃ
2419 2940 2555 3012 πρὸς
2585 2940 2711 3003 τοὺς
2741 2939 3007 3011 ἐσχάτους
3036 2938 3145 2992 άπὸ
3171 2936 3280 2990 τῶν
3313 2934 3567 3007 πρῶτων,
3596 2951 3807 3003 συνημ-

2227 3030 2422 3101 μένους
2450 3030 2507 3083 se
2537 3028 2700 3095 οὕτω,
2734 3031 2831 3082 καὶ
2860 3028 2965 3082 ἀνὰ
2998 3027 3186 3100 μέρος,
3224 3026 3477 3096 καθάπερ
3511 3027 3567 3077 ἑν
3604 3027 3672 3096 τῇ
3699 3024 3807 3077 τῶν

2220 3120 2409 3192 δώρων
2472 3123 2829 3193 προσαγωγῇ.
2884 3121 3202 3192 Γέγραπται
3256 3118 3314 3171 δὲ
3362 3117 3534 3180 οὕτως
3587 3119 3645 3171 ὲν
3694 3119 3808 3179 τοῖς

2236 3211 2532 3285 Ἀριθμοῖς,
2580 3231 2599 3263 ι
2651 3212 2763 3264 Kal
2795 3210 3024 3282 ἑλάλησε
3057 3208 3258 3282 Κύριος
3307 3209 3444 3280 πρὸς
3472 3206 3680 3277 Μωσῆν
3712 3207 3807 3260 καὶ

2236 3303 2447 3375 Ἀαρὼν
2507 3304 2715 3373 λέγων·
2768 3303 3087 3375 Ἀνθρωπος
3129 3303 3387 3374 ἐχόμενος
3430 3302 3572 3356 κατὰ
3616 3303 3807 3373 τάγμα

2220 3401 2386 3455 αὑτοῦ
2414 3399 2505 3452 καὶ
2532 3399 2670 3453 κατὰ
2688 3398 2965 3469 σημασίας
2982 3398 3101 3451 κατ’
3125 3398 3305 3459 οἴκους
3326 3395 3572 3466 πατριῶν
3601 3394 3805 3457 αὐτῶν,

2220 3490 2724 3564 παρεμϐαλέτωσαν
2756 3491 2804 3543 οί
2845 3489 2952 3542 υἱοὶ
2974 3489 3197 3561 Ἰσραὴλ
3232 3488 3412 3542 ἔναντι
3447 3486 3677 3559 Κυρίου,
3706 3484 3805 3539 κύ-

2220 3580 2333 3652 κλῳ
2364 3581 2463 3652 τῆς
2514 3581 2719 3652 σκηνῆς
2766 3578 2862 3631 τοῦ
2909 3578 3212 3651 μαρτυρίου
3258 3576 3704 3652 παρεμϐαλοῦσιν
3754 3577 3808 3629 οί

2219 3672 2329 3725 υίοὶ
2371 3670 2612 3742 Ἰσραήλ.
2649 3690 2667 3721 ι
2704 3666 2839 3725 Εἶτα
2871 3670 2963 3724 τὸν
2997 3671 3215 3741 ἑκάστῳ
3246 3669 3411 3725 τόπον
3435 3668 3806 3740 ἑκνεμηθέντα

2218 3764 2484 3819 δεικνύει·
2525 3766 2647 3818 ὅποι
2678 3781 2737 3817 τε
2773 3765 2869 3817 καὶ
2897 3766 3046 3828 ὅπως
3077 3764 3171 3817 καὶ
3212 3762 3357 3826 τίνες
3399 3764 3448 3815 οί
3485 3759 3803 3832 παρεμϐάλ-

2217 3855 2416 3920 λοντες.
2437 3854 2719 3927 Ἐπιφέρει
2742 3854 2851 3927 γὰρ
2877 3854 2972 3907 ὡδί
2992 3871 3005 3884 ·
3035 3874 3053 3906 ι
3092 3854 3205 3909 Kal
3237 3855 3286 3908 οί
3326 3852 3804 3925 παρεμϐάλλοντες

2217 3946 2447 4017 πρῶτοι,
2488 3944 2631 3999 κατὰ
2674 3943 2962 4011 ἀνατολὰς,
3009 3944 3199 4016 τάγμα
3233 3942 3588 4016 παρεμϐολῆς
3629 3942 3801 3996 Ἰούδα

2218 4039 2317 4091 σὺν
2350 4036 2577 4108 δυνάμει
2601 4036 2803 4100 αὐτῶν,
2832 4037 2927 4090 καὶ
2955 4037 3004 4089 οἱ
3036 4035 3517 4107 παρεμϐάλλοντες
3551 4033 3799 4105 ἐχόμενοι

2216 4127 2390 4199 φυλῆς
2417 4129 2658 4202 ἰσάχαρ,
2677 4129 2771 4182 καὶ
2787 4128 2836 4182 οί
2860 4127 3333 4200 παρεμϐάλλοντες
3351 4128 3599 4198 ἐχόμενοι
3624 4126 3801 4197 φυλῆς

2216 4220 2521 4277 Ζαϐουλὼν.
2561 4240 2581 4273 ι
2618 4215 2749 4275 Εἶτα
2775 4220 3143 4293 διαμέμνηται
3189 4221 3500 4292 συμμορίας
3537 4219 3796 4290 δευτέρας

2213 4314 2307 4366 καί
2335 4329 2488 4385 φησιο
2530 4332 2549 4366 ι
2584 4313 2782 4384 Τάγμα
2816 4312 3167 4384 παρεμϐολῆς
3200 4312 3441 4384 Ῥουϐὴμ
3482 4311 3618 4383 πρὸς
3648 4310 3797 4364 νότον

2215 4405 2313 4458 σὺν
2348 4406 2572 4477 δυνάμει
2606 4404 2807 4466 αὐτῶν,
2850 4404 2943 4458 καὶ
2975 4404 3003 4456 ό
3035 4403 3216 4473 ἄρχων
3236 4403 3345 4457 τῶν
3372 4403 3504 4457 υἱῶν
3530 4400 3793 4474 Ῥουϐὴμ,

2226 4500 2495 4570 Ἐλισοὺρ,
2528 4498 2643 4562 υίὸς
2677 4497 2923 4567 Σεδιοὺρ,
2964 4496 3194 4567 δύναμις
3222 4494 3387 4549 αὐτοῦ
3423 4497 3473 4549 οί
3518 4498 3797 4565 ἐπεσκεμ-

523 4597 580 4640 et
602 4594 1055 4644 castrametantes
1072 4591 1227 4661 juxta
1262 4607 1389 4646 eum
1419 4609 1487 4648 ex
1515 4594 1662 4648 tribu
1690 4594 1805 4650 Gad
1831 4594 1897 4647 ⁸¹.
1929 4616 1947 4647 ι
1979 4596 2113 4655 Ter-

2222 4591 2370 4661 μένοι
2401 4588 2461 4656 ἒξ
2481 4588 2579 4657 καὶ
2604 4586 3014 4657 τεσσαράκοντα
3039 4584 3277 4655 χιλιάδες
3306 4585 3399 4638 καὶ
3424 4585 3791 4639 πεντακόσιοι.

524 4677 656 4739 tiam
680 4677 766 4737 his
786 4679 932 4735 illico
957 4681 1190 4737 classem
1207 4683 1475 4754 adjungit,
1495 4684 1687 4741 dicens
1712 4703 1725 4738 :
1753 4705 1771 4737 ι
1795 4685 2003 4758 Agmen
2025 4703 2113 4745 ca-

523 4779 767 4827 strorum
800 4770 1064 4841 Ephraim
1091 4789 1262 4844 prope
1294 4791 1443 4831 mare
1468 4792 1594 4831 cum
1622 4778 1869 4833 exercitu
1895 4795 2109 4843 eorum,

519 4869 577 4915 et
626 4869 1082 4923 castrametantes
1128 4864 1283 4935 juxta
1330 4881 1459 4921 eum
1508 4868 1603 4937 qui
1650 4884 1720 4925 ex
1768 4870 1913 4925 tribu
1966 4870 2109 4929 Ben-

514 4952 687 5020 jamin
726 4953 794 5007 ⁸¹.
835 4975 853 5005 ι
882 4952 1101 5024 Quarta:
1122 4971 1344 5027 quoque
1387 4959 1578 5015 classis
1619 4962 1883 5017 continuo
1912 4961 2110 5017 memi-

518 5048 621 5113 nit,
659 5048 851 5104 dicens
882 5066 895 5102 :
930 5068 949 5100 ι
982 5049 1192 5120 Agmen
1219 5058 1528 5109 castrorum
1557 5053 1672 5110 Dan
1698 5052 1767 5107 ad
1798 5053 2109 5123 aquilonem

517 5155 641 5193 eum
670 5140 917 5195 exercitu
955 5156 1083 5206 suo;
1112 5148 1169 5195 et
1202 5151 1655 5199 castrametantes
1684 5158 1858 5214 prope
1881 5158 2006 5198 eum
2042 5158 2110 5197 ex

519 5230 670 5286 tribu
711 5231 867 5295 Aser,
910 5240 968 5286 et
1007 5240 1463 5288 castrametantes
1500 5249 1669 5309 prope
1699 5249 1824 5288 eum
1862 5250 1927 5287 ex
1962 5232 2106 5287 tribu

516 5319 867 5388 Neplitlialim
893 5336 1087 5377 omnes
1122 5323 1381 5379 recensiti
1401 5364 1417 5389 ,
1447 5323 1659 5395 inquit,
1696 5340 1728 5381 c
1762 5325 1963 5380 castris
1990 5325 2104 5378 Dan

514 5418 736 5465 centum
775 5409 1171 5483 quinquaginta
1206 5421 1262 5469 et
1288 5423 1496 5484 septem
1533 5414 1702 5469 millia
1729 5423 1785 5469 et
1817 5415 2094 5477 sexcenti,

514 5502 745 5558 extremi
772 5503 1071 5559 movebunt
1093 5506 1309 5576 agmina
1329 5523 1428 5563 sua
1447 5508 1515 5561 ⁸³.
1548 5528 1566 5558 ι
1591 5508 1754 5565 Vides
1773 5509 1951 5579 primo
1978 5510 2097 5567 loco

515 5594 752 5663 positum
788 5611 912 5652 esse
948 5596 1166 5661 ludam,
1197 5609 1253 5653 et
1287 5600 1410 5669 ejus
1440 5601 1640 5667 socios,
1670 5610 1727 5658 et
1756 5603 2093 5675 praecipuum

516 5682 765 5740 habitare
800 5684 979 5739 locum
1014 5686 1081 5740 ad
1115 5686 1387 5742 orientem
1423 5698 1479 5744 et
1520 5701 1802 5757 austrum;
1834 5708 1959 5747 nam
2000 5697 2093 5765 qui

586 5823 632 5850 ⁷⁸
670 5822 808 5876 Psal.
837 5838 960 5885 xxv,
1001 5825 1050 5876 ii.
1134 5825 1182 5853 ⁷⁵
1212 5825 1351 5878 Psal.
1390 5842 1531 5887 χχιι,
1569 5829 1617 5881 6.

516 5890 695 5951 “Ibid
762 5894 935 5950 [3-22.
1029 5894 1073 5923 ³³³
1108 5894 1241 5951 Ibid.
1274 5897 1464 5950 23—31.

1702 5833 1743 5859 ⁷⁸
1783 5832 1920 5886 Psal.
1971 5848 2125 5898 Lxxv,
2154 5832 2237 5887 II.

2214 4681 2330 4739 Kal
2377 4682 2425 4733 οί
2473 4676 2952 4752 παρεμϐάλλοντες
2986 4676 3234 4747 ἐχόμενοι
3263 4674 3452 4739 αὑτοῦ,
3488 4674 3663 4745 φυλῆς
3690 4676 3794 4727 Συ-

2217 4772 2382 4844 μεὼν,
2415 4772 2578 4826 κα“ιοί
2612 4768 3091 4842 παρεμϐάλλοντες
3123 4767 3371 4838 ἐχόμενοι
3400 4766 3585 4830 αὑτοῦ,
3620 4766 3792 4836 φυλῆς

2212 4865 2336 4919 Γάδ.
2372 4885 2390 4917 ι
2412 4864 2521 4919 Kal
2546 4863 2737 4936 τρίτην
2761 4861 2923 4925 εὐθὺς
2940 4859 3298 4915 ἑπισυνάπτει
3318 4859 3519 4928 λέγων·
3549 4879 3567 4910 ι
3590 4859 3792 4927 Τάγμα

2213 4954 2565 5029 παρεμϐολῆς
2628 4952 2869 5026 Ἐφραῖμ
2905 4952 3058 5023 παρὰ
3096 4950 3372 5006 θάλασσαν
3417 4951 3513 5005 σὺν
3563 4951 3789 5024 δυνάμει

2212 5048 2411 5112 αὐτῶν,
2445 5046 2540 5100 καὶ
2565 5046 2613 5099 οἱ
2642 5044 3121 5117 παρεμϐάλλοντες
3159 5043 3409 5121 ἐχόμενοι
3458 5043 3633 5121 φυλῆς
3658 5046 3789 5099 Βεν-

2212 5140 2386 5211 ιαμίν.
2430 5157 2447 5189 ι
2491 5139 2603 5197 Kal
2656 5137 2762 5209 μὴν
2811 5136 2904 5190 καὶ
2955 5136 3226 5208 τετάρτης
3272 5136 3586 5207 συμμορίας
3630 5133 3822 5201 εὖθὺς⁹

2207 5232 2574 5304 διαμέμνηται
2603 5231 2799 5300 λέγων,
2842 5246 2861 5279 ι
2892 5228 3094 5305 Τάγμα
3123 5227 3481 5300 παρεμϐολῆς
3506 5229 3615 5282 dav
3656 5231 3788 5303 πρὸς

2207 5325 2410 5397 βορρᾶν
2444 5324 2540 5376 σὺν
2580 5322 2806 5392 δυνάμει
2841 5319 3051 5373 αὐτῶν·
3089 5319 3183 5373 καὶ
3224 5321 3272 5372 οί
3313 5320 3786 5393 παρεμϐάλλοντες

2206 5414 2452 5485 ἐχόμενοι
2487 5410 2651 5465 αὐτοῦ
2685 5410 2856 5481 φυλῆς
2895 5407 3084 5479 Ἀσὴρ,
3122 5409 3217 5462 καὶ
3241 5409 3291 5462 oi
3313 5410 3783 5481 παρεμϐάλλοντες

2207 5506 2457 5579 ἐχόμενοι
2482 5503 2648 5559 αὐτοῦ
2672 5503 2844 5574 φυλῆς
2866 5500 3207 5573 Νεφθαλείμ,
3226 5503 3427 5566 πάντες
3450 5503 3499 5555 oi
3517 5504 3781 5574 ἐπεσκεμ.

2210 5600 2382 5671 μένοι,
2409 5598 2563 5668 φησὶ,
2584 5597 2685 5667 τῆς
2708 5593 3061 5667 παρεμϐολῆς
3086 5592 3213 5659 Δάν,
3235 5594 3431 5651 ἑκατὸν
3454 5596 3779 5666 πεντήκοντα

2206 5694 2299 5747 καὶ
2332 5690 2470 5745 ἑπτά
2500 5687 2739 5759 χιλιάδες
2785 5687 2879 5740 καὶ
2918 5684 3213 5753 ἑξακόσιοι,
3255 5686 3470 5758 ἔσχατοι
3528 5686 3775 5760 ὲξαροῦσι

2319 5832 2363 5863 τ’
2402 5829 2561 5885 Num.
2599 5844 2656 5892 ιι,
2690 5827 2811 5891 με.
2891 5824 2935 5857 ⁸⁰
2963 5824 3101 5881 Ibid.
3140 5824 3257 5881 2-5.
3337 5826 3379 5856 ’“
3407 5825 3549 5883 Ibid.
3596 5825 3769 5888 IlI—Ii.
