2050 3097
70 57 75 182 ἱ

72 188 80 275 i

72 293 76 364 ἓ

73 366 77 446 4

73 450 77 523 ι

74 535 79 623 ξ

75 637 79 708 l

76 722 80 831 ξ

143 2968 231 3041 I5?)

193 130 1784 156 Μ

808 194 891 216 ΔιιΝο
913 193 1028 215 υοιιικι
1051 195 1183 217 υιιγιιι.

552 295 1121 402 SANCTUS
1170 300 1463 428 LEO,

331 478 929 590 EPISCOPUS
984 479 1684 555 SENONENSIS.

812 688 953 717 ΝΟἸΊἸΊΑ
974 689 1018 724 (ex
1034 689 1196 724 Gallandio).

228 746 248 773 l.
269 746 354 773 Pauca
367 749 430 772 sunt
443 744 587 772 admodum
600 752 660 779 qua:
674 744 707 772 de
721 744 749 772 S.
761 744 851 773 Leone
861 746 980 773 antistite
994 745 1018 774 Α
1033 745 1150 771 occurrit

190 790 340 818 Senonensi
364 790 513 817 litterarum
538 789 718 817 monumentis
746 789 900 824 consignata
930 797 980 817 tto-

190 840 311 863 scuntur.
321 835 413 862 Exsmt
421 834 532 869 epistola
544 834 573 862 S.
584 834 697 869 Remigii
707 834 865 862 Rhemcnsis
880 842 980 868 praesu-

190 882 235 916 lis,
259 882 343 909 tribus
365 882 498 916 episcopis
522 881 664 915 inscripta,
689 881 823 913 ileraclio,
848 881 929 908 Leoni
953 885 980 908 ct

193 928 355 961 Theodosio,
371 928 405 955 de
419 926 534 962 quodam
549 926 662 954 Claudio
676 926 835 962 presbytero
856 927 882 953 in
903 926 980 961 cujus

192 981 272 1001 causa
291 977 410 1008 spretum
428 979 458 999 se
474 972 508 999 ab
527 972 579 999 illis
598 971 678 999 fuisse
697 971 884 1006 conqueritur;
900 978 979 1006 quam

190 1019 298 1053 quidem
313 1023 373 1052 post
387 1017 556 1045 Sirmondum
573 1017 611 1052 (α)
621 1022 647 1044 et
661 1017 794 1044 Cointiutn
808 1016 845 1052 (ὁ)
856 1017 919 1045 alibi
934 1025 980 1044 cs-

194 1063 346 1090 cudcndam
367 1062 514 1089 curavimus
531 1062 578 1096 (c).
605 1062 642 1088 Ex
665 1062 750 1089 tribus
774 1061 826 1089 illis
847 1062 980 1096 episcopis

192 1114 247 1134 non
259 1106 362 1134 dubitat
374 1106 492 1133 Cointius
505 1105 544 1142 (ἀ)
555 1105 617 1140 quin
628 1105 681 1133 duo
695 1105 876 1139 pontiﬁcatum
890 1114 981 1142 gesse-

192 1151 244 1178 rint
256 1151 282 1177 in
294 1150 430 1185 provincia
441 1150 609 1185 Lugdunensi
621 1155 726 1185 quarta,
737 1150 874 1179 Iicraclius
884 1159 981 1186 nempe

193 1195 313 1228 Parisiis,
335 1200 413 1230 atque
430 1195 606 1223 Antissiodori
619 1195 786 1223 Theodosius
802 1203 808 1221 :
826 1196 852 1223 hi
867 1203 981 1231 namque

193 1241 307 1269 concilio
318 1241 504 1269 Aurelianensi
531 1249 540 1268 ι
564 1241 710 1269 interfuere
724 1249 794 1268 anno
810 1241 915 1269 Domini
929 1242 978 1269 511

192 1292 301 1319 coacto;
315 1294 347 1314 ac
362 1287 475 1321 proinde
489 1286 583 1314 tertius
598 1286 681 1314 fuisse
695 1286 801 1314 videtur
822 1290 914 1314 noster
928 1285 982 1313 Leo

193 1332 356 1360 Senonensis
369 1332 490 1367 ejusdem
504 1332 645 1367 provinciae
658 1331 888 1366 metropolitanus.
904 1331 982 1366 Ejus-

193 1378 267 1404 modi
278 1381 365 1404 autem
382 1376 521 1411 epistolam
536 1377 643 1411 scripsit
657 1376 793 1411 Remigius
807 1382 866 1411 post
879 1376 981 1404 obitum

1176 754 1182 770 :
1210 745 1345 778 altcrttm,
1371 746 1440 780 quod
1467 747 1556 774 Oronti
1583 748 1641 778 loco
1670 748 1821 776 nominatur

1034 789 1157 824 Optalus;
1171 790 1284 817 alterum
1298 799 1371 825 vero,
1382 792 1451 826 quod
1466 793 1608 820 concilium
1621 794 1684 821 illud
1701 795 1817 822 habitum

1031 835 1157 862 scribitur
1176 843 1247 863 anno
1264 835 1362 863 Christi
1383 837 1443 865 55f.
1470 837 1536 865 Nam
1558 846 1619 865 cttm
1640 845 1656 865 e
1680 839 1746 866 vivis
1770 847 1820 867 ex?

1031 880 1144 907 cesserit
1167 879 1316 908 Ciodoveus
1347 889 1417 908 anno
1448 883 1497 910 Ml
1515 903 1523 915 ,
1555 888 1583 910 ut
1607 885 1730 918 superius
1752 885 1820 913 vidi-

1031 931 1106 958 mus,
1129 932 1214 953 annus
1239 925 1319 960 igitur
1340 926 1375 953 22
1388 927 1552 956 Childeberti
1575 929 1634 963 ejus
1656 930 1820 958 successUris

1032 977 1081 997 nos
1094 970 1165 997 tlucit
1181 971 1213 997 ad
1226 971 1288 999 555.

1067 1015 1110 1042 Ill.
1130 1015 1179 1049 Qui
1194 1020 1283 1043 autem
1299 1024 1346 1051 per
1359 1017 1485 1044 vicarium
1500 1025 1576 1045 suum
1589 1019 1673 1046 adfuit
1688 1019 1742 1047 Leo
1757 1028 1821 1055 syn-

1031 1060 1083 1088 odo
1097 1060 1284 1088 Aurelianensi
1305 1070 1338 1094 ιι,
1360 1062 1473 1096 ipsemet
1493 1063 1526 1090 ad
1546 1071 1575 1090 ιιι
1595 1065 1725 1096 accessit;
1740 1073 1819 1099 quam

1031 1106 1133 1133 scilicet
1149 1105 1230 1133 fuisse
1247 1111 1367 1134 coactam
1382 1108 1425 1135 die
1435 1116 1559 1135 nonarum
1573 1110 1665 1136 mensis
1680 1111 1757 1144 tertii,
1772 1118 1820 1138 seu

1032 1149 1110 1177 nonis
1133 1150 1204 1182 Maii,
1220 1158 1285 1177 anno
1300 1151 1335 1177 27
1356 1153 1442 1178 domui
1466 1152 1619 1180 Childeberti
1634 1155 1710 1190 regis,
1726 1159 1754 1182 ut
1769 1155 1827 1183 ferr
1850 1158 1852 1161 ’

1032 1195 1193 1229 subscriptio
1219 1196 1296 1230 Lupi-
1314 1197 1440 1224 Ecclesia:
1469 1197 1652 1233 Lugdunensis
1678 1201 1821 1234 provincim

1033 1242 1125 1274 prima:
1147 1242 1342 1276 metropolitani
1360 1243 1489 1277 episcopi,
1505 1244 1556 1271 hoc
1574 1249 1616 1271 est
1635 1252 1706 1273 anno
1720 1245 1826 1275 Cltrist'r

1033 1285 1100 1320 5'58,
1127 1290 1155 1313 ut
1179 1286 1319 1320 [eritibent
1345 1288 1491 1322 scriptores
1516 1288 1596 1316 modo
1622 1290 1710 1324 citati,
1738 1290 1821 1318 Vale-

1032 1331 1089 1358 sius
1102 1331 1154 1365 (η),
1168 1331 1290 1359 Cointius
1304 1331 1341 1367 (ο)
1356 1337 1383 1359 et
1395 1332 1488 1367 Pagius
1503 1333 1554 1369 (ρ).
1570 1334 1637 1361 Hinc
1655 1343 1747 1363 rursus
1761 1343 1819 1363 cor-

1035 1376 1160 1411 rigendus
1176 1376 1387 1411 Papebrocltitts,
1411 1378 1456 1412 qui
1480 1378 1612 1414 synodum
1641 1380 1717 1407 istam
1739 1381 1821 1416 illigat

193 1422 319 1450 Clodovei
338 1422 420 1457 regis,
432 1423 477 1457 qui
491 1427 554 1456 erat,
570 1422 667 1456 inquit,
683 1430 734 1449 non
748 1421 832 1449 solum
852 1421 981 1456 prwdica-
996 1424 1020 1454 Β
1033 1428 1104 1448 anno
1114 1421 1177 1450 556.
1193 1422 1267 1449 llaud
1283 1426 1370 1450 tamen
1386 1423 1504 1451 interfuit
1514 1428 1622 1451 sanctus
1636 1425 1747 1453 antistes
1758 1434 1821 1453 con-

194 1474 234 1495 tor
253 1468 314 1502 ﬁdei
334 1468 484 1502 cathalim,
500 1469 544 1495 sed
558 1468 686 1503 defensor.
712 1467 831 1495 Decessit
845 1473 907 1494 vero
922 1465 983 1494 Clo-

193 1514 295 1542 doveus
312 1521 383 1541 anno
405 1512 456 1541 511
481 1513 632 1545 desinente,
653 1513 745 1548 paucis
764 1516 824 1546 post
843 1512 982 1540 dimissum

194 1561 335 1597 praefatum
356 1560 500 1588 concilium
519 1559 713 1587 Aurelianense
736 1566 755 1590 I,
772 1562 801 1586 ut
822 1566 855 1586 ex
870 1558 982 1586 vetustis

194 1605 375 1634 monumentis
387 1605 495 1632 tradunt
509 1604 659 1632 Hadrianus
671 1603 793 1631 Valesius
807 1603 846 1639 (ε)
859 1607 887 1631 et
899 1601 982 1631 Coin-

195 1652 248 1679 tius
264 1652 313 1687 (f);
335 1651 454 1685 adeoque
473 1653 503 1677 ut
524 1650 640 1678 maxime
658 1656 728 1677 anno
743 1648 807 1681 5l2,
819 1656 872 1676 non
894 1653 982 1677 autem

194 1697 258 1729 510,
269 1702 298 1724 ιιι
309 1695 551 1731 aitPapebrocbius
562 1694 610 1730 (g),
623 1694 720 1729 scripta
735 1693 813 1721 fuerit
826 1693 981 1728 Remigiana

194 1743 241 1770 illa
256 1742 380 1776 epistola.
741 1766 742 1769 η

233 1788 267 1815 ll.
287 1788 371 1815 Porro
389 1795 420 1815 ex
435 1787 513 1815 dictis
532 1786 622 1814 sedem
635 1785 817 1814 Senonensem
836 1793 869 1814 eo
886 1785 982 1814 saltem

193 1840 267 1861 anno
278 1833 332 1861 512
349 1833 405 1867 jam
426 1833 544 1860 tenuisse
564 1832 680 1859 Leonem
706 1832 886 1866 intelligimus.
912 1831 982 1865 Quid

194 1886 259 1907 vero
272 1879 393 1913 praeclari
408 1878 504 1906 exinde
519 1877 671 1915 praestiterit
686 1877 712 1904 in
727 1884 783 1904 suae
797 1877 921 1904 dioecesis
936 1884 981 1905 re-

193 1925 304 1959 gimine,
316 1925 379 1952 illud
394 1931 475 1952 unum
487 1924 622 1951 memoriae
635 1922 776 1957 proditum,
787 1922 982 1950 Melodunemes

197 1969 323 1996 videlicet
336 1969 452 1996 nondum
471 1968 546 2003 plene
564 1975 695 1995 conversos
709 1975 754 2003 per
771 1972 887 1994 sanctum
901 1967 983 2002 Aspa-

198 2016 266 2043 sium
289 2014 423 2042 Elosanum
447 2014 592 2050 episcopum
615 2013 715 2041 Christo
737 2013 906 2048 acquisivisse.
932 2012 983 2040 Le-

197 2065 297 2096 guntur
318 2061 407 2088 isthzec
432 2060 460 2087 in
480 2059 612 2088 hreviario
634 2058 783 2087 Senonensi
807 2066 824 2085 x
842 2058 895 2085 cal.
909 2057 980 2091 Maii,

1033 1467 1098 1495 cilio
1110 1466 1295 1495 Aurelianensi
1317 1476 1353 1501 IV‘,
1369 1469 1483 1497 triennio
1499 1474 1558 1504 post
1578 1478 1606 1497 ιιι
1630 1472 1729 1505 habito,
1747 1477 1775 1499 ut
1788 1480 1820 1501 ex

1033 1512 1092 1547 ejus
1107 1520 1210 1541 canone
1221 1513 1256 1540 27
1269 1517 1385 1547 constat,
1409 1514 1453 1542 ubi
1474 1515 1531 1542 hxc
1554 1516 1676 1550 leguntur
1692 1526 1699 1543 :
1721 1517 1751 1545 Si
1764 1519 1821 1552 quis

1034 1562 1091 1592 post
1109 1559 1202 1593 synodi
1215 1559 1405 1586 Aurelianensis
1433 1568 1503 1587 ure
1525 1568 1573 1588 uoc
1597 1569 1741 1590 TKIENNIGN
1761 1571 1822 1589 con—

1033 1603 1134 1637 stituta,
1149 1608 1202 1631 etc.
1226 1603 1392 1632 Cclcbratum
1408 1604 1455 1632 fuit
1471 1606 1551 1640 igitur
1563 1607 1705 1634 concilium
1728 1607 1823 1641 hujus-

1035 1648 1106 1675 modi
1128 1655 1200 1675 anno
1215 1648 1379 1677 Cbildeberti
1395 1651 1464 1685 regis
1478 1651 1527 1684 30,
1542 1650 1639 1686 Ciiristi
1653 1657 1739 1679 autent
1754 1652 1819 1680 541.

1033 1693 1204 1729 Persequitur
1224 1693 1281 1722 haec
1299 1695 1381 1722 fusius
1396 1695 1517 1723 Cointius
1535 1695 1588 1732 (ᾳ),
1602 1697 1647 1731 qui
1663 1701 1691 1724 et
1711 1704 1819 1725 causam

1033 1739 1123 1775 prodit
1137 1739 1184 1775 (r),
1197 1746 1245 1767 cur
1259 1740 1293 1766 ab
1306 1740 1401 1768 eodem
1416 1741 1530 1769 concilio
1550 1747 1640 1770 noster
1654 1744 1750 1777 praesul
1773 1743 1823 1771 Se-

1033 1786 1160 1813 nonensis
1174 1782 1308 1814 abfuerit:
1325 1786 1463 1814 dissidium
1488 1795 1584 1822 nempe
1605 1788 1675 1816 inter
1696 1789 1781 1823 ipsum
1796 1792 1824 1817 et

1032 1831 1233 1860 Childebertum
1246 1839 1334 1867 regem
1348 1832 1528 1866 intercedens,
1543 1834 1613 1868 quod
1626 1833 1750 1861 Ecclesia:
1765 1841 1822 1862 sure

1030 1877 1090 1911 jura
1102 1881 1211 1904 strenue
1218 1877 1384 1905 defenderet.
1397 1878 1462 1906 [lem
1473 1886 1537 1907 vero
1548 1879 1633 1914 palam
1644 1879 1729 1914 aperit
1738 1880 1822 1914 ipsius

1032 1922 1146 1957 epistola
1164 1922 1196 1949 ad
1212 1922 1337 1950 eumdem
1352 1930 1442 1957 regem
1463 1931 1542 1957 quam
1565 1924 1707 1951 edidimus.
1734 1924 1772 1951 Ex
1787 1931 1820 1951 ea

1034 1969 1156 1995 nimirum
1169 1967 1343 2002 intelligimus
1359 1968 1451 1995 urbem
1466 1968 1650 1996 Senonensem
1666 1969 1822 2003 metropoli-

1033 2018 1122 2041 tanam
1146 2013 1196 2040 sub
1213 2012 1315 2040 ditione
1334 2012 1516 2040 Theodoberti
1536 2013 1608 2048 regis
1625 2013 1723 2051 fuisse;
1739 2013 1823 2041 Melo-

1032 2060 1132 2086 dunum
1154 2064 1218 2085 vero
1238 2057 1325 2084 cidem
1345 2057 1403 2085 sedi
1427 2059 1640 2092 metropolitantc
1660 2059 1822 2093 subjectum,

197 2107 268 2134 unde
282 2106 326 2133 illa
340 2105 482 2140 exscripsit
496 2105 617 2132 laudatus
632 2103 751 2131 Cointius
766 2102 817 2138 (h).
845 2102 977 2130 Caeterum

1033 2115 1085 2135 non
1108 2105 1158 2141 ipsi
1168 2104 1365 2138 Theodoberto,
1389 2104 1435 2132 sed
1458 2104 1516 2139 ejus
1535 2109 1629 2140 patruo
1649 2105 1822 2133 Cllildebel‘lo

195 2159 245 2187 per
265 2151 394 2178 Orbatum
415 2150 599 2185 presbyterum
623 2148 736 2176 concilio
755 2147 940 2176 Aurelianensi
962 2155 980 2176 ιι

196 2197 326 2229 interfuit,
340 2196 412 2232 quod
426 2204 492 2223 anno
506 2195 541 2222 22
565 2195 652 2221 domui
674 2193 826 2221 Childeberti
839 2193 914 2229 regis,
931 2193 982 2221 hoc

195 2248 238 2270 est
261 2250 332 2270 anno
350 2241 449 2269 Christi
471 2241 523 2268 555
551 2240 713 2268 celebratum
738 2239 820 2267 fuisse
842 2239 983 2267 confirmat

195 2278 324 2315 Honorati
339 2286 457 2321 episcopi
474 2286 644 2313 Bituricensis
655 2284 849 2319 metropolitani
865 2285 984 2313 subscri-

196 2334 253 2368 ptio
269 2342 275 2359 :
290 2337 319 2360 ut
342 2337 403 2367 post
416 2332 549 2359 Valesium
563 2332 594 2366 (i)
609 2331 706 2358 docent
722 2330 841 2358 Cointius
866 2331 917 2366 (j),
934 2331 984 2358 Pa-

195 2378 257 2413 gius
278 2377 316 2414 (k)
331 2382 358 2405 ct
371 2378 492 2405 llistorite
512 2377 648 2405 litterario:
670 2376 780 2404 Galliae
802 2380 926 2403 auctores
939 2376 981 2411 (Ι).

196 2423 254 2456 Qua
269 2423 303 2451 de
318 2430 346 2451 re
360 2422 456 2457 duplex
473 2422 597 2450 mendum
617 2422 687 2457 apud
704 2421 917 2456 Papebrochium
932 2421 981 2456 (nt)

235 2488 272 2523 (ιι)
290 2488 372 2516 Sirm.
384 2488 487 2515 Concil.
501 2487 570 2515 Gali.
587 2492 651 2515 tom.
667 2489 686 2522 Ι,
701 2495 762 2522 pag.
775 2487 837 2514 204.

235 2524 272 2558 (ιι)
291 2524 378 2550 Coint.
394 2524 490 2550 Annal.
503 2523 568 2558 ccci.
585 2522 725 2558 Francor.,
741 2523 775 2550 ad
788 2530 852 2550 ann.
864 2522 984 2558 bi2,§2.

248 2557 271 2619 ξ)
292 2559 359 2601 Bibl.
374 2559 426 2585 PP.
442 2564 507 2585 tom.
525 2557 559 2590 Χ,
574 2564 632 2619 pag.
647 2557 710 2586 805.

270 2596 277 2619 i
296 2595 398 2619 Lotnt..
413 2594 432 2619 I.
446 2600 482 2619 c..
497 2600 555 2619 patr.
572 2592 607 2619 29
627 2611 636 2619 .

269 2596 277 2627 )
296 2593 398 2625 Coint.,
413 2594 432 2621 I.
446 2600 482 2625 c.,
497 2600 555 2627 pag.
572 2592 636 2619 295.

247 2626 372 2662 e)_iiadr.
397 2628 483 2655 Vales.
500 2626 575 2655 'Rer.
603 2626 724 2656 Francic.
745 2627 793 2655 lib.
813 2635 849 2662 vt,
872 2632 938 2655 tom.
964 2628 984 2662 Ι,

199 2671 275 2698 pagg.
287 2664 339 2690 515
353 2670 411 2698 seq.
518 2696 524 2698 Α
616 2671 620 2674 '

234 2696 272 2734 (i)
292 2696 426 2734 Coint.,l.
441 2705 479 2730 c.,
493 2696 526 2734 ad
537 2704 600 2724 ann.
617 2696 680 2734 511,
696 2696 710 2732 §
726 2697 769 2724 52.

234 2732 273 2767 (gi
287 2733 406 2793 2laniem,
423 2733 481 2759 Act.
504 2733 553 2760 ss.
579 2732 678 2766 Apri|..
702 2737 766 2760 tum.
791 2732 834 2766 Ill,
855 2739 913 2768 pag.
937 2733 982 2767 δι,

234 2777 276 2793 ηιΙΙ.
308 2785 316 2792 α
813 2789 821 2793 -

199 2776 276 2795 num.
288 2776 316 2793 Ζ.
813 2789 821 2797 ,

236 2803 276 2837 (Ii)
295 2801 395 2835 Coint.,
407 2802 426 2828 l.
442 2809 478 2836 c.,
491 2801 524 2829 ad
535 2809 597 2829 ann.
610 2801 673 2836 558,
684 2801 697 2835 §
709 2801 752 2830 71.

307 2860 442 2890 ΡΑτιοι..
465 2858 609 2889 LXVIII.

1034 2152 1165 2188 paruisse.
1190 2150 1255 2178 Cum
1276 2150 1365 2185 itaque
1377 2149 1566 2178 Childebertus
1581 2151 1713 2178 lileloduni
1728 2151 1820 2179 sedem

1034 2196 1210 2232 episcopalem
1225 2199 1342 2223 statuere
1354 2194 1539 2229 contenderet,
1554 2195 1656 2222 obstitit
1670 2195 1725 2224 Leo
1737 2197 1824 2224 Seno-

1035 2241 1127 2269 nensis
1153 2240 1388 2274 metropolitanus,
1418 2240 1452 2266 ad
1479 2240 1555 2274 cujus
1582 2241 1655 2268 urbis
1684 2241 1823 2269 dioecesim

1034 2287 1179 2314 etiamnum
1196 2286 1312 2320 pertinet
1323 2289 1440 2312 castrum
1455 2285 1527 2313 illud.
1560 2286 1736 2324 Quamobrem
1750 2286 1824 2314 Chil<

1034 2332 1162 2359 dehertus
1188 2337 1235 2358 rex
1257 2329 1374 2357 Leonem
1399 2330 1559 2357 acerrimum
1591 2331 1688 2365 jurium
1712 2338 1821 2360 suorum

1034 2381 1257 2411 propugnatorem
1277 2379 1414 2409 expertus,
1431 2382 1481 2402 nec
1495 2375 1581 2410 ipsum
1597 2375 1757 2408 antistitem.
1773 2384 1823 2404 nec

1033 2421 1092 2456 ejus
1115 2421 1223 2449 nomine
1238 2420 1403 2448 visitatorem
1427 2421 1516 2448 venire
1528 2420 1696 2449 Melodunum
1711 2421 1822 2456 permit‘

1077 2488 1116 2523 (i)
1136 2488 1215 2516 Hadr.
1231 2489 1333 2521 Vales,
1347 2489 1365 2517 l.
1380 2496 1417 2522 c.,
1433 2496 1491 2523 pag.
1507 2488 1569 2516 379.

1073 2523 1116 2585 (i)
1135 2524 1234 2565 Coint.,
1249 2524 1268 2551 i.
1282 2532 1320 2563 c.,
1335 2525 1367 2551 ad
1382 2526 1445 2551 an'n.
1461 2525 1523 2559 535,
1538 2524 1551 2561 §
1568 2525 1612 2553 55.

1073 2560 1083 2594 (
1102 2559 1111 2593 )
1132 2558 1218 2594 Pag|.,
1234 2559 1344 2594 adrann.
1359 2559 1422 2594 53(5)
1442 2558 1456 2594 §
1474 2559 1515 2586 17.

1090 2559 1111 2593 ις)
1132 2559 1218 2594 Pagi.,
1234 2559 1266 2586 ad
1280 2561 1344 2585 ann.
1359 2559 1422 2590 536,
1442 2559 1456 2594 §
1474 2559 1515 2586 ι7.
1541 2559 1547 2561 ⁷

1090 2595 1117 2632 [λ
1134 2593 1298 2632 l_list._litté_r.
1312 2593 1345 2620 de
1360 2593 1383 2620 la
1394 2593 1509 2629 France,
1524 2599 1589 2622 tom.
1603 2594 1647 2627 lii,
1666 2602 1725 2632 pag.
1740 2595 1805 2625 ΞΜ.

1086 2627 1120 2663 ni)
1133 2627 1259 2662 Papebr.,
1270 2628 1290 2655 l.
1304 2636 1328 2655 c.
1501 2627 1506 2629 ⁷

1085 2663 1113 2705 η)
1132 2662 1215 2705 Ηθριί.
1232 2663 1333 2705 Ὶζδιεεη
1349 2662 1366 2705 Ιἒ
1383 2671 1419 2696 c.,
1437 2664 1573 2705 mgnas:

1086 2698 1112 2731 ο)
1130 2697 1231 2732 Coint.,
1248 2697 1267 2724 l.
1282 2705 1319 2730 c.,
1333 2699 1366 2725 ad
1380 2697 1443 2726 ann.
1459 2699 1522 2731 538.
1538 2699 1568 2735 ἐξ
1583 2700 1626 2731 60,
1641 2699 1688 2734 61,
1699 2700 1745 2728 68.

1086 2732 1114 2769 ρ)
1135 2733 1218 2769 Pagi.,
1232 2733 1264 2769 ad
1278 2740 1341 2760 ann.
1359 2734 1421 2767 5w,
1438 2734 1492 2769 §76.
1540 2768 1544 2769 ν
1570 2768 1575 2769 γ

1073 2736 1103 2766 (p
1135 2736 1218 2766 Pagi.,
1232 2736 1264 2759 ad
1278 2740 1341 2760 ann.
1359 2736 1421 2767 5w,
1438 2736 1451 2769 §
1465 2736 1492 2761 6.

1073 2736 1114 2805 (ᾳῖ
1130 2767 1230 2805 goint_.,_
1244 2768 1263 2805 l.
1279 2768 1363 2805 clad
1378 2776 1440 2796 ann.
1457 2768 1518 2804 5H,
1535 2768 1549 2803 §
1564 2768 1582 2795 2
1594 2776 1670 2805 seqq.

1089 2802 1111 2838 r)
1133 2802 1182 2838 ια..
1197 2803 1273 2838 ibid.,
1289 2804 1302 2848 ᾗ
1318 2803 1360 2830 τι.

1612 2860 1626 2889 1
