4100 6194
422 343 477 397 ΙΙ
1346 361 1368 385 ο
1444 335 1741 395 JUNlLlUS
1779 332 2153 392 EPISCOPUS
2195 335 2605 394 AFRICANUS.
3615 333 3680 387 ('2

420 451 578 514 iebat.
607 458 740 512 Hinc
768 473 962 515 .seon.s
988 445 1212 528 epistola
1237 471 1340 526 qua
1370 469 1546 525 regem
1576 453 1892 520 deprecatur
1919 465 1984 505 ne
2015 454 2058 511 Α
2090 450 2282 504 iterum
2334 460 2439 503 non
2484 447 2810 504 admittenda
2865 456 3121 516 temporis
3172 448 3375 501 notatio
3415 448 3684 518 Papenro-

412 547 701 614 Meloduni,
743 548 843 601 hoc
878 557 961 603 est
1001 549 1053 603 in
1095 544 1344 601 dioecesis
1383 558 1495 597 suze
1536 542 1787 610 parmcia,
1819 554 1987 595 novus

409 638 505 693 ﬁat
539 640 840 709 episcopus,
873 640 963 695 ubi
998 650 1265 708 nuttQuam
1293 644 1447 691 antea
1478 635 1668 689 fuerat.

481 729 571 784 ιν.
626 730 742 797 Quo
787 742 965 786 autem
1014 746 1154 785 anno
1200 730 1397 796 scripta
1448 726 1521 781 sit
1564 726 1808 795 epistola,
1849 722 1988 779 haud

410 820 568 890 plane
598 831 946 890 compertum.
1005 818 1447 889 Quandoquidem
1472 830 1601 871 vero
1634 816 1687 869 in
1713 832 1772 871 ea
1804 829 1987 870 senem

410 926 472 967 se
500 912 642 967 dicat
670 912 779 967 Leo
806 926 965 982 atque
997 912 1289 978 inﬁrmum,
1321 926 1426 965 non
1456 909 1542 963 diu
1572 918 1842 978 superstes
1872 914 1991 975 post

410 1017 609 1056 annum
653 1001 749 1056 541
789 1002 954 1057 fuisse
1003 1001 1231 1057 videtur.
1282 1000 1476 1056 Leonis
1522 1011 1667 1055 certe
1713 1011 1991 1055 successor

409 1094 741 1149 Constitutus
769 1108 834 1149 ex
860 1094 1138 1163 provincia
1159 1093 1505 1164 Lugdunensi
1537 1104 1725 1162 quarta
1754 1088 1991 1145 interfuit

409 1185 639 1241 concilio
669 1185 1037 1239 Aurelianensi
1077 1201 1136 1249 ν,
1177 1186 1340 1255 quod,
1381 1196 1438 1238 ut
1480 1193 1625 1254 patet
1649 1198 1714 1237 ex
1757 1182 1993 1238 subscri-

410 1275 594 1343 ptione
654 1274 958 1330 Sacerdotis
1011 1277 1246 1346 episcopi
1292 1276 1660 1346 Lugdunensis
1704 1273 1995 1344 provinciae

2094 541 2201 595 cltii
2233 540 2329 610 (ο),
2362 556 2559 596 annum
2595 541 2697 595 547
2749 539 3051 608 ltnjusmodi
3095 540 3335 594 'concilio
3380 541 3679 595 tribuentis.

2099 635 2369 691 necantur
2394 634 2561 690 simul
2588 632 2781 688 Leonis
2809 631 3137 687 Senonensis
3168 632 3426 687 memoria
3457 634 3510 685 in
3540 650 3681 686 mar-

2096 724 2358 796 tyrologio
2392 724 2631 777 Romano
2660 739 2691 776 x
2721 723 2822 777 cal.
2859 721 3047 776 Maias.
3110 720 3165 775 ln
3197 721 3463 778 breviario
3506 733 3681 777 autem

2100 816 2350 871 Ecclesia!
2378 813 2735 875 Senonensls,
2778 822 2836 867 ut
2877 812 3041 867 refert
3072 828 3217 883 saepe
3258 814 3495 869 laudatus
3524 817 3684 870 Coi..-

2098 905 2203 959 tius
2232 906 2336 977 (ά),
2368 906 2467 959 sub
2497 904 2682 958 eadem
2713 903 2800 958 die
2830 905 2907 958 sic
2939 904 3130 972 legitur
3161 920 3173 956 :
3204 902 3500 974 Episcopuli
3525 908 3683 974 ofﬁcia

2098 999 2248 1069 digne
2280 1000 2515 1070 functus,
2551 1007 2597 1051 et
2628 997 2840 1067 prtcmr'd
2873 1006 3064 1049 azioma
3103 1007 3419 1061 consecutus,
3456 996 3684 1065 sepultus

2097 1101 2167 1145 est
2188 1091 2244 1145 ὓι
2265 1093 2473 1145 ecclesia
2495 1100 2787 1146 sanctorum
2805 1088 3035 1143 Cervarii
3054 1099 3100 1142 et
3122 1072 3359 1142 Protasii
3375 1094 3426 1142 in
3447 1089 3631 1143 suburb
3648 1094 3687 1143 ⁷ο

2097 1180 2417 1245 Senonensi;
2472 1180 2540 1233 ad
2587 1181 2732 1249 cujus
2777 1179 3145 1233 invocationem
3198 1180 3387 1231 multas
3431 1175 3686 1249 (agrorum

2098 1275 2381 1327 motiones
2406 1286 2453 1326 et
2475 1273 2725 1325 miracula
2749 1269 2889 1326 Deus
2915 1279 3151 1340 aperatus
3185 1279 3282 1325 est.
3312 1270 3458 1325 Unde
3495 1270 3672 1339 facian

412 1366 638 1433 primae,
686 1366 1009 1421 celebratum
1054 1366 1151 1420 fuit
1202 1380 1234 1419 v
1263 1367 1365 1421 cal.
1406 1364 1705 1419 Novembris
1750 1380 1882 1418 anno
1924 1362 1992 1417 58
2094 1374 2149 1417 ut
2200 1379 2261 1418 ea
2305 1363 2514 1417 ecclesia
2548 1363 2603 1416 in
2630 1361 2951 1431 parmcialem
2991 1360 3204 1413 titulum
3240 1360 3486 1425 evadens,
3524 1360 3685 1430 ipsius

412 1456 557 1527 regni
596 1457 772 1511 damni
820 1457 1130 1512 Childcberti
1174 1458 1339 1528 regis,
1383 1458 1436 1512 id
1478 1467 1561 1512 est
1601 1471 1743 1512 anno
1788 1455 1991 1511 Christi

413 1546 518 1603 549
543 1548 641 1618 (α).
691 1549 872 1618 Neque
910 1550 1064 1605 aliter
1090 1550 1395 1605 Hadrianus
1426 1549 1672 1605 Valesius
1722 1548 1818 1620 (ὁ).
1867 1548 2000 1603 liinc

482 1662 561 1733 (ᾳ)
599 1660 800 1725 Coint.,
826 1663 865 1733 Vl.
896 1677 972 1729 c.,
1000 1661 1065 1717 ad
1095 1679 1219 1718 anu.
1247 1663 1373 1728 549,
1405 1662 1467 1732 ἐξ
1492 1662 1585 1733 ει,
1614 1663 1704 1720 47.

484 1730 561 1801 (b)
602 1733 762 1786 Hadr.
792 1732 990 1799 Vales.,
1025 1734 1065 1789 l.
1093 1746 1166 1799 c.,
1197 1748 1317 1802 pag.
1349 1730 1474 1788 478'.

2096 1455 2262 1509 sancti
2291 1451 2478 1509 Leonis
2506 1455 2707 1509 nomine
2737 1452 2893 1523 fuerit
2922 1452 3161 1520 deinceps
3189 1451 3470 1521 appellata.

2174 1661 2246 1784 (ξ)
2286 1661 2539 1742 Papebr.,
2568 1659 2607 1714 1.
2639 1674 2715 1725 c.,
2747 1673 2895 1717 num.
2924 1659 2979 1714 4.

2174 1734 2193 1784 t
2240 1731 2259 1784 δ
2296 1734 2495 1784 ϐοιηι..
2529 1734 2567 1784 ι.
2591 1745 2667 1784 c..
2698 1729 2762 1784 ad
2786 1745 2912 1784 ann.
2941 1729 2979 1783 5η

2174 1728 2259 1801 (d)
2296 1728 2495 1798 Coint.,
2529 1734 2567 1785 ι.
2591 1745 2667 1797 c.,
2698 1729 2762 1784 ad
2786 1745 2912 1785 ann.
2941 1728 3064 1797 541,
3095 1728 3236 1799 ξπ.

1604 1890 1729 2014 S.
1834 1875 2498 2111 113358113118

1364 2167 1450 2212 sn
1492 2140 1994 2215 cirrauansn'wu
2038 2167 2427 2212 anancoaum
2472 2168 2689 2212 suarm
3314 2186 3319 2189 -

485 2247 693 2306 Domno
736 2247 925 2306 illustri
966 2260 1019 2306 et
1054 2250 1109 2308 in
1138 2249 1354 2307 Christo
1383 2251 1497 2308 tilio
1519 2251 1864 2309 Childeberto
1894 2252 2004 2323 regi
2035 2256 2083 2317 Β
2108 2266 2300 2307 novam
2342 2262 2398 2308 et
2435 2251 2673 2308 illicitam
2718 2251 3109 2307 ordinatitmem
3149 2250 3346 2306 divelli.
3389 2250 3688 2325 Custodite,

418 2341 526 2402 Leo
554 2344 858 2413 episcopus.

487 2432 720 2490 Litteras
760 2432 1090 2490 celsitudinis
1131 2441 1326 2491 vestra:
1373 2434 1577 2492 honore
1626 2449 1733 2507 quo
1781 2436 2000 2505 dignum

419 2532 520 2591 est,
551 2539 635 2580 me
667 2522 845 2578 indico
879 2523 1214 2593 suscepisse;
1243 2525 1331 2580 ubi
1358 2541 1578 2595 sperare
1603 2527 1921 2596 dignemini,
1943 2537 2001 2583 ut

420 2614 487 2670 ad
524 2613 878 2668 ordinandum
905 2614 1368 2670 Meeledonensem
1398 2616 1712 2686 episcopum
1737 2627 1829 2672 aut
1860 2618 2003 2687 pra};

418 2704 587 2758 tentia
613 2712 792 2757 nostra
814 2704 1002 2759 adesse
1017 2703 1227 2769 debeat,
1252 2713 1344 2758 aut
1364 2719 1677 2761 consensus.
1697 2708 1863 2773 Quam
1889 2724 2002 2762 rem

420 2791 572 2847 valde
615 2792 908 2846 admiratus
947 2807 1046 2848 nos
1085 2793 1251 2862 gloria
1293 2803 1468 2850 vestra
1515 2806 1832 2865 cognoscat,
1862 2797 2002 2868 quod

422 2886 650 2954 primum
680 2886 798 2940 sine
821 2882 974 2953 jussu
1003 2883 1375 2954 gloriosissimi
1411 2886 1593 2942 domui
1623 2888 1877 2958 principis
1905 2904 2002 2943 no-

422 2972 548 3039 stri,
578 2972 673 3028 ﬁlii
699 2971 861 3027 vestri
886 2971 1248 3035 Theudoberti
1278 2973 1438 3042 regis,
1468 2975 1619 3045 cujus
1646 2990 1829 3032 sumus
1857 2980 2003 3048 regni

424 3062 759 3120 ordinatione
796 3061 1043 3130 subjecti,
1086 3061 1361 3132 injungitis
1389 3068 1447 3119 ut
1486 3079 1551 3121 ea
1591 3081 1710 3135 qua:
1756 3077 2005 3124 anteacta

425 3161 666 3224 tempore
699 3152 833 3206 facta
875 3166 984 3208 non
1019 3162 1165 3220 sunt,
1205 3169 1347 3211 nunc
1375 3156 1658 3224 praesentia
1699 3168 1877 3212 nostra
1916 3168 2011 3215 aut

424 3257 691 3301 consensu
716 3234 950 3299 debeant
991 3243 1255 3299 inchoari.
1306 3245 1580 3314 Praecipue
1611 3260 1879 3316 nunquam
1911 3264 2009 3305 nec

426 3333 708 3403 suspicari,
732 3348 832 3390 nec
850 3333 1073 3391 credere
1092 3335 1383 3405 potuimus,
1405 3337 1546 3406 quod
1567 3338 1703 3393 hanc
1723 3348 1814 3394 aut
1835 3340 2008 3396 ordini

426 3434 636 3493 nostro,
652 3435 745 3482 aut
763 3427 924 3481 etiam
950 3428 1280 3496 temporibus
1304 3430 1496 3485 vestris
1526 3430 1733 3487 velletis
1758 3431 2008 3501 injuriam

426 3517 708 3585 generari,
737 3526 795 3571 ut
820 3512 1095 3573 ditecesim
1117 3527 1355 3573 nostram
1380 3534 1412 3573 a
1440 3520 1553 3576 Deo
1580 3521 1732 3576 nobis
1755 3523 2011 3578 commis-

2101 2355 2306 2412 quazso,
2339 2349 2535 2396 statuta
2578 2341 2814 2408 Patrum,
2843 2349 2899 2398 et
2930 2350 3193 2395 canonum
3235 2340 3519 2394 severitate
3558 2356 3696 2395 con-

2103 2432 2297 2501 stricti,
2343 2447 2449 2487 non
2495 2432 2792 2502 patiamini,
2835 2432 2973 2487 sicut
2997 2430 3249 2497 scribitis,
3284 2430 3349 2485 ad
3382 2432 3693 2501 petitionem

2104 2523 2224 2592 ejus
2280 2523 2454 2592 plebis
2509 2524 2793 2592 superstite
2849 2526 3065 2593 proprio
3128 2526 3410 2578 sacerdote
3465 2523 3687 2581 alterum

2106 2613 2420 2682 episcopum
2451 2612 2706 2667 ordinari.
2753 2612 2883 2678 Quia
2920 2613 2965 2667 si
2998 2612 3096 2667 hoc
3133 2621 3342 2681 petunt,
3372 2613 3512 2683 quod
3544 2614 3688 2667 nefas

2107 2715 2190 2759 est
2237 2703 2405 2768 credi,
2451 2702 2755 2758 desertores
2802 2704 2976 2772 potius
3016 2701 3291 2772 iudicandi
3351 2712 3474 2757 sunt
3531 2719 3688 2772 quam

2109 2794 2310 2850 fideles.
2361 2795 2425 2849 Et
2482 2809 2588 2849 non
2629 2809 2813 2849 eorum
2856 2808 3043 2863 preces
3078 2780 3231 2849 facile
3271 2795 3442 2849 audiri
3495 2794 3688 2848 debent

2108 2899 2137 2938 a
2169 2885 2425 2954 principe,
2472 2899 2701 2955 quorum
2752 2885 3097 2953 petitionibus
3149 2884 3323 2955 potius
3367 2899 3688 2954 generentur

2108 2976 2383 3040 scandala,
2412 2982 2573 3045 'quam
2609 2991 2711 3045 pax
2741 2976 2851 3031 Deo
2875 2984 3049 3030 amata
3079 2986 3339 3031 servetur.
3393 2977 3524 3043 Quia
3555 2978 3689 3032 sicut

2109 3069 2252 3124 beati
2283 3077 2406 3125 sunt
2432 3067 2595 3137 pedes
2625 3082 2809 3136 pacem
2839 3077 3131 3137 portantes,
3164 3066 3239 3122 ita
3266 3081 3351 3122 ναξ
3379 3070 3465 3122 bis
3492 3068 3688 3122 dictum

2061 3224 2065 3229 τ
2109 3167 2195 3216 est
2221 3173 2314 3228 per
2340 3173 2474 3227 quos
2498 3159 2643 3213 venit
2670 3158 2999 3213 scandalum.
3029 3159 3129 3226 Qui
3159 3159 3205 3213 si
3236 3159 3473 3213 iortasse'
3492 3150 3687 3215 ob‘lioc

2109 3251 2337 3305 alterum
2378 3250 2690 3319 episcopum
2721 3250 2821 3304 sibi
2853 3250 2970 3305 fieri
3010 3257 3221 3319 rogant,
3250 3251 3373 3319 quia
3402 3265 3499 3306 nos
3526 3252 3687 3305 inter~

2107 3341 2273 3396 clusis
2311 3340 2592 3395 itineribus
2619 3340 2686 3395 ad
2716 3355 2810 3395 eos
2837 3354 2937 3395 nec
2963 3341 3294 3396 visitatorem
3324 3342 3538 3397 mittere
3563 3356 3688 3409 pws-

2110 3446 2295 3487 sumus
2327 3444 2427 3487 nec
2455 3432 2671 3497 venire,
2704 3431 2801 3486 ista
2832 3432 2986 3498 culpa
3016 3445 3119 3487 nos
3140 3446 3253 3487 non
3278 3432 3535 3501 respicit:
3570 3433 3690 3500 quia

2109 3523 2155 3579 si
2185 3522 2285 3578 iter
2311 3538 2341 3577 a
2384 3530 2559 3578 vestra
2591 3531 2758 3590 parte,
2791 3522 2931 3576 sicut
2967 3523 3168 3591 optime
3198 3523 3388 3588 nostis,
3434 3521 3690 3576 interclu-

427 3622 567 3675 sam,
588 3618 643 3664 et
658 3622 823 3678 usque
844 3623 982 3663 nunc
1004 3609 1294 3678 pontiﬁcali
1316 3610 1505 3667 ordine
1524 3612 1636 3670 Deo
1657 3616 1887 3684 propitio
1912 3629 2007 3670 cu-
2038 3621 2081 3683 Ο
2112 3628 2231 3669 sum
2268 3622 2415 3668 tanta
2452 3622 2692 3681 tempore
2735 3627 2843 3667 non
2874 3612 3081 3678 fuisset,
3112 3614 3357 3681 quamvis
3399 3627 3558 3667 senes
3600 3618 3691 3665 aut

427 3698 703 3765 stoditam,
728 3707 977 3768 tanquam
1008 3698 1337 3769 negligentes
1357 3716 1420 3757 ac
1441 3703 1680 3772 desides,
1702 3704 1768 3759 ad
1791 3705 2011 3761 alterius

427 3788 804 3859 permittamus
833 3798 1153 3857 potestatem
1196 3792 1444 3854 transire,
1478 3802 1570 3849 aut
1598 3793 2010 3851 sollicitudinem

426 3875 781 3933 irrationabili
834 3876 1218 3933 deliberatione
1247 3880 1545 3935 transferri.
1595 3880 1748 3939 Unde
1775 3883 2013 3939 salutan-

430 3971 513 4025 tes
547 3968 707 4039 digno
749 3982 813 4023 ac
846 3968 1027 4023 debito
1063 3970 1121 4023 in
1147 3969 1257 4025 Deo
1297 3970 1578 4029 cbaritatis
1608 3972 1826 4043 aﬂectu,
1858 3990 2010 4045 roga-

426 4071 551 4119 mus
575 4072 638 4111 ac
659 4066 1043 4126 contestamur,
1074 4074 1142 4115 nc
1170 4060 1310 4116 ullus
1340 4063 1650 4131 pontiﬁcum
1680 4074 1865 4120 contra
1895 4075 2009 4121 sta-

430 4156 545 4203 tuta
569 4147 784 4203 Patrum
810 4148 1003 4204 audeat
1031 4149 1225 4214 facere,
1255 4151 1394 4207 unde
1422 4152 1859 4225 possit'synodali
1890 4169 2016 4210 esa-

431 4238 723 4294 minatione
747 4239 1022 4295 convictus
1044 4239 1111 4296 de
1140 4240 1323 4295 illicita
1347 4246 1759 4311 pratsumptione
1785 4245 2013 4313 culpari.

432 4327 532 4382 llla
562 4336 737 4381 tamen
765 4329 955 4383 vestris
986 4328 1183 4383 debent
1222 4330 1361 4395 fieri,
1397 4332 1506 4385 Deo
1532 4331 1843 4400 inspirante,
1874 4344 2012 4389 tem-

433 4418 674 4489 poribus,
701 4418 841 4473 untle
870 4427 924 4474 et
954 4434 1055 4487 pax
1087 4421 1225 4476 inter
1254 4422 1562 4477 sacerdotes
1590 4438 1709 4481 esse
1739 4430 1928 4497 possit,
1961 4437 2014 4484 ct

434 4509 585 4579 plebs
608 4522 714 4565 non
743 4510 1076 4577 permittatur
1104 4526 1133 4565 a
1160 4513 1390 4581 pastoris
1419 4516 1617 4584 proprii
1648 4518 1885 4574 custodia
1916 4534 2013 4591 per

507 4650 528 4672 -
554 4622 639 4724 ei:
667 4645 1194 4724 CointiiAnnnalibus
1240 4650 1616 4709 ecclesiasticis
1642 4654 1995 4724 Francorum,

436 4726 567 4772 tom.
614 4716 657 4782 l,
702 4731 822 4786 pag.
866 4717 991 4783 604,
1039 4733 1139 4773 nec
1185 4734 1290 4775 non
1339 4736 1403 4777 ex
1454 4726 1744 4793 appendice
1795 4716 2014 4797 operum

2114 3706 2338 3773 inﬁrmi,
2371 3705 2621 3776 populum
2654 3704 2805 3760 nobis
2830 3703 3191 3760 ecclesiastica
3230 3702 3509 3770 disciplina
3538 3715 3692 3755 com-

2116 3800 2338 3855 missum
2367 3799 2639 3868 requirere
2665 3809 3027 3866 potueramus,
3052 3805 3141 3851 aut
3168 3807 3315 3852 certe
3334 3795 3688 3859 visitatorem,

2113 3892 2253 3946 sicut
2273 3902 2506 3944 canones
2534 3896 2791 3953 statuunt,
2822 3889 3114 3943 destinare.
3154 3886 3289 3942 Nam
3317 3886 3483 3957 gloria
3512 3894 3690 3940 vestra

2115 3981 2317 4049 optime
2339 3979 2499 4033 debet
2537 3988 2590 4033 et
2614 3977 2835 4032 credere
2863 3986 2917 4031 et
2952 3979 3112 4045 scire,
3146 3978 3265 4048 quia
3295 3977 3338 4031 si
3368 3984 3551 4031 contra
3580 3983 3691 4030 sta-

2117 4079 2228 4124 tuta
2264 4084 2528 4124 canonum
2556 4070 2857 4139 quicunque
2886 4070 3258 4139 episcoporum
3286 4069 3403 4123 sine
3427 4080 3692 4123 consensu

2119 4169 2304 4216 nostro
2327 4160 2636 4216 Mecledone
2660 4161 2966 4231 episcopum
2992 4162 3217 4216 voluerit
3240 4162 3508 4226 ordinare,
3532 4175 3696 4225 usque

2121 4252 2187 4307 ad
2222 4267 2372 4320 papa:
2397 4253 2636 4307 netitiam
2670 4255 2750 4309 vel
2781 4254 3087 4325 synodalem
3119 4252 3466 4320 audientiam,
3502 4259 3610 4303 tam
3642 4251 3694 4302 bi

2121 4342 2217 4409 qui
2244 4342 2608 4398 ordinaverint
2638 4360 2797 4414 quant
2824 4346 2913 4414 qui
2938 4346 3211 4399 ordinatus
3240 4342 3421 4408 fuerit,
3452 4359 3479 4397 a
3510 4351 3693 4398 nostra

2123 4443 2281 4490 erunt
2306 4437 2682 4492 communione
2708 4437 2977 4506 disiuncti.

2491 4529 2594 4584 Lee
2625 4529 2811 4585 Christi
2835 4547 3006 4585 servus
3046 4528 3342 4599 subscripsi.

2111 4661 2169 4719 S.
2232 4663 2475 4733 Gregorii
2540 4663 2781 4733 episc0pi
2822 4662 3179 4729 Turonensis,
3233 4661 3362 4717 edit.
3433 4661 3697 4726 Ruinart.,

2125 4747 2248 4805 pag.
2282 4736 2432 4789 l328.

2014 4816 3699 4857 Μ

1786 4892 1950 4936 ANNO
1993 4894 2220 4940 DOMINI
2264 4897 2367 4940 DL.

1159 5341 1990 5476 EPISGOPUS
2061 5348 2994 5483 AFRICANUS.

1677 5582 1949 5641 ΝΟΪΙΤΙΑ
1989 5588 2076 5657 (ex
2106 5589 2465 5659 Gallandio).-

520 5666 562 5724 l.
620 5666 883 5737 Junilius,
944 5670 1161 5725 incertae
1215 5670 1359 5725 urbis
1407 5670 1461 5725 in
1511 5671 1689 5728 Africa
1746 5677 2028 5748 episcopus

430 5760 587 5837 _spud
626 5760 950 5825 καθεδεῖσθε
990 5760 1144 5832 vulgo
1189 5771 1459 5832 censetur,
1502 5773 1830 5824 cumtamen
1862 5769 1929 5825 de
1956 5772 2020 5826 il-

2137 5685 2240 5739 lius
2277 5684 2560 5753 episcopali
2615 5685 2872 5757 dignitate
2916 5686 3081 5762 nulla,
3108 5688 3247 5756 quod
3296 5688 3506 5756 quidem
3536 5674 3723 5754 sciam,

2129 5782 2305 5827 exstet
2331 5771 2470 5842 apud
2501 5784 2707 5834 veteres
2732 5776 2935 5837 mentio
2971 5779 3132 5847 :quitt
3154 5819 3167 5846 ,
3200 5778 3246 5831 si
3274 5778 3573 5834 Fabricium
3606 5792 3702 5838 auo.

3539 5894 3812 6064 £77;-
