4030 6198
472 368 538 423 13
1850 350 2375 408 PllULECOMENA.
3678 340 3741 394 ιι

470 483 588 533 diss
610 477 710 545 (ui,
730 474 817 529 alii
841 473 1162 531 L‘ticensem,
1188 468 1276 522 alii
1306 464 1704 519 Adrumetinnm
1732 461 1891 515 luisse
1916 468 2051 530 pra.»
2085 474 2128 528 Α
2159 461 2292 513 adeo
2326 460 2596 527 ignorasse
2627 456 2738 507 tum
2769 454 2891 522 quid
2925 453 3021 508 bac
3053 453 3119 507 de
3143 466 3199 506 re
3229 453 3503 507 sanxerint
3536 451 3742 506 Africa-

471 571 943 624 sulemautnmant
972 580 986 613 ε
1017 560 1101 614 ubi
1126 573 1255 611 sane
1278 555 1504 609 Fabricii
1524 553 1849 623 diligentiam
1876 554 2055 619 requi-

473 675 559 725 ro,
577 659 666 728 qui
693 656 963 710 Labbettttt
994 667 1101 719 prie
1129 649 1299 702 oculis
1325 647 1548 707 habens,
1571 647 1711 712 quod
1735 643 1822 697 ille
1844 644 2059 709 εει-ἰνδῆ

470 752 540 802 de
576 745 839 801 i'iimasio
889 744 965 811 (li)
1010 742 1075 795 de
1106 755 1211 809 quo
1242 753 1364 792 tnox
1398 737 1558 789 verba
1599 734 1809 797 iaciam,
1849 735 1964 801 ipse
1993 734 2060 787 de

468 840 672 894 Juuilin
695 837 922 901 accepit.
949 834 1053 888 Cur
1075 848 1204 885 vero
1230 831 1404 882 adhuc
1428 829 1656 881 haeream
1682 841 1806 877 num
1831 824 2060 878 Junilius

468 945 709 997 unquam
738 926 894 979 fuerit
919 922 1163 984 antistes.
1197 922 1249 975 in
1278 934 1435 973 causa
1462 925 1545 971 est
1570 918 1793 984 ipsemet
1813 914 2057 968 Junilius.

470 1022 610 1075 Nam
644 1020 695 1072 in
741 1017 822 1070 sui
851 1017 1028 1084 operis
1061 1012 1371 1082 praefatione
1411 1006 1728 1063 Primasium
1759 1006 2058 1074 alloquens,

473 1110 647 1165 semel
692 1109 996 1172 iterumque
1034 1101 1366 1157 venerabilem
1399 1097 1605 1151 Patrem
1646 1096 1961 1166 compellat,
1992 1095 2064 1149 si-

474 1199 700 1266 mulque
729 1192 1171 1247 rwrferttlissimos
1201 1191 1464 1259 episcopos
1494 1188 1610 1255 ejus
1635 1196 2060 1240 commemorat:

473 1304 581 1357 qua
630 1286 843 1356 quidem
898 1281 1147 1351 loquendi
1198 1281 1402 1334 ratione
1430 1277 1685 1332 Junilium
1728 1276 1867 1331 haud
1912 1288 2064 1330 usum

478 1379 620 1432 forte
654 1376 821 1429 fuisse
857 1378 976 1442 quis
1014 1371 1247 1434 duxerit,
1286 1369 1332 1423 si
1370 1369 1555 1424 eadem
1587 1383 1649 1422 ac
1688 1367 1777 1421 ille
1808 1367 2067 1436 dignitate

476 1471 672 1526 fuisset
733 1480 974 1522 ornatus.
1043 1464 1304 1518 Praeterea
1366 1471 1550 1515 noster
1614 1458 2069 1529 auctorsynodis'

479 1560 753 1616 Africanis
797 1556 1044 1622 nuSpiam
1095 1550 1403 1606 interfuisse
1453 1550 1786 1620 perhibetur,
1832 1550 1957 1602 licet
2003 1562 2068 1603 ea

483 1658 807 1719 tempestate
844 1648 1025 1715 plures
1054 1652 1252 1696 coacta:
1281 1651 1592 1694 noscantur.
1622 1638 1817 1692 Verum
1853 1638 1955 1700 ibe,
1988 1637 2071 1691 in-

480 1744 655 1813 quies,
684 1756 793 1809 quo
823 1748 1065 1805 tempore
1089 1748 1241 1789 suum
1273 1732 1487 1800 Scripsit
1516 1731 1831 1799 opusculum
1863 1736 2071 1783 nuncu-

2159 572 2225 608 na
2254 553 2501 615 concilia,
2537 551 2879 617 liipponettse
2907 547 3152 601 nimirum
3170 564 3310 601 anno
3341 550 3444 603 3.93
3470 560 3736 610 eoactum.

2160 660 2280 699 can.
2304 644 2396 706 38,
2418 653 2472 695 et
2492 640 2935 707 Carthaginiense
2956 654 3035 706 ut,
3052 655 3193 692 anno
3215 640 3316 694 597
3339 638 3599 704 habitum,
3616 653 3739 692 can.

2159 734 2258 800 47;
2292 745 2402 788 tum
2431 749 2558 787 vero
2601 733 2863 801 imprimis
2908 730 3035 799 quid
3084 745 3153 785 ex
3197 731 3448 785 Ecclesiae
3478 732 3743 801 sententia

2159 826 2402 880 docuerit
2429 833 2647 879 sanctus
2673 824 3017 892 Augustinus,
3059 824 3148 891 qui
3176 824 3592 891 praecedentium
3615 838 3744 877 eon-

2161 919 2407 973 ciliorum
2436 926 2633 971 statuta
2664 925 2936 971 contracta
2963 914 3207 969 exhibuit
3237 915 3339 985 (j).
3388 915 3500 969 Nec
3543 915 3747 969 Junilio

2164 1012 2332 1078 parcit
2361 1008 2700 1062 Martialis-us
2746 1007 2796 1060 in
2852 1005 3064 1060 erudito
3091 1004 3341 1060 'l‘ractatu
3387 1003 3647 1059 iistorieo
3679 1010 3747 1058 de

2164 1101 2377 1154 (latione
2390 1099 2644 1153 librorum
2658 1113 2824 1152 sacra:
2839 1097 3357 1165 Seripturm,Gallice
3370 1096 3589 1150 Parisiis
3602 1101 3746 1152 evul-

2165 1200 2287 1261 gato
2304 1200 2443 1244 anno
2462 1188 2592 1245 l70l
2612 1189 2704 1259 (lt),
2723 1188 2884 1257 digno
2899 1189 3055 1257 plane
3066 1189 3159 1257 qui
3181 1197 3432 1242 accurate
3445 1189 3745 1242 evolvatnr.

2237 1280 2327 1335 ill.
2383 1280 2647 1333 Castorum
2689 1276 3022 1337 σπουδαστήν
3080 1266 3351 1346 Ᾱηειυιιὶ,
3404 1272 3742 1332 Leanardum

2168 1371 2458 1425 Tnelsium
2493 1380 2681 1425 nactus
2708 1379 2791 1423 est
2839 1368 3036 1437 pra-sul
3077 1368 3163 1421 hic
3194 1368 3494 1421 Africanus.
3527 1367 3577 1421 ls
3605 1372 3748 1421 enim

2170 1454 2443 1519 Vindicias
2469 1461 2744 1517 instruens
2770 1461 2965 1515 divinae
2992 1460 3324 1513 auetoritaiis
3355 1460 3751 1527 Apocalypseos

2170 1555 2431 1608 adversus
2483 1568 2809 1621 anoujmutn
2846 1560 3119 1604 auctorem
3153 1550 3555 1603 Dissertationis
3586 1549 3751 1602 histo-

2172 1646 2298 1699 rica:
2319 1654 2375 1721 et
2400 1643 2600 1697 critica:
2627 1642 2693 1697 de
2725 1641 3072 1710 Apocalypsi,
3095 1640 3183 1709 qui
3207 1655 3334 1694 suas
3363 1640 3414 1693 in
3443 1650 3619 1709 partes
3643 1651 3751 1693 tra-

2177 1746 2328 1793 serat
2353 1726 2607 1792 iunilium
2646 1753 2659 1789 :
2691 1754 2708 1785 ι
2746 1734 2897 1789 Scire
2935 1733 3249 1787 dissertator
3272 1733 3520 1799 debebat,
3551 1734 3744 1801 inquit,

482 1833 737 1901 pavitque
771 1829 1054 1890 Primasio,
1094 1840 1199 1879 non
1240 1823 1396 1878 fuerit
1432 1824 1747 1891 epise0pus;
1785 1822 1911 1890 quid
1943 1837 2069 1876 vero

2178 1827 2431 1883 Junilium
2479 1827 2531 1880 in
2560 1827 2698 1880 libro
2723 1839 2821 1880 suo
2849 1840 2953 1878 non
3002 1839 3147 1889 suas,
3173 1824 3265 1878 sed
3294 1823 3445 1877 Pauli
3471 1823 3751 1893 cujusdam

484 1921 735 1990 prohibet
764 1919 890 1988 qttin
921 1917 988 1970 ad
1025 1915 1164 1969 hanc
1200 1914 1509 1984 dignitatem
1544 1913 1885 1981 postmodum
1916 1910 2074 1966 fuerit

482 2010 743 2066 evectus?
789 2008 924 2074 Quid
972 2006 1019 2060 si
1064 2004 1271 2059 Patrem
1320 2003 1605 2072 appellavit
1651 2002 1964 2058 Primasluih
2006 2002 2075 2057 ob

481 2098 846 2153 venerandam
877 2095 1151 2161 canitiem,
1180 2094 1403 2163 ipsemet
1432 2102 1590 2147 tetate
1619 2094 1818 2161 pariter
1840 2108 1903 2147 ac
1930 2094 2076 2149 sedis

478 2190 844 2258 tlequisitione
866 2187 1082 2256 juttior?
1128 2186 1266 2254 Quid
1310 2200 1469 2254 porro
1511 2185 1556 2239 si
1598 2183 1865 2239 nonnullis
1893 2188 2075 2242 coici-

484 2279 578 2334 liis
604 2278 873 2332 Africanis
909 2276 1094 2331 Junilii
1138 2290 1331 2330 nomen
1377 2290 1481 2329 non
1531 2274 1799 2327 invenitur
1842 2274 2078 2329 subscri-

486 2379 663 2439 ιοωιιι,
712 2377 803 2423 aut
852 2368 1170 2438 mgritudiue
1213 2377 1303 2420 aut
1349 2367 1495 2434 gravi
1539 2367 1646 2420 alio
1696 2366 2077 2434 impedimento

489 2463 747 2517 detenti?
812 2462 906 2517 liis
989 2459 1203 2515 accedit.
1264 2460 1507 2513 codicum
1569 2473 1698 2514 mss.
1753 2458 2075 2524 auctoritas,

494 2554 552 2607 in
609 2554 801 2621 quibus
874 2568 969 2620 par
1033 2560 1117 2604 est
1175 2550 1396 2604 credere
1457 2549 1639 2603 .lunibi
1701 2550 1866 2604 nostri
1927 2553 2077 2618 operi

491 2644 731 2714 episcopi
762 2657 958 2697 nomen
990 2640 1155 2694 fuisse
1192 2641 1487 2709 prteﬁxum.
1537 2640 1630 2694 liis
1660 2640 1800 2695 haud
1830 2642 2079 2710 equidem

493 2748 858 2803 repugnarttn,
891 2731 940 2787 si
971 2732 1201 2800 vulgaris
1242 2733 1506 2785 sententia
1550 2732 1868 2785 certioribus
1909 2732 2078 2785 docu-

494 2827 692 2881 mentis
722 2825 1063 2878 innizeretur.
1120 2822 1402 2891 Utcunque
1442 2832 1619 2877 tamen
1658 2836 1720 2877 se
1748 2837 1835 2878 res
1862 2821 2076 2891 habeat,

494 2918 814 2989 pnesniatus
845 2918 1102 2968 honorem
1133 2913 1329 2967 Junilio
1363 2927 1471 2966 non
1502 2913 1734 2967 invideo.

572 3008 635 3061 li.
686 3005 845 3059 Bonis
873 3004 1070 3057 artibus
1090 3005 1143 3057 in
1168 3003 1355 3057 steculo
1372 3004 1623 3067 eruditus,
1647 3013 1691 3055 ct
1711 3004 1766 3056 in
1795 3001 2080 3071 Scripturis

495 3097 689 3150 sanctis
717 3095 1074 3162 peritissimus,
1106 3093 1308 3163 eloquio
1330 3092 1492 3147 breuis
1522 3103 1567 3148 ct
1585 3108 1736 3147 sensu
1758 3103 1959 3158 acutus,
1988 3094 2082 3149 Ju-

2178 1914 2359 1970 l'ersai
2402 1915 2697 1970 sententias
2735 1914 3079 1981 exhibuisse,
3133 1913 3285 1982 cujus
3334 1915 3544 1981 regulas
3593 1914 3752 1968 Cini-

2176 2009 2364 2061 stiana:
2396 2006 2746 2060 institutionis
2773 2004 3121 2070 transtulerit,
3154 2012 3208 2058 et
3236 2003 3430 2072 dialogi
3465 2004 3754 2059 forma.....

2176 2099 2503 2151 exhibuerit.
2558 2098 2739 2167 Itaque
2789 2095 3020 2151 Junilius
3064 2095 3292 2149 concilio
3334 2093 3756 2164 Carthaginiensi

2178 2190 2356 2243 favere
2385 2192 2608 2257 poterat.
2638 2190 2877 2257 quamvis
2895 2186 3088 2241 Paulus
3116 2186 3203 2239 ille
3222 2183 3381 2238 Persa
3406 2186 3470 2238 de
3498 2186 3757 2238 nonnullis

2179 2280 2434 2333 canonicis
2468 2280 2607 2331 libris
2634 2279 2909 2332 dubitarit.
2950 2295 2972 2329 ι
3004 2277 3128 2331 Haec
3154 2275 3263 2329 ille.
3295 2274 3460 2343 Cujus
3492 2276 3757 2329 Vindicius

2180 2374 2399 2442 Anglice
2429 2372 2652 2426 Lundini
2693 2372 3028 2434 editasnttno
3058 2367 3405 2435 liﬁt'iigttas
3433 2367 3757 2421 existimavit

2182 2464 2407 2518 Wollius
2450 2477 2583 2531 quas
2626 2463 2678 2515 in
2727 2463 2838 2515 suis
2876 2459 3029 2514 Curis
3077 2458 3411 2526 pltilologicis
3464 2467 3517 2511 et
3557 2458 3759 2511 criticis

2179 2553 2394 2607 sisteret
2436 2554 2530 2622 (ι).
2578 2550 2731 2618 Quod
2772 2550 2815 2603 si
2845 2544 3169 2601 iiumfredus
3208 2546 3410 2600 ilodius
3452 2558 3584 2614 opus
3630 2546 3760 2599 illud

2180 2658 2333 2698 suum
2378 2643 2448 2697 de
2478 2642 2765 2696 Bibliorum
2802 2639 3036 2695 textibus
3072 2638 3419 2707 originalibus
3448 2648 3568 2706 post
3595 2652 3760 2705 popu-

2180 2735 2307 2789 laris
2334 2738 2415 2788 sui
2446 2733 2662 2788 Twelsii
2693 2730 2958 2786 Vindicias
2984 2729 3304 2799 evulgasset,
3334 2729 3417 2781 Vt'l
3447 2728 3622 2796 potius
3648 2742 3761 2779 sive

2180 2827 2406 2884 Simonii
2451 2827 2565 2881 sive
2599 2823 2890 2878 Martiantei
2926 2834 3182 2876 censuras
3215 2821 3269 2873 in
3300 2818 3480 2873 Junilii
3521 2818 3758 2872 libellum

2180 2921 2511 2989 conscriptas
2533 2916 2806 2987 perlegere
2828 2929 2932 2969 non
2954 2914 3300 2982 neglexisset,
3326 2912 3552 2966 fortasse
3574 2913 3759 2966 Afrum

2180 3012 2323 3067 hunc
2353 3010 2642 3065 antistitem
2681 3010 2816 3063 inter
2848 3006 3104 3061 Ecclesia:
3130 3002 3334 3059 Latina:
3358 3004 3647 3073 s'eriptores
3670 3018 3761 3073 qui

2181 3114 2455 3158 sacrorum
2478 3101 2802 3155 voluminum
2825 3097 3094 3167 cataIOgos
3115 3105 3421 3163 texuerunt,
3438 3096 3763 3151 recensitutn

498 3187 667 3241 uilius
688 3186 884 3240 dicitur
907 3185 1061 3240 Sixto
1090 3184 1319 3239 Senensi
1356 3184 1450 3253 (ε).
1495 3184 1627 3239 Eum
1658 3184 1799 3239 inter
1845 3187 2081 3239 introdit-
2110 3212 2156 3274 Ο
2189 3195 2344 3250 ..ωε
2370 3191 2658 3248 obtrudcre
2686 3190 2935 3245 desiisset
2957 3189 3076 3259 (ni):

496 3290 667 3333 ctorcs
718 3278 999 3349 Scriptura
1038 3279 1223 3331 divinis
1276 3286 1522 3331 recenset
1571 3277 1933 3335 Cassiodorus
1976 3280 2076 3346 (tl).

498 3373 730 3440 Scripsit
758 3372 903 3425 enim
942 3380 1129 3423 auctor
1157 3370 1225 3423 de
1254 3370 1494 3437 partibus
1514 3368 1709 3423 divina:
1755 3368 1888 3437 legis
1917 3372 2084 3422 libros

502 3464 666 3526 duos,
695 3462 747 3516 in
771 3461 961 3529 quibus
984 3460 1194 3529 regulas
1221 3460 1285 3512 ad
1316 3474 1497 3511 sacras
1537 3459 1743 3513 litteras
1771 3460 2086 3521 ediscendas

501 3554 990 3622 intelligendasque
1040 3551 1296 3619 perutiles
1326 3550 1522 3616 tradit,
1556 3563 1689 3619 quas
1730 3566 1788 3604 se
1815 3551 2086 3619 accepisse

505 3643 825 3713 κωκυ-(εν)
854 3658 918 3696 ex
945 3642 1179 3711 quodam
1205 3640 1396 3707 Paulo,
1431 3639 1592 3694 Persa
1636 3653 1855 3710 genere,
1909 3641 1999 3708 qui
2030 3640 2083 3692 in

506 3737 768 3808 Syrorum
797 3735 928 3791 sebo
952 3752 980 3787 a
1017 3733 1162 3787 urbis
1195 3732 1465 3787 Nisibena:
1496 3734 1662 3786 fuerat
1691 3734 1931 3787 edoctus.
1979 3732 2088 3787 llic-

508 3828 665 3883 sninit
693 3827 850 3896 hujus
882 3826 1081 3880 schola:
1111 3828 1338 3879 Senator
1371 3823 1470 3895 (Ι),
1501 3838 1726 3893 eatnque
1751 3824 1819 3877 ab
1848 3822 2087 3878 Hebraeis

506 3920 699 3975 sedulo
724 3917 986 3972 cxcultam
1012 3917 1256 3986 perhibet
1281 3934 1293 3968 :
1324 3916 1389 3968 ad
1418 3928 1577 3985 quem
1617 3915 1782 3984 ipsius
1809 3915 2087 3971 Senatorts

510 4011 684 4066 locum
714 4010 1091 4064 illustrandum
1121 4008 1370 4063 Garetius
1394 4010 1464 4063 cl.
1496 4009 1613 4077 ejus
1638 4022 1858 4077 operum
1885 4006 2082 4075 editor,

510 4102 699 4161 Junilii
746 4100 1113 4157 testimonium
1144 4100 1287 4171 quod
1316 4101 1475 4156 modo
1505 4101 1843 4154 laudavimus
1868 4098 2088 4155 excitat.
2136 4090 2141 4095 ’

511 4197 568 4251 in
599 4196 701 4249 hoc
728 4204 906 4248 autem
938 4192 1119 4248 Junilii
1171 4208 1337 4262 opere
1384 4192 1639 4246 nonnuia
1670 4202 1825 4246 caute
1868 4192 2090 4262 legenda

508 4287 718 4343 monuit
771 4285 1135 4339 Brasiehellus
1178 4285 1278 4355 (g).
1312 4284 1570 4339 Acerbius
1614 4283 1666 4337 in
1715 4284 1872 4351 hujus
1926 4284 2090 4338 libelli

508 4388 787 4432 auctorem
843 4375 1114 4431 invehitur
1157 4376 1428 4429 Simonius
1465 4375 1577 4443 (It);
1630 4382 1685 4427 at
1751 4375 2090 4443 postmodum

508 4472 694 4526 mitius
743 4470 893 4523 illum
923 4468 1193 4537 excipiens
1222 4507 1237 4532 ,
1287 4467 1558 4521 existimat
1611 4469 1727 4535 ejus
1778 4469 2091 4535 opusculum
2130 4484 2133 4485 '

2259 3286 2347 3340 iV.
2387 3284 2711 3352 Opuscuium
2735 3296 2889 3336 suum
2916 3279 3239 3349 nuncupavit
3259 3277 3486 3333 Juniiius
3505 3277 3766 3332 Primasio

2182 3373 2535 3431 Adnuitetino
2586 3375 2699 3428 sive
2766 3370 3308 3439 JustinianOpolitano
3360 3372 3631 3439 episccpo,
3676 3373 3766 3437 qui

2184 3483 2324 3524 anno
2345 3470 2451 3523 555
2483 3467 2657 3537 Vigilii
2687 3482 2837 3537 papa:
2864 3465 3166 3522 Constituto
3196 3480 3292 3534 pro
3322 3466 3493 3520 tribus
3519 3465 3767 3533 capitulis

2184 3560 2515 3630 subscripsit.
2549 3559 2710 3614 Miror
2737 3558 2983 3628 equidem
3012 3557 3233 3612 haesisse
3253 3556 3523 3613 Labbecm
3553 3558 3620 3609 de
3642 3555 3763 3609 υνξ-

2185 3654 2338 3707 thasii
2356 3653 2504 3717 sedc,
2525 3668 2691 3721 quem,
2710 3652 2806 3716 ait,
2826 3651 2917 3703 alii
2941 3648 3247 3715 Uticensem,
3269 3649 3357 3703 alii
3381 3648 3767 3701 Adrumetimtm

2185 3753 2408 3796 cmint.
2460 3742 2737 3796 Fabricius
2766 3754 2893 3795 vero
2915 3739 3163 3795 eumdem
3192 3739 3484 3808 episcopum
3510 3737 3565 3790 in
3591 3737 3674 3806 Af:
3687 3737 3769 3790 ica

2188 3831 2683 3902 Justinopolitanum
2728 3831 2896 3886 semel
2945 3831 3243 3898 iterumque
3271 3842 3552 3898 perperam
3581 3830 3768 3896 appel-

2187 3924 2262 3978 lat
2288 3926 2386 3994 (n).
2415 3922 2550 3989 Quid
2578 3936 2737 3989 porro
2767 3934 2888 3975 cum
2916 3919 3091 3974 Africa
3111 3917 3497 3986 Justinopolis?
3535 3916 3768 3985 Uterque

2189 4014 2348 4084 igitur
2375 4011 2739 4068 emendandus
2778 4025 2851 4064 ex
2887 4010 3051 4078 ipsius
3078 4005 3322 4076 prtesulis
3351 4006 3761 4074 subscriptione,

2188 4118 2311 4174 quae
2341 4106 2392 4157 in
2423 4101 2555 4155 actis
2582 4099 2931 4155 conciliorum
2972 4100 3049 4153 sic
3086 4097 3307 4151 effertur
3333 4096 3408 4165 (ο)
3436 4113 3449 4150 :
3484 4094 3768 4149 Primasius

2191 4192 2288 4247 Dei
2322 4192 2489 4265 gratia
2526 4190 2791 4261 cpiscopus
2836 4188 3051 4242 civitatis
3083 4187 3449 4251 Adruntennaa,
3478 4201 3593 4252 qua:
3614 4188 3769 4240 etaim

2190 4283 2617 4353 JustinianOpolis
2647 4283 2853 4345 dicitur,
2886 4279 3087 4333 concilii
3118 4277 3394 4348 Bysaceni,
3429 4277 3546 4329 huic
3576 4279 3768 4330 consti-

2196 4386 2301 4430 tuto
2324 4375 2459 4446 quod
2484 4373 2656 4427 beatus
2680 4389 2814 4442 papa
2845 4371 3063 4441 Vigilius
3090 4370 3137 4423 iit
3166 4385 3317 4422 causa
3342 4368 3494 4420 trium
3520 4367 3774 4435 capitulo-

2193 4484 2311 4521 rum
2341 4467 2570 4537 protulit,
2603 4465 2919 4518 consentiens
2964 4462 3261 4528 subscripsi.
3309 4462 3461 4526 Quod
3502 4474 3771 4527 superest,
3862 4492 3865 4495 λ

511 4561 678 4617 fuisse
705 4570 1035 4629 corruptum.
1070 4559 1252 4629 Neque
1279 4559 1421 4613 enim
1447 4599 1462 4625 ,
1510 4558 1722 4628 inquit,
1754 4560 1831 4612 ias
1862 4568 1943 4612 est
1969 4559 2088 4629 opi-
2121 4576 2167 4635 ο
2196 4560 2375 4613 Junilii
2413 4573 2546 4625 Opus
2580 4556 2776 4625 prodiit
2815 4554 3041 4624 primum
3079 4553 3298 4607 Basilete
3339 4567 3479 4606 anno
3512 4552 3641 4606 iiiiti
3681 4568 3776 4605 cn-

511 4650 628 4706 uari
654 4650 962 4704 Africanum
985 4650 1295 4720 episcopum
1318 4665 1421 4703 non
1439 4649 1604 4703 solum
1626 4652 2089 4705 nonnulloshbros

509 4738 1051 4805 deuterocanonieos,
1074 4752 1260 4792 verum
1282 4737 1444 4792 etiam
1475 4739 1915 4805 protocanonicos
1930 4750 2084 4793 extra

511 4843 769 4883 cauouem
807 4843 1081 4885 sacrarunt
1106 4829 1499 4897 Scripturarum
1534 4831 1778 4897 posuisse
1809 4832 1893 4898 (ἰ),
1927 4841 2086 4900 atque

586 5085 660 5159 (α)
701 5085 907 5159 fabris.
944 5087 1075 5140 Bibl.
1110 5089 1250 5159 med.
1286 5099 1416 5142 tum.
1452 5088 1539 5153 IV,
1573 5104 1689 5157 pag.
1721 5090 1845 5143 600.

585 5158 660 5225 (ὁ)
700 5156 865 5229 Labb.
882 5158 1101 5212 Dissert.
1118 5156 1185 5211 de
1200 5162 1445 5227 scriptor.
1467 5162 1596 5212 ccci.
1616 5156 1743 5211 tum.
1770 5162 1806 5222 I,
1825 5175 1942 5229 pag.
1959 5159 2084 5213 665.

586 5236 658 5296 (ε)
697 5226 831 5280 Sixt.
870 5229 1006 5280 Sen-
1051 5229 1185 5282 Bibl.
1235 5226 1430 5295 satict.,
1475 5230 1569 5283 ltb.
1604 5246 1676 5295 tv,
1718 5239 1847 5284 tom.
1882 5226 1921 5294 Ι]
1963 5246 2081 5299 pag.

513 5298 643 5361 ‘23,
674 5312 796 5350 ttov.
824 5302 951 5351 edit.
982 5299 1126 5363 Neap

591 5370 667 5437 (ά)
708 5367 946 5439 βειδειυά.
972 5369 1065 5421 lib.
1088 5368 1153 5422 de
1177 5368 1345 5422 instit.
1378 5369 1544 5424 divin.
1578 5372 1740 5426 littcr.
1771 5384 1887 5439 cap.
1922 5371 2006 5425 10.

588 5436 659 5502 (ε)
698 5436 860 5490 Junii.
893 5440 1123 5503 prxlat.,
1158 5441 1313 5500 intra,
1346 5440 1449 5492 col.
1482 5441 1563 5493 ts.

587 5508 663 5576 (ί)
701 5506 965 5576 Cassium.
1001 5509 1036 5560 Ι.
1067 5524 1143 5570 e.,
1170 5510 1269 5562 sui)
1298 5510 1414 5563 init.
1444 5514 1642 5575 prtclat.

587 5575 663 5653 (9)
705 5575 943 5653 lirasich.
974 5577 1091 5653 ind.
1123 5580 1306 5653 iibt‘or.
1340 5596 1581 5653 esp_ttrg.,
1616 5590 1741 5632 tum.
1775 5577 1816 5642 I,
1851 5592 1968 5653 pag.
1996 5577 2083 5631 δῖ.

591 5650 671 5713 (Ιι)
709 5646 940 5708 Simon.,
967 5647 1153 5716 Critiq,
1177 5648 1243 5701 de
1270 5652 1315 5699 la
1344 5650 1479 5703 Bibl.
1510 5646 1603 5704 des
1630 5659 1737 5704 aut.
1770 5650 1924 5715 cccl.,
1955 5661 2082 5703 tum.

514 5718 558 5785 1,
592 5731 709 5784 pag.
738 5716 863 5780 ἓξὲξ),
894 5730 947 5768 et
979 5728 1105 5768 tum.
1143 5720 1226 5783 ll',
1265 5734 1381 5787 pag.
1412 5718 1495 5772 3'2.

584 5790 653 5849 (tl
694 5788 879 5848 Juntl.,
908 5786 1061 5850 inira,
1088 5790 1190 5842 col.
1227 5791 1311 5842 t5.

2198 4663 2348 4706 rante
2368 4650 2573 4704 Joanne
2601 4646 2806 4712 Gastio,
2837 4645 3034 4715 pluries
3062 4645 3318 4710 deinceps
3354 4656 3641 4706 cxcusum;
3680 4660 3775 4695 cu~

2190 4743 2280 4812 jus
2304 4741 2475 4794 varias
2504 4738 2765 4792 editiones
2797 4744 2916 4802 post
2942 4734 3172 4789 Caveum
3205 4732 3279 4802 (Ρ)
3313 4744 3559 4787 recenset
3592 4733 3771 4785 lauda-

2194 4843 2277 4887 tus
2305 4830 2577 4885 Fabricius
2608 4828 2706 4896 (al.
2739 4826 2846 4885 Nos
2873 4840 3000 4880 vero
3022 4840 3139 4879 eam
3166 4822 3385 4892 reliquis
3411 4822 3766 4889 przetuliuius,

2264 5089 2341 5157 (j)
2386 5090 2518 5157 Aug.
2548 5089 2637 5141 lib.
2671 5101 2703 5139 ll
2733 5074 2798 5140 de
2827 5087 2975 5139 Duct.
3002 5083 3221 5157 Cbrist.,
3253 5098 3369 5152 cap.
3403 5084 3455 5137 8.

2264 5111 2277 5153 ι
2325 5111 2341 5157 )
2386 5111 2518 5157 nug.
2550 5111 2637 5141 Ill).
2672 5111 2703 5139 ll
2733 5111 2798 5140 Ut:
2828 5111 2975 5139 υυυι.
3002 5111 3221 5148 υιηιδιη
3253 5111 3369 5152 cap.
3403 5111 3455 5137 ο.

2263 5111 2337 5231 (li)
2376 5159 2646 5231 Martiae,
2673 5158 2837 5231 'l‘rait‘.
2868 5158 2989 5207 hist.
3016 5155 3084 5231 du
3119 5156 3304 5209 Canon
3334 5158 3428 5209 des
3460 5155 3581 5210 livr.
3607 5156 3674 5212 de
3709 5157 3754 5210 i.t

2192 5226 2349 5284 salut.
2375 5229 2561 5289 ECt'il.,
2593 5243 2708 5295 pag.
2738 5226 2843 5279 204
2869 5237 2926 5280 et
2950 5226 3090 5279 suiv.

2264 5302 2337 5368 (ι)
2378 5293 2685 5368 κνηιΐηϐιιιῇ
2718 5295 2902 5364 philol.
2935 5307 2985 5349 ct
3014 5298 3157 5361 crit.,
3196 5304 3324 5348 tntn.
3360 5293 3423 5357 γ,
3451 5310 3567 5364 pag.
3598 5294 3723 5368 4'27.

2263 5366 2362 5437 (tu)
2402 5367 2607 5421 lltttttlr.
2641 5366 2773 5420 llud.
2808 5368 2875 5419 de
2907 5368 3039 5420 Bibl.
3069 5377 3197 5418 text.
3232 5380 3390 5432 orig.,
3412 5381 3547 5437 pag.
3578 5367 3701 5419 0532.

2265 5446 2340 5504 tn)
2366 5438 2573 5491 Fabric.
2597 5437 2662 5491 de
2690 5438 2851 5491 Vcrit.
2878 5440 3029 5502 r.lig.
3052 5437 3247 5490 Christ.
3270 5453 3385 5500 cap.
3405 5436 3456 5494 5,
3481 5451 3596 5503 pag.
3636 5437 3763 5500 ‘25:,

2195 5508 2221 5579 ᾗ
2256 5508 2338 5571 ili,
2366 5520 2417 5579 et
2450 5510 2583 5560 Bibl.
2618 5509 2901 5579 tlted._l.at.
2937 5519 3063 5579 tom.
3100 5506 3187 5579 iV,
3216 5509 3480 5579 pagatim).

2266 5585 2345 5645 (υ)
2382 5578 2545 5631 Culte.
2589 5586 2717 5631 tom.
2755 5577 2814 5642 V,
2851 5577 3085 5644 p.13358,
3114 5576 3239 5628 edit.
3277 5576 3298 5626 1
3340 5573 3465 5626 \'cu.
3496 5574 3659 5632 Labb.

2264 5656 2344 5716 (ρ)
2380 5648 2506 5701 Cav.
2540 5649 2669 5701 llist.
2704 5649 2829 5716 liit.,
2864 5660 2990 5702 tum.
3027 5646 3067 5713 ι,
3100 5660 3216 5714 pag.
3243 5645 3368 5697 330‘.

2262 5721 2335 5787 (ιι)
2381 5719 2610 5785 ι⁴“;ιι›ι·ἰι;.,
2636 5717 2690 5771 ll.
2713 5733 2791 5771 cc.
