4100 6194
348 299 412 354 l5
710 315 720 324 ·
1756 328 1757 331 η
1857 292 1928 349 JU

2031 292 2094 347 .ll
3559 298 3623 350 16

345 426 461 481 quas
508 418 677 465 exstat
724 409 776 464 in
823 409 1149 466 Bibliotheca
1193 410 1409 467 Patrum
1453 408 1737 464 Parisiensi
1788 422 1915 463 ann.
1958 411 2007 470 Α
2031 406 2181 463 bricii
2212 378 2638 461 emendationem
2674 407 2750 475 (ὁ)
2780 407 2842 461 ad
2875 409 2963 462 lib.
3000 423 3057 475 ιι,
3087 424 3205 479 cap.
3239 411 3330 478 9.9,
3360 412 3446 467 ubi
3486 422 3623 470 testi-

345 499 483 557 lﬁ-M
516 500 615 570 (a),
658 500 868 554 cmtcris
893 499 1245 568 cmendatior,
1268 516 1434 570 quam
1464 511 1517 555 et
1547 500 1737 555 alicubi
1769 509 1927 553 notu-

344 592 409 647 lis
437 590 820 655 illustravimus
856 608 867 642 :
902 591 1095 660 quibus
1121 592 1284 646 addas
1315 591 1495 658 velim,
1531 591 1574 646 si
1605 591 1797 660 placet,
1833 589 1930 643 Fa-

412 727 491 793 (a)
534 723 671 778 Bibl.
707 722 811 779 PP.
839 724 1009 778 Paris.
1040 732 1170 777 tom.
1202 723 1241 791 l,
1272 736 1394 793 pag.
1434 722 1496 788 I.~

413 794 491 864 (ὁ)
527 795 719 859 Junil.,
752 796 913 856 infra.
941 794 1047 849 col.
1082 794 1175 846 42.

2036 498 2207 566 ﬁratio
2235 511 2330 566 pro
2354 497 2647 565 recti/icatio
2677 496 2956 566 legendum
2989 509 3170 554 censet
3202 501 3297 569 (ί)-

2112 718 2184 786 (ε)
2228 717 2460 781 Fabric,
2495 717 2531 771 ll
2581 723 2698 787 cc.)

1251 887 3621 922 m

848 986 857 993 “
940 1008 943 1009 ‘
1628 999 2334 1117 JUNILII

570 1168 841 1313 DE
907 1158 1908 1312 PARTIBUS
1976 1160 2734 1308 DIVINXE
2803 1160 3384 1311 LEGIS

1623 1412 2053 1523 LIBRI
2145 1412 2266 1516 ΙΙ
2286 1481 2325 1519 .

418 1682 617 1740 Sancto
650 1696 713 1739 ac
750 1682 1066 1739 beatissimo
1113 1680 1365 1753 episcopo
1405 1676 1673 1735 Primasio
1713 1677 1940 1734 Junilius
1972 1677 2019 1737 B
2046 1672 2245 1729 erudiri
2312 1672 2616 1729 volentibus
2678 1679 2979 1732 necessaria
3031 1679 3317 1750 judicasti,
3368 1698 3635 1745 excusati:

358 903 375 905 _
646 903 655 904 κ
800 903 821 904 η
862 903 885 904 η
932 903 966 907 νὴ

346 1774 601 1831 ηωωω.

413 1867 532 1924 Scis
578 1866 714 1937 ipse,
756 1864 1080 1922 venerabilis
1116 1865 1274 1923 Pater
1313 1864 1567 1927 Primasi,
1623 1863 1746 1932 quia
1805 1860 1933 1914 vitte

349 1971 482 2013 mea:
526 1966 581 2012 et
619 1957 878 2027 propositi
926 1958 1198 2024 conscius,
1243 1959 1382 2012 sicut
1425 1955 1622 2010 divinas
1671 1951 1804 2022 legis
1849 1965 1935 2004 me

348 2036 580 2104 studium
627 2049 826 2104 habere
873 2062 980 2103 non
1022 2048 1260 2120 denego,
1308 2047 1382 2102 ita
1424 2047 1703 2102 doctorem
1754 2043 1935 2097 dicere

348 2156 453 2195 non
486 2156 776 2211 prmsumo;
811 2141 937 2195 illud
966 2141 1606 2211 propheticttmmetueus
1633 2156 1645 2190 :
1668 2134 1935 2191 Peccatori

348 2242 514 2287 autem
543 2233 673 2286 dixit
705 2232 844 2288 Deus
872 2248 888 2287 :
914 2233 1087 2301 Quare
1118 2243 1174 2289 tu
1207 2249 1416 2289 enarras
1433 2233 1669 2304 justitias
1698 2245 1857 2295 meas,
1885 2234 1960 2306 et.

348 2324 563 2378 assumis
606 2334 955 2380 testamentum
996 2342 1159 2380 meum
1186 2341 1281 2396 per
1315 2342 1373 2380 oe
1402 2334 1544 2379 tuum
1577 2321 1751 2394 (Psal.
1784 2335 1931 2387 thx,

347 2414 481 2482 £6)?
508 2413 615 2471 Sed
643 2416 771 2469 dum
802 2424 853 2469 te
881 2415 1021 2469 inter
1053 2415 1189 2471 alios
1234 2413 1714 2470 reverendissimos
1752 2408 1934 2479 coepi-

348 2520 542 2575 scopos
582 2516 703 2562 tuos
741 2521 910 2576 usque
956 2507 1023 2561 ad
1067 2506 1589 2576 Constantinopolim
1636 2502 1933 2574 peregrinae

346 2598 638 2663 provincias
685 2598 948 2669 coegisset
995 2598 1218 2663 utilitas,
1258 2612 1324 2652 ex
1365 2596 1601 2652 civitatis
1644 2593 1837 2649 affectu
1879 2593 1930 2648 in

347 2686 585 2743 notitiam
613 2687 1043 2757 colloquiumque
1068 2687 1432 2758 pervenimus.
1465 2687 1543 2741 Tu
1571 2695 1751 2741 autem
1779 2698 1930 2739 more

346 2780 437 2835 illo
467 2790 558 2834 tuo
588 2778 718 2833 nihil
747 2789 872 2834 ante
898 2779 1160 2848 quzesisti,
1191 2793 1351 2849 quam
1380 2780 1425 2833 si
1456 2778 1576 2847 quis
1614 2786 1761 2833 esset
1791 2776 1933 2831 inter

347 2868 584 2935 Graecos,
605 2870 694 2940 qui
721 2869 1021 2926 divinorum
1055 2869 1313 2925 librorum
1339 2869 1521 2924 studio
1551 2867 1932 2936 intelligentia-

346 2978 450 3034 que
491 2963 759 3034 ﬂagraret.
817 2961 900 3017 Ad
956 2961 1070 3017 haec
1118 2976 1221 3032 ego
1266 2961 1549 3032 respondi,
1601 2960 1799 3017 vidisse
1844 2972 1931 3014 me

2039 1773 2253 1834 temque
2290 1778 2378 1819 me
2424 1764 2513 1820 diu
2553 1780 2720 1835 usque
2759 1767 2827 1822 ad
2867 1769 3196 1828 defensionis
3242 1775 3624 1843 impudeniiam

2038 1855 2341 1926 compulisti
2375 1871 2388 1909 :
2430 1857 2573 1913 unde
2602 1858 2656 1913 in
2686 1858 2822 1914 duos
2854 1861 3199 1919 breviSsimos
3228 1866 3439 1933 libellos
3470 1887 3625 1941 regu-

2038 1949 2168 2004 laria
2210 1949 2322 2003 haec
2365 1948 2608 2004 instituta
2648 1951 2866 2021 collegi,
2910 1954 3114 2010 addens
3160 1957 3328 2026 ipsius
3369 1960 3624 2017 dictionis

2037 2042 2317 2111 (quantum
2352 2040 2522 2111 potui)
2554 2042 2737 2099 utilem
2784 2043 3043 2113 formam,
3081 2057 3137 2101 ut
3167 2050 3308 2103 velut
3347 2051 3625 2121 discipulis

2036 2131 2489 2203 interrogantibus
2511 2142 2564 2189 et
2584 2136 2835 2204 magiStro
2857 2139 3238 2206 respondente,
3260 2140 3493 2196 breviter
3517 2144 3627 2199 sin-

2009 2238 2015 2245 ο
2036 2222 2157 2292 gula
2177 2231 2232 2277 et
2258 2223 2526 2292 perlucide
2547 2224 2871 2281 dicerentur.
2895 2228 2961 2282 Et
2981 2244 3047 2283 ne
3069 2230 3242 2299 aliqua
3264 2231 3510 2289 confusio
3532 2249 3626 2303 per

2035 2312 2463 2383 antiquariorum
2503 2315 2585 2385 (ut
2615 2317 2837 2387 assolet)
2880 2320 3253 2390 negligentiam
3293 2324 3620 2392 proveniret,

2037 2406 2288 2476 Magistro
2313 2420 2357 2463 Μ
2389 2405 2624 2462 Graecam
2658 2408 2912 2477 litteram,
2944 2410 3224 2482 Discipulis
3260 2428 3388 2468 vero
3419 2429 3452 2469 A
3481 2430 3624 2484 prae-

2038 2497 2215 2566 posui,
2247 2507 2304 2553 ut
2329 2512 2393 2553 ex
2423 2500 2719 2570 peregrinis
2758 2484 3185 2569 characteribus,
3220 2514 3273 2558 et
3297 2505 3493 2575 quibus
3522 2507 3626 2560 La-

2040 2588 2149 2644 tina
2178 2591 2445 2659 scriptura
2473 2606 2578 2646 non
2620 2596 2804 2659 utitur,
2837 2607 2988 2647 error
3017 2595 3192 2664 omnis
3223 2596 3429 2664 penitus
3473 2597 3625 2654 aule-

2037 2691 2185 2737 ratur
2214 2685 2255 2736 '.
2299 2682 2438 2738 Sunt
2477 2684 2577 2737 alia
2624 2684 2767 2738 illius
2812 2685 2910 2739 viri
2957 2686 3216 2754 prmelara
3257 2688 3622 2743 monimenta:

2034 2774 2168 2832 Nam
2213 2786 2267 2832 et
2310 2776 2451 2832 beati
2485 2776 2632 2832 Pauli
2681 2776 2748 2832 ad
2792 2778 3065 2833 Romanos
3104 2780 3395 2849 Epistulam
3442 2780 3623 2837 audivi

2034 2870 2282 2926 subtilius
2330 2870 2410 2941 (ut
2433 2870 2687 2939 arbitror)
2732 2881 3088 2940 exponentem
3140 2890 3154 2925 :
3200 2888 3358 2943 quam
3409 2888 3510 2942 ego
3555 2888 3624 2929 ex

2033 2961 2152 3031 ejus
2180 2974 2297 3024 ore,
2329 2974 2397 3015 ne
2425 2960 2684 3015 memoria
2710 2960 3034 3027 ‘laberetur,
3065 2963 3288 3032 excepi;
3336 2963 3429 3018 scd
3471 2977 3624 3019 cura-

347 3054 630 3125 quemdam
670 3055 893 3112 Paulum
939 3055 1179 3120 nomine,
1216 3054 1433 3111 Persam
1475 3069 1695 3124 genere,
1737 3054 1826 3123 qui
1876 3052 1929 3107 in
1957 3043 2003 3105 C
2036 3066 2165 3106 rum
2199 3050 2641 3120 negotiorumque
2686 3049 2878 3119 spinas,
2910 3065 2979 3104 ne
3020 3051 3145 3121 quid
3187 3066 3317 3122 agro
3349 3052 3623 3108 dominico

346 3145 601 3217 Syrorum
626 3145 809 3202 schola
840 3144 892 3201 in
918 3144 1083 3201 Nisibi
1108 3145 1241 3201 urbe
1263 3154 1346 3201 est
1365 3146 1610 3213 edoctus,
1636 3144 1728 3200 ubi
1746 3142 1927 3201 divina

345 3240 432 3296 lex
457 3252 552 3309 per
577 3240 859 3308 magistros
880 3238 1145 3308 publicos,
1168 3239 1310 3294 sicut
1331 3239 1469 3309 apud
1494 3252 1594 3293 nos
1620 3239 1673 3292 in
1704 3235 1929 3293 munda-

345 3331 432 3387 nis
469 3331 657 3388 studiis
682 3332 1030 3401 grammatica
1062 3340 1114 3386 et
1143 3330 1435 3396 rhetorit-a,
1464 3329 1655 3386 ordine
1684 3343 1747 3384 ac
1774 3343 1927 3397 regu-

345 3420 530 3477 lariter
566 3420 811 3477 traditur.
840 3421 992 3476 Tunc
1026 3420 1119 3476 diu
1155 3422 1432 3491 quaesitus,
1471 3420 1517 3475 si
1553 3419 1679 3491 quid
1707 3433 1776 3475 ex
1810 3418 1926 3488 ejus

342 3512 499 3568 dictis
538 3512 814 3573 haberem.
841 3512 950 3567 dixi
973 3512 1113 3583 quod
1144 3511 1390 3582 legissem
1432 3511 1641 3581 regulas
1666 3510 1920 3578 quasdam

344 3604 535 3673 quibus
572 3602 660 3658 ille
685 3603 1063 3673 discipulorum
1093 3603 1322 3672 animos,
1353 3600 1652 3658 divinarum
1676 3601 1920 3671 Scriptu-

343 3708 523 3749 rarum
551 3693 833 3763 superﬁcie
862 3693 1176 3764 instructos,
1209 3696 1355 3763 prius
1382 3709 1541 3764 quam
1569 3692 1920 3763 expositionis

343 3784 602 3855 profunda
643 3776 987 3854 patefaceret,
1029 3785 1236 3841 solebat
1278 3786 1554 3842 imbuere:
1588 3794 1646 3841 ut
1684 3786 1918 3856 ipsarum

343 3873 553 3931 interim
589 3888 873 3931 causarum
909 3890 1030 3945 qua:
1058 3876 1111 3929 in
1153 3875 1333 3931 divina
1373 3877 1488 3947 lege
1512 3886 1813 3944 versantur,
1848 3875 1926 3931 in-

344 3966 635 4021 tentionem
677 3966 1028 4038 ordinemque
1062 3980 1485 4038 cognoscerent:
1518 3983 1587 4024 ne
1608 3968 1837 4039 sparsim
1869 3977 1926 4025 et

343 4057 672 4127 turbulente,
711 4057 806 4113 sed
840 4059 1159 4129 regulariter
1202 4061 1411 4131 singula
1461 4059 1749 4116 discerent.
1798 4060 1923 4116 Haec

344 4160 421 4219 tu,
466 4149 645 4219 Pater,
687 4149 872 4207 nescio
918 4164 1023 4220 qua
1071 4151 1279 4208 ratione
1321 4151 1573 4207 omnibus
1601 4152 1922 4209 Christianis

420 4280 562 4340 .‘Nos
587 4282 790 4339 Latinis
817 4282 1327 4358 characteribusmsi
1360 4298 1566 4339 sumus.
1600 4286 1757 4341 Εωτ.

2033 3141 2435 3205 lructiﬁcemus,
2462 3140 2778 3209 impediunt.
2809 3139 3018 3197 Sufﬁcit
3047 3142 3160 3197 haec
3187 3157 3289 3196 una
3318 3142 3616 3211 temeritas,

2032 3230 2172 3300 quod
2220 3228 2402 3284 divino
2441 3227 2826 3299 gazophylacio
2872 3242 2941 3284 ex
2992 3238 3303 3299 paupertate
3350 3230 3620 3297 confessa,

2032 3319 2138 3374 duo
2186 3318 2301 3373 haec
2350 3317 2524 3373 audeo
2568 3318 2770 3371 minuta
2812 3317 3039 3387 jactare.
3090 3321 3226 3374 Sunt
3270 3319 3361 3389 qui
3408 3321 3624 3377 talentis

2030 3419 2259 3465 onerent
2306 3408 2447 3463 unde
2496 3410 2777 3477 egentibus
2827 3419 3147 3478 prorogetur
3179 3426 3193 3463 :
3225 3411 3315 3478 qui
3366 3410 3621 3465 virtutum

2030 3514 2290 3572 gemmas,
2335 3514 2522 3553 aurum
2572 3494 3048 3568 vitae,'argcntum
3107 3500 3369 3569 stientiar,
3428 3502 3621 3557 divinis

2029 3592 2236 3662 ροεδὶηι
2259 3590 2454 3647 offerre
2487 3591 2762 3645 sacrariis.
2808 3590 2934 3644 Mihi
2979 3592 3111 3646 nihil
3157 3595 3387 3662 amplius
3414 3593 3621 3649 duobus

2027 3686 2263 3756 suppetit
2303 3684 2386 3739 bis
2430 3684 2647 3738 minutis
2692 3682 2841 3753 (Luc.
2875 3699 2984 3747 xxi,
3025 3684 3106 3755 Ξ),
3147 3695 3201 3741 et
3239 3686 3371 3756 ipsis
3404 3685 3473 3741 ab
3512 3676 3623 3741 alio

2037 3777 2415 3834 commodatis.
2447 3776 2645 3832 Verum
2674 3776 2947 3831 enimvero
2969 3776 3194 3830 multum
3220 3776 3347 3830 mihi
3371 3777 3439 3831 de
3458 3792 3619 3832 cvan-

2030 3875 2204 3945 gelico
2233 3873 2604 3929 examinatum
2635 3871 2893 3940 polliceor
2921 3887 2934 3924 :
2968 3873 3090 3939 quia
3123 3869 3248 3924 licet
3276 3868 3368 3922 alii
3399 3884 3466 3923 ex
3498 3883 3617 3937 pre-

2031 3965 2338 4021 tiosissimis
2368 3964 2621 4033 pretiosa,
2648 3977 2713 4017 ex
2744 3962 2984 4031 plurimis
3012 3962 3190 4016 valent
3222 3960 3374 4031 plura
3403 3960 3615 4031 largiri,

2029 4074 2128 4131 ego
2159 4067 2337 4114 tamen
2361 4056 2483 4127 quia
2514 4055 2833 4120 totumdedi
2852 4094 2869 4121 ,
2903 4056 3022 4126 plus
3048 4055 3239 4111 obtuli.
3292 4054 3443 4113 Vale.

350 4397 3610 4428 Μ

1598 4499 1891 4580 LIBER
1947 4498 2356 4578 PRIMUS.

855 4695 1081 4753 CAPUT
1121 4693 1408 4751 PRIMUM.

418 4814 483 4872 ι).
527 4812 584 4869 In
606 4818 734 4884 quot
764 4810 963 4881 primas
993 4817 1171 4879 partes
1202 4806 1335 4877 legis
1361 4807 1562 4864 divinae
1589 4810 1812 4864 scientia
1842 4809 1928 4864 di-

347 4907 583 4963 viditur?
659 4903 733 4957 Μ.
770 4901 824 4956 In
856 4902 1026 4956 duas:
1055 4914 1278 4970 quarum
1312 4914 1413 4953 una
1445 4899 1511 4952 ad
1543 4900 1709 4969 ipsam
1742 4914 1932 4969 supcr-

350 4998 524 5054 ﬁciem
567 4993 815 5049 dictionis
845 4992 1058 5063 proprie
1087 4991 1346 5061 pertinet;
1394 4991 1494 5046 alia
1547 4990 1599 5046 in
1645 4991 1802 5046 rebus
1844 5001 1929 5047 est

346 5104 479 5161 quas
508 5088 623 5158 ipsa
650 5084 922 5153 Scriptura
952 5098 1049 5139 nos
1080 5084 1288 5139 edocet.

974 5236 1202 5294 CAPUT
1241 5240 1304 5296 11.

974 5240 1202 5294 CAPUT
1288 5281 1304 5296 .

497 5334 626 5403 Qut:
651 5329 903 5403 pertinent
929 5329 996 5383 ad
1026 5240 1346 5398 superﬁclilem
1372 5332 1785 5403 Scripturarum.

420 5465 489 5521 ι).
534 5464 614 5520 Ad
648 5463 817 5533 ipsam
856 5459 1193 5530 superﬁciem
1227 5458 1474 5517 dictionis
1512 5465 1725 5533 proprie
1760 5464 1927 5534 perti-

350 5561 528 5616 ncntia
559 5567 688 5627 quot
714 5557 875 5611 sunt?
907 5553 982 5610 Μ.
1008 5554 1271 5623 Quinque.
1305 5553 1373 5609 D.
1406 5556 1571 5624 Qum?
1602 5558 1679 5612 Μ.
1706 5560 1924 5629 Species

350 5649 643 5714 dictionis,
697 5648 1027 5713 auctoritas,
1083 5645 1435 5715 conscriptor,
1493 5646 1718 5715 modus,
1767 5649 1921 5705 ordo.

354 5746 426 5803 υ.
448 5744 667 5812 Species
689 5739 934 5798 dictionis
958 5748 1086 5812 quot
1110 5738 1271 5797 sunt?
1294 5737 1347 5795 ,υ
1359 5777 1372 5793 .
1401 5737 1659 5810 Quatuor.
1681 5741 1813 5799 Nam
1836 5753 1926 5800 aut

1954 4704 2004 4763 Ι)
2029 4699 2277 4752 Ιιίδιοιιω
2320 4703 2421 4762 est,
2465 4703 2557 4749 aut
2604 4694 2939 4764 prophetica,
2980 4701 3071 4749 aut
3116 4694 3491 4764 proverbialis,
3526 4711 3592 4750 au

2032 4789 2348 4857 simpliciter
2371 4788 2591 4843 docens.

2644 4897 2867 4955 CAPUT
2908 4899 2993 4953 Ill.

2645 4990 2723 5045 De
2776 4992 3008 5045 historia.

2111 5102 2177 5157 Β.
2240 5101 2471 5157 Historia
2518 5099 2641 5169 quid
2687 5100 2811 5156 est?
2867 5099 2944 5154 Μ.
2993 5098 3389 5153 Praeteritorum
3434 5114 3617 5155 rerum

2039 5196 2457 5263 praesentiumve
2489 5192 2744 5245 narratio.
2794 5189 2863 5245 υ.
2895 5191 2952 5245 1η
3000 5189 3193 5258 quibus
3244 5189 3397 5244 libris
3443 5191 3620 5250 (litin:

2039 5283 2343 5337 continetur
2388 5281 2643 5336 historia?
2709 5281 2787 5335 Μ.
2822 5282 2878 5335 1η
2918 5282 3345 5350 septemdecim:
3395 5281 3529 5338 Gen.
3566 5284 3619 5347 1,

2039 5377 2209 5432 Exod.
2241 5378 2290 5444 1,
2323 5377 2491 5431 Levit.
2533 5378 2581 5443 l,
2614 5376 2771 5431 Num.
2823 5380 2876 5444 1,
2903 5377 3123 5433 Denter.
3152 5380 3200 5441 l,
3230 5377 3355 5432 Jesu
3385 5375 3534 5431 Nave
3568 5378 3618 5443 l,

2037 5467 2283 5524 Judicum
2316 5467 2367 5532 1,
2398 5467 2540 5522 Ruth
2572 5470 2625 5535 1,
2655 5468 2857 5539 Regum
2887 5468 3178 5523 secundum
3210 5484 3308 5523 nos
3335 5466 3389 5532 4,
3432 5482 3623 5522 secun-

2037 5558 2163 5615 dum
2193 5559 2447 5615 Hebraeos
2483 5561 2541 5621 2,
2594 5559 3003 5629 Evangeliorum
3040 5560 3097 5624 4,
3148 5561 3442 5615 secundum
3485 5557 3622 5612 Mat-

2032 5652 2262 5717 thteum,
2307 5649 2601 5706 secundum
2630 5650 2889 5715 Marcum,
2939 5649 3236 5704 secundum
3270 5649 3489 5712 Lucam,
3536 5661 3623 5701 sc-

2032 5741 2262 5800 cundum
2293 5740 2577 5813 Joannem,
2610 5742 2835 5799 Actuum
2864 5741 3234 5814 apostolorum
3270 5738 3322 5795 1.
3378 5737 3449 5794 D.
3480 5736 3625 5797 Nulli
