4100 6194
468 291 533 346 17
1535 283 1623 343 DE
1660 280 1991 341 PARTiBUS
2029 277 2163 335 Div.
2204 280 2399 341 LEGIS
2440 285 2562 345 LIB.
2608 288 2651 347 l.
3656 292 3722 347 18

477 404 557 459 alii
588 403 707 459 libri
732 402 798 459 ad
827 402 1059 459 divinam
1093 401 1364 458 historiam
1396 402 1693 471 pertinent?
1724 356 2032 465 ΜμΑιιῇιιιιἐ
2058 391 2111 453 Α
2136 404 2259 449 sunt
2289 398 2432 452 talia.
2476 398 2542 453 υ.
2581 399 2757 465 Quare
2792 398 3093 457 addidimus
3120 417 3135 454 :
3180 392 3258 456 Ex
3287 403 3455 457 divina
3500 404 3723 474 inspira-

475 502 603 561 gnnt
667 492 846 560 plures
892 509 909 547 :
957 492 1394 562 Paralipomenon
1441 491 1499 557 2,
1540 491 1641 547 Joh
1676 494 1723 558 l,
1776 491 1960 547 Esdra:
1989 492 2048 561 2,

485 582 655 638 ludith
682 583 736 650 1,
768 583 961 639 Esther
989 585 1040 650 1,
1070 583 1272 639 Macab.
1302 583 1358 637 2.
1400 582 1469 637 D.
1500 583 1678 649 Quare
1710 582 1760 636 hi
1788 583 1908 637 libri
1938 596 2044 637 non

483 676 616 729 inter
641 675 928 731 canonicas
952 675 1253 744 Scripturas
1280 682 1505 731 currunt
1532 674 1600 727 εἳ
1675 672 1750 729 Μ.
1783 673 2044 739 Quoniam

480 764 616 832 apud
655 764 909 820 Hebraeos
946 781 1158 836 quoque
1204 780 1370 835 super
1417 766 1515 820 hac
1562 766 1860 821 differentia
1910 765 2078 819 reci-'

481 854 782 922 piebantur,
844 855 979 909 sicut
1039 855 1389 926 Hieronymus
1439 855 1723 923 cteterique
1770 864 2049 911 testantur.

483 943 552 996 Ι).
578 943 728 998 Nulla
754 944 806 997 in
832 944 915 998 his
941 944 1087 999 libris
1112 944 1211 998 alia
1232 946 1441 1015 species
1470 944 1774 1000 invenitur?
1803 945 1876 999 Μ.
1904 944 2053 1000 luce-

482 1036 616 1092 dunt
654 1045 885 1102 caeterte,
916 1036 1011 1090 sed
1049 1049 1153 1090 non
1185 1035 1548 1107 principaliter
1579 1053 1594 1090 :
1623 1039 1744 1105 quia
1782 1035 1883 1091 etsi
1929 1050 2054 1105 per-

487 1142 631 1183 sonae
657 1141 687 1180 a
717 1125 909 1195 quibus
935 1127 1091 1182 dicta:
1117 1136 1241 1182 sunt
1282 1128 1535 1197 primum,
1563 1128 1855 1184 secundum
1896 1137 2057 1184 caete-

489 1232 594 1271 ras.
622 1217 831 1284 species
876 1223 1002 1269 sunt
1041 1216 1263 1284 locutae;
1306 1226 1483 1272 tamen
1526 1217 1594 1273 ab
1638 1232 1704 1273 eo
1731 1217 1822 1287 qui
1865 1217 2056 1272 librum

490 1320 528 1358 sc
549 1307 721 1375 ripsit,
753 1316 815 1360 ut
841 1305 1059 1360 historia
1089 1316 1211 1362 sunt
1249 1306 1435 1362 relata.
1477 1308 1628 1365 Sicut
1657 1308 2057 1365 benedictiones

493 1395 651 1451 lacob
697 1397 1045 1466 patriarchae,
1092 1397 1160 1451 ab
1204 1398 1318 1467 ipso
1359 1398 1571 1469 quidem
1605 1398 1860 1469 propheta
1903 1398 2059 1454 dictae

494 1497 615 1541 sunt
636 1504 649 1538 :
673 1487 768 1542 sed
791 1487 998 1557 Moyses
1027 1489 1117 1557 qui
1143 1488 1328 1554 refert,
1356 1481 1543 1546 ordine
1570 1500 1751 1546 narrat
1779 1491 2061 1547 historico.

2150 484 2324 539 tione?
2377 485 2453 540 Μ.
2487 488 2618 555 Quia
2649 488 2722 543 illi
2753 490 2840 559 qui
2870 499 2959 544 aut
2977 490 3277 546 daemonum
3310 492 3586 557 instinctu,
3631 503 3725 548 aut

2151 574 2268 630 aliis
2297 577 2467 632 modis
2497 578 2711 633 latentia
2741 580 2951 647 dicunt,
2993 581 3117 636 licet
3145 580 3421 651 propheta:
3458 582 3563 638 dici
3596 597 3721 652 pos-

2151 674 2295 730 sunt,
2321 674 2495 721 tamen
2536 667 2677 723 inter
2705 668 3003 724 divinarum
3034 669 3424 739 Srripturarum
3471 686 3576 726 non
3625 688 3725 727 nu-

2154 767 2427 812 merantur
2443 768 2706 814 auctores.
2741 760 2807 814 D.
2834 762 2887 814 lit
2910 763 3100 830 quibus
3131 761 3280 816 libris
3305 763 3578 830 prophetia
3608 778 3730 819 sus-

2154 848 2380 919 cipitur?
2438 850 2514 906 Μ.
2551 850 2605 905 In
2636 853 3014 921 septemdecim
3050 871 3062 907 :
3098 853 3429 908 Psalmorum
3457 870 3522 909 cr.
3551 854 3648 910 lib.
3673 856 3724 922 1⁹

2155 939 2292 995 Osee
2320 940 2409 995 lib.
2447 944 2496 1009 1,
2550 942 2696 997 Isaia:
2725 944 2817 999 lib.
2858 946 2904 1012 l,
2955 946 3070 1001 Joel
3100 946 3197 1001 lib.
3238 950 3289 1013 1,
3336 950 3501 1002 Amos
3551 949 3644 1002 lib.
3673 949 3727 1013 1,

2156 1028 2340 1083 Abdize
2370 1029 2461 1111 lib.
2493 1031 2543 1098 1,
2569 1031 2717 1087 dona:
2740 1033 2833 1087 lib.
2862 1036 2911 1101 ι,
2943 1034 3177 1090 διίοιτωω
3208 1035 3299 1091 lib.
3327 1016 3379 1104 i,
3406 1022 3609 1103 Na‘ltum
3634 1038 3753 1093 lib-

2160 1120 2211 1183 1,
2243 1120 2529 1189 Sophonia:
2559 1123 2652 1178 lib.
2682 1124 2731 1193 1,
2786 1125 3031 1182 Habacuc
3058 1126 3150 1181 lib.
3180 1128 3233 1194 1,
3281 1127 3527 1184 Jeremia:
3556 1130 3647 1185 lib.
3676 1130 3731 1195 1,

2159 1211 2402 1268 Ezechiel
2431 1203 2531 1281 lib.”
2556 1216 2607 1283 1,
2637 1216 2817 1272 Daniel
2845 1217 2937 1271 lib.
2963 1218 3013 1283 1,
3056 1217 3235 1289 Aggmi
3266 1219 3358 1275 lib.
3381 1221 3431 1280 1.
3462 1218 3734 1274 Zacharim

2159 1302 2251 1357 lib.
2282 1303 2331 1370 1,
2370 1304 2641 1361 Malachiae
2670 1307 2760 1361 lib.
2799 1308 2846 1361 l.
2899 1306 3159 1363 Cancrum
3190 1310 3258 1364 de
3282 1309 3502 1364 Joannls
3529 1310 3737 1378 Apoca-

2160 1391 2297 1463 lypsi
2326 1394 2462 1461 apud
2484 1394 2785 1450 Orientales
2807 1396 3094 1452 admodum
3122 1398 3391 1453 dubitatur
3411 1396 3459 1451 ιι.
3488 1395 3554 1451 D.
3580 1396 3736 1452 Nulla

2162 1482 2215 1537 in
2255 1482 2341 1538 his
2380 1485 2528 1541 libris
2571 1485 2673 1540 alia
2716 1486 2922 1556 species
2965 1486 3271 1542 invenitur?
3335 1486 3411 1541 Μ.
3464 1486 3738 1543 Accedunt

494 1578 563 1632 Et
589 1591 707 1632 cum
734 1577 850 1647 ipse
874 1578 1082 1648 Moyses
1112 1578 1242 1633 dicit
1263 1595 1278 1635 :
1303 1578 1369 1652 In
1394 1581 1643 1651 principio
1665 1582 1857 1652 factum
1881 1583 2065 1637 mlum
2163 1582 2387 1639 caetera;
2430 1574 2524 1630 sed
2569 1589 2673 1629 non
2711 1576 3095 1645 principaliter,
3126 1577 3226 1631 nisi
3272 1576 3337 1631 ad
3368 1575 3736 1647 probationem

496 1676 541 1721 et
567 1677 750 1721 terram
773 1666 990 1739 (Cum,
1013 1668 1063 1739 1)
1083 1685 1098 1735 ;
1126 1650 1437 1739 propheiico
1457 1650 1673 1741 quidem
1690 1672 1821 1728 dicit
1846 1675 2060 1744 spiritu,

2177 1662 2457 1733 prophetia:
2496 1681 2511 1719 :
2549 1666 2685 1726 sicut
2733 1666 2784 1720 in
2833 1665 2969 1721 Isaia
3017 1681 3135 1735 cap.
3184 1681 3477 1733 VII.‘XXXI,
3534 1680 3740 1730 xxxvii,

492 1758 589 1813 ’sed
614 1757 791 1828 specie
825 1770 1007 1815 narrat
1034 1761 1305 1817 historica.
1353 1740 1608 1820 Similiter
1636 1773 1692 1821 et
1720 1740 2068 1836 proverbiali-

2177 1754 2355 1810 Achaz
2383 1764 2436 1809 et
2460 1754 2704 1811 Ezechiae
2730 1770 2912 1826 regum
2938 1757 3082 1811 velut
3107 1759 3354 1827 quaedam
3395 1754 3623 1811 ret‘ertur
3659 1757 3743 1808 hi-

499 1860 576 1905 ter
614 1866 990 1922 nonnunquam
1032 1862 1186 1909 sonat
1216 1855 1459 1924 historia,
1495 1866 1550 1911 ut
1576 1865 1660 1912 est
1697 1874 1710 1910 :
1740 1857 2068 1913 Ambulantia

494 1940 878 1995 erabulaverunt
901 1941 1060 2014 ligna,
1085 1959 1273 2015 ungere
1289 1961 1443 2015 super
1466 1962 1520 2001 se
1535 1962 1700 2016 regem
1720 1946 1872 2017 (Jud.
1891 1964 1967 2014 ix,
1988 1948 2066 2018 8).

495 2030 797 2100 Aliquando
837 2031 1152 2101 simpliciter
1193 2034 1378 2100 docet,
1428 2035 1480 2090 id
1526 2045 1609 2091 est
1640 2053 1653 2088 :
1686 2036 1844 2105 Audi,
1874 2036 2069 2108 Israel,

498 2118 751 2172 Dominus
770 2119 904 2174 Deus
923 2128 1059 2187 tuus,
1081 2121 1219 2178 Deus
1240 2140 1371 2178 unus
1391 2135 1463 2179 est
1483 2124 1658 2195 (Deut.
1680 2142 1756 2196 Vt,
1780 2128 1856 2197 4).
1881 2130 2072 2184 Omnia

499 2218 704 2273 tamen,
728 2217 784 2263 ut
805 2209 931 2275 dixi,
959 2211 1140 2280 specie
1167 2222 1523 2269 contexuntur
1542 2214 1816 2273 historica.
1843 2206 1917 2272 ὀ.
1934 2218 2071 2286 Quid

499 2298 754 2353 historica
793 2300 1070 2368 speciebus
1115 2304 1325 2359 caeteris
1369 2306 1625 2373 praestat?
1669 2306 1747 2362 Μ.
1780 2308 1932 2374 Quod
1971 2308 2073 2379 ipsi

501 2396 707 2446 castum:
735 2389 1010 2458 subjacent
1040 2408 1052 2444 :
1084 2392 1218 2460 ipsa,
1251 2394 1402 2449 nulli.
1434 2394 1505 2450 D.
1530 2398 1666 2465 Quid
1691 2397 1766 2452 illi
1789 2414 2074 2457 commune

505 2494 623 2533 cum
650 2482 906 2536 caeteris?
946 2480 1024 2536 Μ.
1053 2483 1224 2539 liabet
1244 2499 1529 2542 commune
1556 2503 1677 2543 cum
1708 2490 1937 2561 simplici
1975 2493 2074 2547 do-

504 2570 691 2634 ctrina,
715 2570 859 2641 quod
888 2581 1107 2642 utraque
1148 2575 1431 2644 superﬁcie
1454 2579 1629 2647 plana:
1658 2580 1925 2649 videntur,
1952 2597 2074 2638 cum

505 2656 611 2713 sint
649 2660 852 2717 intelle.
867 2669 921 2718 tu
961 2662 1273 2735 plerumque
1309 2664 1552 2723 difﬁciles
1592 2684 1606 2721 :
1649 2684 1770 2726 nam
1800 2671 1921 2737 alite
1950 2686 2078 2729 con-

507 2762 607 2805 ιη.
905 2793 909 2797 .
1078 2758 1085 2764 ’

1112 2810 1338 2899 CAPUT
1377 2845 1466 2901 1v.

1101 2932 1181 2989 De
1208 2938 1493 3008 praphetia.

586 3042 644 3097 υ.
668 3040 802 3108 Quid
830 3050 912 3097 est
938 3043 1249 3113 prophetia?
1276 3046 1353 3099 Η.
1378 3046 1578 3104 Rerum
1612 3050 1909 3121 latentium,
1944 3068 2080 3123 pra:-

510 3134 807 3199 teritarum,
833 3143 921 3186 aut
948 3136 1310 3203 praesentium,
1341 3146 1433 3193 aut
1458 3140 1776 3209 futurarum,
1806 3158 1870 3198 ex
1902 3145 2079 3202 divina

510 3223 854 3291 inspiratione
898 3226 1272 3282 manifestatio.
1319 3227 1389 3285 ι).
1421 3231 1493 3286 Da
1536 3231 1592 3286 in
1631 3236 1915 3303 praeteritis
1959 3253 2083 3307 pro-

509 3314 762 3383 phetiam.
840 3314 916 3367 Μ.
959 3315 1121 3370 Verbo
1150 3318 1352 3373 Domini
1393 3322 1505 3375 cazli
1529 3324 1719 3391 ﬁrmati
1763 3337 1879 3380 sunt
1910 3326 2082 3391 (Psal.

512 3420 673 3470 ann,
705 3407 781 3474 ὕ).
812 3406 914 3459 Et:
942 3407 1193 3471 Quoniam
1221 3409 1329 3477 ipse
1357 3410 1507 3477 dixit,
1533 3424 1577 3465 et
1601 3417 1737 3483 facta
1763 3425 1881 3468 sunt
1907 3404 2079 3486 ('Psal.

509 3511 730 3561 crtum,
765 3498 840 3565 5).
886 3497 953 3551 Et
978 3513 991 3549 :
1020 3496 1085 3551 In
1108 3499 1355 3568 principio
1384 3502 1502 3572 fecit
1537 3501 1671 3558 Deus
1699 3507 1880 3559 coelum
1908 3516 1955 3561 et
1982 3517 2080 3562 ter-

509 3601 619 3637 ram
649 3582 801 3653 (Gen.
834 3600 850 3640 ι
909 3588 983 3655 1).
1018 3586 1085 3642 D.
1117 3588 1189 3641 Da
1221 3590 1271 3642 in
1297 3594 1667 3659 praesentibus.
1696 3595 1774 3651 Μ.
1808 3597 2080 3668 Cognitio-

510 3693 630 3730 nem
660 3676 819 3731 futuri
854 3678 975 3732 facti
998 3679 1140 3735 Giezi
1169 3684 1422 3751 propheta
1459 3686 1509 3739 in
1542 3690 1788 3755 pra-senti
1820 3690 1948 3745 vidit
1976 3691 2082 3761 (IV

512 3767 642 3838 Reg.
672 3784 724 3835 ν,
748 3769 841 3836 ‘20)
871 3787 882 3822 :
914 3781 967 3824 et
997 3771 1218 3826 Ananize
1246 3788 1308 3827 ac
1335 3773 1610 3844 Sapltiruc,
1643 3778 1833 3835 Petrus
1872 3793 2087 3851 aposto-

511 3857 592 3911 lus
614 3859 751 3918 (Act.
782 3856 1167 3928 v,i-lO).D.Da
1194 3864 1247 3918 in
1276 3867 1486 3920 tuturis.
1516 3867 1589 3921 Μ.
1623 3868 1756 3925 Ecce
1781 3873 1922 3943 t'irgo
1952 3876 2086 3929 acci-

515 3952 612 4015 piet
633 3952 683 4002 in
704 3961 846 4005 utero
868 3950 1000 4021 (15a.
1027 3968 1118 4016 vn,
1144 3955 1257 4025 ii),
1279 3965 1381 4011 etc.
1409 3957 1474 4012 D.
1499 3959 1676 4026 Quare
1697 3963 1750 4016 in
1775 3963 2089 4023 definitione

519 4043 742 4107 positum
770 4054 851 4097 est
876 4042 1183 4098 (arentium?
1235 4031 1311 4099 Μ.
1344 4047 1477 4114 Quia
1508 4049 1554 4103 si
1581 4053 1702 4120 quis
1735 4052 1844 4121 jam
1873 4058 2083 4125 Cognita

517 4129 679 4194 dicat,
711 4131 830 4185 licet
869 4142 921 4187 et
956 4131 1130 4187 futura
1159 4134 1286 4200 sint,
1317 4146 1493 4191 tamen
1534 4140 1790 4209 propheta
1827 4159 1933 4198 non
1963 4153 2082 4199 est:

514 4219 649 4273 sicut
673 4236 788 4286 nos,
811 4236 932 4277 cum
957 4226 1400 4282 resurrectionem
1424 4230 1792 4297 praedicamus,
1812 4235 2088 4303 prephette

512 4326 617 4365 non
646 4329 852 4368 sumus.
901 4317 957 4370 Si
987 4332 1114 4371 vero
1158 4318 1521 4391 cujuscunque
1566 4328 1820 4393 temporis
1866 4327 2084 4384 latentia

511 4405 835 4472 manifestat,
866 4419 990 4462 tunc
1019 4410 1276 4479 pmpheta
1305 4420 1406 4483 est,
1430 4413 1566 4468 sicut
1587 4414 1698 4484 jam
1727 4419 2081 4474 ostendimus.

511 4492 582 4545 ι).
608 4493 779 4547 l’roba
811 4494 929 4551 hoc.
985 4471 1062 4550 Μ.
1095 4471 1337 4568 Ᾰροειοιί
1385 4471 1709 4571 testium-nio,
1759 4471 2083 4576 inEpistola
2113 4471 2167 4532 Β

511 4582 579 4635 ad
606 4584 936 4652 Corinthios,
969 4589 1055 4656 qui
1083 4589 1158 4643 ait
1188 4605 1202 4641 :
1245 4588 1306 4644 Si
1331 4595 1612 4647 convenerit
1643 4596 1878 4650 uniuersa
1907 4597 2086 4653 Eccle-

511 4675 588 4727 sia
607 4676 659 4727 in
679 4691 862 4742 unum,
880 4687 928 4730 et
951 4679 1138 4749 linguis
1168 4681 1438 4750 loquantur
1468 4700 1668 4752 omnes,
1702 4688 1888 4742 intrent
1917 4703 2089 4747 autem

512 4765 715 4832 idiotte,
760 4784 924 4823 nonne
953 4772 1118 4825 dicent
1147 4776 1265 4842 quia
1296 4777 1572 4832 insanitis?
1629 4780 1689 4836 Si
1719 4793 1889 4837 autem
1917 4802 2089 4842 omnes

511 4858 833 4925 propltetent,
863 4861 1010 4915 intret
1037 4874 1205 4917 autem
1233 4868 1457 4936 inﬁdelis
1486 4880 1576 4923 aut
1608 4873 1792 4936 idiota,
1824 4877 2088 4931 convinci-

513 4957 598 5001 tur
616 4951 676 5003 ab
699 4953 950 5020 omnibus,
973 4957 1311 5027 interrogatur
1336 4962 1397 5014 ab
1426 4964 1679 5031 omnibus,
1708 4969 1907 5021 occulta
1935 4971 2089 5024 etiam

513 5042 683 5096 cordis
712 5046 823 5114 ejus
854 5048 1125 5117 manifesta
1153 5060 1298 5103 erunt
1323 5068 1341 5105 :
1368 5064 1413 5105 et
1442 5063 1559 5107 tunc
1587 5058 1771 5111 cadens
1800 5059 1853 5112 in
1879 5060 2086 5129 faciem,

514 5134 746 5189 adorabit
772 5135 960 5207 Deum,
1009 5143 1318 5196 annuntians
1363 5146 1499 5213 quod
1548 5149 1812 5216 manifeste
1852 5147 1992 5205 Deus
2035 5153 2089 5205 in

512 5226 654 5281 vobis
677 5240 748 5282 est
779 5228 830 5300 (Ι
859 5231 979 5287 Cor.
1009 5248 1119 5300 xiv,
1150 5234 1220 5286 25
1250 5235 1400 5305 -Ξ5).
1451 5237 1591 5293 Ecce
1630 5241 1919 5309 Apostolus
1961 5258 2088 5315 pro-

517 5323 708 5391 phetiae
748 5325 856 5379 vim
904 5325 956 5378 in
999 5327 1325 5380 occultorum
1370 5330 1797 5388 manifestatione
1838 5335 2087 5404 signavit.

514 5416 621 5471 Sed
649 5404 703 5471 ct
722 5420 997 5487 sequentia
1027 5418 1078 5473 in
1101 5419 1288 5473 eadem
1316 5418 1553 5488 Epistula
1584 5430 1638 5476 et
1666 5427 1894 5492 caeteris,
1923 5435 2089 5498 multa

589 5562 615 5590 ι
644 5553 808 5608 Caute
835 5553 973 5620 lege,
1006 5571 1125 5631 nam
1158 5573 1432 5627 perperam
1463 5563 1718 5630 quosdam
1750 5568 1912 5625 libros
1937 5592 1965 5630 a
1994 5592 2083 5631 ca.
2140 5556 2143 5559 5

515 5638 657 5707 none
686 5635 985 5707 sanctarum
1013 5627 1404 5707 Scripturarum
1447 5627 1645 5707 evellit.
1727 5627 2075 5707 nmmuggg,

516 5695 682 5750 indic.
716 5694 899 5750 lihror.
926 5694 1167 5766 exitur-5..
1199 5710 1325 5755 tum.
1360 5700 1398 5769 l,
1429 5717 1547 5773 pag.
1584 5704 1651 5758 b7

2169 1847 2366 1913 storia;
2396 1846 2489 1901 sed
2529 1848 2819 1916 prophetiae
2860 1848 3083 1903 intentio
3111 1857 3215 1913 est,
3247 1862 3352 1902 non
3384 1855 3531 1918 gesta
3558 1854 3744 1901 conte-

2171 1951 2315 2002 xere,
2340 1936 2433 1992 sed
2456 1938 2827 2007 praedictorum
2856 1939 3055 1993 exitum
3087 1938 3453 2008 comprobare.
3482 1936 3744 1991 Jeremias

2170 2040 2292 2082 cum
2322 2028 2491 2083 dicit:
2538 2028 2714 2096 Terra,
2759 2038 2918 2098 terra,
2961 2029 3085 2084 audi
3132 2029 3333 2083 verbum
3371 2028 3580 2082 Domini
3606 2025 3743 2096 (λετ.

2172 2133 2305 2186 uti,
2350 2117 2463 2188 29),
2513 2127 2734 2185 terram,
2785 2120 3211 2192 proverbialiter,
3245 2119 3541 2173 habitantes
3584 2118 3636 2170 in
3682 2130 3745 2171 ea

2174 2207 2415 2264 homines
2443 2222 2730 2278 nuncupat.
2760 2210 2823 2263 Et
2850 2224 2970 2264 cum
2998 2209 3160 2263 lsaias
3189 2208 3319 2263 dicit
3349 2225 3363 2261 :
3395 2208 3518 2261 Non
3545 2207 3645 2259 tale
3663 2210 3747 2277 je-

2164 2299 2375 2368 junium
2402 2299 2552 2369 elegi,
2581 2299 2705 2353 dicit
2734 2299 2980 2353 Dominus
3006 2313 3026 2352 :
3053 2302 3140 2354 sed
3164 2299 3304 2353 solve
3332 2314 3530 2353 omnem
3560 2301 3748 2352 nodum

2175 2388 2455 2457 iniquitatis
2476 2387 2611 2457 (lsa.
2638 2388 3210 2460 Lvm,5,6),etc.,vclut
3239 2388 3552 2457 simpliciter
3570 2388 3748 2452 docet,

2176 2477 2273 2535 sed
2329 2485 2388 2532 ut
2440 2477 2752 2549 prophetico
2810 2478 3000 2547 spiritu
3053 2479 3235 2549 jussus
3298 2478 3414 2533 hate
3476 2477 3749 2545 praedicat.

2180 2570 2249 2625 Β.
2272 2562 2408 2638 Quid
2440 2570 2734 2640 proivhetiaa
2756 2584 3037 2626 commune
3056 2583 3177 2625 cum
3203 2568 3450 2624 caneris?
3481 2567 3561 2623 Μ.
3584 2568 3751 2626 [labri

2179 2675 2461 2717 commune
2501 2675 2622 2715 cum
2664 2659 2969 2715 Proverbiis
3009 2661 3150 2730 quod
3195 2669 3419 2729 utraque
3466 2659 3753 2729 superﬁcie

2181 2750 2419 2808 difﬁcilia
2441 2740 2585 2818 sunt,
2616 2752 2710 2809 sed
2742 2753 2990 2851 pleraque
3018 2752 3289 2809 intellectu
3325 2768 3431 2809 non
3460 2751 3644 2809 ardua.

2807 2864 3032 2923 CAPUT
3068 2867 3134 2921 γ.

2756 2955 2833 3013 De
2864 2956 3181 3013 Proverbiis.

2258 3068 2325 3123 D.
2356 3068 2483 3137 Quae
2512 3078 2592 3124 est
2620 3069 2971 3139 proverbialis
3000 3070 3247 3139 species?
3297 3069 3373 3124 Μ.
3405 3068 3661 3137 Quazdam
3700 3071 3757 3124 ti-

2183 3165 2370 3226 gnrata
2400 3158 2617 3222 locutio,
2660 3158 2804 3212 aliud
2851 3172 3072 3227 sonans,
3118 3160 3258 3213 aliud
3306 3160 3567 3226 sentiens,
3612 3171 3668 3215 et
3708 3162 3761 3217 in

2186 3251 2436 3317 prmsenti
2468 3264 2815 3304 commonens
2848 3260 3111 3319 tempore.
3159 3251 3223 3305 ι).
3259 3251 3313 3304 In
3342 3251 3534 3320 quibus
3557 3251 3672 3306 haec
3699 3252 3762 3306 li-

2185 3340 2296 3394 bris
2321 3340 2611 3408 accipitur?
2643 3339 2720 3392 Μ.
2756 3342 2809 3394 In
2839 3339 3085 3394 duobus:
3116 3340 3418 3396 Salomonis
3446 3341 3762 3396 Proverbio‘

2187 3445 2304 3484 rum
2336 3430 2428 3483 lib.
2455 3431 2507 3497 1,
2535 3439 2589 3485 et
2614 3430 2739 3485 .lesu
2774 3430 2867 3484 ﬁlii
2896 3430 3083 3486 Sirach
3111 3431 3199 3486 lib.
3235 3433 3285 3486 1.

2260 3518 2329 3571 D.
2393 3518 2580 3574 Nullus
2643 3520 2779 3574 alius
2845 3520 2980 3575 liber
3041 3520 3165 3576 huic
3222 3521 3415 3589 Specici
3474 3522 3765 3577 subditur?

2189 3610 2266 3666 Μ.
2297 3611 2605 3681 Adjungunt
2632 3613 2845 3681 quidam
2875 3614 3066 3667 librum
3097 3614 3185 3683 qui
3214 3623 3429 3669 vocatur
3450 3613 3765 3683 Sapientiae,

2188 3714 2242 3757 et
2268 3701 2481 3755 Cantica
2512 3685 2862 3756 canticorum.
2899 3702 2962 3756 D.
2994 3704 3329 3758 Accitlttntne
3360 3704 3441 3758 his
3467 3704 3615 3758 libris
3645 3705 3765 3758 alia:

2189 3795 2431 3860 species“!
2477 3790 2555 3845 Μ.
2592 3792 2715 3846 Sola
2756 3794 2980 3861 simplex
3011 3792 3250 3847 doctrina
3280 3795 3489 3858 accidit,
3519 3796 3614 3848 scd
3652 3809 3758 3849 non

2147 3930 2153 3935 .
2191 3882 2571 3952 principaliter,
2604 3881 2706 3935 nisi
2743 3884 2807 3934 ad
2839 3883 3276 3950 explanationem
3306 3886 3385 3936 vel
3417 3883 3760 3939 commenda-

2191 3976 2389 4028 tionem
2424 3972 2831 4029 Proverbiorum
2874 3989 2890 4027 :
2945 3982 3018 4037 ut,
3048 3971 3262 4026 Initium
3309 3975 3570 4044 s,:pientite
3614 3976 3766 4030 timor

2191 4065 2398 4119 Domini
2421 4064 2601 4136 (Prov.
2627 4081 2666 4130 ι,
2700 4066 2750 4131 7;
2784 4080 2858 4129 tx,
2884 4064 2993 4133 10).
3082 4071 3093 4078 ’

2260 4155 2332 4209 D.
2379 4155 2517 4221 Quid
2546 4156 2845 4211 Proverbiis
2892 4170 3177 4211 commune
3212 4171 3333 4211 cum
3384 4157 3631 4211 caeteris?
3688 4157 3764 4211 Μ.

2191 4248 2364 4305 liabet
2387 4263 2506 4304 cum
2541 4247 2814 4319 prophetia
2843 4262 3143 4314 commune,
3177 4249 3317 4317 quod
3354 4248 3634 4314 superﬁcie
3658 4247 3764 4301 dif-

2192 4339 2347 4395 ﬁcilis
2392 4340 2622 4407 videtur,
2666 4353 2786 4394 cum
2835 4339 3111 4393 inteJcctu
3159 4340 3469 4408 plerumque
3520 4353 3625 4391 non
3674 4338 3763 4392 sit.

2198 4434 2259 4485 Ι).
2294 4430 2431 4499 Quid
2473 4430 2635 4486 habet
2676 4429 3021 4498 proverbialis
3067 4432 3275 4498 species
3323 4429 3630 4498 preprium?
3689 4427 3765 4481 Μ.

2192 4522 2345 4589 Quod
2377 4522 2427 4576 ei
2453 4536 2624 4591 neque
2654 4520 2899 4587 histbria,
2930 4535 3103 4590 neque
3135 4521 3409 4589 prophetia
3441 4520 3763 4583 miscentur;

2192 4624 2248 4669 et
2278 4615 2389 4669 sola
2415 4625 2500 4669 est
2527 4629 2644 4683 quae
2673 4614 2746 4668 ita
2777 4614 3115 4682 intelligitur,
3147 4620 3204 4667 ut
3231 4613 3623 4682 quodammodo
3655 4627 3777 4665 vet-

2192 4707 2383 4762 horum
2407 4706 2715 4774 superﬁcies
2737 4704 3029 4760 auferatur.
3055 4703 3123 4757 D.
3154 4706 3329 4768 Quare
3356 4706 3408 4755 in
3438 4702 3538 4756 hoc
3566 4713 3766 4756 tantum

2195 4798 2396 4853 licitum
2465 4798 2618 4852 nobis
2662 4804 2785 4862 est,
2842 4812 2946 4849 non
3000 4803 3199 4848 textum
3246 4794 3535 4860 Scriptura:
3607 4791 3771 4860 ipsius

2196 4890 2558 4954 considerare,
2593 4888 2686 4943 scd
2725 4903 2965 4951 sensum,
2993 4902 3112 4941 cum
3154 4884 3208 4938 in
3247 4884 3458 4938 caeteris
3491 4883 3661 4937 tribus
3698 4882 3771 4936 ita

2198 4979 2477 5048 allegorias
2508 4970 2757 5047 mysticas
2786 4976 3146 5040 aduiittainus,
3171 4983 3230 5027 ut
3258 4975 3580 5028 narrationis
3612 4972 3770 5027 tidem

2196 5078 2521 5138 praesentare
2558 5081 2777 5121 necesse
2798 5066 2900 5121 sit?
2931 5064 3006 5118 Μ.
3048 5066 3179 5131 Quia
3221 5064 3266 5119 si
3298 5065 3621 5119 voluerimus
3650 5078 3772 5131 pro-

2198 5160 2484 5216 verbialem
2530 5158 2761 5226 speciem
2811 5157 3005 5226 ubique
3043 5155 3353 5229 allegoriam
3390 5157 3470 5210 sic
3507 5154 3766 5223 recipere,

2198 5262 2256 5306 ut
2284 5249 2602 5306 narrationis
2629 5248 2825 5304 veritas
2853 5248 3154 5304 inlirmctur
3172 5288 3187 5315 ,
3236 5249 3410 5314 locum
3440 5248 3630 5302 damus
3672 5245 3771 5299 ini-

2199 5343 2373 5407 micis,
2399 5351 2555 5412 prout
2577 5341 2861 5407 voluerint,
2904 5341 3111 5395 divinos
3152 5336 3329 5395 libros
3364 5335 3767 5405 interpretandi.

2202 5442 2270 5497 υ.
2299 5433 2441 5500 Quot
2485 5432 2656 5489 modis
2681 5431 2733 5485 in
2765 5432 2945 5487 divina
2972 5432 3085 5501 lege
3115 5429 3365 5502 allegoria
3392 5427 3772 5498 cognoscitur?

2266 5578 2294 5618 ι)
2325 5580 2466 5633 Citra
2496 5588 2656 5628 omne
2680 5574 2785 5639 jam
2818 5571 3035 5627 dubium
3070 5574 3202 5625 liber
3230 5567 3573 5638 Apocalypsis
3604 5579 3654 5623 et
3683 5579 3770 5622 ca-

2190 5652 2416 5708 nonicus
2442 5656 2494 5703 et
2522 5645 2863 5716 propheticus
2892 5654 2991 5699 est.
3021 5644 3104 5708 id.
3129 5640 3258 5695 ibid.
