4030 6198
304 329 369 384 19
1811 325 1894 382 Ιυῖ

1996 322 2049 379 ,ιι
3496 322 3567 377 2!}

301 433 382 490 Μ.
411 434 645 502 Quatuor
677 452 689 489 :
720 444 810 490 aut
838 434 1129 491 secundum
1162 435 1561 497 translationem
1601 435 1684 495 vel
1718 446 1883 491 meta-
1918 438 1971 496 Δ

304 532 549 598 phorum,
598 541 655 586 ut
697 540 780 589 est
821 547 836 585 :
886 531 1058 587 Iratus
1106 540 1179 587 est
1219 525 1493 592 Dominus,
1537 540 1585 583 et
1618 530 1883 585 descendit

304 621 502 685 (Exod.
533 638 601 687 tv,
636 622 751 691 Η),
781 631 835 676 et
860 622 1051 676 similia
1079 637 1199 691 qua:
1232 620 1299 675 ad
1326 620 1671 676 insinuandas
1694 633 1885 674 causas

302 728 365 777 ex
414 711 660 775 humanis
707 712 947 766 moribus
991 712 1384 767 transferuntur
1433 710 1500 765 ad
1545 712 1744 774 Deum;
1792 718 1884 764 aut

302 802 593 857 secundum
642 802 1073 872 imagina'ionem
1104 802 1186 857 vel
1231 802 1607 871 ltypotyposin,
1639 810 1696 855 ut
1723 809 1804 856 est
1831 802 1885 855 in

305 882 591 964 Evangelia
617 913 627 948 :
653 895 699 950 11
709 912 821 949 omo
843 895 1052 964 quidam
1079 894 1408 949 descendebat
1434 894 1496 949 ab
1517 892 1802 949 Jerusalem
1828 893 1883 945 in

301 983 509 1041 Jericlto
545 985 697 1051 (Luc.
729 1002 781 1049 ι,
805 986 897 1055 50)
920 1004 934 1049 ;
962 994 1016 1040 et
1041 1000 1227 1049 rursus
1254 985 1508 1053 paraboln
1533 985 1701 1040 vineae
1728 994 1886 1053 atque

303 1077 654 1143 agricolarum
680 1077 891 1143 (Martii.
916 1093 1005 1141 xx,
1040 1083 1177 1145 χιι).
1207 1076 1351 1131 Ordo
1380 1076 1521 1130 enim
1552 1089 1735 1131 eorum
1765 1089 1884 1144 quas

302 1170 620 1236 gerebantur
645 1186 673 1223 a
698 1168 930 1231 Christo,
957 1169 1099 1223 velut
1122 1168 1349 1237 imagine
1372 1182 1612 1237 peracute
1638 1176 1693 1222 et
1718 1183 1883 1237 nego.

303 1259 361 1311 tii
392 1259 613 1311 alterius
645 1258 870 1331 refertur
896 1258 1165 1326 impletus.
1214 1260 1321 1313 Λιιι
1352 1258 1642 1340 secundum
1669 1272 1886 1325 compa-

302 1349 566 1403 rationem
605 1351 685 1403 vel
732 1349 1159 1413 similitudinem,
1194 1349 1333 1409 sicut
1371 1348 1501 1403 dicit
1547 1366 1558 1401 :
1603 1348 1785 1403 Simile
1812 1356 1884 1401 est

301 1454 517 1507 regnum
553 1439 792 1495 caelorum
839 1455 1000 1509 grano
1048 1439 1242 1507 sinapis
1299 1438 1453 1501 (an.
1484 1454 1601 1506 xm,
1632 1439 1744 1507 19).
1774 1448 1882 1494 etc.

303 1531 423 1587 Non
454 1530 597 1601 enim
629 1533 897 1595 narratio,
927 1532 1064 1591 sicut
1092 1532 1141 1585 in
1168 1530 1450 1598 superiore
1479 1531 1728 1608 exemplo
1755 1545 1884 1586 con-

306 1625 523 1688 texitur,
551 1624 645 1677 sed
674 1638 955 1676 causarum
986 1623 1321 1679 solummodo
1349 1631 1726 1691 comparantur
1756 1622 1886 1677 clie-

304 1722 439 1766 ctus.
490 1716 595 1783 Aut
635 1712 927 1781 secundum
977 1712 1365 1781 proverbialem
1413 1713 1647 1774 modum.
1680 1723 1737 1767 ιιι
1765 1722 1882 1770 est:

304 1801 429 1855 Bibe
454 1814 641 1871 aquam
668 1804 731 1856 de
761 1806 861 1857 tatis
886 1790 1043 1866 vasis,
1072 1812 1119 1857 et
1145 1805 1208 1857 de
1232 1807 1449 1858 cisterna
1474 1815 1584 1869 tua,
1616 1814 1662 1857 et
1694 1805 1759 1858 de
1782 1805 1881 1858 tuis
1916 1796 1958 1853 Β

305 1894 471 1961 puteis
512 1892 694 1963 (Prov.
726 1909 778 1956 v,
816 1892 927 1960 lii),
975 1908 1097 1951 cum
1145 1894 1273 1948 velit
1315 1893 1588 1960 Scriptura
1640 1894 1880 1955 innuere,

304 1982 572 2037 carnalem
621 1983 1107 2053 concupiscentiam
1155 1982 1292 2037 intra
1329 1981 1598 2037 licentiam
1648 1982 1883 2051 conjugii

305 2073 697 2137 refrenandam.

910 2224 1136 2281 CAPUT
1177 2225 1264 2281 Vl.

792 2334 867 2390 De
891 2335 1110 2404 simplici
1137 2335 1388 2389 doctrina.

383 2489 447 2544 D.
488 2490 617 2556 Qum
663 2499 745 2545 est
791 2491 1018 2559 simplex
1064 2490 1341 2545 doctrina?
1390 2488 1468 2545 Μ.
1498 2489 1643 2559 Qua,
1677 2491 1744 2547 de
1785 2491 1888 2553 (ide

307 2589 398 2635 aut
424 2580 491 2635 de
521 2582 760 2636 moribus
801 2582 851 2635 in
884 2579 1135 2650 ιιι-περιιιὶ
1179 2593 1419 2651 tempore
1449 2582 1757 2651 simpliciter
1792 2582 1888 2637 do-

305 2685 512 2728 cemur.
1248 2666 1251 2669 ¹

382 2762 448 2816 D.
488 2763 667 2830 Quare
724 2762 827 2818 hoc
876 2777 1067 2816 nomen
1119 2763 1361 2832 accepit?
1414 2762 1487 2816 Μ.
1528 2761 1660 2829 Quia
1713 2763 1886 2831 omnis

307 2855 520 2922 quidem
551 2855 825 2922 Scriptura
869 2854 1071 2923 aliquid
1116 2855 1303 2917 docet,
1336 2855 1429 2907 scd
1479 2855 1579 2907 sub
1608 2855 1727 2907 aliis
1768 2869 1889 2921 5pc-

309 2947 487 3000 ciobus
520 2962 648 3015 quas
684 2962 843 3015 supra
873 2947 1139 3012 diximus;
1185 2947 1283 3000 sub
1324 2947 1515 3012 quibus
1546 2945 1686 2999 aliud
1727 2946 1885 2999 etiam

312 3041 501 3108 agitur.
555 3038 680 3093 "(PC
725 3048 903 3093 autem
952 3044 1123 3107 neque
1178 3037 1455 3093 historiam
1501 3037 1664 3102 texit,
1714 3052 1887 3106 neque

313 3131 644 3199 prophetiam
664 3169 681 3194 ,
716 3146 890 3198 neque
920 3132 1324 3199 proverbialiter
1354 3133 1404 3184 lo
1428 3131 1611 3194 :uitur;
1645 3130 1738 3186 sed
1772 3141 1888 3185 lﬂl'-
1917 3156 1962 3219 ο

311 3221 586 3278 tummodo
615 3222 932 3291 simpliciter
977 3222 1152 3276 docet.
1192 3222 1262 3277 ι).
1293 3222 1390 3289 Qui
1424 3222 1542 3276 libri
1586 3221 1652 3275 ad
1685 3224 1890 3290 simpli-

311 3327 427 3369 cem
455 3313 753 3369 doctrinam
785 3314 1091 3382 pertinent?
1118 3312 1196 3368 Μ.
1225 3312 1480 3367 Canonici
1508 3313 1805 3377 sexdecim;
1840 3314 1887 3367 id

311 3416 422 3468 cat,
454 3405 659 3459 Eeclcs.
684 3405 775 3457 lib.
803 3418 842 3457 ι.
878 3405 944 3456 Et
972 3404 1139 3473 Epist.
1173 3403 1315 3456 Pauli
1346 3402 1585 3471 Apostoli
1617 3403 1682 3455 ad
1732 3403 1883 3457 Rom.

313 3495 367 3556 ι,
392 3495 454 3547 ad
478 3492 720 3549 Cutintlt.
740 3494 795 3554 ρ,
820 3494 884 3546 ad
904 3494 1018 3547 Gal.
1049 3495 1099 3556 ι,
1122 3494 1187 3547 ad
1219 3493 1416 3561 Epites.
1444 3493 1495 3555 ι,
1520 3494 1586 3546 ad
1616 3492 1812 3561 enin...
1838 3495 1887 3556 ι,

313 3586 378 3639 ad
420 3586 626 3640 Coloss.
656 3586 711 3649 ι,
747 3584 813 3639 ad
844 3584 1083 3638 Thessal.
1113 3583 1178 3647 9.,
1212 3585 1279 3636 ad
1320 3583 1554 3636 'l‘imotb.
1585 3582 1649 3649 2,
1695 3583 1760 3635 ad
1804 3582 1892 3636 'l‘i-

314 3687 425 3733 tum
476 3679 535 3739 ι,
576 3678 642 3731 ad
688 3676 909 3730 Philem.
941 3678 1001 3738 1,
1042 3674 1108 3726 ad
1156 3675 1287 3727 Ileb.
1336 3674 1394 3737 ι;
1438 3672 1587 3727 Beati
1636 3671 1780 3726 Petri
1823 3673 1890 3727 ad

317 3768 515 3823 Gentes
544 3768 603 3829 1,
632 3776 686 3820 ct
714 3767 857 3821 Beati
888 3766 1107 3819 Joannis
1137 3765 1326 3831 prima.
1358 3763 1423 3815 ι).
1457 3762 1593 3816 Nulli
1625 3761 1712 3815 alii
1765 3761 1890 3817 libri

316 3858 383 3912 ad
430 3857 728 3925 simplicem
787 3856 1081 3909 doctrinam
1125 3853 1425 3923 pertinent?
1470 3851 1545 3905 Μ.
1590 3852 1895 3921 Adjungunt

317 3950 689 4017 quampluritni
727 3948 957 4017 quinque
995 3947 1128 4001 alias
1156 3962 1274 4017 qure
1305 3946 1678 4017 Apostolorum
1720 3944 1892 3999 Cano-

318 4041 452 4095 nicze
476 4050 847 4107 nuncupantur
872 4059 884 4092 :
910 4039 959 4093 id
987 4051 1099 4105 est,
1123 4037 1309 4093 Jacobi
1340 4040 1388 4100 t,
1418 4038 1557 4091 l‘etri
1584 4038 1891 4103 sectandam,

316 4131 466 4186 Judre
507 4148 697 4197 unam,
729 4131 950 4185 Joannis
990 4132 1142 4184 duas.
1192 4127 1259 4184 D.
1297 4130 1448 4183 Nulla
1495 4130 1543 4183 in
1593 4128 1673 4183 bis
1728 4129 1895 4201 libris

315 4229 418 4280 alia
466 4226 672 4293 species
717 4224 1013 4279 invenitur?
1072 4222 1146 4275 Μ.
1192 4221 1469 4277 Accedunt
1511 4232 1751 4284 (δείδιθι-π’,
1799 4223 1895 4276 sed

317 4332 422 4371 non
481 4317 878 4384 principaliter,
928 4317 1025 4369 nisi
1083 4314 1151 4368 ad
1201 4314 1568 4382 probationem
1615 4314 1891 4368 doctrinm.

317 4413 447 4465 Nam
491 4428 609 4465 cum
654 4412 783 4464 dicit
813 4409 1136 4478 Apostolus:
1175 4407 1239 4460 Et
1285 4410 1407 4458 dunt
1447 4409 1689 4460 venissem
1732 4407 1898 4461 Troa-

316 4506 458 4563 dem,
503 4506 555 4555 in
598 4503 878 4573 Evangelia
915 4501 1104 4556 Christi
1148 4503 1334 4555 ostium
1382 4503 1510 4553 mihi
1550 4511 1781 4568 apertum
1821 4513 1895 4556 est
1930 4536 1978 4593 ο

315 4595 403 4666 (II
434 4596 551 4650 Cor.
577 4612 644 4659 ιι,
679 4596 796 4663 1‘2);
825 4607 878 4649 et
907 4594 994 4647 ubi
1026 4594 1183 4647 Petro
1211 4594 1407 4648 dicitur
1441 4594 1489 4647 in
1524 4594 1711 4649 faelem
1740 4597 1896 4651 reui-

318 4688 474 4750 tisse,
520 4689 661 4741 VPilll
710 4688 984 4741 historiam
1028 4687 1237 4739 videtur
1282 4682 1481 4741 texere.
1531 4685 1733 4739 Rursus
1772 4702 1892 4741 cum

316 4780 481 4837 dicit:
519 4780 649 4834 Ecce
688 4782 980 4850 mysterium
1016 4780 1155 4833 vobis
1185 4781 1332 4832 dico:
1367 4777 1552 4831 Omnes
1582 4779 1785 4843 quidem
1816 4796 1885 4833 re:

311 4890 599 4945 se'j'etnus,
639 4876 727 4925 sed
771 4891 873 4926 non
919 4855 1090 4925 omnes
1134 4870 1517 4923 immutabimur
1561 4868 1624 4936 (1
1656 4870 1775 4923 Cor.
1804 4887 1888 4932 ttv,

314 4964 440 5029 5i),
472 4965 741 5031 propheta:
780 4978 915 5029 ouis
957 4961 1282 5030 aggreditur.
1311 4959 1443 5012 Cum
1488 4959 1595 5011 ait:
1632 4958 1890 5013 Cretenses

315 5064 511 5113 seraper
537 5050 823 5112 mendaces,
855 5050 1004 5102 mula:
1042 5048 1240 5111 bestico,
1278 5053 1473 5099 ventres
1508 5046 1640 5114 pigri
1682 5044 1816 5114 (Tit.
1844 5061 1891 5111 l,

315 5138 437 5207 η),
470 5138 893 5206 proverbiatibus
939 5138 1108 5192 utitur
1147 5137 1363 5192 verbis:
1394 5136 1574 5189 omnia
1619 5146 1795 5190 tamen
1825 5138 1890 5191 ad

316 5228 572 5283 doctrinae
617 5226 1015 5296 probationem,
1061 5239 1118 5282 ιιι
1160 5227 1412 5293 diximus,
1446 5227 1774 5282 inseruntur.
1823 5228 1891 5283 D.

313 5320 450 5387 Quid
480 5333 765 5373 commune
803 5330 921 5371 eum
955 5319 1163 5372 caeteris
1215 5318 1493 5387 speciebus
1531 5318 1754 5387 simplex
1797 5320 1895 5376 do-

312 5415 486 5468 ctrina
512 5404 805 5466 ltatzetl'M.
832 5409 1000 5463 llabet
1021 5424 1142 5463 cum
1172 5410 1395 5463 historia
1422 5425 1725 5474 commune,
1752 5412 1894 5480 quod

314 5513 557 5574 utraque,
583 5500 862 5573 superﬁcie
892 5502 1072 5557 faciles
1095 5500 1369 5564 videntur,
1401 5514 1521 5553 cum
1564 5502 1669 5556 sint
1713 5502 1895 5573 inspe-

312 5594 486 5649 ctione
510 5606 595 5647 aut
621 5596 887 5649 intellectu
921 5594 1236 5663 p'erumque
1262 5589 1528 5645 difﬁciles.

2597 439 2819 494 CAPUT
2862 436 2978 495 VH.

2354 527 2426 581 De
2458 532 2758 583 auctoritate
2786 531 3191 597 Scripturaram.

2063 637 2137 709 Ι).
2180 637 2462 704 Quomodo
2506 640 2807 694 divinorum
2858 640 3139 695 Librorum
3188 640 3564 696 consideratur
3656 698 3661 705 ι

1984 730 2310 785 auctoritas?
2341 730 2419 784 Μ.
2458 732 2589 798 Quia
2629 730 2842 800 quidam
2883 731 3133 800 perfecte
3174 732 3511 785 auctoritatis
3541 743 3565 769 ι

1986 829 2139 883 sunt,
2190 821 2404 890 quidam
2436 822 2657 889 mediae,
2696 822 2908 892 quidam
2957 824 3171 876 nullius.
3206 820 3272 875 D.
3307 823 3405 888 Qui
3442 831 3568 875 sunt

1986 909 2234 978 perlecta:
2260 912 2629 966 auctoritatis?
2661 911 2737 965 Μ.
2763 912 2906 980 Quos
2932 910 3231 977 Canonieos
3262 912 3313 965 in
3345 911 3567 979 singulis

1986 1001 2269 1069 speciebus
2316 1001 2559 1057 absolute
2604 1000 3057 1056 cnnmeravimus.
3094 1000 3161 1053 D.
3199 1000 3298 1067 Qui
3343 1002 3567 1054 medim?

1989 1090 2066 1144 Μ.
2104 1092 2250 1157 Quos
2275 1091 2487 1160 adjungi
2522 1107 2551 1146 a
2593 1093 2832 1160 pluribus
2853 1093 3105 1145 diximus.
3138 1088 3205 1142 ι).
3238 1090 3337 1155 Qui
3369 1090 3568 1144 nullius

1985 1180 2316 1236 auctoritatis
2353 1183 2510 1235 sunt?
2542 1181 2621 1236 Μ.
2652 1182 2858 1251 Reliqui
2887 1196 3097 1235 omnes.
3136 1179 3201 1233 ι).
3234 1180 3287 1232 lu
3317 1181 3567 1233 omnibus

1985 1274 2267 1339 speciebus
2294 1272 2377 1328 bat
2404 1273 2723 1329 diﬂ'ereutire
2754 1274 3128 1329 inveniuntur?
3158 1273 3234 1326 Μ.
3263 1272 3318 1326 ln
3347 1272 3565 1326 historia

1985 1374 2039 1419 et
2085 1365 2314 1434 simplici
2364 1365 2643 1420 doctrina:
2676 1382 2864 1422 omnes
2910 1381 3140 1435 namque
3184 1368 3237 1421 in
3286 1366 3566 1435 prepbetia

1986 1457 2175 1511 media:
2220 1460 2553 1513 auctoritatis
2602 1460 2752 1523 libri,
2804 1474 2908 1513 non
2958 1470 3153 1528 przcter
3199 1458 3569 1528 Apocalypsin

1986 1553 2373 1622 reperiuntur:
2424 1569 2595 1623 neque
2643 1555 2697 1609 in
2747 1555 3071 1625 proverbiali
3118 1555 3301 1624 specie
3348 1553 3573 1608 omnino

1985 1652 2192 1698 cessata

2572 1756 2799 1813 CAPUT
2843 1756 2979 1813 Vill.

2239 1845 2316 1902 De
2341 1848 2675 1919 scriptoribus
2708 1848 2998 1901 divinorum
3029 1846 3315 1901 Librorum.

2062 1957 2131 2012 D.
2181 1957 2486 2027 Scriptores
2531 1958 2840 2017 divinorum
2891 1958 3171 2015 Librorum
3220 1972 3322 2026 qua
3366 1956 3576 2011 ratione

1989 2047 2398 2115 cognoscimus?
2449 2047 2531 2121 lt.
2558 2047 2752 2102 Tribus
2801 2047 3001 2101 modis.
3032 2048 3139 2100 Aut
3188 2062 3253 2101 ex
3305 2044 3473 2099 titulis
3517 2051 3575 2099 et

1990 2138 2293 2207 promotiis,
2336 2148 2395 2191 ut
2445 2138 2788 2207 Proptteticos
2836 2137 3049 2201 Libros,
3093 2146 3149 2193 et
3193 2138 3571 2206 Apostolorum

1993 2210 2290 2295 Epistolas;
2330 2237 2419 2280 aut
2453 2242 2518 2289 ex
2568 2227 2734 2291 titulis
2780 2236 3015 2292 tantum,
3063 2237 3118 2281 ιιι
3159 2228 3569 2296 Evangelistas:

1992 2326 2167 2377 anteit
2202 2318 2490 2373 traditione
2534 2328 2808 2383 veterum,
2839 2327 2899 2377 ut
2929 2318 3136 2380 Moyses
3164 2320 3401 2372 creditur
3435 2319 3571 2371 scri-

1994 2409 2165 2476 psisse
2214 2410 2449 2480 quinque
2498 2412 2700 2479 primos
2749 2410 2917 2481 libros
2966 2409 3238 2471 histor-ite;
3289 2412 3417 2461 cum
3459 2421 3566 2461 non

1990 2498 2131 2571 dicat
2157 2501 2256 2554 boc
2285 2502 2488 2563 titulus,
2522 2516 2619 2557 nec
2644 2500 2757 2567 ipse
2785 2499 3012 2560 referat,
3049 2497 3191 2551 Dixit
3225 2498 3477 2551 Dominus
3497 2497 3567 2549 ad

1992 2604 2112 2651 me:
2141 2589 2234 2647 sed
2284 2592 2432 2661 quasi
2475 2590 2544 2645 de
2591 2590 2718 2652 alio,
2752 2588 2894 2642 Dixit
2940 2586 3192 2639 Dominus
3233 2589 3301 2639 ad
3334 2586 3569 2656 Moysen.

1990 2679 2245 2745 Similiter
2272 2689 2323 2733 et
2357 2680 2480 2747 Jcsu
2512 2678 2656 2741 Nave
2687 2678 2851 2744 liber,
2881 2676 2948 2732 ab
2976 2691 3043 2731 eo
3072 2692 3179 2745 quo
3208 2684 3573 2744 nuncupatur,

1991 2768 2215 2821 traditur
2236 2768 2488 2836 scriptus.
2518 2768 2580 2820 Et
2609 2766 2836 2835 primum
2872 2766 3065 2833 librum
3113 2765 3317 2834 Regum
3350 2763 3568 2819 Samuel

1990 2858 2266 2926 scripsisse
2294 2858 2634 2925 perhibetur.
2661 2855 2949 2915 Sciendum
2979 2863 3235 2922 praeterea
3267 2855 3408 2924 quod
3437 2869 3573 2923 quo-o

1988 2949 2229 3002 rumdam
2280 2947 2559 3001 Librorum
2600 2946 2810 3016 penitus
2858 2946 3174 3014 ignorantur
3202 2950 3477 3009 auctores,
3511 2954 3570 2997 ut

1990 3048 2072 3091 est
2100 3037 2383 3103 iudicum,
2412 3047 2466 3101 et,
2498 3037 2668 3101 Rutlt,
2698 3045 2750 3091 et
2784 3036 2987 3102 Regum
3035 3034 3104 3088 lll
3148 3045 3203 3088 et
3249 3034 3489 3099 ultimus,
3518 3042 3571 3090 ct

1990 3138 2184 3183 cectera
2227 3129 2419 3182 similia
2451 3146 2464 3181 :
2496 3129 2634 3197 quod
2680 3127 2799 3181 ideo
2829 3126 3158 3180 credendum
3189 3134 3275 3180 est
3313 3125 3568 3179 divinitus

1995 3218 2393 3286 dispensatum,
2428 3227 2484 3272 ut
2510 3217 2595 3271 alii
2627 3231 2841 3286 quoque
2868 3215 3036 3275 divini
3068 3214 3215 3270 Libri
3259 3231 3364 3269 non
3393 3224 3572 3269 aucto-

1993 3326 2109 3366 rum
2142 3311 2357 3373 merito,
2387 3311 2481 3365 sed
2514 3310 2683 3365 sancti
2726 3309 2961 3376 Spiritus
3000 3309 3171 3377 gratia
3218 3317 3422 3362 tantum
3459 3304 3573 3362 culo

1995 3419 2115 3459 men
2144 3402 2477 3459 auctoritatis
2506 3402 2800 3457 obtinuisse
2832 3410 3142 3455 noscantur.

2600 3512 2825 3569 CAPUT
2866 3512 2958 3569 IX.

2424 3606 2501 3661 De
2539 3606 2702 3658 modia
2742 3604 3157 3671 Scripturarum.

2069 3720 2138 3775 Ι).
2172 3719 2311 3775 Medi
2357 3718 2549 3773 divinae
2594 3717 2887 3787 Scriptum
2929 3718 3098 3784 quot?
3135 3712 3211 3767 Μ.
3253 3713 3369 3767 Duo
3405 3729 3417 3765 :
3450 3726 3574 3767 nam

1998 3822 2091 3867 aut
2134 3813 2323 3867 metris
2375 3810 2647 3864 Ilcbraicis
2690 3809 2742 3862 in
2786 3823 2877 3861 sua
2920 3807 3093 3874 lingua
3140 3804 3572 3870 conscribuntur,

1995 3912 2084 3956 aut
2115 3903 2358 3955 oratione
2402 3900 2650 3966 simplici.
2688 3898 2751 3951 D.
2780 3898 2910 3966 Quae
2942 3904 3065 3949 sunt
3107 3896 3291 3949 metris
3332 3894 3573 3948 conscri-

1995 3993 2121 4061 pta?
2154 3992 2230 4047 Μ.
2270 3992 2339 4046 Ut
2369 3991 2563 4045 Psaltni
2584 4031 2599 4055 ,
2626 3998 2681 4044 et
2708 3987 2809 4043 Job
2840 3987 3085 4051 historia,
3117 3997 3171 4041 et
3202 3986 3573 4047 Ecclesiastes,

1998 4090 2055 4136 ct
2097 4081 2149 4136 in
2183 4080 2467 4149 Prophetis
2505 4079 2769 4148 quaedam.
2799 4076 2870 4134 D.
2902 4078 3031 4145 Quae
3076 4076 3301 4146 simplici
3336 4076 3577 4131 oratione

1997 4173 2298 4240 conscripta
2340 4172 2500 4237 sunt?
2547 4170 2624 4229 Μ.
2660 4170 2879 4237 Reliqua
2910 4170 3107 4221 omnia.
3144 4165 3209 4219 Ι).
3238 4166 3411 4232 Quare
3440 4165 3579 4231 apud

2000 4279 2099 4320 nos
2146 4265 2335 4319 iisdem
2389 4265 2575 4318 metris
2625 4263 2925 4327 conscripta
2977 4274 3080 4311 non
3123 4258 3284 4311 sunt?
3326 4256 3404 4309 Μ.
3445 4256 3578 4322 Quia

2001 4355 2145 4411 nulla
2179 4354 2344 4409 dictio
2373 4364 2599 4407 metrum
2631 4352 2686 4407 in
2725 4350 2827 4403 alia
2861 4350 3036 4416 lingua
3059 4353 3369 4410 conservat,
3399 4347 3444 4400 si
3470 4346 3576 4399 vim

1998 4447 2279 4503 verborum
2307 4445 2655 4513 ordinemque
2686 4457 2787 4497 non
2821 4450 3009 4495 mutet.

2632 4552 2863 4607 CAPUT
2904 4550 2969 4605 X.

2423 4646 2501 4702 De
2528 4647 2705 4700 ordine
2734 4644 3143 4713 Scripturarum.

2073 4767 2144 4822 D.
2177 4767 2305 4834 Quis
2335 4774 2418 4819 est
2445 4762 2580 4818 ordo
2609 4762 2907 4816 divinorum
2937 4756 3304 4813 voluminum?
3338 4754 3414 4810 Μ.
3445 4755 3579 4823 Quia

1998 4860 2240 4927 qua‘dam
2272 4854 2476 4910 Veteris
2502 4851 2856 4911 Testameuti,
2887 4850 3129 4919 quendam
3180 4847 3330 4901 Novi.
3364 4846 3428 4898 D.
3453 4848 3583 4913 Qum

1999 4950 2064 5004 ad
2096 4950 2297 5005 Novum
2322 4947 2717 5001 Testamentum
2752 4941 3054 5010 pertinent"
3086 4938 3161 4991 Μ.
3190 4937 3470 5007 Evangelia
3504 4936 3584 5006 (ut

2003 5055 2162 5109 supra
2194 5039 2392 5093 dictum
2426 5038 2530 5105 ρει)
2559 5044 2809 5103 quatuor,
2856 5030 3175 5099 Apostolicre
3224 5029 3497 5096 EpiStolm,
3526 5036 3583 5083 et

2005 5132 2188 5185 Actus.
2221 5127 2287 5181 D.
2309 5127 2436 5195 Quae
2462 5124 2527 5178 ad
2559 5124 2720 5178 Vetus
2744 5122 3143 5176 Testamentum
3175 5118 3473 5185 pertinent?
3502 5115 3580 5171 Μ.

2005 5222 2225 5291 Reliqua
2254 5218 2452 5272 omnia.
2490 5215 2558 5268 D.
2589 5216 2729 5281 ουτ.
2746 5212 3073 5265 Testamenti
3110 5210 3313 5265 Veteris
3346 5207 3585 5275 Novique

2003 5324 2123 5368 sunt
2159 5309 2409 5381 propria?
2456 5306 2533 5360 Μ.
2565 5306 2766 5360 Veteris
2814 5303 3036 5358 intentio
3064 5311 3180 5367 est,
3211 5301 3412 5354 Novum
3453 5300 3586 5369 ligu-

2008 5407 2080 5461 ris
2132 5396 2743 5467 denuntiationibusque
2801 5402 3143 5446 monstrare:
3187 5391 3317 5445 Novi
3364 5400 3579 5453 autem,

2006 5503 2072 5558 ad
2127 5511 2345 5555 acterna:
2396 5493 2755 5550 beatitudinis
2799 5491 3021 5560 gloriam
3074 5488 3332 5540 humanas
3375 5493 3582 5538 mentes

2006 5592 2319 5653 accendere.

386 5725 666 5799 “Quinam
698 5727 821 5780 libri
860 5727 910 5779 iu
965 5728 1252 5799 Scriptura:
1313 5737 1573 5799 cenoncn)
1626 5726 1941 5785 admittendi
1982 5736 2202 5795 essent,
2270 5723 2509 5779 notitiam
2557 5730 2667 5775 erat
2717 5726 2819 5771 tam
2868 5714 3119 5785 explicito
3162 5729 3319 5783 quam
3351 5728 3486 5769 nunc
3515 5712 3582 5768 ab

317 5798 549 5857 Ecclesia
576 5799 743 5853 conati
774 5811 939 5853 utum.
