4100 6194
638 395 672 403 νο
686 388 751 404 ισοξ

1037 420 1263 478 CAPUT
1305 420 1394 474 XI.

657 506 728 568 De
753 512 835 568 his
862 528 977 584 qua
1007 512 1274 585 Scriptura
1304 531 1450 569 sacra
1474 529 1564 569 nos
1591 514 1783 569 edocet.

501 604 567 661 D.
596 606 855 673 Quoniam
903 605 1036 661 satis
1070 606 1270 661 dictum
1313 606 1490 662 estde
1534 606 1617 661 his
1654 620 1775 675 quae
1808 606 1874 660 ad
1921 606 1999 675 ip-

427 710 542 751 sam
571 696 859 766 Scriptura:
898 696 1238 766 superﬁciem
1270 699 1486 766 proprie
1529 698 1829 767 pertinent,
1863 710 2004 751 nunc

425 786 640 853 requiro
667 801 790 855 quas
823 798 948 841 sunt
975 801 1094 855 qua:
1122 786 1238 855 ipsa
1268 788 1535 857 Scriptum
1566 802 1663 842 nos
1709 787 1885 843 docet.
1919 785 1997 839 Μ.

425 875 551 930 Tria
570 876 817 947 quaedam
844 895 856 927 :
891 890 1012 932 nam
1042 886 1132 932 aut
1156 878 1224 934 de
1251 879 1360 935 Deo
1385 880 1637 949 loquitur,
1666 888 1757 935 aut
1778 880 1848 934 de
1876 891 2004 947 pm-

423 967 565 1022 Scnli
591 967 789 1024 saeculo
815 975 907 1022 aut
928 966 996 1024 de
1021 968 1223 1024 futuro.

1028 1081 1255 1138 C\PUT
1293 1082 1407 1141 XII.

504 1171 638 1238 Quot
671 1170 1133 1243 signiﬁcationibus
1163 1174 1437 1231 Scriptura
1461 1176 1523 1231 de
1555 1176 1661 1231 Deo
1691 1178 1934 1246 loquitur.

442 1302 447 1305 -
503 1279 571 1333 D.
603 1280 739 1347 Quot
779 1282 1257 1352 signiﬁcationibus
1289 1284 1569 1355 Scriptura
1597 1287 1667 1342 de
1694 1288 1806 1344 Deo
1832 1289 2007 1357 loqui-

428 1370 551 1424 tur?
578 1370 653 1424 Μ.
678 1371 937 1439 Quatuor.
969 1375 1073 1428 Ant
1094 1376 1237 1429 enim
1261 1379 1548 1432 essentiam
1570 1378 1690 1448 ejus
1720 1380 2005 1450 signiﬁcat,

429 1476 589 1527 quam
623 1462 808 1516 Latine
844 1472 899 1518 et
940 1464 1291 1521 substantiam
1337 1482 1733 1537 nuncupamus,
1778 1478 1835 1523 ut
1881 1478 2004 1524 est:

433 1550 546 1623 Ego
574 1569 683 1606 sum
713 1554 800 1620 qui
828 1570 940 1607 sum
971 1553 1164 1623 (Exod.
1204 1571 1287 1622 tu,
1336 1557 1448 1628 14).
1478 1560 1583 1613 Aut
1610 1574 1889 1630 personae,
1924 1560 2009 1613 vel

430 1648 723 1703 secundum
753 1648 994 1713 Graecos,
1029 1651 1425 1719 subsistentias,
1463 1662 1520 1705 ut
1551 1665 1667 1707 est:
1702 1652 1804 1719 Ite,
1834 1654 2010 1707 docete

430 1755 604 1792 omnes
632 1749 820 1811 gentes,
854 1740 1274 1817 baptizan'eseos
1303 1743 1355 1796 in
1382 1746 1586 1799 nomine
1615 1744 1812 1812 Patris,
1845 1754 1893 1798 et
1922 1742 2008 1797 Fi-

435 1830 522 1896 lii,
554 1839 602 1883 et
632 1830 858 1900 Spiritus
889 1833 1050 1883 sancti
1087 1831 1303 1901 (Manli.
1348 1849 1540 1900 xxvm,
1594 1835 1703 1906 19).
1745 1835 1852 1890 Aut
1878 1849 2005 1904 ope-

432 1920 725 1987 rationem,
768 1928 827 1974 ut
873 1922 1131 1990 scriptum
1174 1930 1290 1977 est:
1325 1924 1617 1987 Secundum
1666 1926 2006 1996 operationem

433 2009 908 2076 potentiw‘virtutis
937 2013 1068 2081 ejus,
1094 2027 1247 2082 quam
1292 2024 1530 2081 operatus
1567 2025 1640 2069 est
1683 2016 1738 2068 in
1786 2015 2005 2083 Christo,

433 2101 686 2152 suscitans
714 2114 830 2152 eum
871 2117 902 2151 a
947 2102 1184 2167 mortuis,
1216 2112 1262 2155 et
1300 2103 1475 2157 sedere
1512 2104 1703 2173 faciens
1738 2106 1808 2159 ad
1838 2106 2011 2160 dexte-

434 2205 548 2242 ram
596 2206 747 2241 suam
778 2188 988 2258 (Ephes.
1015 2207 1062 2256 ι,
1091 2192 1177 2258 19,
1210 2192 1325 2263 20).
1370 2193 1478 2248 Aut
1516 2194 1852 2249 collationem
1895 2194 2012 2265 ejus

432 2279 500 2332 ad
532 2288 833 2344 creaturas,
863 2292 919 2334 ut
967 2291 1090 2337 est:
1128 2283 1252 2351 Regi
1294 2292 1464 2337 autem
1502 2285 1804 2339 saeculorum
1844 2285 2011 2339 incor—

436 2380 586 2441 rupto
611 2379 659 2433 ⁸,
690 2370 960 2438 invisibili,
994 2373 1088 2425 soli
1118 2370 1228 2427 Deo
1258 2373 1419 2429 honor
1454 2383 1503 2428 et
1548 2375 1710 2446 gloria
1738 2375 1788 2429 in
1826 2372 2012 2430 uacula

432 2464 738 2516 circulorum
766 2460 816 2535 (1
845 2461 979 2517 Tim.
1004 2474 1054 2532 l,
1082 2462 1196 2534 17).

1025 2598 1108 2655 CA
1118 2599 1249 2658 PUT
1289 2600 1426 2658 XIII.

708 2688 784 2746 De
808 2691 1265 2762 significationibus
1288 2693 1471 2749 divinat
1498 2696 1743 2750 essentia.

514 2800 583 2858 υ.
612 2799 754 2868 Quot
791 2804 964 2859 modis
1014 2804 1192 2860 divina
1239 2807 1570 2877 signiﬁcatur
1616 2793 1884 2864 essentia?
1937 2807 2016 2863 Μ.

445 2894 692 2953 Duobus:
725 2896 1088 2965 principaliter
1112 2908 1167 2953 et
1194 2909 1607 2969 consequenter.
1649 2900 1715 2953 D.
1748 2900 2018 2969 Principa-

446 2985 574 3040 liter
618 2986 813 3053 quibus
855 2987 1073 3041 verbis?
1121 2988 1201 3041 Μ.
1248 2988 1419 3043 0cto.‘
1457 2988 1657 3044 Dicitur
1704 2989 1844 3044 cnim
1872 3030 1885 3053 ,
1929 2996 2021 3043 aut

448 3077 608 3141 Deus,
637 3085 727 3131 aut
773 3077 1054 3145 Dominus,
1087 3088 1177 3133 aut
1216 3081 1407 3145 simul,
1442 3080 1693 3136 Dominus
1726 3081 1898 3147 Deus;
1930 3090 2020 3134 aut

1488 308 1575 365 DE
1618 306 1955 367 PARTIBUS
1992 307 2127 366 DlV.
2170 307 2385 379 LEGIS~
2414 308 2543 364 LIB.
2585 309 2626 362 1.
3621 306 3689 366 29

1686 422 1689 425 ’
2036 422 2291 482 Anitatis
2341 421 2613 491 Scriptura
2664 416 2962 489 signiﬁcat?
3011 419 3090 476 ll.
3132 418 3388 477 Similiter
3433 421 3688 480 duobus:

2112 513 2483 581 Principaliter
2521 522 2575 567 et
2604 521 3012 582 consequenter.
3047 512 3433 583 Principaliter,
3466 523 3524 568 ut
3561 529 3684 572 eum

2109 605 2321 669 dicitur,
2356 604 2533 670 Pater,
2562 604 2747 670 Filius,
2789 603 3024 673 Spiritus
3055 615 3295 659 sanctus.
3329 606 3685 673 Consequen-
3729 630 3737 639 ο

2111 706 2216 763 ter,
2251 711 2344 763 per
2365 710 2427 750 ea
2458 696 2646 765 quibus
2674 695 3000 766 signiﬁcatur
3018 697 3271 761 essentia,
3300 706 3389 751 aut
3417 699 3685 766 operatio,

2109 796 2199 842 aut
2241 787 2307 841 ad
2348 797 2620 843 creaturas
2660 788 2892 842 collatio.
2928 788 3056 841 Nam
3088 796 3141 843 et
3180 803 3299 842 eum
3340 789 3480 853 dico,
3514 788 3687 854 Deus,

2109 877 2248 947 quod
2277 876 2343 931 ad
2369 877 2687 942 essentiam;
2712 887 2765 931 et
2791 893 2908 933 cum
2934 880 3053 933 dico
3078 880 3423 947 omnipotens,
3450 880 3589 948 quod
3618 879 3684 934 ad

2109 971 2472 1036 operationem
2502 970 2763 1037 pertinet,
2794 970 2934 1024 dico.
2980 971 3045 1024 Et
3070 986 3190 1025 cum
3217 972 3356 1037 dico,
3390 972 3686 1024 immutabi-

2112 1059 2195 1125 lis,
2236 1059 2377 1128 quod
2415 1073 2481 1114 ex
2523 1060 2808 1114 collatione
2847 1060 2935 1161 ad,
2959 1070 3235 1116 creaturas
3283 1061 3500 1127 dicitur,
3558 1062 3683 1115 licet

2109 1148 2251 1204 aliud
2285 1149 2486 1217 primus
2514 1150 2725 1205 auditus
2766 1148 2990 1215 sentiitt,
3034 1160 3210 1206 tamen
3261 1150 3475 1206 Patrem
3503 1160 3558 1205 et
3590 1151 3683 1205 Fi-

2111 1240 2240 1294 lium
2269 1250 2322 1294 et
2352 1241 2606 1309 Spiritum
2652 1242 3014 1308 sanctum,vel
3061 1241 3253 1309 simul,
3301 1242 3382 1298 vel
3423 1244 3682 1313 singulos,

2110 1343 2497 1404 consequenter
2526 1334 2690 1389 Deum
2717 1334 2972 1404 intelligo.

2703 1444 2932 1501 CAPUT
2971 1444 3088 1500 XV.

2457 1536 2590 1602 Quot
2621 1537 2785 1590 modis
2816 1536 2973 1590 Pater
2999 1538 3335 1607 signiﬁcatur.

2185 1646 2253 1700 D.
2282 1646 2426 1714 Quot
2464 1647 2636 1702 modis
2683 1646 2841 1702 Pater
2881 1647 3247 1717 signiﬁcatur?
3278 1648 3356 1703 Μ.
3389 1648 3563 1705 Patris
3592 1665 3687 1705 no-

2112 1739 2254 1794 mine
2277 1752 2439 1793 unam
2470 1751 2748 1806 personam
2774 1737 3051 1809 intelligis,
3082 1738 3176 1801 sed
3212 1753 3316 1794 non
3346 1754 3454 1794 uno
3484 1741 3645 1795 modo
3670 1757 3684 1795 :

2111 1829 2180 1885 ad
2218 1830 2407 1885 Filium
2433 1829 2575 1884 enim
2605 1828 2820 1897 proprie
2862 1827 3081 1892 dicitur,
3112 1828 3177 1882 ad
3206 1835 3509 1885 creaturam
3537 1844 3688 1883 com-

2111 1923 2385 1977 muniter:
2418 1921 2487 1976 ibi
2538 1930 2743 1975 naturte
2782 1919 3029 1986 veritate,
3064 1920 3151 1976 hic
3194 1922 3378 1990 gratiae
3422 1921 3686 1977 bonitate.

2110 2011 2181 2066 D.
2212 2012 2323 2067 Hoc
2350 2027 2458 2067 uno
2483 2011 2644 2067 modo
2673 2011 2828 2066 Pater
2868 2010 3238 2080 signiﬁcatur?
3268 2010 3346 2065 ll.
3371 2012 3689 2081 Principali-

2110 2107 2193 2157 ter
2221 2103 2340 2156 hoc.
2370 2101 2499 2155 Nam
2534 2107 2926 2168 consequenter
2962 2110 3013 2155 et
3045 2114 3113 2155 ex
3147 2099 3229 2156 his
3254 2115 3372 2170 qua:
3397 2102 3688 2156 essentiam

2111 2191 2347 2258 deitatis,
2375 2201 2467 2245 aut
2493 2191 2892 2258 operationem,
2925 2198 3016 2246 aut
3044 2191 3387 2246 collationem
3432 2192 3499 2247 ad
3539 2208 3690 2248 creav

2114 2291 2260 2338 turos
2284 2280 2520 2348 quolibet
2565 2279 2725 2335 modo
2753 2280 3075 2349 signiﬁcant.
3109 2281 3331 2349 Insuper
3358 2290 3413 2336 et
3448 2297 3518 2338 ex
3563 2283 3688 2337 Filii

2112 2370 2373 2426 vocabulo
2410 2378 2800 2438 consequenter
2846 2370 3156 2438 intelligitur
3204 2370 3391 2433 Pater;
3421 2379 3477 2426 et
3516 2373 3690 2428 sancti

2115 2462 2347 2532 Spiritus
2374 2462 2612 2524 nomine,
2658 2461 2773 2530 ipse
2813 2460 3021 2516 scilicet
3060 2461 3218 2517 Pater
3246 2461 3399 2533 cujus
3443 2473 3525 2520 est
3563 2465 3690 2535 Spi-

2118 2554 2278 2618 ritus,
2304 2551 2745 2621 subintelligitur.
2775 2551 2842 2606 ο.
2871 2551 2927 2607 1η
2966 2552 3081 2622 ipsa
3125 2551 3408 2616 Trinitate.
3439 2554 3572 2610 nulli
3599 2557 3691 2610 alii

2118 2658 2361 2714 personas
2403 2643 2718 2699 vocabulum
2757 2642 2935 2698 Patris
2978 2642 3332 2699 adscribitur?
3364 2644 3446 2702 Μ.
3481 2646 3694 2716 Legitur

2117 2735 2186 2790 de
2215 2734 2348 2789 Filio
2376 2733 2576 2789 dictum
2611 2751 2624 2789 :
2656 2732 2814 2788 Pater
2844 2735 3007 2803 futuri
3047 2736 3223 2789 surculi
3352 2738 3369 2801 (
3446 2734 3561 2791 lsa.
3619 2749 3698 2801 ιι,

2120 2824 2209 2896 6);
2250 2825 2342 2880 sed
2392 2824 2493 2881 hoc
2537 2825 2832 2880 secundum
2864 2839 3083 2880 carnem
3132 2825 3335 2881 dictum
3365 2835 3480 2893 est,
3507 2838 3561 2883 et
3590 2844 3695 2883 non

2120 2915 2334 2987 proprie
2360 2925 2415 2970 et
2454 2914 2805 2985 signiﬁcative
2833 2932 2846 2967 :
2881 2925 2939 2970 ut
2965 2914 3343 2973 ostenderetur
3373 2917 3488 2986 ipse
3531 2931 3693 2976 causa

2122 3015 2177 3063 et
2219 3007 2428 3078 genitor
2475 3005 2817 3061 beatitudinis
2866 3016 3095 3071 nostrae;
3127 3007 3181 3061 in
3232 3021 3338 3077 quo
3381 3022 3475 3077 per
3518 3011 3698 3064 carnis

2125 3096 2576 3151 resurrectionem
2632 3096 2863 3149 humana
2919 3105 3108 3152 natura
3157 3096 3388 3155 futuram
3433 3098 3592 3156 vitam
3646 3108 3696 3157 et

449 3168 657 3222 Adonai
678 3208 695 3232 ,
723 3176 814 3222 aut
842 3169 1107 3235 Sabaoth,
1136 3181 1227 3224 aut
1258 3170 1404 3236 lleli,
1434 3184 1524 3225 aut
1555 3171 1736 3237 Heloi;
1762 3180 1873 3236 aut,
1904 3170 2015 3225 Est.
2048 3141 2096 3205 δ
2127 3141 2343 3258 ἐξίητε
2371 3186 2553 3257 incipi;
2573 3197 2625 3242 οι
2654 3201 2885 3243 sumere,

449 3255 520 3309 ι).
544 3257 681 3311 Nihil
706 3258 849 3312 aliud
873 3274 1029 3328 quam
1063 3260 1225 3314 Deum
1248 3260 1363 3314 hrec
1387 3261 1547 3316 verba
1579 3260 1912 3331 signiﬁcant?
1948 3259 2021 3314 Μ.

452 3347 565 3403 Duo
581 3358 783 3403 tantum
801 3365 1180 3420 nonnunquam
1205 3360 1258 3405 et
1280 3352 1347 3406 de
1368 3352 1483 3406 aliis
1505 3353 1726 3408 abusive
1747 3353 2025 3415 dicuntur;

453 3441 592 3495 Deus
620 3452 673 3495 et
703 3441 982 3510 Dominus,
1020 3450 1155 3497 teste
1187 3442 1386 3497 Paulo:
1424 3444 1676 3509 Quoniam
1706 3444 1778 3496 dii
1807 3442 1953 3496 multi
1982 3454 2028 3496 et

450 3533 647 3585 domini
696 3531 842 3586 mutti
888 3531 944 3601 (ι
989 3533 1110 3587 Cor.
1144 3551 1238 3590 vui
1260 3577 1274 3601 ,
1305 3535 1386 3605 5).
1424 3537 1525 3591 Et:
1560 3535 1653 3589 Dii
1700 3536 1821 3590 estis
1856 3547 1902 3589 et
1932 3536 2029 3605 ﬁlii

455 3623 661 3679 Επεεωὶ
704 3622 1569 3696 omnes(Psat.Lxxxt,6).Reliqua
1598 3642 1726 3682 vero
1755 3642 1847 3682 sex
1886 3642 2026 3680 nun—

453 3730 609 3785 quam
652 3715 752 3769 nisi
793 3715 862 3770 de
911 3716 1019 3770 Deo
1064 3717 1332 3772 dicuntur.
1367 3718 1434 3773 Ι).
1467 3718 1603 3785 Quid
1645 3718 1713 3773 de
1760 3718 1868 3771 Deo
1916 3716 2031 3772 ha-c

455 3810 617 3862 verba
655 3806 994 3878 signiﬁcant?
1025 3807 1098 3862 bl.
1130 3808 1245 3863 Non
1283 3809 1409 3877 quid
1440 3817 1553 3875 est,
1598 3809 1693 3863 sed
1740 3809 1861 3878 quia
1904 3819 1983 3862 cst
2014 3826 2027 3861 :

454 3897 583 3965 quid
633 3899 775 3952 enim
822 3898 894 3953 sit
945 3898 1104 3962 Deus,
1147 3898 1528 3967 comprehendi
1578 3915 1682 3953 non
1732 3908 1926 3968 potest.
1962 3899 2027 3952 D.

458 3991 657 4055 Quibus
701 3990 875 4045 modis
921 3992 1061 4046 Deus
1104 4000 1499 4061 consequenter
1544 3993 1909 4062 signiﬁcatur?
1951 3990 2028 4046 Μ.

462 4080 597 4133 Cum
649 4095 924 4146 personas,
971 4090 1065 4135 aut
1114 4080 1515 4150 Operationem,
1558 4092 1651 4137 aut
1691 4083 2031 4136 collationem

462 4168 581 4238 ejus
621 4170 684 4224 ad
731 4181 1004 4226 creaturas
1049 4172 1318 4243 Scriptura
1367 4174 1603 4241 exponit.
1652 4172 1781 4225 Nam
1822 4172 2030 4227 etcum

462 4261 698 4315 nominat
745 4262 991 4329 Patrem,
1036 4262 1160 4317 licet
1206 4264 1406 4332 primus
1450 4263 1658 4317 auditus
1689 4271 2032 4335 generantem

459 4350 754 4421 signiﬁcet,
782 4361 1175 4422 consequenter
1206 4362 1381 4409 tamen
1430 4355 1773 4424 intelligimus
1819 4357 1987 4410 Deum
2017 4373 2028 4408 ε

459 4442 708 4497 similiter
754 4454 807 4497 et
853 4443 1066 4513 quando
1119 4445 1356 4499 nominat
1406 4445 1597 4501 Filium
1644 4448 1728 4502 vel
1776 4447 2031 4516 Spiritum

457 4547 724 4590 sanctum.
755 4536 820 4590 Et
847 4551 967 4591 cum
1008 4536 1164 4603 dicit,
1207 4538 1560 4609 omnipotens,
1599 4539 1721 4593 licet
1766 4539 2036 4608 Operatio-

458 4641 581 4683 nem
630 4627 748 4695 ejus
799 4629 1000 4693 primus
1048 4644 1227 4684 sermo
1278 4630 1589 4698 denuntiet,
1644 4642 2033 4700 consequenter

457 4726 638 4774 tamen
667 4718 1007 4788 intelligimus
1037 4720 1222 4775 Deum.
1261 4721 1325 4775 Et
1354 4736 1471 4776 cum
1515 4722 1643 4777 dicit
1670 4722 1989 4779 invisibilem
2014 4764 2031 4791 ,

460 4809 588 4864 licet
614 4824 733 4863 eum
760 4811 849 4879 qui
872 4809 1037 4865 videri
1068 4825 1097 4864 a
1127 4813 1444 4867 mortalibus
1474 4823 1730 4881 nequeat,
1762 4816 2031 4886 principa-

456 4900 583 4956 liter
608 4910 794 4967 sonet,
826 4910 881 4957 et
908 4917 977 4956 ex
1005 4903 1288 4958 collatione
1318 4914 1496 4960 nostra
1529 4904 1581 4959 id
1634 4906 1775 4974 quod
1808 4922 1910 4962 non
1944 4923 2033 4963 su-

457 5006 583 5047 mus
609 4993 659 5046 ei
688 4995 777 5063 qui
809 5009 908 5049 nos
958 4995 1083 5050 fecit
1114 4996 1347 5065 assignat
1367 5036 1382 5063 ,
1415 5007 1805 5067 consequenter
1854 5008 2031 5056 tamen

456 5085 805 5156 intelligimus
834 5087 1020 5142 Deum.
1582 5081 1591 5085 ’

1031 5198 1275 5257 ιΟΑΡΠΤ
1317 5202 1450 5256 XIV.

819 5288 896 5343 De
922 5291 1373 5362 signiﬁcationibus
1402 5292 1683 5349 Trinitatis.

536 5395 600 5452 ο.
633 5398 771 5467 Quot
819 5400 993 5457 modis
1033 5401 1298 5457 Personas
1346 5401 1458 5459 sive
1484 5401 1510 5443 δ
1539 5404 1867 5462 substantias
1896 5406 2031 5463 dit-i-

532 5623 558 5653 ⁸
587 5614 743 5671 Juxta
780 5617 876 5693 Gr.
899 5620 1174 5693 ῥφθάρτῳ.
1207 5618 1312 5693 Alii
1353 5629 1528 5693 tamen
1573 5619 1801 5677 codices
1830 5633 1881 5677 et
1928 5625 2025 5677 Pa-

455 5696 567 5810 t\rel~'
609 5688 849 5742 nonnulli
899 5688 1080 5748 legunt
1125 5688 1381 5762 ἀθανάτῳ,
1431 5690 1731 5765 immortali,
1770 5703 1824 5747 ut
1873 5696 2030 5750 habet

512 5774 615 5810 uc.

512 5774 615 5827 urg.

2062 4496 2114 4555 D

2709 3297 2937 3354 CAPUT
2976 3298 3117 3354 XVI.

2473 3390 2608 3457 Quot
2638 3391 2801 3444 modis
2827 3387 3000 3446 Filius
3028 3390 3363 3463 significetur.

2213 3504 2280 3560 ι).
2308 3504 2447 3574 Quot
2495 3503 2670 3559 modis
2710 3504 2945 3575 loquitur
2987 3504 3265 3575 Scriptura
3299 3506 3368 3562 de
3407 3505 3581 3563 Filio?
3625 3505 3702 3578 Μ,

2130 3598 2393 3667 Quinque.
2436 3595 2569 3651 Nam
2612 3597 2757 3652 velut
2796 3597 2911 3652 sola
2941 3611 3320 3668 nonnunquam
3372 3598 3546 3655 deitas
3586 3599 3703 3667 ejus

2129 3688 2478 3759 signiﬁcatur,
2508 3695 2563 3741 et
2599 3694 2993 3757 consequenter
3037 3686 3353 3758 intelligitur
3393 3689 3573 3744 carnis
3620 3702 3705 3743 as-

2132 3782 2385 3849 sumptio,
2415 3789 2471 3835 ut
2495 3788 2579 3835 est
2604 3798 2616 3833 :
2652 3779 2953 3852 Unigenitus
2978 3778 3146 3834 Fiiius
3168 3782 3254 3849 qui
3282 3790 3354 3836 est
3376 3783 3429 3836 in
3456 3784 3571 3837 sinu
3600 3781 3706 3836 Pa-

2132 3874 2223 3927 tris
2253 3871 2432 3942 (Joan.
2457 3887 2491 3937 ι,
2523 3870 2636 3942 18).
2668 3871 3058 3941 Nonnunquam
3088 3888 3217 3928 vero
3249 3874 3396 3929 solus
3436 3872 3597 3927 homo
3636 3875 3705 3927 ab

2132 3978 2198 4017 eo
2227 3970 2541 4032 susceptus,
2584 3970 2641 4016 et
2683 3960 2854 4015 deitas
2896 3970 3316 4029 consequenter,
3349 3971 3409 4016 ut
3438 3970 3558 4017 est:
3596 3962 3707 4018 Νο-

3458 4054 3538 4120 2).
3567 4053 3709 4108 Νοη-

2135 4158 2405 4213 nunquam
2450 4141 2609 4196 simul
2655 4150 2972 4211 utrumque,
3019 4150 3076 4195 ut
3116 4150 3197 4196 est
3228 4158 3241 4194 :
3276 4141 3394 4196 Hoc
3438 4145 3617 4197 sentite
3655 4145 3708 4198 in

2134 4234 2271 4289 vobis
2299 4233 2432 4302 quod
2461 4242 2508 4287 et
2537 4236 2590 4286 in
2620 4232 2819 4287 Christo
2853 4232 3015 4299 Jesu;
3044 4234 3130 4302 qui
3171 4249 3283 4286 cum
3312 4236 3365 4289 in
3406 4237 3571 4304 forma
3609 4235 3708 4290 Dei

2135 4334 2293 4388 esset,
2323 4341 2423 4379 non
2448 4326 2680 4396 rapinam
2700 4324 2975 4378 arbitratus
2995 4334 3066 4379 est
3093 4340 3198 4380 esse
3218 4341 3273 4379 se
3298 4327 3545 4395 aequalem
3574 4327 3708 4393 Deo,

2136 4418 2225 4471 sed
2275 4416 2600 4486 semetipsum
2649 4415 2930 4470 exinanivit
3002 4416 3217 4486 formam
3279 4417 3405 4473 servi
3452 4416 3708 4485 accip'ens

2140 4508 2358 4581 (Philip.
2382 4524 2440 4573 ιι,
2466 4507 2626 4577 5-7).
2655 4506 3041 4575 Nonnunquam
3065 4515 3119 4562 et
3144 4506 3209 4561 ad
3239 4520 3431 4577 corpus
3460 4506 3709 4563 videntur

2138 4597 2301 4664 dicta,
2326 4614 2442 4666 quae
2468 4596 2533 4650 ad
2563 4597 2813 4651 deitatem
2844 4608 2968 4651 sunt
3010 4597 3373 4667 principaliter
3399 4597 3707 4665 referenda,

2137 4698 2199 4743 ut
2224 4696 2347 4744 est:
2382 4685 2548 4742 Filius
2595 4688 2814 4742 hominis
2844 4696 2866 4727 ο
2905 4689 3108 4759 quidem
3147 4690 3199 4742 in
3242 4690 3367 4743 creto
3414 4688 3593 4758 (Joan.
3618 4706 3709 4753 tu,

2139 4777 2255 4850 13).
2284 4779 2485 4833 Rursus
2513 4778 2777 4833 divinitati
2810 4793 3186 4848 nonnunquam
3220 4779 3466 4834 videnlur
3508 4779 3711 4833 adscri-

2137 4877 2225 4936 pta
2272 4883 2389 4937 qnm
2433 4867 2741 4935 specialiter
2781 4854 3181 4933 referuntur°ad
3212 4881 3458 4933 carnem,
3500 4876 3556 4920 ut
3585 4878 3705 4928 est:

2138 4961 2199 5017 Si
2226 4961 2360 5014 eru'm
2386 4961 2761 5031 cognovissent,
2790 4974 3046 5026 nunquam
3086 4956 3359 5010 Dominum
3386 4957 3563 5027 gloria:
3590 4975 3710 5012 cru-

2137 5052 2415 5121 ciﬁxissent
2442 5048 2498 5117 (Ι
2527 5050 2644 5105 Cor.
2685 5065 2753 5115 tt,
2788 5049 2866 5117 8).
2896 5047 2962 5101 D.
3003 5048 3178 5115 Quare
3207 5047 3289 5101 bis
3314 5048 3547 5119 quinque
3592 5064 3727 5104 mo~

2138 5141 2220 5196 dis
2248 5141 2481 5210 loquitur
2510 5137 2784 5208 Scriptura
2808 5139 2875 5194 de
2899 5137 3069 5192 Filio?
3100 5138 3177 5195 Μ.
3206 5138 3465 5195 Distincte
3490 5139 3706 5210 quidem

2137 5230 2258 5285 ideo
2286 5228 2577 5285 secundum
2609 5235 2826 5281 naturas
2872 5226 3127 5294 loquitur,
3161 5236 3219 5281 ut
3262 5228 3568 5283 ineuntusas
3612 5243 3709 5283 eo-

2140 5334 2256 5374 rum
2306 5320 2657 5389 proprietates
2702 5317 2994 5384 ostendat;
3041 5322 3434 5384 communiter,
3483 5321 3602 5376 ideo
3651 5330 3709 5374 ut

2138 5422 2341 5466 asserat
2368 5410 2642 5465 unitatem.
2675 5408 2922 5466 Alternat
2966 5427 3097 5469 vero
3142 5412 3608 5469 humana'divinis
3648 5421 3703 5466 et

2133 4053 2333 4107 nissime
2354 4054 2551 4124 locutus
2575 4059 2644 4105 est
2669 4050 2809 4104 nobis
2836 4051 2887 4104 in
2918 4049 3053 4104 Filio
3085 4050 3271 4120 (Hebr.
3306 4066 3344 4119 ι,

2212 5624 2235 5662 δ
2272 5625 2393 5692 ch.
2427 5626 2793 5681 snl‘sistentias.

2215 5706 2234 5733 ε
2267 5695 2392 5765 Leg.
2426 5697 2579 5761 forte,
2604 5698 2687 5765 qui
2715 5710 2800 5751 est.
