4100 6194
460 228 534 284 25
1970 222 2206 282 JUNILII
3659 234 3726 291 9.5

452 343 639 400 divina
669 337 932 405 humanis,
962 346 1021 394 ut
1062 336 1346 410 utrumque
1374 337 1533 393 unius
1582 338 1831 395 Personae
1878 338 2026 393 indi-
2064 339 2112 398 Α
2142 340 2209 395 ab
2235 353 2300 396 eo
2328 340 2569 396 ordinata
2596 358 2607 395 :
2634 348 2688 397 et
2710 340 2910 408 Fortis,
2947 356 3013 399 eo
3047 344 3187 412 quod
3231 345 3423 414 potuit,
3470 361 3590 414 quae
3622 356 3728 399 tam

450 430 742 500 ‘visumq'ue
784 437 1132 485 monstretur.
1182 428 1251 484 ο.
1300 427 1442 498 Quot
1487 427 1662 484 modis
1710 428 1848 485 solet
1906 428 2027 484 Filii

454 524 746 593 signiﬁcari
779 522 1046 578 Persona?
1075 520 1152 574 Μ.
1190 520 1446 576 Duobus:
1477 527 1532 576 et
1569 521 1683 590 ipse
1721 519 2034 590 principati-

462 625 544 670 ter
571 615 784 687 quidem
816 614 1166 684 signiﬁcatur,
1211 627 1333 667 cum
1367 612 1614 669 Christus
1643 612 1839 670 dicitur
1875 613 2039 669 abso-

462 709 591 764 lute.
620 707 751 762 Nam
774 720 893 762 cum
921 706 1007 761 alii
1037 704 1235 760 Christi
1267 712 1545 772 vocantur,
1571 704 1787 760 alterius
1815 705 2032 775 quidem

461 802 734 866 dicuntur,
769 809 825 854 ut
861 806 972 862 est,
1017 795 1245 850 Chris'us
1276 795 1481 849 Domini
1527 792 1585 863 (1
1616 794 1770 866 Reg.,
1802 809 1949 863 xxtv,
1978 794 2039 863 7,

464 899 489 951 1
506 894 581 965 i),
607 904 698 951 aut
723 891 951 949 Christus
978 907 1117 945 meus
1145 890 1371 962 (Psalm.
1398 904 1503 957 crv,
1534 889 1643 960 15).
1675 890 1835 945 Solus
1861 898 2038 945 autem

462 990 605 1047 Deus
636 989 946 1043 naturaliter
993 985 1086 1040 Dei
1137 984 1301 1047 Filius
1339 983 1586 1038 Christus
1630 982 1875 1038 absolute
1904 984 2039 1039 dici-

464 1095 579 1149 tur;
613 1083 751 1138 unde
779 1091 833 1137 et
863 1082 963 1134 hoc
990 1078 1153 1132 solius
1183 1046 1300 1146 δας
1331 1089 1451 1131 esse
1491 1075 1763 1144 proprium
1803 1075 2043 1129 declara-

463 1187 571 1230 tur.
598 1176 999 1243 Consequentcr
1030 1184 1157 1223 vero
1189 1150 1501 1237 inteliigitur
1538 1166 1773 1221 Persona
1805 1165 1953 1231 Filii;
1987 1173 2042 1220 et

461 1282 525 1321 ex
555 1265 659 1319 illis
689 1263 858 1318 tribus
888 1262 1079 1331 quibus
1109 1268 1163 1314 et
1207 1258 1386 1323 Pater,
1412 1267 1466 1311 et
1497 1271 1563 1311 ex
1600 1258 1713 1324 ipso
1746 1256 1855 1310 Pati
1871 1258 1917 1313 is
1949 1272 2041 1311 vo-

462 1358 673 1421 eabqu,
699 1364 754 1411 et
779 1370 841 1411 ex
870 1355 1075 1424 Spiritu
1111 1362 1324 1417 sancto;
1359 1352 1480 1420 quia
1510 1358 1564 1404 et
1591 1348 1821 1419 Spiritus
1848 1349 2041 1405 dicitur

461 1447 636 1503 Patris
657 1456 710 1503 et
740 1446 877 1501 Filii.

1033 1558 1258 1615 CAPUT
1299 1558 1460 1613 XVII.

560 1657 698 1722 Quot
725 1655 886 1711 modis
912 1654 1228 1723 signiﬁcatur
1259 1650 1487 1706 Persona
1519 1650 1742 1720 Spiritus
1764 1650 1948 1706 sancti.

535 1768 601 1823 ι).
633 1769 776 1834 Quot
805 1766 976 1822 modis
1005 1766 1332 1834 significatur
1369 1765 1601 1820 Persona
1644 1763 1871 1834 Spiritus
1914 1778 2037 1818 san-

452 1862 568 1917 cti?
610 1861 686 1917 Μ.
718 1858 1087 1929 Principaliter
1124 1874 1250 1925 uno,
1279 1868 1335 1911 ut
1375 1858 1566 1927 legitur
1597 1874 1609 1910 :
1642 1858 1743 1925 Ite,
1788 1859 2041 1927 baptizate

459 1968 634 2006 omnes
673 1959 844 2021 gentes
891 1950 943 2003 in
990 1950 1192 2002 nomine
1229 1948 1419 2014 Patris,
1452 1957 1499 2000 et
1530 1945 1678 2013 Filii,
1722 1958 1769 2001 et
1816 1947 2042 2018 Spiritus

458 2045 622 2098 sancti
650 2042 863 2112 (Matth.
898 2057 1080 2097 xxvm.
1108 2041 1216 2109 I9).
1245 2040 1310 2093 Et
1340 2041 1530 2092 iterum
1564 2056 1576 2090 :
1606 2038 1874 2108 Templum
1907 2040 2042 2093 enim

458 2138 577 2193 estis
608 2136 832 2206 Spiritus
854 2135 1015 2188 sancti
1041 2133 1090 2203 (Ι
1116 2132 1235 2187 Cor.
1259 2147 1330 2197 vr,
1364 2131 1471 2200 I9).
1493 2130 1892 2201 Consequenler
1912 2146 2041 2187 vero

456 2239 510 2283 et
535 2229 700 2299 gratia
729 2242 887 2295 quam
919 2218 1033 2293 ipse
1065 2225 1305 2291 largitur,
1331 2238 1447 2290 qua:
1491 2224 1603 2291 ipsa
1635 2223 1880 2277 similiter
1918 2237 2040 2278 sau-

455 2331 576 2375 ctus
616 2318 846 2388 Spiritus
873 2316 1087 2380 dicitur,
1118 2322 1175 2368 ut
1198 2323 1282 2369 est
1314 2332 1325 2367 :
1360 2313 1590 2381 Spiritus
1616 2323 1824 2367 sanctus
1854 2329 2037 2381 super-

457 2415 620 2468 veniet
659 2414 712 2466 in
753 2423 798 2467 te
830 2410 981 2480 (Luc.
1018 2426 1053 2473 t,
1091 2408 1204 2478 55).
1244 2407 1308 2461 Et
1336 2424 1349 2461 :
1380 2408 1604 2478 Accipite
1634 2405 1887 2476 Spiritum
1913 2423 2034 2460 san-

456 2517 592 2560 ctum
622 2503 797 2575 (Joan.
830 2520 920 2569 xx,
948 2502 1059 2570 2'2).
1084 2500 1341 2556 Similiter
1369 2507 1422 2553 et
1446 2514 1511 2552 ex
1541 2499 1623 2551 his
1646 2497 1834 2566 quibus
1860 2497 2034 2551 divina

454 2595 782 2666 signiﬁcatur
823 2592 1075 2655 essentia,
1116 2590 1201 2643 vel
1244 2587 1505 2656 operatio,
1538 2587 1622 2643 vel
1658 2587 1725 2641 ad
1764 2597 2036 2642 creaturas

455 2686 697 2751 collatio,
750 2685 887 2737 sicut
932 2691 985 2735 et
1026 2681 1091 2735 de
1145 2680 1277 2733 Filio
1322 2676 1594 2732 diximus:
1626 2677 1721 2732 sed
1765 2685 1821 2731 et
1865 2677 2035 2733 Patris

456 2774 679 2844 Filiique
716 2772 945 2827 Perso:ia
987 2769 1244 2838 Spiritum
1285 2778 1527 2823 sanctum
1560 2767 1821 2837 signiﬁcat
1848 2782 2035 2822 conse-

453 2876 709 2935 quenter;
737 2862 859 2933 quia
900 2859 1154 2931 quidquid
1192 2858 1380 2914 horum
1422 2859 1680 2925 dicamus,
1713 2859 1875 2913 etiam
1909 2859 2036 2914 Per-

451 2973 640 3014 sonam
670 2954 837 3012 sancti
866 2955 1095 3025 Spiritus
1124 2962 1216 3008 aut
1247 2953 1666 3022 cooperatricem
1692 2959 1782 3006 aut
1803 2951 2031 3006 consub-

452 3048 754 3105 stantialem
786 3046 1129 3116 intelligimus
1159 3052 1570 3113 consequenter.

1017 3157 1242 3214 CAPUT
1277 3155 1461 3212 XVIII.

452 3255 591 3322 Quid
611 3254 793 3308 habent
815 3268 1079 3308 commune
1098 3252 1174 3305 vel
1195 3249 1458 3321 proprium
1480 3247 1722 3303 Persona:
1739 3246 2025 3301 Trinitatis.

518 3368 589 3421 ι).
636 3366 771 3434 Quid
818 3366 1016 3421 habent
1058 3364 1331 3434 proprium
1373 3362 1621 3417 Persona:
1651 3361 1875 3429 singula:
1905 3359 2027 3413 Tri-

446 3462 670 3517 nitatis?
699 3459 776 3514 Μ.
809 3460 958 3528 Quod
990 3459 1148 3513 Pater
1176 3470 1449 3525 nunquam
1481 3455 1676 3510 dicitur
1703 3453 1896 3518 Filius,
1928 3466 2028 3505 nec

444 3552 745 3620 conjunctis
770 3549 1129 3613 sermonibus,
1152 3546 1382 3616 Spiritus
1408 3556 1654 3609 sanctus;
1696 3544 1820 3598 licet
1855 3543 2026 3597 divise

442 3652 499 3698 et
539 3642 771 3711 Spiritus
812 3642 915 3696 dici
956 3641 1125 3710 possit
1167 3650 1222 3694 et
1266 3649 1504 3694 sanctus.
1534 3637 1643 3693 Nec
1670 3637 1839 3691 Filius
1869 3636 2026 3690 Pater

441 3734 657 3803 proprie
682 3732 786 3788 dici
818 3741 1014 3801 potest,
1048 3740 1138 3785 aut
1162 3729 1497 3800 conjunctive
1523 3728 1755 3798 Spiritus
1783 3723 2022 3782 sanctus.

439 3824 549 3881 Nec
585 3841 771 3881 rursus
812 3834 999 3880 sancto
1037 3823 1259 3894 Spiritui
1310 3822 1479 3877 Patris
1521 3830 1612 3875 aut
1660 3819 1776 3874 Filii
1826 3833 2020 3874 nomen

438 3920 742 3974 ascribitnr.
790 3917 858 3972 Β.
904 3919 1033 3986 Qua:
1081 3924 1203 3972 sunt
1250 3916 1332 3970 his
1382 3914 1633 3970 Personis
1678 3911 2022 3968 communia?

440 4010 516 4064 Μ.
550 4011 739 4066 Omnia
770 4026 889 4079 quae
926 4010 992 4064 ad
1031 4009 1471 4080 signiﬁcationem
1501 4015 1597 4063 aut
1624 4006 1895 4071 essentne,
1930 4014 2022 4058 aut

438 4102 785 4170 operationis,
829 4111 920 4156 aut
969 4099 1035 4154 ad
1086 4110 1359 4155 creaturas
1406 4098 1707 4154 collationis
1751 4096 2019 4166 pertinere

436 4204 771 4248 noscuntur:
802 4194 942 4248 unde
988 4201 1042 4247 et
1088 4201 1299 4248 constat
1336 4190 1654 4246 Trinitatem
1699 4190 1859 4243 unius
1898 4201 2018 4242 esse

435 4285 768 4338 substantiae.
802 4283 871 4337 Β.
901 4283 1074 4338 Patris
1100 4294 1152 4338 ct
1180 4283 1301 4337 Filii
1323 4292 1376 4337 et
1402 4281 1630 4351 Spiritus
1658 4278 1830 4334 sancti
1860 4292 2018 4332 voca-

434 4375 596 4439 bulis,
624 4375 748 4443 quid
780 4377 831 4429 in
872 4375 954 4440 his
993 4374 1246 4429 Personis
1282 4372 1650 4465 signiﬁcatur?
1674 4370 1752 4423 M.
1775 4369 2008 4465 Tantum
2042 4405 2092 4465 Β

435 4465 575 4535 quod
604 4475 746 4519 sunt.
777 4464 908 4519 Nam
940 4464 1067 4534 quid
1094 4475 1216 4519 sunt
1244 4466 1324 4535 (ut
1346 4478 1506 4535 supra
1533 4463 1600 4519 de
1623 4462 1732 4519 Deo
1757 4461 2015 4532 diximus)

434 4571 616 4613 sermo
645 4571 749 4611 non
780 4565 957 4627 potest
983 4557 1274 4626 explicare.

1021 4671 1248 4727 CAPUT
1288 4660 1429 4726 XIX.

537 4760 641 4818 Per
669 4776 790 4834 quos
815 4764 1005 4834 species
1033 4764 1312 4818 divinitatis
1342 4763 1570 4834 operatio
1599 4764 1908 4833 designetur.

506 4874 572 4929 D.
602 4876 704 4932 Per
724 4889 853 4949 quot
882 4877 1093 4947 species
1113 4877 1405 4934 divinitatis
1433 4877 1724 4933 efﬁcientia
1750 4879 1865 4934 sive
1894 4893 2015 4947 ope-

429 4964 569 5020 ratio
596 4965 925 5036 designatur,
969 4984 1130 5039 quam
1175 4970 1349 5024 (irasci
1379 4971 1627 5045 ἐνιργεὶαν
1669 4970 2013 5038 nuncupant?

429 5055 510 5112 ΙΙ.
549 5056 786 5123 Quatuor
825 5077 839 5113 :
871 5069 963 5114 aut
998 5062 1295 5128 creatione,
1342 5070 1434 5116 aut
1481 5061 1815 5131 providentia
1866 5062 2010 5116 circa

426 5156 724 5215 creaturas,
746 5161 836 5204 aut
868 5150 1165 5208 futurorum
1196 5155 1338 5209 circa
1366 5168 1458 5208 eas
1484 5154 1896 5223 praeparatione,
1921 5162 2013 5207 aut

424 5249 843 5308 praeparatorum
879 5242 1023 5295 exitu
1054 5245 1137 5297 vel
1172 5258 1386 5298 eventu.
1422 5245 1487 5297 D.
1532 5244 1604 5297 Da
1637 5244 1703 5297 ad
1734 5247 2006 5313 operatio-

427 5345 550 5386 nem
598 5330 935 5400 pertinontia.
971 5331 1047 5387 Μ.
1094 5333 1160 5388 Ut
1206 5349 1325 5388 cum
1369 5339 1564 5390 dicitur
1608 5336 1816 5401 Bonus;
1849 5352 1912 5390 ex
1942 5349 2007 5390 eo

425 5423 658 5475 maxime
683 5420 823 5489 quod
863 5436 982 5490 quas
1028 5436 1133 5476 non
1169 5431 1340 5483 erant,
1365 5440 1487 5480 esse
1517 5425 1640 5479 fecit
1667 5441 1727 5479 ac
1758 5426 1883 5481 facit
1911 5444 1923 5480 :
1955 5434 2009 5480 et

425 5513 674 5582 Sapiens,
700 5529 765 5569 eo
798 5515 937 5584 quod
984 5522 1089 5569 tam
1142 5513 1455 5571 mirabiliter
1499 5529 1689 5573 cuncta
1735 5521 2003 5576 cernimus

491 5675 520 5709 ι
556 5655 873 5725 Addendunt
902 5670 1113 5729 videtur
1146 5670 1313 5741 rebus,
1347 5687 1411 5730 ex
1443 5682 1716 5730 contextu.

2143 431 2283 487 bene
2306 440 2361 487 et
2382 432 2647 502 sapienter
2672 432 2862 499 voluit,
2894 434 3214 504 adimplere.
3262 437 3422 492 D..ln
3450 438 3582 504 Deo,
3614 438 3729 492 ha-c

2144 522 2377 578 essentia
2417 531 2561 591 sunt,
2591 539 2658 579 an
2688 526 3026 581 voluntates?
3068 527 3144 584 Μ.
3185 528 3328 584 Deus
3369 530 3594 599 simplex
3624 538 3729 594 est,

2145 627 2245 669 nec
2274 622 2357 669 est
2383 614 2435 670 in
2464 629 2533 671 eo
2567 616 2710 672 aliud
2741 618 2974 672 essentia
3006 634 3162 689 quam
3194 622 3438 676 Voluntas
3469 640 3481 675 :
3508 623 3649 677 unde
3675 629 3730 677 et

2145 706 2319 759 omnia
2354 707 2567 761 nomina
2599 710 2924 778 operationis
2953 709 3088 778 ejus,
3119 711 3246 766 licet
3272 712 3411 767 inter
3445 729 3504 769 se
3541 715 3732 769 deﬁni-

2147 798 2379 854 tionibus
2405 799 2677 868 diﬂ‘erant,
2704 801 2843 872 apud
2885 803 3057 872 ipsum
3092 813 3268 859 tamen
3301 806 3445 859 nulla
3471 807 3729 862 dill'eren-

2149 888 2218 942 tia
2263 889 2346 943 vel
2388 889 2673 946 diversitas
2721 892 3021 947 invenitur.
3067 894 3247 962 itaque
3291 904 3345 950 ct
3382 898 3614 951 essentia
3647 899 3732 954 vel

2147 988 2335 1033 natura
2379 980 2527 1047 facit,
2569 984 2691 1052 quia
2737 983 2785 1038 ei
2831 985 2959 1038 nihil
3008 986 3259 1042 accidens
3298 999 3409 1054 est;
3455 997 3510 1044 et
3554 999 3730 1045 tamen

2147 1071 2309 1123 etiam
2358 1072 2654 1143 voluntpte,
2700 1074 2824 1143 quia
2876 1076 3005 1129 nihil
3056 1080 3375 1134 necessitate
3414 1080 3599 1142 efﬁcit,
3640 1090 3732 1136 aut

2148 1171 2380 1214 coaetus.
2423 1161 2537 1215 Non
2581 1164 2747 1228 enim,
2787 1165 2924 1220 sicut
2965 1167 3104 1234 ignis
3144 1171 3371 1224 naturali
3411 1172 3732 1227 necessitate

2148 1251 2274 1313 urit,
2298 1261 2387 1306 aut
2414 1267 2541 1321 apes
2568 1254 2794 1309 naturali
2827 1258 3144 1313 necessitate
3168 1260 3427 1337 fabricant
3453 1277 3623 1325 ceras,
3647 1263 3731 1319 vel

2148 1341 2282 1396 telas
2304 1357 2534 1411 aranem,
2566 1346 2638 1399 ita
2667 1348 2825 1399 etiam
2853 1347 2990 1403 Deus
3011 1360 3300 1419 operatur;
3325 1352 3420 1407 sed
3444 1353 3583 1408 Deus
3606 1353 3729 1409 ideo

2148 1441 2333 1487 natura
2365 1434 2447 1487 vel
2491 1448 2645 1490 essen
2675 1436 2725 1490 ia
2759 1435 2932 1492 facere
2966 1438 3180 1505 dicitur,
3211 1455 3279 1496 ne
3305 1443 3549 1498 voluntas
3580 1445 3632 1498 in
3661 1458 3729 1500 eo

2147 1525 2296 1591 quasi
2326 1524 2468 1579 aliud
2500 1527 2698 1597 aliquid
2726 1529 3124 1586 demonstretur
3156 1551 3166 1585 :
3194 1542 3249 1588 et
3281 1535 3405 1590 ideo
3432 1535 3724 1601 voluntate,

2148 1617 2269 1684 quia
2296 1619 2426 1673 nihil
2458 1620 2670 1689 operari
2697 1623 3069 1691 compellitur;
3095 1625 3187 1681 sed
3213 1628 3572 1683 essentialiter
3592 1629 3725 1696 vult,

2074 1717 2119 1775 η
2148 1716 2199 1760 et
2233 1708 2503 1763 voluntate
2540 1710 2802 1765 subsistit.
2843 1710 2909 1767 ι).
2942 1713 3031 1785 υἷι
3047 1717 3355 1784 specialiter
3391 1718 3457 1772 ad
3495 1721 3726 1775 creatio-

2145 1812 2264 1852 nem
2295 1801 2633 1867 pertinentia.
2665 1802 2743 1858 Μ.
2778 1804 2844 1860 Ut
2869 1820 2989 1860 cum
3019 1806 3214 1862 dicitur
3242 1808 3454 1874 Factor,
3486 1807 3724 1874 Artifex,

2142 1888 2385 1954 creator,
2431 1900 2484 1946 et
2528 1892 2718 1947 similia
2755 1897 3039 1963 :quamvis
3067 1897 3274 1953 dicatur
3308 1908 3365 1953 et
3402 1899 3599 1963 facere,
3632 1913 3729 1969 pro
3800 1932 3825 1959 ,ο

2144 1981 2446 2050 disponere,
2482 1991 2539 2036 ut
2566 1994 2648 2038 est
2674 2002 2687 2038 :
2716 1984 2861 2041 Fecit
2889 1989 3105 2042 salutem
3142 1991 3193 2042 in
3237 1991 3405 2044 medio
3434 1998 3583 2045 teri-ce
3605 1990 3737 2063 (Ps.

2145 2088 2329 2138 Lmn,
2361 2071 2447 2142 12)
2487 2091 2498 2124 :
2529 2075 2622 2128 sed
2653 2083 2776 2129 tunc
2800 2074 3087 2131 secundum
3118 2080 3349 2147 Speciem
3380 2080 3733 2147 providentia:

2142 2161 2357 2215 dicitur.
2394 2162 2459 2216 ι).
2504 2163 2574 2217 Da
2605 2180 2722 2234 quae
2758 2165 2821 2219 ad
2856 2168 3240 2235 providentiam
3272 2170 3577 2239 specialiter
3603 2187 3728 2239 per-

2145 2254 2333 2307 tinent.
2365 2253 2442 2306 Μ.
2471 2253 2539 2309 Ut
2565 2269 2685 2309 cum
2713 2256 2909 2333 dicitur
2940 2258 3182 2326 Adjutor,
3227 2258 3506 2326 Praiscius,
3538 2260 3726 2316 Omni-

2144 2351 2355 2410 pwtens,
2398 2351 2453 2397 et
2497 2344 2705 2398 similia.
2738 2344 2806 2398 1).
2852 2345 2927 2400 Da
2972 2347 3037 2400 ad
3083 2348 3522 2415 pricparationem
3564 2351 3727 2418 perti-

2144 2433 2321 2486 nentia
2366 2433 2682 2489 futurorum.
2725 2435 2802 2489 Μ.
2850 2436 2916 2491 Ut
2960 2451 3079 2491 cum
3111 2438 3307 2493 dicitur
3336 2437 3448 2504 Via,
3481 2449 3535 2494 et
3566 2441 3724 2510 Spes,

2140 2522 2449 2594 Refugiuin,
2481 2533 2533 2579 et
2562 2525 2778 2579 similia.
2814 2525 2882 2582 ι).
2908 2525 2983 2581 Da
3014 2526 3078 2581 ad
3111 2540 3360 2583 eventum
3404 2538 3725 2600 praeparato-

2141 2628 2257 2667 rum
2314 2613 2656 2681 pertinentia.
2710 2614 2789 2669 Μ.
2851 2615 2919 2671 Ut
2963 2631 3084 2671 cum
3135 2617 3332 2672 dicitur
3383 2617 3725 2686 Exsultatio,

2142 2700 2425 2765 Gaudium,
2456 2712 2508 2757 et
2535 2714 2726 2759 cmtera
2757 2705 2975 2761 similia.
3009 2707 3199 2775 Omnia
3227 2717 3402 2763 autem
3432 2709 3498 2764 ad
3529 2723 3725 2780 opera-

2141 2793 2339 2846 tionem
2382 2792 2727 2863 pcrtincntia,
2762 2803 2787 2831 ει
2819 2811 2923 2848 non
2964 2795 3018 2850 in
3063 2796 3312 2851 omnibus
3358 2806 3585 2863 tantum,
3629 2799 3723 2855 sed

2138 2881 2300 2936 etiam
2333 2883 2385 2936 in
2414 2883 2613 2952 verbis,
2645 2886 2732 2939 vel
2773 2886 3185 2942 revelationibus
3225 2888 3489 2944 similibus
3524 2906 3721 2959 cogno-

2138 2981 2382 3029 scuntur.
2410 2973 2478 3029 ι).
2521 2974 2616 3029 His
2645 2984 2848 3030 tantum
2876 2978 3050 3032 modis
3074 2977 3254 3032 divina
3283 2978 3521 3048 operatio
3550 2980 3723 3036 decla-

2065 3071 2110 3133 C
2142 3068 2323 3121 ratur?
2350 3068 2427 3121 Μ.
2457 3068 2547 3123 Est
2569 3069 2704 3124 alius
2729 3070 2983 3141 ﬁguratus
3005 3072 3215 3138 modus,
3238 3087 3359 3127 cum
3383 3089 3449 3127 ex
3479 3075 3721 3129 humanis

2133 3162 2375 3229 operatio
2402 3161 2580 3217 divina
2626 3162 2976 3233 signiﬁcatur.
3022 3164 3087 3218 lt.
3125 3163 3264 3230 Quot
3307 3164 3476 3220 modis
3512 3165 3606 3220 ﬁt?
3635 3164 3717 3220 Μ.

2137 3252 2372 3307 Duobus.
2398 3252 2528 3308 Cum
2559 3265 2649 3308 aut
2678 3268 2795 3322 ane
2823 3254 2888 3308 ad
2915 3254 3151 3309 animum
3178 3265 3417 3310 nostrum
3446 3256 3718 3325 pertinent

2132 3344 2421 3414 ﬁguraliter
2448 3343 2698 3400 dicuntur
2746 3346 2798 3399 in
2840 3345 2969 3409 Deo,
3014 3356 3073 3401 ut
3109 3360 3190 3401 eSt
3229 3346 3396 3413 furor,
3439 3356 3492 3403 et
3534 3348 3634 3413 ira,
3654 3353 3719 3403 'et

2131 3443 2443 3510 paenitentia
2473 3459 2487 3496 :
2519 3450 2608 3494 aut
2637 3455 2698 3496 ea
2729 3456 2845 3509 quae
2874 3440 2939 3494 ad
2979 3455 3171 3509 corpus
3203 3449 3517 3511 tractantur,
3550 3441 3602 3496 id
3631 3451 3716 3498 est

2130 3532 2316 3601 pedes,
2362 3547 2572 3597 manus,
2621 3531 2793 3601 digiti.
2845 3531 3143 3601 Aliquando
3184 3532 3324 3586 enim
3369 3542 3426 3587 et
3471 3534 3716 3589 humana:

2128 3624 2467 3692 operationes
2496 3624 2890 3677 transferuntur
2919 3624 2984 3676 ad
3020 3623 3206 3685 Deum,
3241 3633 3298 3677 ut
3325 3639 3444 3678 cum
3475 3625 3669 3679 dicitur
3696 3642 3710 3678 :

2128 3715 2463 3785 Apprehende
2491 3730 2639 3767 arma
2674 3723 2719 3768 et
2758 3726 2953 3769 scutum
2992 3714 3163 3785 (Psal.
3198 3731 3375 3782 xxxiv,
3408 3715 3489 3785 2).
3524 3718 3712 3773 Omnia

2129 3815 2304 3859 tamen
2334 3804 2448 3858 haec
2481 3804 2748 3871 praedictis
2782 3814 3007 3872 quatuor
3042 3806 3321 3874 speciebus
3360 3808 3709 3876 operationis,

2127 3910 2224 3965 pro
2255 3895 2645 3951 sententiarum
2673 3898 2928 3967 qualitate
2952 3897 3221 3965 jnngenda
3250 3908 3396 3955 sunt.

2732 3986 2955 4042 CAPUT
2996 3987 3113 4043 XX.

2128 4075 2322 4142 Quibus
2359 4076 2527 4132 modis
2563 4093 2625 4131 ex
2653 4076 2924 4132 collatione
2955 4079 3021 4131 ad
3053 4089 3315 4137 creaturas
3348 4082 3486 4139 Deus
3513 4085 3710 4156 signi/i-

2840 4159 3004 4203 ratur.

2194 4236 2263 4292 D.
2294 4239 2433 4304 Quot
2458 4240 2631 4294 modis
2660 4254 2727 4294 ex
2754 4239 3043 4296 collatione
3069 4242 3132 4296 ad
3163 4254 3437 4300 creaturas
3469 4246 3605 4301 Deus
3632 4248 3709 4302 si-

2121 4328 2438 4398 gniﬁcatur?
2484 4329 2562 4382 Μ.
2603 4329 2821 4385 Duobus
2854 4348 2869 4384 :
2899 4332 3252 4388 afﬁrmatione
3297 4343 3351 4388 et
3397 4338 3703 4406 negatione.

2118 4424 2470 4482 Confessione
2507 4428 2747 4498 quidem,
2792 4445 2912 4485 cum
2946 4447 3008 4487 ea
3038 4433 3288 4489 dicuntur
3319 4435 3386 4491 de
3429 4436 3560 4499 Deo,
3591 4453 3712 4507 qua:

2116 4519 2270 4589 juxta
2297 4519 2542 4575 eumdem
2574 4522 2789 4576 modum
2822 4524 2950 4577 nulli
2981 4536 3240 4581 creatura:
3268 4530 3623 4595 conveniunt;
3655 4540 3711 4583 ut

2121 4620 2223 4677 est,
2269 4611 2528 4682 Simplex,
2580 4624 2633 4668 et
2679 4614 2929 4670 Vetustus
2971 4617 3199 4682 dierum,
3236 4621 3377 4674 Ante
3420 4623 3623 4684 omnia,
3653 4631 3709 4678 et

2123 4706 2352 4775 Spiritus
2386 4723 2399 4760 :
2428 4707 2479 4761 id
2514 4715 2594 4761 est
2635 4709 3149 4779 incircumscriptus,
3182 4721 3239 4767 et
3283 4713 3709 4779 PrimugNovis-

2125 4800 2313 4866 simus,
2344 4809 2399 4855 et
2426 4801 2633 4855 similia.
2673 4801 2797 4856 Hzec
2835 4802 2975 4856 enim
3024 4804 3200 4857 omnia
3243 4803 3367 4858 ideo
3396 4805 3463 4859 de
3494 4805 3603 4860 Deo
3628 4806 3701 4858 tli-

2123 4900 2340 4957 cuntur,
2371 4892 2491 4959 quia
2534 4891 2660 4945 nulli
2698 4901 2960 4946 creatura:
3002 4893 3145 4962 (ejus
3174 4893 3485 4963 collatione)
3516 4910 3708 4951 conve-

2122 4982 2292 5038 niunt.
2349 4982 2449 5037 Per
2500 4983 2839 5053 negationem
2898 4994 3075 5039 autem
3135 4984 3351 5039 collatio
3406 4986 3496 5053 ﬁt,
3548 5002 3702 5053 cum,

2121 5074 2496 5142 praepositione
2544 5074 2819 5143 privativa,
2853 5089 2916 5129 ea
2957 5076 3010 5127 in
3055 5074 3165 5129 Deo
3209 5086 3473 5145 negantur
3501 5093 3622 5147 qua:
3653 5079 3703 5133 in

2114 5173 2358 5218 creatura
2387 5174 2511 5218 sunt
2539 5182 2553 5219 :
2582 5173 2639 5217 ut
2669 5172 2750 5218 est
2780 5164 3071 5236 Ingenitus,
3108 5166 3477 5235 lncorporeus,
3505 5169 3707 5225 litorea.

2114 5263 2218 5317 tus,
2249 5254 2695 5329 lncorruptibilis,
2724 5254 3059 5320 Immortalis,
3091 5256 3455 5324 Impassibilis,
3482 5268 3537 5313 et
3557 5260 3707 5313 simi-

2113 5347 2203 5400 lia.
2241 5345 2308 5398 υ.
2339 5346 2472 5412 Quid
2505 5346 2663 5415 ergo?
2711 5348 2825 5401 haec
2854 5346 3019 5401 verba
3064 5363 3333 5419 nunquam
3364 5349 3430 5404 de
3458 5358 3703 5407 creatura

2112 5436 2397 5491 dicuntur?
2446 5436 2525 5489 Μ.
2574 5436 2830 5492 Dicuntur
2866 5436 3106 5506 quidem,
3138 5438 3232 5493 sed
3262 5454 3368 5495 non
3411 5442 3702 5496 secundum

2113 5528 2353 5583 eamdem
2386 5526 2667 5585 rationem.
2707 5527 2839 5583 Nam
2880 5543 3000 5584 cum
3035 5530 3198 5587 homo
3228 5531 3423 5589 dicitur
3454 5533 3701 5603 simplex,
