4030 6198
414 244 447 267 κ

340 327 436 382 τε)
1457 322 1543 381 DE
1579 320 1924 380 PARTIBUS
1963 317 2097 377 Div.
2137 317 2338 378 LEGIS
2376 319 2507 376 LIB.
2545 320 2608 383 ll.
2893 326 2902 335 ”
3356 380 3360 385 ,
3587 318 3653 378 25

350 460 484 499 non
515 457 638 509 quia
670 453 1001 512 compositus
1038 453 1145 494 non
1192 444 1276 494 est
1319 435 1509 506 (solius
1553 439 1698 492 enim
1747 436 1843 490 Dei
1888 441 1970 489 est
2000 442 2048 495 Α
2074 431 2168 487 sed
2196 430 2318 503 quia
2346 431 2556 501 aliquos
2600 431 2748 486 latet.
2790 430 3052 487 Similiter
3078 437 3131 487 et
3158 439 3354 488 czctera
3384 433 3657 489 dicuntur.

352 551 500 590 esse
526 534 815 589 essentiam
859 530 1204 600 simplicem),
1238 529 1334 585 sed
1375 529 1601 599 simplex
1643 529 1802 583 homo
1832 527 1967 581 dci-

356 637 489 692 tur,
521 630 642 697 quia
677 642 783 680 non
826 625 986 680 habet
1025 625 1131 679 doli
1180 624 1571 694 duplicitatem.
1620 623 1708 679 Sic
1752 632 1806 677 et
1845 636 1967 676 cum

360 718 572 770 dicitur
607 717 806 786 aliquid
846 715 1134 781 invisibile,
1165 731 1270 770 non
1298 716 1420 784 quia
1451 730 1480 768 a
1522 715 1685 780 nullo,
1721 715 1772 768 in
1804 728 1970 783 quan-

364 818 391 861 t
416 826 491 861 ,ιιι
518 819 624 874 est,
648 808 817 862 videri
851 824 956 861 non
986 816 1162 876 potest
1189 792 1317 875 (hoc
1346 805 1487 860 enim
1519 805 1683 859 solius
1718 804 1809 858 Dei
1842 801 1967 872 est),

2077 522 2144 577 D.
2170 523 2301 590 Quae
2325 530 2449 577 sunt
2474 522 2741 588 collativa,
2773 537 2891 591 quae
2916 521 2984 576 de
3014 522 3123 576 Deo
3144 522 3220 577 sic
3241 522 3489 578 dicuntur
3515 536 3570 577 ut
3591 524 3659 577 de

2076 627 2319 671 creatura
2340 616 2443 669 dici
2475 629 2581 669 non
2606 614 2845 682 possint?
2875 613 2955 669 ll.
2982 612 3113 679 Quae
3140 614 3192 667 in
3218 629 3283 668 eo
3304 629 3512 695 summa
3536 623 3661 667 sunt

2076 718 2130 763 et
2158 706 2467 777 singularia,
2499 716 2555 762 ut
2586 706 2876 776 lngenitus,
2908 704 3298 774 Sempiternus,
3329 702 3458 760 Siue
3484 706 3658 772 initio,

2078 811 2131 855 et
2159 799 2371 853 similia.

1921 911 3642 936 Μ

1784 995 2071 1075 LIBER
2138 990 2239 1069 II.

1887 1133 2170 1147 ῤ-

903 1197 1127 1256 CAPUT
1168 1199 1457 1256 PRIMUM.

524 1308 666 1375 Quid
689 1308 754 1364 de
781 1310 1017 1378 presenti
1043 1310 1229 1364 steculo
1254 1310 1528 1380 Scriptura
1557 1309 1828 1394 signiﬁcet.

456 1417 525 1474 D.
556 1414 819 1486 Quoniam
850 1421 979 1475 satis
1007 1421 1205 1476 dictum
1234 1430 1362 1491 quot
1390 1422 1561 1475 modis
1588 1421 1657 1474 de
1685 1420 1795 1474 Deo
1825 1419 1972 1475 Scri-

373 1521 541 1580 ptura
571 1512 837 1581 loquatur,
867 1528 1010 1567 nunc
1040 1516 1256 1582 requiro
1292 1529 1432 1583 qua},
1469 1514 1538 1566 de
1573 1512 1827 1581 praesenti
1869 1527 1971 1564 sa:-

370 1604 510 1658 culo
536 1606 779 1673 loquens,
809 1604 1085 1673 Scriptura
1110 1606 1394 1675 signiﬁcat.
1430 1605 1506 1659 Μ.
1540 1606 1792 1672 Quaedam
1818 1605 1976 1672 quina

373 1709 532 1763 que:
565 1704 653 1747 aut
689 1697 1091 1763 generationem
1130 1698 1267 1766 ejus,
1298 1698 1349 1751 id
1391 1706 1476 1751 est
1510 1699 1855 1763 creationem,
1884 1708 1975 1751 aut

374 1784 856 1855 gubernatioaem,
891 1802 985 1841 aut
1013 1789 1308 1843 accidentia
1341 1788 1568 1854 naturis,
1595 1798 1685 1843 aut
1713 1789 1972 1843 evenien-

376 1879 457 1934 tia
490 1881 875 1945 voluntatibus,
897 1891 989 1935 aut
1016 1882 1394 1951 subsequentia
1420 1882 1707 1937 voluntatis
1728 1891 1970 1937 eventus.

1014 2012 1238 2071 CAPUT
1278 2013 1337 2071 ll.

377 2100 522 2167 Quot
557 2104 733 2156 modos
775 2111 820 2156 et
859 2103 1175 2176 diferentias
1206 2107 1255 2159 in
1298 2106 1589 2176 Operatione
1626 2113 1973 2159 creaturarum

911 2174 1184 2243 Scriptura
1210 2174 1455 2247 posuerit.

452 2284 525 2339 Β.
559 2285 698 2351 Quot
726 2286 892 2340 modis
919 2290 1321 2357 generatFonem
1345 2286 1525 2344 saeculi
1548 2285 2010 2360 Scripturasigni-

379 2374 596 2428 licavit?
628 2374 701 2429 Μ.
731 2376 942 2431 Tribus.
978 2386 1083 2431 Aul.
1119 2377 1260 2433 enim
1308 2377 1420 2432 snla
1467 2379 1558 2434 Dei
1595 2380 1867 2434 voluntate
1899 2380 1973 2433 fa-

381 2476 532 2519 ctum
561 2469 760 2537 aliquid
797 2470 1069 2533 scribitur,
1096 2479 1153 2523 ut
1179 2481 1262 2525 est
1290 2488 1302 2522 :
1327 2469 1393 2523 In
1420 2471 1667 2542 principio
1693 2473 1809 2542 [erit
1832 2470 1971 2525 Deus
2010 2492 2052 2551 Β

381 2557 570 2612 emtum
597 2558 643 2612 et
675 2569 860 2614 terram
888 2561 1040 2629 (Cen.
1086 2577 1126 2626 ι,
1168 2562 1242 2631 1).
1283 2563 1389 2617 Aut
1430 2563 1702 2618 voluntate
1732 2563 1887 2617 simul
1919 2573 1971 2617 ct

380 2663 540 2714 voce,
564 2651 675 2705 sive
696 2653 1039 2721 pra'ceptiva,
1069 2661 1127 2705 ut
1152 2661 1236 2706 est
1260 2668 1273 2704 :
1305 2651 1423 2706 Fiat
1446 2653 1536 2706 fux
1557 2652 1742 2722 (lbid.,
1769 2654 1846 2720 3).
1877 2662 1930 2706 et
1959 2670 1970 2705 :

379 2734 511 2792 Fiat
528 2742 906 2809 firmamentum
930 2743 1115 2813 (lbid.,
1144 2742 1232 2811 6);
1258 2744 1371 2797 sive
1393 2744 1758 2807 deliberativa,
1781 2754 1832 2796 ut
1861 2755 1970 2798 est:

380 2829 668 2886 Faciamus
705 2834 956 2886 hominem
984 2837 1051 2887 ad
1081 2834 1360 2905 imaginem
1386 2844 1435 2889 et
1470 2835 1851 2888 similitudinem
1880 2852 1972 2887 no-

379 2933 545 2975 stram
572 2920 761 2991 (Ibid.,
788 2922 900 2993 26).
932 2925 1035 2978 Aut
1061 2924 1354 2991 voluntate,
1384 2940 1514 2981 voce
1551 2939 1612 2978 ac
1640 2926 1973 2989 definitione,

382 3023 439 3065 ut
468 3020 556 3066 est
589 3030 603 3065 :
634 3011 873 3080 Crescite,
918 3023 965 3069 et
1013 3014 1444 3087 mult'plicamini,
1486 3027 1534 3072 et
1564 3017 1749 3085 replete
1789 3029 1977 3071 terram

380 3103 577 3173 (lbid.,
607 3104 724 3172 28).
755 3104 819 3161 Et
849 3108 1043 3161 iterum
1080 3124 1092 3159 :
1121 3106 1379 3162 Germinet
1410 3116 1543 3161 terra
1572 3107 1778 3162 herbam
1807 3108 1979 3174 pabuli

382 3195 633 3263 ferentem
662 3210 830 3248 sentet:
859 3198 1140 3249 secundum
1170 3213 1329 3266 genus
1359 3212 1530 3263 suum,
1567 3208 1610 3250 et
1641 3197 1839 3267 lignum
1866 3197 1977 3267 [rn-

377 3285 623 3351 ctiferum
661 3285 852 3351 faciens
896 3287 1141 3356 fructum,
1175 3288 1324 3355 cuius
1352 3302 1519 3341 semen
1548 3288 1610 3340 sit
1637 3288 1690 3339 in
1718 3303 1775 3340 eo
1804 3288 1870 3339 ait
1900 3288 1974 3339 si-

379 3375 727 3428 militudincm
761 3379 871 3446 ejus
909 3377 961 3430 in
993 3386 1128 3430 terra
1161 3374 1349 3447 (Ibid,
1386 3377 1500 3448 ll),
1553 3388 1607 3431 et
1635 3385 1829 3430 czetera
1857 3391 1974 3446 quae

378 3476 511 3537 post
535 3469 817 3536 septimum
854 3467 1019 3532 diem,
1053 3483 1220 3537 usque
1251 3467 1303 3521 in
1330 3467 1489 3523 ﬁnem
1521 3467 1703 3526 saeculi
1736 3481 1827 3534 rer
1853 3482 1973 3536 par-

381 3568 467 3612 tes
514 3570 766 3625 operatur
797 3576 810 3612 :
839 3574 905 3612 ex
949 3558 1040 3613 illa
1086 3561 1227 3613 enim
1276 3558 1586 3613 definitione
1636 3557 1973 3626 proveniunt.

384 3645 454 3699 D.
495 3648 587 3702 Est
617 3650 668 3702 in
701 3650 781 3703 liis
811 3634 979 3703 tribus
1019 3649 1191 3718 aliqua
1222 3648 1557 3703 diﬂ'ereulia?
1590 3646 1667 3703 Μ.
1705 3648 1819 3711 Est,
1847 3648 1973 3717 quia

382 3754 449 3792 ea
480 3755 606 3808 qua:
633 3740 742 3794 sola
768 3742 1041 3795 voluntate
1073 3741 1150 3795 vel
1178 3741 1337 3794 etiam
1370 3754 1497 3794 voce
1540 3749 1663 3795 sunt
1689 3740 1846 3803 facta,
1880 3754 1977 3793 no-

382 3831 529 3881 viter
575 3829 708 3883 facta
748 3841 910 3897 sunt;
958 3846 1081 3900 qum
1122 3846 1253 3885 vero
1304 3829 1655 3894 deﬁnitione,
1718 3829 1822 3882 illis
1863 3831 1974 3899 jam
2006 3868 2051 3929 Ε

383 3921 586 3972 similia
634 3936 750 3990 qua:
802 3920 934 3976 facta
990 3923 1198 3975 noviter
1245 3921 1496 3975 diximus.
1544 3921 1608 3975 Et
1644 3933 1830 3975 rursus
1888 3920 1974 3973 illa

376 3996 607 4079 quidem
638 4011 689 4064 in
718 4027 808 4066 sex
843 4012 1025 4080 primis
1053 4012 1263 4078 diebus,
1298 4011 1412 4067 haec
1442 4028 1570 4068 vero
1600 4011 1769 4065 donec
1810 4024 1978 4064 srccu-

386 4103 500 4155 lunt
550 4102 734 4156 stabit.
783 4100 853 4156 D.
905 4103 975 4157 Da
1018 4104 1259 4158 Ordinem
1308 4120 1401 4172 per
1444 4120 1537 4157 sex
1576 4103 1690 4157 dies
1722 4102 1977 4157 factarum

390 4206 595 4268 rerum.
628 4189 701 4244 Μ.
736 4192 791 4246 lo
825 4193 940 4262 ipso
968 4195 1176 4263 quidem
1208 4195 1467 4264 principio
1491 4194 1812 4248 conditionis
1842 4193 1976 4247 facta

389 4295 515 4338 Sunt
536 4285 753 4350 ccelnm,
781 4294 943 4352 terra,
968 4286 1166 4355 angeli,
1192 4302 1283 4340 aer
1308 4295 1361 4340 et
1390 4301 1543 4356 aqua.
1579 4283 1645 4339 ι).
1679 4284 1977 4354 Comproba

384 4375 630 4444 angelus,
662 4384 719 4430 et
756 4390 944 4446 aquas,
978 4389 1032 4433 et
1075 4374 1255 4432 acrem
1300 4377 1516 4432 factum.
1553 4377 1629 4430 Μ.
1676 4376 1834 4432 Facta
1863 4377 1980 4446 qui-

387 4469 512 4522 dem
554 4484 618 4522 ex
670 4467 753 4523 bis
795 4468 1089 4537 Scriptum
1120 4472 1251 4524 locis
1282 4471 1602 4533 ostenditur,
1636 4482 1690 4524 ut
1721 4480 1804 4524 est
1835 4488 1848 4525 :
1879 4470 1979 4535 Qui

385 4560 513 4629 facit
545 4561 751 4629 angelos
775 4577 891 4615 suos
919 4562 1128 4631 spiritus
1153 4561 1322 4629 (Psal.
1357 4576 1469 4629 Clll,
1495 4560 1571 4631 ι).
1604 4561 1671 4616 Et
1703 4579 1714 4613 :
1748 4561 1980 4614 Laudate

387 4668 530 4714 eum,
575 4668 743 4706 omnes
772 4652 941 4721 angeli
969 4658 1077 4724 ejus
1105 4652 1281 4722 (Psal.
1326 4654 1651 4723 annua).
1689 4655 1752 4707 Et
1782 4669 1797 4708 :
1824 4656 1982 4721 Aqua:

383 4758 503 4810 qua
531 4759 684 4811 super
704 4743 854 4797 caelos
876 4755 996 4797 sunt
1027 4738 1237 4799 laudent
1264 4762 1443 4799 nomen
1468 4744 1675 4798 Domini
1698 4761 1715 4800 :
1736 4746 1981 4814 quoniam

383 4837 498 4902 ipse
527 4835 675 4899 dixit,
703 4845 749 4888 et
795 4837 936 4907 facta
977 4847 1092 4890 sunt
1126 4836 1310 4907 (lbid.,
1343 4840 1397 4904 4,
1428 4839 1506 4908 5).
1542 4840 1605 4893 Et
1635 4853 1727 4893 aer
1757 4839 1809 4892 in
1838 4837 1982 4892 Scri-

381 4926 561 4994 pturis
587 4928 706 4980 caeli
738 4929 955 4982 nomine
994 4930 1315 4996 ostenditur,
1352 4939 1407 4984 ut
1433 4942 1515 4984 est
1545 4949 1557 4981 :
1595 4929 1839 4985 Volucres
1867 4932 1981 4984 cali

378 5014 563 5085 (l’sal.
604 5033 716 5083 vni,
742 5018 825 5087 9),
865 5033 988 5073 cum
1031 5029 1232 5074 certum
1276 5021 1346 5074 sit
1383 5035 1509 5076 aves
1543 5022 1594 5074 in
1624 5035 1749 5075 aere
1774 5021 1973 5076 volare.

376 5107 592 5164 Catum
624 5122 799 5166 autem
834 5113 1171 5167 ostendimus
1211 5113 1430 5169 factum.
1477 5113 1630 5182 Quod
1673 5096 1801 5169 vero
1848 5128 1982 5182 prin-

377 5204 643 5259 cesseriot
669 5206 767 5261 ista
795 5217 1025 5261 cmtcras
1054 5217 1352 5272 creaturas,
1377 5209 1429 5262 in
1453 5209 1655 5278 angelis
1703 5208 1975 5276 Scriptura
2009 5245 2057 5307 Β

378 5297 740 5364 demonstrat,
767 5298 892 5351 dum
919 5300 969 5351 in
996 5298 1238 5352 laudibus
1261 5308 1314 5351 ct
1343 5298 1802 5354 benedictionibus
1829 5313 1980 5353 crea-

379 5390 519 5444 turis
542 5391 749 5445 ezeteris
777 5399 1164 5461 przeponuutur
1187 5408 1197 5441 :
1220 5400 1273 5444 et
1294 5391 1430 5445 ratio
1459 5390 1511 5445 id
1538 5391 1786 5458 postulat;
1817 5406 1978 5459 opor-

379 5485 485 5537 tnit
519 5482 661 5537 enim
705 5495 761 5538 ut
802 5492 1044 5538 terrenas
1080 5476 1318 5537 caelestis
1347 5492 1591 5560 creatura
1625 5481 1971 5552 prrccederet.

380 5576 461 5632 De
484 5579 644 5647 aquis
674 5592 801 5632 vero
831 5579 943 5647 ipsa
974 5578 1250 5648 Scriptura
1290 5576 1423 5632 dicit
1452 5578 1591 5647 quod
1624 5577 1848 5646 Spiritus
1878 5575 1974 5630 Dei

456 5723 479 5750 ι
525 5712 579 5766 Id
626 5720 728 5776 est,
772 5727 879 5765 non
930 5721 1142 5781 propter
1190 5714 1323 5768 alias
1365 5720 1638 5768 creaturas
1679 5727 1694 5764 :
1735 5709 1970 5775 alioquin

383 5787 526 5844 enim
575 5798 679 5839 non
713 5794 925 5855 propter
951 5799 1030 5853 se,
1059 5785 1150 5840 sed
1179 5797 1397 5855 propter
1422 5786 1585 5842 Deum
1617 5794 1827 5840 creatos
1858 5796 1976 5838 esse

2077 1191 2337 1262 ferebatur
2360 1206 2512 1263 super
2530 1206 2687 1257 aquas
2710 1187 2863 1259 (Gen.
2892 1204 2930 1251 t,
2954 1183 3032 1255 2).
3059 1183 3128 1243 ι).
3158 1188 3393 1256 Sequere
3418 1188 3661 1243 ordinem

2075 1284 2462 1354 generationis.
2498 1281 2574 1335 Μ.
2620 1282 2675 1335 lu
2709 1280 2993 1349 principio,
3024 1279 3113 1333 die
3158 1280 3351 1357 prima,
3395 1281 3483 1333 lux
3524 1280 3660 1334 facta

2080 1383 2199 1428 est:
2232 1372 2465 1428 secunda
2499 1385 2625 1425 vero
2674 1370 2780 1434 die,
2828 1370 3219 1422 ﬁrmamentum
3256 1387 3267 1420 :
3302 1370 3479 1433 tertia,
3514 1386 3663 1426 mare

2077 1478 2132 1523 et
2162 1476 2318 1521 terra?
2348 1466 2620 1520 nascentia
2653 1482 2664 1517 :
2698 1473 2906 1533 quarta,
2942 1462 3222 1516 lumfnaria
3264 1463 3383 1517 coeli
3415 1481 3426 1514 :
3455 1465 3658 1532 quinia,

2078 1557 2312 1611 natantia
2345 1568 2395 1611 et
2427 1555 2665 1610 volatilia
2694 1572 2705 1607 :
2737 1563 2908 1620 sexta,
2943 1553 3142 1622 reliqua
3182 1552 3431 1605 animalia
3467 1561 3521 1606 et
3562 1553 3661 1605 lto.

2078 1664 2186 1702 mo.
2222 1647 2285 1701 ι).
2318 1648 2446 1715 Quae
2478 1656 2560 1701 est
2591 1646 2641 1699 in
2673 1646 2904 1713 ipsarum
2945 1652 3311 1697 creaturarum
3354 1644 3663 1712 operatione

2076 1736 2387 1791 distinctio?
2421 1736 2497 1789 Μ.
2530 1735 2680 1804 Quod
2712 1734 2956 1803 qumdam
2979 1750 3043 1788 ex
3074 1733 3241 1787 nihilo
3272 1732 3408 1787 facta
3437 1744 3580 1799 sunt,
3609 1745 3663 1788 nt

2076 1830 2292 1894 malum,
2342 1838 2503 1895 terra,
2541 1836 2596 1881 rt
2635 1835 2824 1880 caetera
2866 1841 2983 1894 quae
3022 1839 3189 1894 usque
3233 1826 3298 1878 ad
3338 1835 3662 1893 completuttt

2076 1920 2218 1975 diem
2261 1921 2487 1989 primum
2533 1919 2765 1973 diximus
2811 1917 2947 1972 facta
2978 1935 2992 1985 ;
3028 1918 3429 1989 quardam‘vero
3458 1934 3522 1972 ex
3556 1921 3663 1984 jam

2078 2010 2231 2064 lactis
2265 2011 2440 2080 primo
2462 2009 2548 2065 die
2600 2010 2667 2062 D.
2703 2010 2776 2063 Da
2812 2011 3001 2063 borum
3036 2010 3391 2078 probationes.
3423 2009 3497 2065 Μ.
3530 2012 3663 2079 Quia

2076 2100 2285 2169 anties
2331 2100 2605 2169 Scriptura
2652 2116 2714 2155 ex
2758 2099 2937 2168 aliquo
2980 2099 3148 2156 factas
3178 2117 3263 2155 res
3304 2102 3450 2167 cupit
3479 2112 3661 2155 osten-

2075 2192 2225 2255 dere,
2257 2200 2348 2245 aut
2394 2192 2566 2260 palam
2613 2190 2899 2259 signiﬁczit,
2946 2200 3002 2245 ut
3047 2200 3131 2245 est
3171 2211 3185 2246 :
3231 2190 3492 2245 Prorlncat
3530 2206 3665 2245 terra

2077 2280 2268 2352 (Ibid.,
2304 2281 2416 2351 ll),
2444 2292 2497 2337 et
2529 2299 2542 2334 :
2576 2281 2871 2334 Producunt
2897 2291 3039 2350 aqua'
3072 2279 3259 2350 (Ibitl.,
3291 2281 3402 2345 20),
3433 2292 3483 2334 et
3517 2284 3665 2336 sitni-

2080 2376 2170 2428 lia.
2212 2375 2319 2429 Aut
2354 2384 2503 2430 certe
2540 2390 2610 2428 ex
2650 2375 2831 2429 subtili
2861 2373 3248 2442 signiﬁcatione
3273 2374 3579 2439 verborum,
3609 2386 3666 2429 nt

2078 2480 2198 2519 cum
2230 2465 2358 2520 dicit
2391 2481 2405 2518 :
2439 2463 2485 2517 F
2486 2466 2559 2519 int
2584 2465 2958 2532 ﬁrmamentum
2986 2463 3171 2531 (lbid.,
3195 2464 3273 2531 (ἰ),
3304 2465 3483 2533 utique
3502 2465 3665 2534 signi-

2082 2558 2205 2611 ﬁcat
2230 2557 2390 2613 luisse
2413 2556 2612 2625 aliquid
2638 2554 2855 2609 ﬂuidum
2881 2570 2943 2608 ac
2971 2555 3251 2625 liquidum,
3282 2555 3333 2609 id
3357 2565 3439 2610 est
3459 2572 3621 2624 aquas
3648 2575 3662 2609 :

2079 2665 2198 2720 qua:
2239 2659 2294 2702 ut
2338 2648 2580 2703 solidata:
2621 2646 3055 2713 ostenderentur,
3086 2645 3479 2700 ﬁrmamentum
3512 2662 3667 2699 voca-

2081 2751 2191 2795 ttun
2223 2752 2324 2805 est,
2356 2739 2495 2810 quod
2529 2738 2706 2794 ﬁebat.
2741 2738 3022 2817 Eurursus
3063 2737 3344 2792 luminaria
3374 2738 3664 2792 derivativa

2080 2833 2391 2901 appellavit,
2424 2847 2543 2900 qua:
2572 2841 2764 2900 quarto
2792 2829 2880 2885 die
2912 2829 3045 2885 facta
3077 2842 3241 2884 sunt:
3274 2840 3413 2899 utIex
3439 2831 3665 2893 lumine,

2083 2926 2254 2994 primo
2283 2923 2368 2978 die
2400 2931 2644 2993 operato,
2698 2922 2833 2976 facta
2884 2930 3229 2977 monstraret.
3268 2923 3324 2977 lo
3366 2923 3448 2976 his
3485 2934 3667 2977 autem

2081 3032 2199 3086 qua:
2228 3016 2403 3085 primo
2434 3016 2519 3069 die
2548 3015 2683 3069 facta
2722 3022 2866 3079 sunt,
2901 3029 3071 3082 neque
3102 3022 3305 3081 aperte,
3340 3029 3512 3082 neque
3541 3015 3668 3067 sub-

2084 3108 2159 3161 tili
2190 3107 2355 3161 verbo
2388 3104 2581 3161 factum
2613 3105 2811 3175 aliquid
2839 3105 3139 3160 declaratur
3167 3120 3231 3159 ex
3263 3106 3450 3159 altero.
3488 3102 3554 3158 ι).
3582 3103 3663 3158 Ni.

2084 3197 2158 3252 hil
2204 3212 2333 3268 ergo
2375 3205 2493 3265 post
2536 3197 2767 3266 primum
2799 3196 2941 3250 diem
2973 3195 3291 3261 ostenditur,
3322 3212 3387 3251 ex
3421 3212 3524 3249 non
3557 3198 3664 3251 exi-

2080 3289 2349 3344 stentibus
2377 3290 2606 3343 factum?
2637 3287 2713 3341 Μ.
2741 3288 2863 3343 Sola
2899 3288 3132 3342 hominis
3159 3289 3333 3342 anima
3358 3304 3373 3342 :
3406 3290 3456 3342 iu
3481 3305 3589 3358 quo
3616 3298 3670 3343 et

2083 3381 2184 3435 hoc
2210 3381 2274 3433 ad
2304 3380 2695 3435 ostendi-udum
2719 3380 2841 3449 quia
2866 3396 2985 3435 cum
3014 3381 3119 3434 alia
3151 3389 3241 3434 aut
3269 3395 3333 3434 es
3363 3380 3549 3444 nihilo,
3577 3388 3671 3434 aut

2079 3487 2144 3527 ex
2172 3472 2281 3542 jam
2310 3470 2462 3526 factis
2494 3474 2623 3525 facta
2654 3472 2779 3536 sint,
2811 3471 2955 3526 solus
2981 3473 3140 3525 homo
3170 3486 3240 3526 ex
3272 3481 3499 3542 utroque
3520 3487 3670 3526 com-

2083 3564 2316 3631 ponitur.
2366 3560 2431 3613 0.
2474 3560 2619 3628 Quas
2646 3562 2777 3616 alius
2806 3560 3134 3615 differentias
3161 3561 3422 3615 creatoris
3449 3560 3668 3614 ascribi-

2082 3652 2237 3706 mus?
2271 3650 2346 3704 Μ.
2380 3651 2532 3717 Quod
2561 3666 2623 3704 ea
2650 3666 2771 3721 quae
2806 3651 2988 3720 primis
3014 3666 3105 3706 sex
3137 3649 3326 3705 diebus
3355 3650 3490 3704 facta
3522 3660 3668 3715 sunt,

2084 3759 2188 3797 nun
2223 3743 2557 3808 naturalter,
2592 3758 2766 3813 neque
2794 3758 2856 3796 ex
2891 3741 3238 3797 similitudine
3268 3753 3669 3811 provenerunt;

2083 3834 2286 3902 reliqua
2323 3846 2449 3887 vero
2477 3847 2595 3900 qua:
2629 3832 2759 3885 ﬁunt
2789 3832 3125 3897 naturaliter,
3157 3848 3221 3885 ex
3263 3832 3447 3885 divina
3476 3832 3669 3885 delini-

2087 3927 2230 3981 tione
2270 3935 2584 3989 nascuntur,
2628 3924 2867 3992 exceptis
2908 3924 3114 3977 scilicet
3160 3923 3449 3975 miraculis.
3494 3920 3561 3974 Β.
3601 3924 3670 3977 Da

2086 4018 2297 4072 tertiam
2344 4015 2719 4088 differentiam.
2766 4012 2841 4066 Μ.
2876 4013 3027 4079 Quod
3060 4024 3425 4068 creaturarum
3455 4013 3672 4083 aliqua».

2084 4110 2135 4164 id
2182 4119 2263 4163 cst
2306 4107 2617 4172 rationales,
2657 4115 2682 4143 ι
2723 4116 2938 4174 propter
2976 4120 3035 4160 se
3075 4106 3217 4174 ipsas
3258 4106 3409 4160 facta:
3443 4115 3586 4174 sunt,
3619 4117 3672 4162 ut

2082 4200 2253 4268 angeli
2279 4210 2329 4253 et
2354 4198 2620 4252 homines.
2656 4197 2890 4277 Reliquae
2916 4211 3045 4250 vero
3072 4212 3176 4249 non
3211 4206 3428 4266 propter
3461 4213 3542 4263 se,
3576 4199 3670 4251 sed

2086 4301 2304 4359 pr0pter
2331 4287 2612 4359 praedictos
2640 4288 2857 4357 angelos
2885 4296 2974 4341 aut
2998 4287 3241 4339 homines
3268 4286 3419 4340 facta:
3443 4303 3673 4340 noscun-

2084 4389 2187 4435 tur.
2218 4381 2387 4434 llonto
2406 4394 2531 4433 vero
2550 4378 2934 4447 principaliter,
2964 4379 3253 4432 secundum
3272 4380 3528 4443 animam,
3552 4396 3672 4446 pro-

2086 4486 2203 4544 pter
2240 4490 2299 4529 se
2343 4471 2367 4511 δ
2410 4471 2787 4541 intelligendus
2830 4481 2913 4526 est
2954 4471 3143 4525 lactus.
3196 4471 3327 4525 Nam
3379 4475 3672 4526 secundum

2082 4582 2277 4638 corpus
2308 4574 2730 4634 consequenter.
2768 4562 2837 4616 D.
2870 4563 3006 4629 Quid
3040 4562 3254 4617 autem?
3284 4573 3476 4631 prmter
3507 4563 3674 4617 ltotni-

2083 4674 2179 4712 nes
2208 4667 2261 4712 et
2290 4658 2530 4726 angelos,
2560 4655 2678 4708 aliae
2715 4663 2976 4708 creatura:
3013 4669 3072 4709 se
3118 4655 3246 4723 ipsis
3289 4654 3515 4708 invicem
3570 4670 3674 4707 non

2084 4749 2343 4818 egebant?
2372 4747 2449 4801 Μ,
2484 4746 2725 4816 Egebant
2764 4746 2999 4814 quidem,
3031 4760 3135 4799 non
3174 4744 3238 4797 ad
3271 4745 3552 4798 utilitatem
3591 4758 3671 4793 ιη-

2084 4856 2231 4903 men,
2272 4840 2366 4892 sed
2398 4839 2463 4891 ad
2496 4847 2742 4891 ornatum
2778 4852 2792 4889 :
2828 4835 2992 4889 utiles
3032 4838 3173 4888 enim
3212 4844 3358 4897 sunt,
3401 4849 3503 4886 non
3547 4833 3672 4897 sihi,

2082 4930 2176 4985 sed
2225 4928 2429 4998 angelis
2474 4927 2558 4981 vel
2603 4925 2908 4979 hominibus
2955 4939 3053 4991 pro
3091 4924 3281 4993 quibus
3319 4924 3480 4977 etiam
3524 4926 3675 4977 factas

2084 5032 2401 5077 noscuntur.
2442 5019 2699 5074 Ornatam
2749 5032 2878 5072 vero
2914 5017 3075 5070 etiam
3118 5016 3344 5070 invicem
3383 5024 3673 5085 prastant:

2082 5116 2281 5185 quippe
2311 5122 2364 5168 et
2393 5113 2587 5167 caelum
2620 5112 2921 5163 inornatum
2953 5109 3073 5162 sine
3100 5109 3409 5165 caelestibus
3445 5111 3671 5166 Iumina-

2083 5205 2231 5260 ribns
2274 5203 2404 5267 fuit,
2449 5211 2503 5256 et
2549 5200 2831 5255 luminaria
2864 5199 3000 5269 ipsa,
3036 5215 3102 5254 ne
3128 5201 3393 5271 superflua
3427 5200 3559 5257 facta
3590 5216 3675 5256 es.

2085 5307 2223 5365 scut,
2273 5295 2567 5349 videntium
2596 5292 2766 5347 oculis
2813 5290 3150 5363 indigebant;
3201 5303 3252 5349 et
3281 5310 3429 5349 mare
3456 5296 3673 5348 inorna-

2086 5397 2220 5455 tum,
2247 5386 2419 5441 do:iec
2440 5395 2533 5440 aut
2555 5385 2731 5439 locum
2758 5398 2913 5440 suum
2938 5388 3220 5456 reciperet,
3243 5395 3333 5439 aut
3354 5386 3674 5440 animalibus

2084 5480 2396 5549 impleretur
2419 5493 2433 5542 ;
2459 5485 2513 5531 et
2540 5485 2680 5531 terra
2706 5476 3077 5545 incomposita,
3104 5486 3297 5545 printer
3320 5474 3673 5529 habitantium

2084 5576 2168 5631 vel
2200 5573 2532 5628 nascentium
2562 5586 2745 5637 usum;
2774 5580 2830 5626 et
2857 5570 3231 5626 irrationabilia
3255 5568 3529 5638 animalia,
3555 5569 3682 5625 sino

2084 5715 2290 5764 constat
2318 5705 2559 5760 homines
2586 5713 2637 5757 et
2665 5705 2902 5767 angelos.

2159 5778 2184 5817 δ
2230 5777 2405 5835 Malim
2437 5775 2791 5847 tlthlllgll'lllS.
