  <div class='ocr_page' id='page_1' title='image "/cluster/home/n/w/nwhite01/storage/ocr_20150623/68/hvd.32044054758719/021.png"; bbox 0 0 4100 6194; ppageno 0'>
   <div class='ocr_carea' id='block_1_1' title="bbox 481 229 2231 321">
    <p class='ocr_par' dir='ltr' id='par_1_1' title="bbox 481 229 2231 321">
     <span class='ocr_line' id='line_1_1' title="bbox 481 229 2231 321; baseline 0.01 -19"><span class='ocrx_word' id='word_1_1' title='bbox 481 229 549 316; x_wconf 64' lang='lat' dir='ltr'><strong>gi</strong></span> <span class='ocrx_word' id='word_1_2' title='bbox 1996 263 2231 321; x_wconf 70' lang='lat' dir='ltr'><strong>tum.&quot;</strong></span> 
     </span>
    </p>
   </div>
   <div class='ocr_carea' id='block_1_2' title="bbox 3634 220 3677 251">
    <p class='ocr_par' dir='ltr' id='par_1_2' title="bbox 3634 220 3677 251">
     <span class='ocr_line' id='line_1_2' title="bbox 3634 220 3677 251; baseline 0 0"><span class='ocrx_word' id='word_1_3' title='bbox 3634 220 3677 251; x_wconf 62' lang='grc' dir='ltr'><strong>κ</strong></span> 
     </span>
    </p>
   </div>
   <div class='ocr_carea' id='block_1_3' title="bbox 3675 311 3766 367">
    <p class='ocr_par' dir='ltr' id='par_1_3' title="bbox 3675 311 3766 367">
     <span class='ocr_line' id='line_1_3' title="bbox 3675 311 3766 367; baseline -0.011 0"><span class='ocrx_word' id='word_1_4' title='bbox 3675 311 3766 367; x_wconf 73' lang='lat'><strong>9.8</strong></span> 
     </span>
    </p>
   </div>
   <div class='ocr_carea' id='block_1_4' title="bbox 483 376 3765 467">
    <p class='ocr_par' dir='ltr' id='par_1_4' title="bbox 483 376 3765 467">
     <span class='ocr_line' id='line_1_4' title="bbox 483 376 3765 467; baseline 0.009 -40"><span class='ocrx_word' id='word_1_5' title='bbox 483 376 713 430; x_wconf 78' lang='lat' dir='ltr'><strong>hominis</strong></span> <span class='ocrx_word' id='word_1_6' title='bbox 741 377 997 446; x_wconf 77' lang='lat' dir='ltr'><strong>regimine</strong></span> <span class='ocrx_word' id='word_1_7' title='bbox 1035 378 1253 447; x_wconf 84' lang='lat' dir='ltr'><strong>inepta;</strong></span> <span class='ocrx_word' id='word_1_8' title='bbox 1290 386 1344 434; x_wconf 83' lang='lat' dir='ltr'><strong>et</strong></span> <span class='ocrx_word' id='word_1_9' title='bbox 1371 379 1579 442; x_wconf 68' lang='lat' dir='ltr'><strong>hcrbm.</strong></span> <span class='ocrx_word' id='word_1_10' title='bbox 1613 381 1832 436; x_wconf 85' lang='lat' dir='ltr'><strong>absente</strong></span> <span class='ocrx_word' id='word_1_11' title='bbox 1862 383 2061 435; x_wconf 76' lang='lat' dir='ltr'><strong>aninta-</strong></span> <span class='ocrx_word' id='word_1_12' title='bbox 2096 381 2138 435; x_wconf 76' lang='grc' dir='ltr'>Α</span> <span class='ocrx_word' id='word_1_13' title='bbox 2171 381 2346 450; x_wconf 85' lang='lat' dir='ltr'><strong>aliqua</strong></span> <span class='ocrx_word' id='word_1_14' title='bbox 2381 383 2513 439; x_wconf 80' lang='lat' dir='ltr'><strong>facta</strong></span> <span class='ocrx_word' id='word_1_15' title='bbox 2557 395 2699 451; x_wconf 87' lang='lat' dir='ltr'><strong>sunt,</strong></span> <span class='ocrx_word' id='word_1_16' title='bbox 2731 403 2985 460; x_wconf 85' lang='lat' dir='ltr'><strong>corporea</strong></span> <span class='ocrx_word' id='word_1_17' title='bbox 3028 403 3149 451; x_wconf 82' lang='lat' dir='ltr'><strong>sunt</strong></span> <span class='ocrx_word' id='word_1_18' title='bbox 3182 414 3191 447; x_wconf 75' lang='grc' dir='ltr'><em>τ</em></span> <span class='ocrx_word' id='word_1_19' title='bbox 3226 396 3538 467; x_wconf 68' lang='lat' dir='ltr'><strong>incorporea</strong></span> <span class='ocrx_word' id='word_1_20' title='bbox 3570 416 3765 457; x_wconf 70' lang='lat' dir='ltr'><strong>autem</strong></span> 
     </span>
    </p>
   </div>
   <div class='ocr_carea' id='block_1_5' title="bbox 479 466 2056 540">
    <p class='ocr_par' dir='ltr' id='par_1_5' title="bbox 479 466 2056 540">
     <span class='ocr_line' id='line_1_5' title="bbox 479 466 2056 540; baseline 0.004 -24"><span class='ocrx_word' id='word_1_21' title='bbox 479 466 605 521; x_wconf 85' lang='lat' dir='ltr'><strong>lium</strong></span> <span class='ocrx_word' id='word_1_22' title='bbox 640 482 759 529; x_wconf 77' lang='lat' dir='ltr'><strong>usu,</strong></span> <span class='ocrx_word' id='word_1_23' title='bbox 793 470 1095 536; x_wconf 72' lang='lat' dir='ltr'><strong>supernum.</strong></span> <span class='ocrx_word' id='word_1_24' title='bbox 1130 471 1201 523; x_wconf 83' lang='lat' dir='ltr'><strong>Ita</strong></span> <span class='ocrx_word' id='word_1_25' title='bbox 1230 473 1405 527; x_wconf 85' lang='lat' dir='ltr'><strong>omnia</strong></span> <span class='ocrx_word' id='word_1_26' title='bbox 1430 485 1588 540; x_wconf 82' lang='lat' dir='ltr'><strong>egent</strong></span> <span class='ocrx_word' id='word_1_27' title='bbox 1621 472 1843 527; x_wconf 82' lang='lat' dir='ltr'><strong>invicem</strong></span> <span class='ocrx_word' id='word_1_28' title='bbox 1870 474 1949 527; x_wconf 89' lang='lat' dir='ltr'><strong>vel</strong></span> <span class='ocrx_word' id='word_1_29' title='bbox 1977 472 2056 525; x_wconf 69' lang='lat' dir='ltr'><strong>his</strong></span> 
     </span>
    </p>
   </div>
   <div class='ocr_carea' id='block_1_6' title="bbox 476 558 2057 633">
    <p class='ocr_par' dir='ltr' id='par_1_6' title="bbox 476 558 2057 633">
     <span class='ocr_line' id='line_1_6' title="bbox 476 558 2057 633; baseline 0.004 -23"><span class='ocrx_word' id='word_1_30' title='bbox 476 572 592 623; x_wconf 78' lang='lat' dir='ltr'><strong>utne</strong></span> <span class='ocrx_word' id='word_1_31' title='bbox 627 573 720 623; x_wconf 81' lang='lat' dir='ltr'><strong>per</strong></span> <span class='ocrx_word' id='word_1_32' title='bbox 757 558 871 615; x_wconf 87' lang='lat' dir='ltr'><strong>dies</strong></span> <span class='ocrx_word' id='word_1_33' title='bbox 907 576 1000 613; x_wconf 69' lang='lat' dir='ltr'><strong>sex</strong></span> <span class='ocrx_word' id='word_1_34' title='bbox 1046 562 1180 616; x_wconf 78' lang='lat' dir='ltr'><strong>facta</strong></span> <span class='ocrx_word' id='word_1_35' title='bbox 1229 572 1374 623; x_wconf 85' lang='lat' dir='ltr'><strong>sunt,</strong></span> <span class='ocrx_word' id='word_1_36' title='bbox 1409 564 1491 617; x_wconf 90' lang='lat' dir='ltr'><strong>vel</strong></span> <span class='ocrx_word' id='word_1_37' title='bbox 1533 562 1618 617; x_wconf 85' lang='lat' dir='ltr'><strong>his</strong></span> <span class='ocrx_word' id='word_1_38' title='bbox 1661 578 1778 633; x_wconf 74' lang='lat' dir='ltr'><strong>qua:</strong></span> <span class='ocrx_word' id='word_1_39' title='bbox 1820 563 2057 633; x_wconf 82' lang='lat' dir='ltr'><strong>quotidie</strong></span> 
     </span>
    </p>
   </div>
   <div class='ocr_carea' id='block_1_7' title="bbox 476 648 2052 723">
    <p class='ocr_par' dir='ltr' id='par_1_7' title="bbox 476 648 2052 723">
     <span class='ocr_line' id='line_1_7' title="bbox 476 648 2052 723; baseline 0.004 -23"><span class='ocrx_word' id='word_1_40' title='bbox 476 648 628 703; x_wconf 88' lang='lat' dir='ltr'><strong>ﬁunt.</strong></span> <span class='ocrx_word' id='word_1_41' title='bbox 660 648 786 713; x_wconf 94' lang='lat' dir='ltr'><strong>Sed,</strong></span> <span class='ocrx_word' id='word_1_42' title='bbox 817 661 874 711; x_wconf 90' lang='lat' dir='ltr'><strong>ut</strong></span> <span class='ocrx_word' id='word_1_43' title='bbox 897 651 1008 720; x_wconf 86' lang='lat' dir='ltr'><strong>jam</strong></span> <span class='ocrx_word' id='word_1_44' title='bbox 1033 653 1287 723; x_wconf 83' lang='lat' dir='ltr'><strong>diximus,</strong></span> <span class='ocrx_word' id='word_1_45' title='bbox 1312 654 1455 708; x_wconf 82' lang='lat' dir='ltr'><strong>aliud</strong></span> <span class='ocrx_word' id='word_1_46' title='bbox 1479 669 1597 709; x_wconf 89' lang='lat' dir='ltr'><strong>esse</strong></span> <span class='ocrx_word' id='word_1_47' title='bbox 1622 655 2052 721; x_wconf 85' lang='lat' dir='ltr'><strong>incompositum,</strong></span> 
     </span>
    </p>
   </div>
   <div class='ocr_carea' id='block_1_8' title="bbox 477 741 2054 816">
    <p class='ocr_par' dir='ltr' id='par_1_8' title="bbox 477 741 2054 816">
     <span class='ocr_line' id='line_1_8' title="bbox 477 741 2054 816; baseline 0.006 -23"><span class='ocrx_word' id='word_1_48' title='bbox 477 741 618 793; x_wconf 80' lang='lat' dir='ltr'><strong>aliud</strong></span> <span class='ocrx_word' id='word_1_49' title='bbox 654 743 782 797; x_wconf 89' lang='lat' dir='ltr'><strong>utile</strong></span> <span class='ocrx_word' id='word_1_50' title='bbox 814 745 1243 813; x_wconf 84' lang='lat' dir='ltr'><strong>inrompositum,</strong></span> <span class='ocrx_word' id='word_1_51' title='bbox 1276 748 1474 816; x_wconf 87' lang='lat' dir='ltr'><strong>aliquid</strong></span> <span class='ocrx_word' id='word_1_52' title='bbox 1516 762 1611 816; x_wconf 84' lang='lat' dir='ltr'><strong>per</strong></span> <span class='ocrx_word' id='word_1_53' title='bbox 1651 763 1709 802; x_wconf 91' lang='lat' dir='ltr'><strong>se</strong></span> <span class='ocrx_word' id='word_1_54' title='bbox 1743 749 1873 803; x_wconf 75' lang='lat' dir='ltr'><strong>utile</strong></span> <span class='ocrx_word' id='word_1_55' title='bbox 1902 749 2054 805; x_wconf 77' lang='lat' dir='ltr'><strong>alteri</strong></span> 
     </span>
    </p>
   </div>
   <div class='ocr_carea' id='block_1_9' title="bbox 474 830 2058 906">
    <p class='ocr_par' dir='ltr' id='par_1_9' title="bbox 474 830 2058 906">
     <span class='ocr_line' id='line_1_9' title="bbox 474 830 2058 906; baseline 0.004 -21"><span class='ocrx_word' id='word_1_56' title='bbox 474 830 799 891; x_wconf 74' lang='lat' dir='ltr'><strong>declaratur.</strong></span> <span class='ocrx_word' id='word_1_57' title='bbox 834 833 899 889; x_wconf 83' lang='grc' dir='ltr'><em>ι).</em></span> <span class='ocrx_word' id='word_1_58' title='bbox 934 834 988 893; x_wconf 89' lang='lat' dir='ltr'><strong>In</strong></span> <span class='ocrx_word' id='word_1_59' title='bbox 1020 847 1332 894; x_wconf 77' lang='lat' dir='ltr'><strong>ornamento</strong></span> <span class='ocrx_word' id='word_1_60' title='bbox 1360 839 1475 905; x_wconf 83' lang='lat' dir='ltr'><strong>ipso</strong></span> <span class='ocrx_word' id='word_1_61' title='bbox 1500 837 1674 906; x_wconf 71' lang='lat' dir='ltr'><strong>aliqua</strong></span> <span class='ocrx_word' id='word_1_62' title='bbox 1698 846 1781 896; x_wconf 84' lang='lat' dir='ltr'><strong>est</strong></span> <span class='ocrx_word' id='word_1_63' title='bbox 1806 836 2058 897; x_wconf 78' lang='lat' dir='ltr'><strong>dilicren-</strong></span> 
     </span>
    </p>
   </div>
   <div class='ocr_carea' id='block_1_10' title="bbox 475 921 2051 994">
    <p class='ocr_par' dir='ltr' id='par_1_10' title="bbox 475 921 2051 994">
     <span class='ocr_line' id='line_1_10' title="bbox 475 921 2051 994; baseline 0.01 -22"><span class='ocrx_word' id='word_1_64' title='bbox 475 921 579 973; x_wconf 87' lang='lat' dir='ltr'><strong>tia?</strong></span> <span class='ocrx_word' id='word_1_65' title='bbox 607 921 686 975; x_wconf 77' lang='grc' dir='ltr'><strong>Μ.</strong></span> <span class='ocrx_word' id='word_1_66' title='bbox 719 924 832 978; x_wconf 82' lang='lat' dir='ltr'><strong>Est.</strong></span> <span class='ocrx_word' id='word_1_67' title='bbox 879 925 1008 979; x_wconf 86' lang='lat' dir='ltr'><strong>Nam</strong></span> <span class='ocrx_word' id='word_1_68' title='bbox 1038 927 1210 994; x_wconf 90' lang='lat' dir='ltr'><strong>aliqua</strong></span> <span class='ocrx_word' id='word_1_69' title='bbox 1244 930 1294 981; x_wconf 91' lang='lat' dir='ltr'><strong>in</strong></span> <span class='ocrx_word' id='word_1_70' title='bbox 1326 943 1421 982; x_wconf 85' lang='lat' dir='ltr'><strong>sex</strong></span> <span class='ocrx_word' id='word_1_71' title='bbox 1452 929 1640 984; x_wconf 88' lang='lat' dir='ltr'><strong>diebus</strong></span> <span class='ocrx_word' id='word_1_72' title='bbox 1666 937 1850 983; x_wconf 87' lang='lat' dir='ltr'><strong>ornata</strong></span> <span class='ocrx_word' id='word_1_73' title='bbox 1884 938 2007 983; x_wconf 85' lang='lat' dir='ltr'><strong>sunt</strong></span> <span class='ocrx_word' id='word_1_74' title='bbox 2037 943 2051 987; x_wconf 72' lang='grc' dir='ltr'>ξ</span> 
     </span>
    </p>
   </div>
   <div class='ocr_carea' id='block_1_11' title="bbox 474 1015 2055 1088">
    <p class='ocr_par' dir='ltr' id='par_1_11' title="bbox 474 1015 2055 1088">
     <span class='ocr_line' id='line_1_11' title="bbox 474 1015 2055 1088; baseline 0.008 -26"><span class='ocrx_word' id='word_1_75' title='bbox 474 1025 529 1064; x_wconf 81' lang='grc' dir='ltr'><strong>ιιι</strong></span> <span class='ocrx_word' id='word_1_76' title='bbox 572 1015 766 1069; x_wconf 85' lang='lat' dir='ltr'><strong>coelum</strong></span> <span class='ocrx_word' id='word_1_77' title='bbox 810 1017 1185 1082; x_wconf 85' lang='lat' dir='ltr'><strong>lnminarihus,</strong></span> <span class='ocrx_word' id='word_1_78' title='bbox 1216 1028 1269 1072; x_wconf 84' lang='lat' dir='ltr'><strong>et</strong></span> <span class='ocrx_word' id='word_1_79' title='bbox 1308 1028 1447 1074; x_wconf 87' lang='lat' dir='ltr'><strong>terra</strong></span> <span class='ocrx_word' id='word_1_80' title='bbox 1493 1020 1693 1085; x_wconf 85' lang='lat' dir='ltr'><strong>herbis,</strong></span> <span class='ocrx_word' id='word_1_81' title='bbox 1726 1029 1779 1075; x_wconf 89' lang='lat' dir='ltr'><strong>et</strong></span> <span class='ocrx_word' id='word_1_82' title='bbox 1820 1021 2055 1088; x_wconf 74' lang='lat' dir='ltr'><strong>piscibus</strong></span> 
     </span>
    </p>
   </div>
   <div class='ocr_carea' id='block_1_12' title="bbox 472 1107 2055 1177">
    <p class='ocr_par' dir='ltr' id='par_1_12' title="bbox 472 1107 2055 1177">
     <span class='ocr_line' id='line_1_12' title="bbox 472 1107 2055 1177; baseline 0.004 -20"><span class='ocrx_word' id='word_1_83' title='bbox 472 1118 639 1158; x_wconf 84' lang='lat' dir='ltr'><strong>mare.</strong></span> <span class='ocrx_word' id='word_1_84' title='bbox 688 1107 939 1173; x_wconf 81' lang='lat' dir='ltr'><strong>Quaedam</strong></span> <span class='ocrx_word' id='word_1_85' title='bbox 993 1108 1165 1173; x_wconf 88' lang='lat' dir='ltr'><strong>donec</strong></span> <span class='ocrx_word' id='word_1_86' title='bbox 1210 1111 1441 1165; x_wconf 90' lang='lat' dir='ltr'><strong>mundus</strong></span> <span class='ocrx_word' id='word_1_87' title='bbox 1485 1113 1616 1165; x_wconf 88' lang='lat' dir='ltr'><strong>vivit</strong></span> <span class='ocrx_word' id='word_1_88' title='bbox 1668 1121 1947 1177; x_wconf 87' lang='lat' dir='ltr'><strong>ornantur,</strong></span> <span class='ocrx_word' id='word_1_89' title='bbox 1996 1119 2055 1164; x_wconf 91' lang='lat' dir='ltr'><strong>ut</strong></span> 
     </span>
    </p>
   </div>
   <div class='ocr_carea' id='block_1_13' title="bbox 472 1197 2054 1271">
    <p class='ocr_par' dir='ltr' id='par_1_13' title="bbox 472 1197 2054 1271">
     <span class='ocr_line' id='line_1_13' title="bbox 472 1197 2054 1271; baseline 0.006 -24"><span class='ocrx_word' id='word_1_90' title='bbox 472 1211 618 1249; x_wconf 87' lang='lat' dir='ltr'><strong>mare</strong></span> <span class='ocrx_word' id='word_1_91' title='bbox 650 1197 893 1267; x_wconf 75' lang='lat' dir='ltr'><strong>navigiis,</strong></span> <span class='ocrx_word' id='word_1_92' title='bbox 928 1207 981 1253; x_wconf 91' lang='lat' dir='ltr'><strong>et</strong></span> <span class='ocrx_word' id='word_1_93' title='bbox 1019 1208 1158 1258; x_wconf 86' lang='lat' dir='ltr'><strong>terra</strong></span> <span class='ocrx_word' id='word_1_94' title='bbox 1192 1200 1431 1255; x_wconf 69' lang='lat' dir='ltr'><strong>azdiﬁciis</strong></span> <span class='ocrx_word' id='word_1_95' title='bbox 1458 1212 1509 1257; x_wconf 90' lang='lat' dir='ltr'><strong>et</strong></span> <span class='ocrx_word' id='word_1_96' title='bbox 1548 1202 1760 1264; x_wconf 67' lang='lat' dir='ltr'><strong>casuris</strong></span> <span class='ocrx_word' id='word_1_97' title='bbox 1798 1218 1916 1271; x_wconf 70' lang='lat' dir='ltr'><strong>qum</strong></span> <span class='ocrx_word' id='word_1_98' title='bbox 1958 1202 2054 1257; x_wconf 85' lang='lat' dir='ltr'><strong>hu-</strong></span> 
     </span>
    </p>
   </div>
   <div class='ocr_carea' id='block_1_14' title="bbox 471 1278 2050 1368">
    <p class='ocr_par' dir='ltr' id='par_1_14' title="bbox 471 1278 2050 1368">
     <span class='ocr_line' id='line_1_14' title="bbox 471 1278 2050 1368; baseline 0.006 -30"><span class='ocrx_word' id='word_1_99' title='bbox 471 1304 631 1340; x_wconf 88' lang='lat' dir='ltr'><strong>mano</strong></span> <span class='ocrx_word' id='word_1_100' title='bbox 658 1298 1042 1346; x_wconf 88' lang='lat' dir='ltr'><strong>construuntur</strong></span> <span class='ocrx_word' id='word_1_101' title='bbox 1082 1278 1314 1368; x_wconf 84' lang='lat' dir='ltr'><strong>ingenio,</strong></span> <span class='ocrx_word' id='word_1_102' title='bbox 1354 1306 1406 1348; x_wconf 90' lang='lat' dir='ltr'><strong>et</strong></span> <span class='ocrx_word' id='word_1_103' title='bbox 1444 1293 1606 1347; x_wconf 90' lang='lat' dir='ltr'><strong>homo</strong></span> <span class='ocrx_word' id='word_1_104' title='bbox 1648 1296 1763 1364; x_wconf 83' lang='lat' dir='ltr'><strong>ipse</strong></span> <span class='ocrx_word' id='word_1_105' title='bbox 1807 1296 2050 1350; x_wconf 81' lang='lat' dir='ltr'><strong>scientia.</strong></span> 
     </span>
    </p>
   </div>
   <div class='ocr_carea' id='block_1_15' title="bbox 470 1380 2054 1457">
    <p class='ocr_par' dir='ltr' id='par_1_15' title="bbox 470 1380 2054 1457">
     <span class='ocr_line' id='line_1_15' title="bbox 470 1380 2054 1457; baseline 0.008 -26"><span class='ocrx_word' id='word_1_106' title='bbox 470 1380 721 1443; x_wconf 73' lang='lat' dir='ltr'><strong>Qumdam</strong></span> <span class='ocrx_word' id='word_1_107' title='bbox 767 1397 894 1435; x_wconf 89' lang='lat' dir='ltr'><strong>vero</strong></span> <span class='ocrx_word' id='word_1_108' title='bbox 929 1383 1178 1438; x_wconf 75' lang='lat' dir='ltr'><strong>decorem</strong></span> <span class='ocrx_word' id='word_1_109' title='bbox 1210 1400 1362 1440; x_wconf 91' lang='lat' dir='ltr'><strong>suum</strong></span> <span class='ocrx_word' id='word_1_110' title='bbox 1395 1388 1445 1440; x_wconf 91' lang='lat' dir='ltr'><strong>in</strong></span> <span class='ocrx_word' id='word_1_111' title='bbox 1477 1386 1656 1441; x_wconf 81' lang='lat' dir='ltr'><strong>futuro</strong></span> <span class='ocrx_word' id='word_1_112' title='bbox 1687 1388 1962 1457; x_wconf 77' lang='lat' dir='ltr'><strong>recipient,</strong></span> <span class='ocrx_word' id='word_1_113' title='bbox 1995 1398 2054 1443; x_wconf 87' lang='lat' dir='ltr'><strong>ut</strong></span> 
     </span>
    </p>
   </div>
   <div class='ocr_carea' id='block_1_16' title="bbox 468 1464 2047 1545">
    <p class='ocr_par' dir='ltr' id='par_1_16' title="bbox 468 1464 2047 1545">
     <span class='ocr_line' id='line_1_16' title="bbox 468 1464 2047 1545; baseline 0.008 -22"><span class='ocrx_word' id='word_1_114' title='bbox 468 1485 661 1534; x_wconf 84' lang='lat' dir='ltr'><strong>corpus</strong></span> <span class='ocrx_word' id='word_1_115' title='bbox 695 1464 1169 1542; x_wconf 81' lang='lat' dir='ltr'><strong>incorruptionem,</strong></span> <span class='ocrx_word' id='word_1_116' title='bbox 1202 1485 1254 1531; x_wconf 89' lang='lat' dir='ltr'><strong>et</strong></span> <span class='ocrx_word' id='word_1_117' title='bbox 1294 1479 1540 1533; x_wconf 79' lang='lat' dir='ltr'><strong>mortalia</strong></span> <span class='ocrx_word' id='word_1_118' title='bbox 1571 1481 2047 1545; x_wconf 85' lang='lat' dir='ltr'><strong>immortalitatem,</strong></span> 
     </span>
    </p>
   </div>
   <div class='ocr_carea' id='block_1_17' title="bbox 467 1562 1790 1633">
    <p class='ocr_par' dir='ltr' id='par_1_17' title="bbox 467 1562 1790 1633">
     <span class='ocr_line' id='line_1_17' title="bbox 467 1562 1790 1633; baseline 0.009 -20"><span class='ocrx_word' id='word_1_119' title='bbox 467 1568 522 1613; x_wconf 85' lang='lat' dir='ltr'><strong>et</strong></span> <span class='ocrx_word' id='word_1_120' title='bbox 550 1562 765 1616; x_wconf 67' lang='lat' dir='ltr'><strong>cmleste</strong></span> <span class='ocrx_word' id='word_1_121' title='bbox 793 1578 1009 1633; x_wconf 79' lang='lat' dir='ltr'><strong>regnum</strong></span> <span class='ocrx_word' id='word_1_122' title='bbox 1045 1567 1429 1622; x_wconf 78' lang='lat' dir='ltr'><strong>habitationem</strong></span> <span class='ocrx_word' id='word_1_123' title='bbox 1462 1578 1790 1625; x_wconf 88' lang='lat' dir='ltr'><strong>sanctorum.</strong></span> 
     </span>
    </p>
   </div>
   <div class='ocr_carea' id='block_1_18' title="bbox 536 1654 2047 1737">
    <p class='ocr_par' dir='ltr' id='par_1_18' title="bbox 536 1654 2047 1737">
     <span class='ocr_line' id='line_1_18' title="bbox 536 1654 2047 1737; baseline 0.01 -31"><span class='ocrx_word' id='word_1_124' title='bbox 536 1654 835 1713; x_wconf 83' lang='lat' dir='ltr'><strong>Notandum</strong></span> <span class='ocrx_word' id='word_1_125' title='bbox 865 1668 1042 1714; x_wconf 86' lang='lat' dir='ltr'><strong>autem</strong></span> <span class='ocrx_word' id='word_1_126' title='bbox 1077 1660 1129 1715; x_wconf 91' lang='lat' dir='ltr'><strong>in</strong></span> <span class='ocrx_word' id='word_1_127' title='bbox 1159 1663 1512 1728; x_wconf 84' lang='lat' dir='ltr'><strong>ornamentis,</strong></span> <span class='ocrx_word' id='word_1_128' title='bbox 1540 1665 1681 1733; x_wconf 91' lang='lat' dir='ltr'><strong>quod</strong></span> <span class='ocrx_word' id='word_1_129' title='bbox 1710 1680 1897 1721; x_wconf 85' lang='lat' dir='ltr'><strong>eorum</strong></span> <span class='ocrx_word' id='word_1_130' title='bbox 1930 1680 2047 1737; x_wconf 76' lang='lat' dir='ltr'><strong>quae</strong></span> 
     </span>
    </p>
   </div>
   <div class='ocr_carea' id='block_1_19' title="bbox 2163 477 3761 559">
    <p class='ocr_par' dir='ltr' id='par_1_19' title="bbox 2163 477 3761 559">
     <span class='ocr_line' id='line_1_19' title="bbox 2163 477 3761 559; baseline 0.016 -33"><span class='ocrx_word' id='word_1_131' title='bbox 2163 489 2333 543; x_wconf 88' lang='lat' dir='ltr'><strong>neque</strong></span> <span class='ocrx_word' id='word_1_132' title='bbox 2364 477 2476 547; x_wconf 88' lang='lat' dir='ltr'><strong>ipsa</strong></span> <span class='ocrx_word' id='word_1_133' title='bbox 2504 494 2568 534; x_wconf 90' lang='lat' dir='ltr'><strong>ex</strong></span> <span class='ocrx_word' id='word_1_134' title='bbox 2600 481 2800 550; x_wconf 85' lang='lat' dir='ltr'><strong>aliquo,</strong></span> <span class='ocrx_word' id='word_1_135' title='bbox 2836 501 3009 553; x_wconf 85' lang='lat' dir='ltr'><strong>neque</strong></span> <span class='ocrx_word' id='word_1_136' title='bbox 3036 504 3098 541; x_wconf 81' lang='lat' dir='ltr'><strong>ex</strong></span> <span class='ocrx_word' id='word_1_137' title='bbox 3144 490 3273 559; x_wconf 86' lang='lat' dir='ltr'><strong>ipsis</strong></span> <span class='ocrx_word' id='word_1_138' title='bbox 3314 492 3448 547; x_wconf 81' lang='lat' dir='ltr'><strong>facta</strong></span> <span class='ocrx_word' id='word_1_139' title='bbox 3493 505 3617 549; x_wconf 86' lang='lat' dir='ltr'><strong>sunt</strong></span> <span class='ocrx_word' id='word_1_140' title='bbox 3648 498 3761 550; x_wconf 81' lang='lat' dir='ltr'><strong>ali-</strong></span> 
     </span>
    </p>
   </div>
   <div class='ocr_carea' id='block_1_20' title="bbox 2158 570 3763 649">
    <p class='ocr_par' dir='ltr' id='par_1_20' title="bbox 2158 570 3763 649">
     <span class='ocr_line' id='line_1_20' title="bbox 2158 570 3763 649; baseline 0.017 -30"><span class='ocrx_word' id='word_1_141' title='bbox 2158 583 2284 635; x_wconf 89' lang='lat' dir='ltr'><strong>qua.</strong></span> <span class='ocrx_word' id='word_1_142' title='bbox 2313 570 2438 625; x_wconf 66' lang='lat' dir='ltr'><strong>litec</strong></span> <span class='ocrx_word' id='word_1_143' title='bbox 2469 587 2599 627; x_wconf 88' lang='lat' dir='ltr'><strong>vero</strong></span> <span class='ocrx_word' id='word_1_144' title='bbox 2624 574 2937 644; x_wconf 88' lang='lat' dir='ltr'><strong>incorporea</strong></span> <span class='ocrx_word' id='word_1_145' title='bbox 2968 580 3276 648; x_wconf 76' lang='lat' dir='ltr'><strong>accipienda</strong></span> <span class='ocrx_word' id='word_1_146' title='bbox 3306 596 3448 649; x_wconf 84' lang='lat' dir='ltr'><strong>sunt,</strong></span> <span class='ocrx_word' id='word_1_147' title='bbox 3479 603 3583 643; x_wconf 85' lang='lat' dir='ltr'><strong>non</strong></span> <span class='ocrx_word' id='word_1_148' title='bbox 3611 590 3763 646; x_wconf 73' lang='lat' dir='ltr'><strong>sicut</strong></span> 
     </span>
    </p>
   </div>
   <div class='ocr_carea' id='block_1_21' title="bbox 2162 660 3762 746">
    <p class='ocr_par' dir='ltr' id='par_1_21' title="bbox 2162 660 3762 746">
     <span class='ocr_line' id='line_1_21' title="bbox 2162 660 3762 746; baseline 0.014 -31"><span class='ocrx_word' id='word_1_149' title='bbox 2162 660 2300 719; x_wconf 85' lang='lat' dir='ltr'><strong>Deus</strong></span> <span class='ocrx_word' id='word_1_150' title='bbox 2331 663 2680 734; x_wconf 87' lang='lat' dir='ltr'><strong>incorporeus</strong></span> <span class='ocrx_word' id='word_1_151' title='bbox 2718 668 2953 731; x_wconf 84' lang='lat' dir='ltr'><strong>dicitur;</strong></span> <span class='ocrx_word' id='word_1_152' title='bbox 3002 672 3120 740; x_wconf 86' lang='lat' dir='ltr'><strong>ejus</strong></span> <span class='ocrx_word' id='word_1_153' title='bbox 3158 675 3303 729; x_wconf 85' lang='lat' dir='ltr'><strong>enim</strong></span> <span class='ocrx_word' id='word_1_154' title='bbox 3348 681 3762 746; x_wconf 76' lang='lat' dir='ltr'><strong>comparatione</strong></span> 
     </span>
    </p>
   </div>
   <div class='ocr_carea' id='block_1_22' title="bbox 2157 753 3754 833">
    <p class='ocr_par' dir='ltr' id='par_1_22' title="bbox 2157 753 3754 833">
     <span class='ocr_line' id='line_1_22' title="bbox 2157 753 3754 833; baseline 0.013 -28"><span class='ocrx_word' id='word_1_155' title='bbox 2157 753 2287 807; x_wconf 83' lang='lat' dir='ltr'><strong>nihil</strong></span> <span class='ocrx_word' id='word_1_156' title='bbox 2333 755 2705 826; x_wconf 85' lang='lat' dir='ltr'><strong>incorporeum</strong></span> <span class='ocrx_word' id='word_1_157' title='bbox 2734 770 2837 827; x_wconf 83' lang='lat' dir='ltr'><strong>est,</strong></span> <span class='ocrx_word' id='word_1_158' title='bbox 2868 763 3006 817; x_wconf 85' lang='lat' dir='ltr'><strong>sicut</strong></span> <span class='ocrx_word' id='word_1_159' title='bbox 3037 779 3137 819; x_wconf 90' lang='lat' dir='ltr'><strong>nec</strong></span> <span class='ocrx_word' id='word_1_160' title='bbox 3177 765 3499 833; x_wconf 88' lang='lat' dir='ltr'><strong>immortale,</strong></span> <span class='ocrx_word' id='word_1_161' title='bbox 3532 787 3631 825; x_wconf 85' lang='lat' dir='ltr'><strong>nec</strong></span> <span class='ocrx_word' id='word_1_162' title='bbox 3662 774 3754 826; x_wconf 86' lang='lat' dir='ltr'><strong>in-</strong></span> 
     </span>
    </p>
   </div>
   <div class='ocr_carea' id='block_1_23' title="bbox 2156 845 3752 925">
    <p class='ocr_par' dir='ltr' id='par_1_23' title="bbox 2156 845 3752 925">
     <span class='ocr_line' id='line_1_23' title="bbox 2156 845 3752 925; baseline 0.009 -21"><span class='ocrx_word' id='word_1_163' title='bbox 2156 845 2385 906; x_wconf 76' lang='lat' dir='ltr'><strong>visibile.</strong></span> <span class='ocrx_word' id='word_1_164' title='bbox 2418 847 2567 907; x_wconf 78' lang='lat' dir='ltr'><strong>Alius</strong></span> <span class='ocrx_word' id='word_1_165' title='bbox 2611 852 2749 913; x_wconf 81' lang='lat' dir='ltr'><strong>enim</strong></span> <span class='ocrx_word' id='word_1_166' title='bbox 2799 854 2989 913; x_wconf 84' lang='lat' dir='ltr'><strong>modus</strong></span> <span class='ocrx_word' id='word_1_167' title='bbox 3033 865 3114 915; x_wconf 86' lang='lat' dir='ltr'><strong>est</strong></span> <span class='ocrx_word' id='word_1_168' title='bbox 3155 872 3263 925; x_wconf 90' lang='lat' dir='ltr'><strong>quo</strong></span> <span class='ocrx_word' id='word_1_169' title='bbox 3301 858 3416 915; x_wconf 66' lang='lat' dir='ltr'><strong>hac</strong></span> <span class='ocrx_word' id='word_1_170' title='bbox 3447 862 3603 917; x_wconf 86' lang='lat' dir='ltr'><strong>verba</strong></span> <span class='ocrx_word' id='word_1_171' title='bbox 3642 865 3752 918; x_wconf 86' lang='lat' dir='ltr'><strong>soli</strong></span> 
     </span>
    </p>
   </div>
   <div class='ocr_carea' id='block_1_24' title="bbox 2156 937 3746 1020">
    <p class='ocr_par' dir='ltr' id='par_1_24' title="bbox 2156 937 3746 1020">
     <span class='ocr_line' id='line_1_24' title="bbox 2156 937 3746 1020; baseline 0.012 -32"><span class='ocrx_word' id='word_1_172' title='bbox 2156 937 2416 991; x_wconf 77' lang='lat' dir='ltr'><strong>divinitati</strong></span> <span class='ocrx_word' id='word_1_173' title='bbox 2445 941 2789 1009; x_wconf 87' lang='lat' dir='ltr'><strong>conveniunt,</strong></span> <span class='ocrx_word' id='word_1_174' title='bbox 2819 944 2954 998; x_wconf 84' lang='lat' dir='ltr'><strong>alius</strong></span> <span class='ocrx_word' id='word_1_175' title='bbox 2979 961 3085 1014; x_wconf 88' lang='lat' dir='ltr'><strong>quo</strong></span> <span class='ocrx_word' id='word_1_176' title='bbox 3111 947 3179 1002; x_wconf 90' lang='lat' dir='ltr'><strong>de</strong></span> <span class='ocrx_word' id='word_1_177' title='bbox 3206 952 3466 1005; x_wconf 87' lang='lat' dir='ltr'><strong>creaturis</strong></span> <span class='ocrx_word' id='word_1_178' title='bbox 3486 953 3746 1020; x_wconf 83' lang='lat' dir='ltr'><strong>loquitur,</strong></span> 
     </span>
    </p>
   </div>
   <div class='ocr_carea' id='block_1_25' title="bbox 2157 1026 3746 1108">
    <p class='ocr_par' dir='ltr' id='par_1_25' title="bbox 2157 1026 3746 1108">
     <span class='ocr_line' id='line_1_25' title="bbox 2157 1026 3746 1108; baseline 0.014 -26"><span class='ocrx_word' id='word_1_179' title='bbox 2157 1028 2295 1082; x_wconf 86' lang='lat' dir='ltr'><strong>sicut</strong></span> <span class='ocrx_word' id='word_1_180' title='bbox 2321 1031 2601 1087; x_wconf 80' lang='lat' dir='ltr'><strong>animabus</strong></span> <span class='ocrx_word' id='word_1_181' title='bbox 2629 1037 2710 1088; x_wconf 91' lang='lat' dir='ltr'><strong>vel</strong></span> <span class='ocrx_word' id='word_1_182' title='bbox 2742 1038 2963 1108; x_wconf 81' lang='lat' dir='ltr'><strong>angelis.</strong></span> <span class='ocrx_word' id='word_1_183' title='bbox 2999 1038 3067 1093; x_wconf 84' lang='grc' dir='ltr'><em>ι).</em></span> <span class='ocrx_word' id='word_1_184' title='bbox 3100 1040 3383 1105; x_wconf 84' lang='lat' dir='ltr'><strong>Quomodo</strong></span> <span class='ocrx_word' id='word_1_185' title='bbox 3423 1026 3518 1099; x_wconf 84' lang='lat' dir='ltr'><strong>sex</strong></span> <span class='ocrx_word' id='word_1_186' title='bbox 3551 1046 3746 1105; x_wconf 87' lang='lat' dir='ltr'><strong>diebus</strong></span> 
     </span>
    </p>
   </div>
   <div class='ocr_carea' id='block_1_26' title="bbox 2159 1118 3743 1206">
    <p class='ocr_par' dir='ltr' id='par_1_26' title="bbox 2159 1118 3743 1206">
     <span class='ocr_line' id='line_1_26' title="bbox 2159 1118 3743 1206; baseline 0.015 -36"><span class='ocrx_word' id='word_1_187' title='bbox 2159 1118 2299 1174; x_wconf 80' lang='lat' dir='ltr'><strong>Deus</strong></span> <span class='ocrx_word' id='word_1_188' title='bbox 2346 1121 2540 1177; x_wconf 87' lang='lat' dir='ltr'><strong>dicitur</strong></span> <span class='ocrx_word' id='word_1_189' title='bbox 2583 1137 2837 1192; x_wconf 85' lang='lat' dir='ltr'><strong>operatus</strong></span> <span class='ocrx_word' id='word_1_190' title='bbox 2880 1142 3019 1194; x_wconf 88' lang='lat' dir='ltr'><strong>esse,</strong></span> <span class='ocrx_word' id='word_1_191' title='bbox 3053 1139 3107 1185; x_wconf 88' lang='lat' dir='ltr'><strong>et</strong></span> <span class='ocrx_word' id='word_1_192' title='bbox 3150 1134 3381 1200; x_wconf 87' lang='lat' dir='ltr'><strong>septimo</strong></span> <span class='ocrx_word' id='word_1_193' title='bbox 3409 1136 3496 1191; x_wconf 88' lang='lat' dir='ltr'><strong>die</strong></span> <span class='ocrx_word' id='word_1_194' title='bbox 3525 1139 3743 1206; x_wconf 80' lang='lat' dir='ltr'><strong>requie-</strong></span> 
     </span>
    </p>
   </div>
   <div class='ocr_carea' id='block_1_27' title="bbox 2156 1208 3741 1287">
    <p class='ocr_par' dir='ltr' id='par_1_27' title="bbox 2156 1208 3741 1287">
     <span class='ocr_line' id='line_1_27' title="bbox 2156 1208 3741 1287; baseline 0.014 -25"><span class='ocrx_word' id='word_1_195' title='bbox 2156 1208 2315 1275; x_wconf 88' lang='lat' dir='ltr'><strong>visse,</strong></span> <span class='ocrx_word' id='word_1_196' title='bbox 2346 1213 2389 1265; x_wconf 92' lang='lat' dir='ltr'><strong>si</strong></span> <span class='ocrx_word' id='word_1_197' title='bbox 2419 1228 2517 1268; x_wconf 92' lang='lat' dir='ltr'><strong>nec</strong></span> <span class='ocrx_word' id='word_1_198' title='bbox 2549 1214 2749 1269; x_wconf 79' lang='lat' dir='ltr'><strong>iaciens</strong></span> <span class='ocrx_word' id='word_1_199' title='bbox 2775 1218 2973 1286; x_wconf 89' lang='lat' dir='ltr'><strong>aliquid</strong></span> <span class='ocrx_word' id='word_1_200' title='bbox 3010 1222 3238 1287; x_wconf 83' lang='lat' dir='ltr'><strong>laborat,</strong></span> <span class='ocrx_word' id='word_1_201' title='bbox 3271 1235 3331 1278; x_wconf 89' lang='lat' dir='ltr'><strong>ut</strong></span> <span class='ocrx_word' id='word_1_202' title='bbox 3362 1241 3659 1281; x_wconf 78' lang='lat' dir='ltr'><strong>necessara</strong></span> <span class='ocrx_word' id='word_1_203' title='bbox 3688 1231 3741 1285; x_wconf 86' lang='lat' dir='ltr'><strong>ei</strong></span> 
     </span>
    </p>
   </div>
   <div class='ocr_carea' id='block_1_28' title="bbox 2155 1301 3737 1380">
    <p class='ocr_par' dir='ltr' id='par_1_28' title="bbox 2155 1301 3737 1380">
     <span class='ocr_line' id='line_1_28' title="bbox 2155 1301 3737 1380; baseline 0.013 -27"><span class='ocrx_word' id='word_1_204' title='bbox 2155 1301 2367 1368; x_wconf 83' lang='lat' dir='ltr'><strong>requies</strong></span> <span class='ocrx_word' id='word_1_205' title='bbox 2410 1303 2682 1370; x_wconf 84' lang='lat' dir='ltr'><strong>credatur,</strong></span> <span class='ocrx_word' id='word_1_206' title='bbox 2729 1322 2830 1361; x_wconf 86' lang='lat' dir='ltr'><strong>nec</strong></span> <span class='ocrx_word' id='word_1_207' title='bbox 2872 1309 3158 1379; x_wconf 85' lang='lat' dir='ltr'><strong>aliquando</strong></span> <span class='ocrx_word' id='word_1_208' title='bbox 3188 1323 3383 1380; x_wconf 85' lang='lat' dir='ltr'><strong>cessat,</strong></span> <span class='ocrx_word' id='word_1_209' title='bbox 3416 1317 3640 1373; x_wconf 85' lang='lat' dir='ltr'><strong>Domino</strong></span> <span class='ocrx_word' id='word_1_210' title='bbox 3683 1321 3737 1374; x_wconf 91' lang='lat' dir='ltr'><strong>in</strong></span> 
     </span>
    </p>
   </div>
   <div class='ocr_carea' id='block_1_29' title="bbox 2154 1389 3737 1478">
    <p class='ocr_par' dir='ltr' id='par_1_29' title="bbox 2154 1389 3737 1478">
     <span class='ocr_line' id='line_1_29' title="bbox 2154 1389 3737 1478; baseline 0.013 -35"><span class='ocrx_word' id='word_1_211' title='bbox 2154 1389 2441 1463; x_wconf 79' lang='lat' dir='ltr'><strong>Evangelia</strong></span> <span class='ocrx_word' id='word_1_212' title='bbox 2475 1395 2683 1451; x_wconf 82' lang='lat' dir='ltr'><strong>dicente</strong></span> <span class='ocrx_word' id='word_1_213' title='bbox 2713 1416 2725 1450; x_wconf 89' lang='lat'><strong>:</strong></span> <span class='ocrx_word' id='word_1_214' title='bbox 2760 1397 2917 1453; x_wconf 82' lang='lat' dir='ltr'><strong>Pater</strong></span> <span class='ocrx_word' id='word_1_215' title='bbox 2940 1419 3079 1456; x_wconf 78' lang='lat' dir='ltr'><strong>mens</strong></span> <span class='ocrx_word' id='word_1_216' title='bbox 3108 1421 3265 1474; x_wconf 81' lang='lat' dir='ltr'><strong>usque</strong></span> <span class='ocrx_word' id='word_1_217' title='bbox 3298 1408 3449 1461; x_wconf 83' lang='lat' dir='ltr'><strong>modo</strong></span> <span class='ocrx_word' id='word_1_218' title='bbox 3474 1421 3737 1478; x_wconf 76' lang='lat' dir='ltr'><strong>aperatur,</strong></span> 
     </span>
    </p>
   </div>
   <div class='ocr_carea' id='block_1_30' title="bbox 2152 1487 3735 1570">
    <p class='ocr_par' dir='ltr' id='par_1_30' title="bbox 2152 1487 3735 1570">
     <span class='ocr_line' id='line_1_30' title="bbox 2152 1487 3735 1570; baseline 0.013 -35"><span class='ocrx_word' id='word_1_219' title='bbox 2152 1493 2201 1536; x_wconf 88' lang='lat' dir='ltr'><strong>et</strong></span> <span class='ocrx_word' id='word_1_220' title='bbox 2230 1501 2320 1552; x_wconf 77' lang='lat' dir='ltr'><strong>ego</strong></span> <span class='ocrx_word' id='word_1_221' title='bbox 2348 1503 2529 1554; x_wconf 79' lang='lat' dir='ltr'><strong>operor</strong></span> <span class='ocrx_word' id='word_1_222' title='bbox 2553 1487 2731 1551; x_wconf 82' lang='lat' dir='ltr'><strong>(Joan.</strong></span> <span class='ocrx_word' id='word_1_223' title='bbox 2773 1506 2826 1555; x_wconf 85' lang='lat' dir='ltr'><strong>v,</strong></span> <span class='ocrx_word' id='word_1_224' title='bbox 2856 1492 2983 1562; x_wconf 62' lang='lat'><strong>47)?</strong></span> <span class='ocrx_word' id='word_1_225' title='bbox 3015 1496 3091 1549; x_wconf 74' lang='grc' dir='ltr'><em>Μ.</em></span> <span class='ocrx_word' id='word_1_226' title='bbox 3132 1496 3371 1567; x_wconf 85' lang='lat' dir='ltr'><strong>Septimo</strong></span> <span class='ocrx_word' id='word_1_227' title='bbox 3398 1500 3484 1553; x_wconf 90' lang='lat' dir='ltr'><strong>die</strong></span> <span class='ocrx_word' id='word_1_228' title='bbox 3521 1503 3735 1570; x_wconf 87' lang='lat' dir='ltr'><strong>requie-</strong></span> 
     </span>
    </p>
   </div>
   <div class='ocr_carea' id='block_1_31' title="bbox 2153 1573 3735 1659">
    <p class='ocr_par' dir='ltr' id='par_1_31' title="bbox 2153 1573 3735 1659">
     <span class='ocr_line' id='line_1_31' title="bbox 2153 1573 3735 1659; baseline 0.011 -32"><span class='ocrx_word' id='word_1_229' title='bbox 2153 1573 2293 1631; x_wconf 85' lang='lat' dir='ltr'><strong>visse</strong></span> <span class='ocrx_word' id='word_1_230' title='bbox 2323 1577 2516 1632; x_wconf 88' lang='lat' dir='ltr'><strong>dicitur</strong></span> <span class='ocrx_word' id='word_1_231' title='bbox 2550 1579 2710 1643; x_wconf 89' lang='lat' dir='ltr'><strong>Deus,</strong></span> <span class='ocrx_word' id='word_1_232' title='bbox 2740 1596 2844 1636; x_wconf 93' lang='lat' dir='ltr'><strong>non</strong></span> <span class='ocrx_word' id='word_1_233' title='bbox 2873 1597 2904 1636; x_wconf 86' lang='lat' dir='ltr'><strong>a</strong></span> <span class='ocrx_word' id='word_1_234' title='bbox 2932 1586 3187 1655; x_wconf 84' lang='lat' dir='ltr'><strong>creando,</strong></span> <span class='ocrx_word' id='word_1_235' title='bbox 3233 1590 3427 1657; x_wconf 89' lang='lat' dir='ltr'><strong>quippe</strong></span> <span class='ocrx_word' id='word_1_236' title='bbox 3454 1604 3575 1645; x_wconf 90' lang='lat' dir='ltr'><strong>cum</strong></span> <span class='ocrx_word' id='word_1_237' title='bbox 3601 1607 3735 1659; x_wconf 79' lang='lat' dir='ltr'><strong>quo-</strong></span> 
     </span>
    </p>
   </div>
   <div class='ocr_carea' id='block_1_32' title="bbox 2156 1666 3735 1746">
    <p class='ocr_par' dir='ltr' id='par_1_32' title="bbox 2156 1666 3735 1746">
     <span class='ocr_line' id='line_1_32' title="bbox 2156 1666 3735 1746; baseline 0.014 -28"><span class='ocrx_word' id='word_1_238' title='bbox 2156 1666 2282 1721; x_wconf 88' lang='lat' dir='ltr'><strong>tidie</strong></span> <span class='ocrx_word' id='word_1_239' title='bbox 2324 1682 2389 1722; x_wconf 87' lang='lat' dir='ltr'><strong>ex</strong></span> <span class='ocrx_word' id='word_1_240' title='bbox 2438 1668 2555 1738; x_wconf 88' lang='lat' dir='ltr'><strong>ejus</strong></span> <span class='ocrx_word' id='word_1_241' title='bbox 2606 1671 3009 1740; x_wconf 84' lang='lat' dir='ltr'><strong>dispensatione</strong></span> <span class='ocrx_word' id='word_1_242' title='bbox 3062 1691 3124 1732; x_wconf 80' lang='lat' dir='ltr'><strong>ac</strong></span> <span class='ocrx_word' id='word_1_243' title='bbox 3179 1680 3512 1746; x_wconf 83' lang='lat' dir='ltr'><strong>providentia</strong></span> <span class='ocrx_word' id='word_1_244' title='bbox 3560 1687 3735 1739; x_wconf 72' lang='lat' dir='ltr'><strong>omnis</strong></span> 
     </span>
    </p>
   </div>
   <div class='ocr_carea' id='block_1_33' title="bbox 467 1743 3733 1839">
    <p class='ocr_par' dir='ltr' id='par_1_33' title="bbox 467 1743 3733 1839">
     <span class='ocr_line' id='line_1_33' title="bbox 467 1743 3733 1839; baseline 0.009 -42"><span class='ocrx_word' id='word_1_245' title='bbox 467 1746 549 1799; x_wconf 80' lang='lat' dir='ltr'><strong>vel</strong></span> <span class='ocrx_word' id='word_1_246' title='bbox 583 1746 796 1814; x_wconf 86' lang='lat' dir='ltr'><strong>ingenio</strong></span> <span class='ocrx_word' id='word_1_247' title='bbox 822 1751 904 1805; x_wconf 88' lang='lat' dir='ltr'><strong>vel</strong></span> <span class='ocrx_word' id='word_1_248' title='bbox 927 1752 1127 1807; x_wconf 89' lang='lat' dir='ltr'><strong>artibus</strong></span> <span class='ocrx_word' id='word_1_249' title='bbox 1150 1754 1305 1818; x_wconf 89' lang='lat' dir='ltr'><strong>ﬁunt,</strong></span> <span class='ocrx_word' id='word_1_250' title='bbox 1340 1755 1391 1809; x_wconf 92' lang='lat' dir='ltr'><strong>in</strong></span> <span class='ocrx_word' id='word_1_251' title='bbox 1422 1754 1728 1812; x_wconf 89' lang='lat' dir='ltr'><strong>hominibus</strong></span> <span class='ocrx_word' id='word_1_252' title='bbox 1751 1773 1909 1812; x_wconf 90' lang='lat' dir='ltr'><strong>causa</strong></span> <span class='ocrx_word' id='word_1_253' title='bbox 1934 1768 2043 1824; x_wconf 87' lang='lat' dir='ltr'><strong>est;</strong></span> <span class='ocrx_word' id='word_1_254' title='bbox 2080 1743 2129 1805; x_wconf 78' lang='grc' dir='ltr'><strong>Β</strong></span> <span class='ocrx_word' id='word_1_255' title='bbox 2154 1768 2394 1813; x_wconf 88' lang='lat' dir='ltr'><strong>creatura</strong></span> <span class='ocrx_word' id='word_1_256' title='bbox 2440 1771 2729 1817; x_wconf 83' lang='lat' dir='ltr'><strong>renovetur</strong></span> <span class='ocrx_word' id='word_1_257' title='bbox 2766 1774 2823 1818; x_wconf 85' lang='lat' dir='ltr'><strong>et</strong></span> <span class='ocrx_word' id='word_1_258' title='bbox 2846 1774 3087 1831; x_wconf 85' lang='lat' dir='ltr'><strong>constet;</strong></span> <span class='ocrx_word' id='word_1_259' title='bbox 3126 1768 3220 1823; x_wconf 88' lang='lat' dir='ltr'><strong>sed</strong></span> <span class='ocrx_word' id='word_1_260' title='bbox 3249 1770 3352 1823; x_wconf 87' lang='lat' dir='ltr'><strong>hoc</strong></span> <span class='ocrx_word' id='word_1_261' title='bbox 3376 1761 3733 1839; x_wconf 85' lang='lat' dir='ltr'><strong>signiﬁcatum</strong></span> 
     </span>
    </p>
   </div>
   <div class='ocr_carea' id='block_1_34' title="bbox 467 1836 2044 1918">
    <p class='ocr_par' dir='ltr' id='par_1_34' title="bbox 467 1836 2044 1918">
     <span class='ocr_line' id='line_1_34' title="bbox 467 1836 2044 1918; baseline 0.012 -30"><span class='ocrx_word' id='word_1_262' title='bbox 467 1836 788 1903; x_wconf 74' lang='lat' dir='ltr'><strong>reliquorum</strong></span> <span class='ocrx_word' id='word_1_263' title='bbox 816 1858 942 1895; x_wconf 88' lang='lat' dir='ltr'><strong>vero</strong></span> <span class='ocrx_word' id='word_1_264' title='bbox 970 1844 1022 1897; x_wconf 93' lang='lat' dir='ltr'><strong>in</strong></span> <span class='ocrx_word' id='word_1_265' title='bbox 1049 1845 1177 1899; x_wconf 91' lang='lat' dir='ltr'><strong>Deo.</strong></span> <span class='ocrx_word' id='word_1_266' title='bbox 1208 1846 1272 1900; x_wconf 91' lang='lat' dir='ltr'><strong>D.</strong></span> <span class='ocrx_word' id='word_1_267' title='bbox 1299 1846 1371 1900; x_wconf 88' lang='lat' dir='ltr'><strong>Da</strong></span> <span class='ocrx_word' id='word_1_268' title='bbox 1400 1857 1640 1918; x_wconf 87' lang='lat' dir='ltr'><strong>quartam</strong></span> <span class='ocrx_word' id='word_1_269' title='bbox 1665 1849 2044 1907; x_wconf 72' lang='lat' dir='ltr'><strong>differentiam.</strong></span> 
     </span>
    </p>
   </div>
   <div class='ocr_carea' id='block_1_35' title="bbox 466 1926 2048 1999">
    <p class='ocr_par' dir='ltr' id='par_1_35' title="bbox 466 1926 2048 1999">
     <span class='ocr_line' id='line_1_35' title="bbox 466 1926 2048 1999; baseline 0.013 -22"><span class='ocrx_word' id='word_1_270' title='bbox 466 1926 544 1979; x_wconf 83' lang='grc' dir='ltr'><strong>Μ.</strong></span> <span class='ocrx_word' id='word_1_271' title='bbox 577 1930 727 1995; x_wconf 84' lang='lat' dir='ltr'><strong>Quod</strong></span> <span class='ocrx_word' id='word_1_272' title='bbox 760 1932 1002 1999; x_wconf 78' lang='lat' dir='ltr'><strong>quanlam</strong></span> <span class='ocrx_word' id='word_1_273' title='bbox 1031 1936 1186 1990; x_wconf 90' lang='lat' dir='ltr'><strong>simul</strong></span> <span class='ocrx_word' id='word_1_274' title='bbox 1218 1946 1271 1991; x_wconf 89' lang='lat' dir='ltr'><strong>et</strong></span> <span class='ocrx_word' id='word_1_275' title='bbox 1298 1938 1443 1990; x_wconf 88' lang='lat' dir='ltr'><strong>velut</strong></span> <span class='ocrx_word' id='word_1_276' title='bbox 1470 1940 1646 1993; x_wconf 89' lang='lat' dir='ltr'><strong>subito</strong></span> <span class='ocrx_word' id='word_1_277' title='bbox 1676 1949 1853 1995; x_wconf 86' lang='lat' dir='ltr'><strong>creata</strong></span> <span class='ocrx_word' id='word_1_278' title='bbox 1880 1956 2048 1997; x_wconf 88' lang='lat' dir='ltr'><strong>emer—</strong></span> 
     </span>
    </p>
   </div>
   <div class='ocr_carea' id='block_1_36' title="bbox 464 2026 2046 2101">
    <p class='ocr_par' dir='ltr' id='par_1_36' title="bbox 464 2026 2046 2101">
     <span class='ocr_line' id='line_1_36' title="bbox 464 2026 2046 2101; baseline 0.012 -33"><span class='ocrx_word' id='word_1_279' title='bbox 464 2028 671 2088; x_wconf 82' lang='lat' dir='ltr'><strong>serunt,</strong></span> <span class='ocrx_word' id='word_1_280' title='bbox 729 2030 787 2075; x_wconf 92' lang='lat' dir='ltr'><strong>ut</strong></span> <span class='ocrx_word' id='word_1_281' title='bbox 816 2038 875 2076; x_wconf 89' lang='lat' dir='ltr'><strong>ea</strong></span> <span class='ocrx_word' id='word_1_282' title='bbox 910 2040 1028 2093; x_wconf 70' lang='lat' dir='ltr'><strong>qua:</strong></span> <span class='ocrx_word' id='word_1_283' title='bbox 1072 2026 1256 2094; x_wconf 88' lang='lat' dir='ltr'><strong>primis</strong></span> <span class='ocrx_word' id='word_1_284' title='bbox 1300 2028 1486 2081; x_wconf 71' lang='lat' dir='ltr'><strong>d‘ebus</strong></span> <span class='ocrx_word' id='word_1_285' title='bbox 1526 2031 1759 2085; x_wconf 80' lang='lat' dir='ltr'><strong>diximus</strong></span> <span class='ocrx_word' id='word_1_286' title='bbox 1799 2033 1957 2101; x_wconf 80' lang='lat' dir='ltr'><strong>facta,</strong></span> <span class='ocrx_word' id='word_1_287' title='bbox 1994 2033 2046 2087; x_wconf 84' lang='lat' dir='ltr'><strong>id</strong></span> 
     </span>
    </p>
   </div>
   <div class='ocr_carea' id='block_1_37' title="bbox 464 2114 2042 2189">
    <p class='ocr_par' dir='ltr' id='par_1_37' title="bbox 464 2114 2042 2189">
     <span class='ocr_line' id='line_1_37' title="bbox 464 2114 2042 2189; baseline 0.01 -26"><span class='ocrx_word' id='word_1_288' title='bbox 464 2120 546 2164; x_wconf 91' lang='lat' dir='ltr'><strong>est</strong></span> <span class='ocrx_word' id='word_1_289' title='bbox 588 2114 801 2179; x_wconf 84' lang='lat' dir='ltr'><strong>herbas,</strong></span> <span class='ocrx_word' id='word_1_290' title='bbox 845 2115 1148 2186; x_wconf 85' lang='lat' dir='ltr'><strong>luminaria,</strong></span> <span class='ocrx_word' id='word_1_291' title='bbox 1194 2122 1427 2174; x_wconf 86' lang='lat' dir='ltr'><strong>natantia</strong></span> <span class='ocrx_word' id='word_1_292' title='bbox 1456 2131 1510 2176; x_wconf 89' lang='lat' dir='ltr'><strong>et</strong></span> <span class='ocrx_word' id='word_1_293' title='bbox 1536 2124 1795 2189; x_wconf 83' lang='lat' dir='ltr'><strong>volatilia,</strong></span> <span class='ocrx_word' id='word_1_294' title='bbox 1838 2141 2042 2181; x_wconf 67' lang='lat' dir='ltr'><strong>necnon</strong></span> 
     </span>
    </p>
   </div>
   <div class='ocr_carea' id='block_1_38' title="bbox 465 2206 2044 2280">
    <p class='ocr_par' dir='ltr' id='par_1_38' title="bbox 465 2206 2044 2280">
     <span class='ocr_line' id='line_1_38' title="bbox 465 2206 2044 2280; baseline 0.011 -26"><span class='ocrx_word' id='word_1_295' title='bbox 465 2210 675 2258; x_wconf 76' lang='lat' dir='ltr'><strong>terrena</strong></span> <span class='ocrx_word' id='word_1_296' title='bbox 706 2206 954 2261; x_wconf 89' lang='lat' dir='ltr'><strong>animalia</strong></span> <span class='ocrx_word' id='word_1_297' title='bbox 980 2217 1033 2262; x_wconf 90' lang='lat' dir='ltr'><strong>et</strong></span> <span class='ocrx_word' id='word_1_298' title='bbox 1062 2210 1446 2278; x_wconf 87' lang='lat' dir='ltr'><strong>quadrupedia.</strong></span> <span class='ocrx_word' id='word_1_299' title='bbox 1478 2213 1728 2280; x_wconf 63' lang='lat' dir='ltr'><strong>Quadam</strong></span> <span class='ocrx_word' id='word_1_300' title='bbox 1770 2231 1899 2270; x_wconf 90' lang='lat' dir='ltr'><strong>vero</strong></span> <span class='ocrx_word' id='word_1_301' title='bbox 1938 2231 2044 2272; x_wconf 90' lang='lat' dir='ltr'><strong>non</strong></span> 
     </span>
    </p>
   </div>
   <div class='ocr_carea' id='block_1_39' title="bbox 462 2293 2039 2375">
    <p class='ocr_par' dir='ltr' id='par_1_39' title="bbox 462 2293 2039 2375">
     <span class='ocr_line' id='line_1_39' title="bbox 462 2293 2039 2375; baseline 0.011 -32"><span class='ocrx_word' id='word_1_302' title='bbox 462 2293 641 2357; x_wconf 82' lang='lat' dir='ltr'><strong>simul,</strong></span> <span class='ocrx_word' id='word_1_303' title='bbox 668 2295 760 2349; x_wconf 90' lang='lat' dir='ltr'><strong>sed</strong></span> <span class='ocrx_word' id='word_1_304' title='bbox 795 2297 938 2351; x_wconf 90' lang='lat' dir='ltr'><strong>velut</strong></span> <span class='ocrx_word' id='word_1_305' title='bbox 963 2314 1081 2351; x_wconf 90' lang='lat' dir='ltr'><strong>cum</strong></span> <span class='ocrx_word' id='word_1_306' title='bbox 1115 2300 1343 2369; x_wconf 88' lang='lat' dir='ltr'><strong>quadam</strong></span> <span class='ocrx_word' id='word_1_307' title='bbox 1377 2318 1549 2369; x_wconf 88' lang='lat' dir='ltr'><strong>mora,</strong></span> <span class='ocrx_word' id='word_1_308' title='bbox 1581 2313 1640 2359; x_wconf 91' lang='lat' dir='ltr'><strong>ut</strong></span> <span class='ocrx_word' id='word_1_309' title='bbox 1676 2321 1847 2373; x_wconf 86' lang='lat' dir='ltr'><strong>mare,</strong></span> <span class='ocrx_word' id='word_1_310' title='bbox 1878 2316 2039 2375; x_wconf 88' lang='lat' dir='ltr'><strong>terra,</strong></span> 
     </span>
    </p>
   </div>
   <div class='ocr_carea' id='block_1_40' title="bbox 466 2382 2043 2463">
    <p class='ocr_par' dir='ltr' id='par_1_40' title="bbox 466 2382 2043 2463">
     <span class='ocr_line' id='line_1_40' title="bbox 466 2382 2043 2463; baseline 0.013 -29"><span class='ocrx_word' id='word_1_311' title='bbox 466 2382 628 2436; x_wconf 83' lang='lat' dir='ltr'><strong>bono</strong></span> <span class='ocrx_word' id='word_1_312' title='bbox 658 2401 672 2440; x_wconf 89' lang='lat'>:</span> <span class='ocrx_word' id='word_1_313' title='bbox 702 2396 755 2440; x_wconf 91' lang='lat' dir='ltr'><strong>et</strong></span> <span class='ocrx_word' id='word_1_314' title='bbox 785 2387 896 2454; x_wconf 89' lang='lat' dir='ltr'><strong>ipse</strong></span> <span class='ocrx_word' id='word_1_315' title='bbox 927 2389 1067 2443; x_wconf 89' lang='lat' dir='ltr'><strong>enim</strong></span> <span class='ocrx_word' id='word_1_316' title='bbox 1104 2390 1351 2458; x_wconf 79' lang='lat' dir='ltr'><strong>paultim</strong></span> <span class='ocrx_word' id='word_1_317' title='bbox 1395 2393 1562 2448; x_wconf 80' lang='lat' dir='ltr'><strong>factus</strong></span> <span class='ocrx_word' id='word_1_318' title='bbox 1601 2397 1875 2463; x_wconf 87' lang='lat' dir='ltr'><strong>scribitur,</strong></span> <span class='ocrx_word' id='word_1_319' title='bbox 1908 2400 2043 2454; x_wconf 87' lang='lat' dir='ltr'><strong>sicut</strong></span> 
     </span>
    </p>
   </div>
   <div class='ocr_carea' id='block_1_41' title="bbox 460 2478 2038 2550">
    <p class='ocr_par' dir='ltr' id='par_1_41' title="bbox 460 2478 2038 2550">
     <span class='ocr_line' id='line_1_41' title="bbox 460 2478 2038 2550; baseline 0.014 -25"><span class='ocrx_word' id='word_1_320' title='bbox 460 2484 509 2525; x_wconf 89' lang='lat' dir='ltr'><strong>et</strong></span> <span class='ocrx_word' id='word_1_321' title='bbox 539 2484 753 2531; x_wconf 64' lang='lat' dir='ltr'><strong>extera.</strong></span> <span class='ocrx_word' id='word_1_322' title='bbox 790 2478 856 2534; x_wconf 89' lang='lat' dir='ltr'><strong>D.</strong></span> <span class='ocrx_word' id='word_1_323' title='bbox 888 2478 960 2533; x_wconf 89' lang='lat' dir='ltr'><strong>Da</strong></span> <span class='ocrx_word' id='word_1_324' title='bbox 988 2480 1226 2550; x_wconf 90' lang='lat' dir='ltr'><strong>quintam</strong></span> <span class='ocrx_word' id='word_1_325' title='bbox 1266 2493 1630 2539; x_wconf 65' lang='lat' dir='ltr'><strong>creaturarum</strong></span> <span class='ocrx_word' id='word_1_326' title='bbox 1659 2488 2038 2548; x_wconf 84' lang='lat' dir='ltr'><strong>dilTerentiam.</strong></span> 
     </span>
    </p>
   </div>
   <div class='ocr_carea' id='block_1_42' title="bbox 458 2559 2042 2648">
    <p class='ocr_par' dir='ltr' id='par_1_42' title="bbox 458 2559 2042 2648">
     <span class='ocr_line' id='line_1_42' title="bbox 458 2559 2042 2648; baseline 0.013 -34"><span class='ocrx_word' id='word_1_327' title='bbox 458 2559 538 2617; x_wconf 78' lang='grc' dir='ltr'><em>Μ.</em></span> <span class='ocrx_word' id='word_1_328' title='bbox 568 2566 718 2630; x_wconf 88' lang='lat' dir='ltr'><strong>Quod</strong></span> <span class='ocrx_word' id='word_1_329' title='bbox 747 2568 989 2637; x_wconf 78' lang='lat' dir='ltr'><strong>quaedam</strong></span> <span class='ocrx_word' id='word_1_330' title='bbox 1018 2586 1200 2624; x_wconf 87' lang='lat' dir='ltr'><strong>earum</strong></span> <span class='ocrx_word' id='word_1_331' title='bbox 1228 2575 1435 2628; x_wconf 86' lang='lat' dir='ltr'><strong>ratione</strong></span> <span class='ocrx_word' id='word_1_332' title='bbox 1461 2578 1667 2631; x_wconf 72' lang='lat' dir='ltr'><strong>czcteris</strong></span> <span class='ocrx_word' id='word_1_333' title='bbox 1698 2591 1954 2648; x_wconf 76' lang='lat' dir='ltr'><strong>prmsunt,</strong></span> <span class='ocrx_word' id='word_1_334' title='bbox 1985 2591 2042 2636; x_wconf 90' lang='lat' dir='ltr'><strong>ut</strong></span> 
     </span>
    </p>
   </div>
   <div class='ocr_carea' id='block_1_43' title="bbox 459 2657 2039 2735">
    <p class='ocr_par' dir='ltr' id='par_1_43' title="bbox 459 2657 2039 2735">
     <span class='ocr_line' id='line_1_43' title="bbox 459 2657 2039 2735; baseline 0.015 -31"><span class='ocrx_word' id='word_1_335' title='bbox 459 2657 733 2711; x_wconf 87' lang='lat' dir='ltr'><strong>rationalia</strong></span> <span class='ocrx_word' id='word_1_336' title='bbox 762 2674 776 2721; x_wconf 90' lang='lat'><strong>;</strong></span> <span class='ocrx_word' id='word_1_337' title='bbox 809 2660 1052 2728; x_wconf 71' lang='lat' dir='ltr'><strong>quredam</strong></span> <span class='ocrx_word' id='word_1_338' title='bbox 1084 2676 1211 2715; x_wconf 89' lang='lat' dir='ltr'><strong>vero</strong></span> <span class='ocrx_word' id='word_1_339' title='bbox 1240 2666 1355 2718; x_wconf 91' lang='lat' dir='ltr'><strong>usui</strong></span> <span class='ocrx_word' id='word_1_340' title='bbox 1387 2664 1670 2735; x_wconf 87' lang='lat' dir='ltr'><strong>habentur,</strong></span> <span class='ocrx_word' id='word_1_341' title='bbox 1706 2677 1763 2722; x_wconf 91' lang='lat' dir='ltr'><strong>ut</strong></span> <span class='ocrx_word' id='word_1_342' title='bbox 1801 2672 2039 2727; x_wconf 72' lang='lat' dir='ltr'><strong>cmlest&#39;a</strong></span> 
     </span>
    </p>
   </div>
   <div class='ocr_carea' id='block_1_44' title="bbox 458 2747 2039 2830">
    <p class='ocr_par' dir='ltr' id='par_1_44' title="bbox 458 2747 2039 2830">
     <span class='ocr_line' id='line_1_44' title="bbox 458 2747 2039 2830; baseline 0.011 -30"><span class='ocrx_word' id='word_1_343' title='bbox 458 2747 737 2802; x_wconf 86' lang='lat' dir='ltr'><strong>luminaria</strong></span> <span class='ocrx_word' id='word_1_344' title='bbox 766 2767 780 2817; x_wconf 88' lang='lat'><strong>;</strong></span> <span class='ocrx_word' id='word_1_345' title='bbox 813 2750 1054 2817; x_wconf 67' lang='lat' dir='ltr'><strong>qumdam</strong></span> <span class='ocrx_word' id='word_1_346' title='bbox 1081 2762 1281 2807; x_wconf 61' lang='lat' dir='ltr'><strong>natura:</strong></span> <span class='ocrx_word' id='word_1_347' title='bbox 1311 2758 1627 2812; x_wconf 88' lang='lat' dir='ltr'><strong>necessitate</strong></span> <span class='ocrx_word' id='word_1_348' title='bbox 1651 2758 2039 2830; x_wconf 73' lang='lat' dir='ltr'><strong>obsequuntur,</strong></span> 
     </span>
    </p>
   </div>
   <div class='ocr_carea' id='block_1_45' title="bbox 456 2839 2038 2909">
    <p class='ocr_par' dir='ltr' id='par_1_45' title="bbox 456 2839 2038 2909">
     <span class='ocr_line' id='line_1_45' title="bbox 456 2839 2038 2909; baseline 0.012 -22"><span class='ocrx_word' id='word_1_349' title='bbox 456 2846 517 2890; x_wconf 90' lang='lat' dir='ltr'><strong>nt</strong></span> <span class='ocrx_word' id='word_1_350' title='bbox 556 2853 682 2893; x_wconf 91' lang='lat' dir='ltr'><strong>aves</strong></span> <span class='ocrx_word' id='word_1_351' title='bbox 722 2846 776 2892; x_wconf 90' lang='lat' dir='ltr'><strong>et</strong></span> <span class='ocrx_word' id='word_1_352' title='bbox 823 2854 871 2907; x_wconf 25' lang='lat' dir='ltr'><strong>qi</strong></span> <span class='ocrx_word' id='word_1_353' title='bbox 897 2839 1220 2909; x_wconf 86' lang='lat' dir='ltr'><strong>adrupedes,</strong></span> <span class='ocrx_word' id='word_1_354' title='bbox 1256 2852 1309 2895; x_wconf 91' lang='lat' dir='ltr'><strong>et</strong></span> <span class='ocrx_word' id='word_1_355' title='bbox 1348 2845 1560 2899; x_wconf 86' lang='lat' dir='ltr'><strong>similia.</strong></span> <span class='ocrx_word' id='word_1_356' title='bbox 1614 2846 1680 2900; x_wconf 89' lang='lat' dir='ltr'><strong>D.</strong></span> <span class='ocrx_word' id='word_1_357' title='bbox 1723 2849 1798 2905; x_wconf 88' lang='lat' dir='ltr'><strong>Da</strong></span> <span class='ocrx_word' id='word_1_358' title='bbox 1835 2863 2038 2907; x_wconf 83' lang='lat' dir='ltr'><strong>sextam</strong></span> 
     </span>
    </p>
   </div>
   <div class='ocr_carea' id='block_1_46' title="bbox 455 2930 2043 3012">
    <p class='ocr_par' dir='ltr' id='par_1_46' title="bbox 455 2930 2043 3012">
     <span class='ocr_line' id='line_1_46' title="bbox 455 2930 2043 3012; baseline 0.009 -27"><span class='ocrx_word' id='word_1_359' title='bbox 455 2930 833 2985; x_wconf 69' lang='lat' dir='ltr'><strong>differentiam.</strong></span> <span class='ocrx_word' id='word_1_360' title='bbox 860 2931 937 2985; x_wconf 80' lang='lat' dir='ltr'><strong>IlI.</strong></span> <span class='ocrx_word' id='word_1_361' title='bbox 962 2932 1112 2999; x_wconf 90' lang='lat' dir='ltr'><strong>Quod</strong></span> <span class='ocrx_word' id='word_1_362' title='bbox 1142 2949 1201 2988; x_wconf 89' lang='lat' dir='ltr'><strong>ea</strong></span> <span class='ocrx_word' id='word_1_363' title='bbox 1224 2951 1340 3005; x_wconf 64' lang='lat' dir='ltr'><strong>quae</strong></span> <span class='ocrx_word' id='word_1_364' title='bbox 1362 2942 1572 2995; x_wconf 75' lang='lat' dir='ltr'><strong>crcter&#39;s</strong></span> <span class='ocrx_word' id='word_1_365' title='bbox 1602 2952 1858 3012; x_wconf 63' lang='lat' dir='ltr'><strong>pratsunt,</strong></span> <span class='ocrx_word' id='word_1_366' title='bbox 1884 2946 1933 2998; x_wconf 87' lang='lat' dir='ltr'><strong>id</strong></span> <span class='ocrx_word' id='word_1_367' title='bbox 1959 2954 2043 3001; x_wconf 89' lang='lat' dir='ltr'><strong>est</strong></span> 
     </span>
    </p>
   </div>
   <div class='ocr_carea' id='block_1_47' title="bbox 454 3023 2038 3103">
    <p class='ocr_par' dir='ltr' id='par_1_47' title="bbox 454 3023 2038 3103">
     <span class='ocr_line' id='line_1_47' title="bbox 454 3023 2038 3103; baseline 0.011 -29"><span class='ocrx_word' id='word_1_368' title='bbox 454 3023 761 3085; x_wconf 85' lang='lat' dir='ltr'><strong>rationalia,</strong></span> <span class='ocrx_word' id='word_1_369' title='bbox 788 3023 1064 3079; x_wconf 85' lang='lat' dir='ltr'><strong>voluntate</strong></span> <span class='ocrx_word' id='word_1_370' title='bbox 1092 3039 1154 3080; x_wconf 90' lang='lat' dir='ltr'><strong>ac</strong></span> <span class='ocrx_word' id='word_1_371' title='bbox 1187 3027 1393 3082; x_wconf 86' lang='lat' dir='ltr'><strong>ratione</strong></span> <span class='ocrx_word' id='word_1_372' title='bbox 1418 3040 1738 3099; x_wconf 89' lang='lat' dir='ltr'><strong>moventur;</strong></span> <span class='ocrx_word' id='word_1_373' title='bbox 1764 3050 1881 3103; x_wconf 75' lang='lat' dir='ltr'><strong>qua:</strong></span> <span class='ocrx_word' id='word_1_374' title='bbox 1911 3052 2038 3091; x_wconf 89' lang='lat' dir='ltr'><strong>vero</strong></span> 
     </span>
    </p>
   </div>
   <div class='ocr_carea' id='block_1_48' title="bbox 2151 1852 3732 1933">
    <p class='ocr_par' dir='ltr' id='par_1_48' title="bbox 2151 1852 3732 1933">
     <span class='ocr_line' id='line_1_48' title="bbox 2151 1852 3732 1933; baseline 0.008 -29"><span class='ocrx_word' id='word_1_375' title='bbox 2151 1859 2252 1915; x_wconf 86' lang='lat' dir='ltr'><strong>est,</strong></span> <span class='ocrx_word' id='word_1_376' title='bbox 2283 1852 2421 1919; x_wconf 80' lang='lat' dir='ltr'><strong>quod</strong></span> <span class='ocrx_word' id='word_1_377' title='bbox 2455 1863 2575 1922; x_wconf 85' lang='lat' dir='ltr'><strong>post</strong></span> <span class='ocrx_word' id='word_1_378' title='bbox 2604 1854 2723 1910; x_wconf 82' lang='lat' dir='ltr'><strong>illos</strong></span> <span class='ocrx_word' id='word_1_379' title='bbox 2755 1869 2849 1911; x_wconf 88' lang='lat' dir='ltr'><strong>sex</strong></span> <span class='ocrx_word' id='word_1_380' title='bbox 2877 1857 2993 1913; x_wconf 88' lang='lat' dir='ltr'><strong>dies</strong></span> <span class='ocrx_word' id='word_1_381' title='bbox 3024 1859 3220 1915; x_wconf 85' lang='lat' dir='ltr'><strong>nullam</strong></span> <span class='ocrx_word' id='word_1_382' title='bbox 3262 1862 3463 1917; x_wconf 87' lang='lat' dir='ltr'><strong>mundo</strong></span> <span class='ocrx_word' id='word_1_383' title='bbox 3493 1864 3732 1933; x_wconf 79' lang='lat' dir='ltr'><strong>incogni-</strong></span> 
     </span>
    </p>
   </div>
   <div class='ocr_carea' id='block_1_49' title="bbox 2130 1944 3734 2019">
    <p class='ocr_par' dir='ltr' id='par_1_49' title="bbox 2130 1944 3734 2019">
     <span class='ocr_line' id='line_1_49' title="bbox 2130 1944 3734 2019; baseline 0.008 -25"><span class='ocrx_word' id='word_1_384' title='bbox 2130 1949 2259 1995; x_wconf 78' lang='lat' dir='ltr'><strong>tam</strong></span> <span class='ocrx_word' id='word_1_385' title='bbox 2282 1944 2683 2001; x_wconf 88' lang='lat' dir='ltr'><strong>substantialem</strong></span> <span class='ocrx_word' id='word_1_386' title='bbox 2707 1951 2964 2019; x_wconf 90' lang='lat' dir='ltr'><strong>speciem,</strong></span> <span class='ocrx_word' id='word_1_387' title='bbox 2994 1960 3083 2005; x_wconf 86' lang='lat' dir='ltr'><strong>aut</strong></span> <span class='ocrx_word' id='word_1_388' title='bbox 3103 1960 3345 2005; x_wconf 90' lang='lat' dir='ltr'><strong>naturam</strong></span> <span class='ocrx_word' id='word_1_389' title='bbox 3369 1968 3560 2007; x_wconf 89' lang='lat' dir='ltr'><strong>novam</strong></span> <span class='ocrx_word' id='word_1_390' title='bbox 3584 1955 3734 2007; x_wconf 65' lang='lat' dir='ltr'><strong>inex«</strong></span> 
     </span>
    </p>
   </div>
   <div class='ocr_carea' id='block_1_50' title="bbox 2150 2039 3734 2109">
    <p class='ocr_par' dir='ltr' id='par_1_50' title="bbox 2150 2039 3734 2109">
     <span class='ocr_line' id='line_1_50' title="bbox 2150 2039 3734 2109; baseline 0.011 -23"><span class='ocrx_word' id='word_1_391' title='bbox 2150 2042 2463 2107; x_wconf 78' lang='lat' dir='ltr'><strong>portamque</strong></span> <span class='ocrx_word' id='word_1_392' title='bbox 2489 2039 2709 2094; x_wconf 84' lang='lat' dir='ltr'><strong>creavit.</strong></span> <span class='ocrx_word' id='word_1_393' title='bbox 2742 2040 2809 2096; x_wconf 82' lang='grc' dir='ltr'><em>ο.</em></span> <span class='ocrx_word' id='word_1_394' title='bbox 2835 2041 3111 2109; x_wconf 89' lang='lat' dir='ltr'><strong>Quomodo</strong></span> <span class='ocrx_word' id='word_1_395' title='bbox 3142 2044 3278 2099; x_wconf 88' lang='lat' dir='ltr'><strong>Deus</strong></span> <span class='ocrx_word' id='word_1_396' title='bbox 3303 2045 3559 2099; x_wconf 89' lang='lat' dir='ltr'><strong>mundum</strong></span> <span class='ocrx_word' id='word_1_397' title='bbox 3592 2046 3734 2103; x_wconf 77' lang='lat' dir='ltr'><strong>fece-</strong></span> 
     </span>
    </p>
   </div>
   <div class='ocr_carea' id='block_1_51' title="bbox 2150 2125 3733 2207">
    <p class='ocr_par' dir='ltr' id='par_1_51' title="bbox 2150 2125 3733 2207">
     <span class='ocr_line' id='line_1_51' title="bbox 2150 2125 3733 2207; baseline 0.008 -28"><span class='ocrx_word' id='word_1_398' title='bbox 2150 2125 2241 2189; x_wconf 90' lang='lat' dir='ltr'><strong>rit,</strong></span> <span class='ocrx_word' id='word_1_399' title='bbox 2296 2141 2577 2196; x_wconf 89' lang='lat' dir='ltr'><strong>possumus</strong></span> <span class='ocrx_word' id='word_1_400' title='bbox 2621 2132 2897 2203; x_wconf 70' lang='lat' dir='ltr'><strong>qumrere?</strong></span> <span class='ocrx_word' id='word_1_401' title='bbox 2946 2132 3025 2187; x_wconf 79' lang='grc' dir='ltr'><em>Μ.</em></span> <span class='ocrx_word' id='word_1_402' title='bbox 3073 2133 3185 2189; x_wconf 84' lang='lat' dir='ltr'><strong>Hoc</strong></span> <span class='ocrx_word' id='word_1_403' title='bbox 3233 2137 3516 2192; x_wconf 86' lang='lat' dir='ltr'><strong>temerarie</strong></span> <span class='ocrx_word' id='word_1_404' title='bbox 3564 2139 3733 2207; x_wconf 80' lang='lat' dir='ltr'><strong>magis</strong></span> 
     </span>
    </p>
   </div>
   <div class='ocr_carea' id='block_1_52' title="bbox 2149 2223 3729 2298">
    <p class='ocr_par' dir='ltr' id='par_1_52' title="bbox 2149 2223 3729 2298">
     <span class='ocr_line' id='line_1_52' title="bbox 2149 2223 3729 2298; baseline 0.009 -28"><span class='ocrx_word' id='word_1_405' title='bbox 2149 2234 2307 2287; x_wconf 87' lang='lat' dir='ltr'><strong>quam</strong></span> <span class='ocrx_word' id='word_1_406' title='bbox 2336 2228 2490 2298; x_wconf 82' lang='lat' dir='ltr'><strong>caute</strong></span> <span class='ocrx_word' id='word_1_407' title='bbox 2518 2223 2830 2291; x_wconf 86' lang='lat' dir='ltr'><strong>requiritur.</strong></span> <span class='ocrx_word' id='word_1_408' title='bbox 2862 2224 3065 2283; x_wconf 83' lang='lat' dir='ltr'><strong>Nullius</strong></span> <span class='ocrx_word' id='word_1_409' title='bbox 3093 2227 3233 2282; x_wconf 87' lang='lat' dir='ltr'><strong>enim</strong></span> <span class='ocrx_word' id='word_1_410' title='bbox 3256 2228 3451 2285; x_wconf 66' lang='lat' dir='ltr'><strong>divinat</strong></span> <span class='ocrx_word' id='word_1_411' title='bbox 3472 2238 3729 2284; x_wconf 68' lang='lat' dir='ltr'><strong>creatura:</strong></span> 
     </span>
    </p>
   </div>
   <div class='ocr_carea' id='block_1_53' title="bbox 2149 2314 3729 2392">
    <p class='ocr_par' dir='ltr' id='par_1_53' title="bbox 2149 2314 3729 2392">
     <span class='ocr_line' id='line_1_53' title="bbox 2149 2314 3729 2392; baseline 0.006 -25"><span class='ocrx_word' id='word_1_412' title='bbox 2149 2314 2364 2371; x_wconf 89' lang='lat' dir='ltr'><strong>modum</strong></span> <span class='ocrx_word' id='word_1_413' title='bbox 2416 2316 2619 2370; x_wconf 84' lang='lat' dir='ltr'><strong>homini</strong></span> <span class='ocrx_word' id='word_1_414' title='bbox 2667 2316 2793 2372; x_wconf 89' lang='lat' dir='ltr'><strong>licet</strong></span> <span class='ocrx_word' id='word_1_415' title='bbox 2832 2332 3167 2389; x_wconf 84' lang='lat' dir='ltr'><strong>agnoscere:</strong></span> <span class='ocrx_word' id='word_1_416' title='bbox 3196 2334 3315 2375; x_wconf 88' lang='lat' dir='ltr'><strong>nam</strong></span> <span class='ocrx_word' id='word_1_417' title='bbox 3347 2320 3389 2374; x_wconf 88' lang='lat' dir='ltr'><strong>si</strong></span> <span class='ocrx_word' id='word_1_418' title='bbox 3419 2323 3580 2375; x_wconf 87' lang='lat' dir='ltr'><strong>sciret</strong></span> <span class='ocrx_word' id='word_1_419' title='bbox 3607 2325 3729 2392; x_wconf 86' lang='lat' dir='ltr'><strong>quis</strong></span> 
     </span>
    </p>
   </div>
   <div class='ocr_carea' id='block_1_54' title="bbox 2146 2409 3726 2487">
    <p class='ocr_par' dir='ltr' id='par_1_54' title="bbox 2146 2409 3726 2487">
     <span class='ocr_line' id='line_1_54' title="bbox 2146 2409 3726 2487; baseline 0.007 -27"><span class='ocrx_word' id='word_1_420' title='bbox 2146 2409 2412 2475; x_wconf 89' lang='lat' dir='ltr'><strong>quomodo</strong></span> <span class='ocrx_word' id='word_1_421' title='bbox 2443 2427 2508 2466; x_wconf 81' lang='lat' dir='ltr'><strong>ex</strong></span> <span class='ocrx_word' id='word_1_422' title='bbox 2545 2411 2713 2467; x_wconf 89' lang='lat' dir='ltr'><strong>nihilo</strong></span> <span class='ocrx_word' id='word_1_423' title='bbox 2739 2414 2915 2482; x_wconf 90' lang='lat' dir='ltr'><strong>aliqua</strong></span> <span class='ocrx_word' id='word_1_424' title='bbox 2946 2414 3081 2470; x_wconf 77' lang='lat' dir='ltr'><strong>facta</strong></span> <span class='ocrx_word' id='word_1_425' title='bbox 3109 2422 3253 2482; x_wconf 89' lang='lat' dir='ltr'><strong>sunt,</strong></span> <span class='ocrx_word' id='word_1_426' title='bbox 3284 2415 3519 2473; x_wconf 68' lang='lat' dir='ltr'><strong>Creatori</strong></span> <span class='ocrx_word' id='word_1_427' title='bbox 3545 2416 3726 2487; x_wconf 85' lang='lat' dir='ltr'><strong>utique</strong></span> 
     </span>
    </p>
   </div>
   <div class='ocr_carea' id='block_1_55' title="bbox 2145 2501 3805 2574">
    <p class='ocr_par' dir='ltr' id='par_1_55' title="bbox 2145 2501 3805 2574">
     <span class='ocr_line' id='line_1_55' title="bbox 2145 2501 3805 2574; baseline 0.009 -21"><span class='ocrx_word' id='word_1_428' title='bbox 2145 2501 2368 2556; x_wconf 87' lang='lat' dir='ltr'><strong>scientia</strong></span> <span class='ocrx_word' id='word_1_429' title='bbox 2393 2518 2456 2558; x_wconf 90' lang='lat' dir='ltr'><strong>ac</strong></span> <span class='ocrx_word' id='word_1_430' title='bbox 2483 2505 2719 2573; x_wconf 87' lang='lat' dir='ltr'><strong>potentia</strong></span> <span class='ocrx_word' id='word_1_431' title='bbox 2750 2520 2847 2574; x_wconf 84' lang='lat' dir='ltr'><strong>par</strong></span> <span class='ocrx_word' id='word_1_432' title='bbox 2874 2514 3040 2562; x_wconf 89' lang='lat' dir='ltr'><strong>esset.</strong></span> <span class='ocrx_word' id='word_1_433' title='bbox 3800 2508 3805 2509; x_wconf 28' lang='grc' dir='ltr'>ί</span> 
     </span>
    </p>
   </div>
   <div class='ocr_carea' id='block_1_56' title="bbox 2756 2640 3107 2698">
    <p class='ocr_par' dir='ltr' id='par_1_56' title="bbox 2756 2640 3107 2698">
     <span class='ocr_line' id='line_1_56' title="bbox 2756 2640 3107 2698; baseline -0.006 -1"><span class='ocrx_word' id='word_1_434' title='bbox 2756 2640 2985 2698; x_wconf 84' lang='lat' dir='ltr'><strong>CAPUT</strong></span> <span class='ocrx_word' id='word_1_435' title='bbox 3022 2640 3107 2698; x_wconf 80' lang='grc' dir='ltr'><strong>ΙΙΙ.</strong></span> 
     </span>
    </p>
   </div>
   <div class='ocr_carea' id='block_1_57' title="bbox 2253 2728 3611 2804">
    <p class='ocr_par' dir='ltr' id='par_1_57' title="bbox 2253 2728 3611 2804">
     <span class='ocr_line' id='line_1_57' title="bbox 2253 2728 3611 2804; baseline 0.007 -24"><span class='ocrx_word' id='word_1_436' title='bbox 2253 2728 2337 2782; x_wconf 76' lang='lat' dir='ltr'><strong>De</strong></span> <span class='ocrx_word' id='word_1_437' title='bbox 2351 2730 2432 2784; x_wconf 74' lang='lat' dir='ltr'><strong>Itis</strong></span> <span class='ocrx_word' id='word_1_438' title='bbox 2458 2746 2571 2799; x_wconf 68' lang='lat' dir='ltr'><strong>qua!</strong></span> <span class='ocrx_word' id='word_1_439' title='bbox 2598 2733 2667 2784; x_wconf 85' lang='lat' dir='ltr'><strong>ad</strong></span> <span class='ocrx_word' id='word_1_440' title='bbox 2696 2733 3113 2803; x_wconf 73' lang='lat' dir='ltr'><strong>gubernationem</strong></span> <span class='ocrx_word' id='word_1_441' title='bbox 3142 2734 3323 2788; x_wconf 78' lang='lat' dir='ltr'><strong>mundi</strong></span> <span class='ocrx_word' id='word_1_442' title='bbox 3351 2735 3611 2804; x_wconf 72' lang='lat' dir='ltr'><strong>pertinent.</strong></span> 
     </span>
    </p>
   </div>
   <div class='ocr_carea' id='block_1_58' title="bbox 2214 2838 3720 2908">
    <p class='ocr_par' dir='ltr' id='par_1_58' title="bbox 2214 2838 3720 2908">
     <span class='ocr_line' id='line_1_58' title="bbox 2214 2838 3720 2908; baseline 0.005 -16"><span class='ocrx_word' id='word_1_443' title='bbox 2214 2838 2282 2894; x_wconf 89' lang='lat' dir='ltr'><strong>D.</strong></span> <span class='ocrx_word' id='word_1_444' title='bbox 2331 2842 2592 2908; x_wconf 86' lang='lat' dir='ltr'><strong>Quoniam</strong></span> <span class='ocrx_word' id='word_1_445' title='bbox 2640 2845 2707 2899; x_wconf 90' lang='lat' dir='ltr'><strong>de</strong></span> <span class='ocrx_word' id='word_1_446' title='bbox 2754 2846 3025 2901; x_wconf 85' lang='lat' dir='ltr'><strong>creatione</strong></span> <span class='ocrx_word' id='word_1_447' title='bbox 3079 2845 3262 2900; x_wconf 88' lang='lat' dir='ltr'><strong>mundi</strong></span> <span class='ocrx_word' id='word_1_448' title='bbox 3308 2854 3591 2901; x_wconf 89' lang='lat' dir='ltr'><strong>tractatum</strong></span> <span class='ocrx_word' id='word_1_449' title='bbox 3642 2856 3720 2901; x_wconf 87' lang='lat' dir='ltr'><strong>est</strong></span> 
     </span>
    </p>
   </div>
   <div class='ocr_carea' id='block_1_59' title="bbox 2140 2936 3719 3006">
    <p class='ocr_par' dir='ltr' id='par_1_59' title="bbox 2140 2936 3719 3006">
     <span class='ocr_line' id='line_1_59' title="bbox 2140 2936 3719 3006; baseline 0.004 -22"><span class='ocrx_word' id='word_1_450' title='bbox 2140 2941 2526 3000; x_wconf 87' lang='lat' dir='ltr'><strong>competenter,</strong></span> <span class='ocrx_word' id='word_1_451' title='bbox 2574 2944 2739 2989; x_wconf 85' lang='lat' dir='ltr'><strong>restat</strong></span> <span class='ocrx_word' id='word_1_452' title='bbox 2779 2944 2833 2988; x_wconf 88' lang='lat' dir='ltr'><strong>ut</strong></span> <span class='ocrx_word' id='word_1_453' title='bbox 2879 2949 3200 3005; x_wconf 76' lang='lat' dir='ltr'><strong>quzeramus,</strong></span> <span class='ocrx_word' id='word_1_454' title='bbox 3250 2936 3562 3005; x_wconf 91' lang='lat' dir='ltr'><strong>gubernatio</strong></span> <span class='ocrx_word' id='word_1_455' title='bbox 3605 2936 3719 3006; x_wconf 80' lang='lat' dir='ltr'><strong>ejus</strong></span> 
     </span>
    </p>
   </div>
   <div class='ocr_carea' id='block_1_60' title="bbox 2141 3023 3717 3095">
    <p class='ocr_par' dir='ltr' id='par_1_60' title="bbox 2141 3023 3717 3095">
     <span class='ocr_line' id='line_1_60' title="bbox 2141 3023 3717 3095; baseline 0.003 -19"><span class='ocrx_word' id='word_1_456' title='bbox 2141 3032 2267 3089; x_wconf 87' lang='lat' dir='ltr'><strong>quot</strong></span> <span class='ocrx_word' id='word_1_457' title='bbox 2297 3023 2471 3077; x_wconf 89' lang='lat' dir='ltr'><strong>modis</strong></span> <span class='ocrx_word' id='word_1_458' title='bbox 2496 3023 2865 3095; x_wconf 84' lang='lat' dir='ltr'><strong>signiﬁcatur?</strong></span> <span class='ocrx_word' id='word_1_459' title='bbox 2896 3024 2969 3078; x_wconf 72' lang='grc' dir='ltr'><strong>Μ.</strong></span> <span class='ocrx_word' id='word_1_460' title='bbox 3002 3025 3218 3080; x_wconf 91' lang='lat' dir='ltr'><strong>Duobus</strong></span> <span class='ocrx_word' id='word_1_461' title='bbox 3241 3040 3255 3080; x_wconf 91' lang='lat'><strong>:</strong></span> <span class='ocrx_word' id='word_1_462' title='bbox 3280 3035 3367 3079; x_wconf 88' lang='lat' dir='ltr'><strong>aut</strong></span> <span class='ocrx_word' id='word_1_463' title='bbox 3390 3026 3530 3079; x_wconf 90' lang='lat' dir='ltr'><strong>enim</strong></span> <span class='ocrx_word' id='word_1_464' title='bbox 3556 3041 3717 3095; x_wconf 87' lang='lat' dir='ltr'><strong>gene-</strong></span> 
     </span>
    </p>
   </div>
   <div class='ocr_carea' id='block_1_61' title="bbox 455 3110 3716 3187">
    <p class='ocr_par' dir='ltr' id='par_1_61' title="bbox 455 3110 3716 3187">
     <span class='ocr_line' id='line_1_61' title="bbox 455 3110 3716 3187; baseline 0.011 -21"><span class='ocrx_word' id='word_1_465' title='bbox 455 3130 552 3167; x_wconf 87' lang='lat' dir='ltr'><strong>usu</strong></span> <span class='ocrx_word' id='word_1_466' title='bbox 600 3129 664 3169; x_wconf 91' lang='lat' dir='ltr'><strong>ac</strong></span> <span class='ocrx_word' id='word_1_467' title='bbox 712 3116 1031 3172; x_wconf 75' lang='lat' dir='ltr'><strong>necessitate</strong></span> <span class='ocrx_word' id='word_1_468' title='bbox 1074 3118 1459 3187; x_wconf 76' lang='lat' dir='ltr'><strong>obsequuntur,</strong></span> <span class='ocrx_word' id='word_1_469' title='bbox 1506 3133 1691 3179; x_wconf 88' lang='lat' dir='ltr'><strong>natura</strong></span> <span class='ocrx_word' id='word_1_470' title='bbox 1734 3137 2029 3184; x_wconf 89' lang='lat' dir='ltr'><strong>moventur.</strong></span> <span class='ocrx_word' id='word_1_471' title='bbox 2062 3110 2110 3173; x_wconf 66' lang='grc' dir='ltr'>ε</span> <span class='ocrx_word' id='word_1_472' title='bbox 2142 3110 2267 3165; x_wconf 63' lang='lat' dir='ltr'><strong>ralis</strong></span> <span class='ocrx_word' id='word_1_473' title='bbox 2294 3121 2395 3177; x_wconf 63' lang='lat' dir='ltr'><strong>es&quot;</strong></span> <span class='ocrx_word' id='word_1_474' title='bbox 2425 3121 2516 3166; x_wconf 68' lang='lat' dir='ltr'><strong>am</strong></span> <span class='ocrx_word' id='word_1_475' title='bbox 2537 3113 2806 3182; x_wconf 64' lang='grc' dir='ltr'><strong>δβθθίθηεσ</strong></span> <span class='ocrx_word' id='word_1_476' title='bbox 2832 3113 2903 3169; x_wconf 77' lang='lat' dir='ltr'><strong>D&#39;</strong></span> <span class='ocrx_word' id='word_1_477' title='bbox 2928 3113 3056 3180; x_wconf 45' lang='lat' dir='ltr'><strong>Quae</strong></span> <span class='ocrx_word' id='word_1_478' title='bbox 3083 3123 3163 3168; x_wconf 73' lang='grc'><strong>⁰⁸¹</strong></span> <span class='ocrx_word' id='word_1_479' title='bbox 3185 3114 3489 3183; x_wconf 48' lang='lat' dir='ltr'><strong>generali“</strong></span> <span class='ocrx_word' id='word_1_480' title='bbox 3513 3112 3586 3167; x_wconf 78' lang='grc' dir='ltr'><em>Μ·</em></span> <span class='ocrx_word' id='word_1_481' title='bbox 3617 3114 3716 3169; x_wconf 56' lang='lat' dir='ltr'><strong>Per</strong></span> 
     </span>
    </p>
   </div>
   <div class='ocr_carea' id='block_1_62' title="bbox 454 3203 2035 3283">
    <p class='ocr_par' dir='ltr' id='par_1_62' title="bbox 454 3203 2035 3283">
     <span class='ocr_line' id='line_1_62' title="bbox 454 3203 2035 3283; baseline 0.009 -26"><span class='ocrx_word' id='word_1_482' title='bbox 454 3203 523 3259; x_wconf 78' lang='grc' dir='ltr'><strong>ὓ.</strong></span> <span class='ocrx_word' id='word_1_483' title='bbox 560 3205 633 3258; x_wconf 83' lang='lat' dir='ltr'><strong>Ea</strong></span> <span class='ocrx_word' id='word_1_484' title='bbox 663 3220 777 3273; x_wconf 68' lang='lat' dir='ltr'><strong>qua:</strong></span> <span class='ocrx_word' id='word_1_485' title='bbox 807 3221 872 3259; x_wconf 78' lang='lat' dir='ltr'><strong>ex</strong></span> <span class='ocrx_word' id='word_1_486' title='bbox 922 3207 1097 3277; x_wconf 86' lang='lat' dir='ltr'><strong>aliquo</strong></span> <span class='ocrx_word' id='word_1_487' title='bbox 1144 3208 1277 3262; x_wconf 78' lang='lat' dir='ltr'><strong>facta</strong></span> <span class='ocrx_word' id='word_1_488' title='bbox 1318 3219 1459 3275; x_wconf 88' lang='lat' dir='ltr'><strong>sunt,</strong></span> <span class='ocrx_word' id='word_1_489' title='bbox 1494 3223 1618 3283; x_wconf 90' lang='lat' dir='ltr'><strong>quot</strong></span> <span class='ocrx_word' id='word_1_490' title='bbox 1653 3217 1901 3271; x_wconf 85' lang='lat' dir='ltr'><strong>materias</strong></span> <span class='ocrx_word' id='word_1_491' title='bbox 1940 3218 2035 3272; x_wconf 82' lang='lat' dir='ltr'><strong>ha-</strong></span> 
     </span>
    </p>
   </div>
   <div class='ocr_carea' id='block_1_63' title="bbox 452 3294 2037 3377">
    <p class='ocr_par' dir='ltr' id='par_1_63' title="bbox 452 3294 2037 3377">
     <span class='ocr_line' id='line_1_63' title="bbox 452 3294 2037 3377; baseline 0.012 -31"><span class='ocrx_word' id='word_1_492' title='bbox 452 3294 720 3357; x_wconf 86' lang='lat' dir='ltr'><strong>buerunt?</strong></span> <span class='ocrx_word' id='word_1_493' title='bbox 752 3295 825 3349; x_wconf 85' lang='grc' dir='ltr'><strong>Μ.</strong></span> <span class='ocrx_word' id='word_1_494' title='bbox 861 3296 964 3351; x_wconf 86' lang='lat' dir='ltr'><strong>Sex</strong></span> <span class='ocrx_word' id='word_1_495' title='bbox 997 3306 1250 3364; x_wconf 86' lang='lat' dir='ltr'><strong>:terram,</strong></span> <span class='ocrx_word' id='word_1_496' title='bbox 1281 3315 1465 3371; x_wconf 88' lang='lat' dir='ltr'><strong>aquas,</strong></span> <span class='ocrx_word' id='word_1_497' title='bbox 1497 3319 1699 3373; x_wconf 77' lang='lat' dir='ltr'><strong>aerem,</strong></span> <span class='ocrx_word' id='word_1_498' title='bbox 1728 3307 1923 3377; x_wconf 86' lang='lat' dir='ltr'><strong>ignem,</strong></span> <span class='ocrx_word' id='word_1_499' title='bbox 1957 3309 2037 3364; x_wconf 87' lang='lat' dir='ltr'><strong>lu-</strong></span> 
     </span>
    </p>
   </div>
   <div class='ocr_carea' id='block_1_64' title="bbox 449 3388 2029 3465">
    <p class='ocr_par' dir='ltr' id='par_1_64' title="bbox 449 3388 2029 3465">
     <span class='ocr_line' id='line_1_64' title="bbox 449 3388 2029 3465; baseline 0.011 -27"><span class='ocrx_word' id='word_1_500' title='bbox 449 3402 595 3451; x_wconf 85' lang='lat' dir='ltr'><strong>men,</strong></span> <span class='ocrx_word' id='word_1_501' title='bbox 626 3399 852 3441; x_wconf 85' lang='lat' dir='ltr'><strong>costam.</strong></span> <span class='ocrx_word' id='word_1_502' title='bbox 879 3388 949 3442; x_wconf 90' lang='lat' dir='ltr'><strong>D.</strong></span> <span class='ocrx_word' id='word_1_503' title='bbox 982 3390 1053 3443; x_wconf 90' lang='lat' dir='ltr'><strong>Da</strong></span> <span class='ocrx_word' id='word_1_504' title='bbox 1086 3391 1136 3444; x_wconf 89' lang='lat' dir='ltr'><strong>in</strong></span> <span class='ocrx_word' id='word_1_505' title='bbox 1166 3391 1385 3462; x_wconf 87' lang='lat' dir='ltr'><strong>singulis</strong></span> <span class='ocrx_word' id='word_1_506' title='bbox 1414 3395 1647 3465; x_wconf 80' lang='lat' dir='ltr'><strong>origines</strong></span> <span class='ocrx_word' id='word_1_507' title='bbox 1675 3412 1819 3454; x_wconf 87' lang='lat' dir='ltr'><strong>suas.</strong></span> <span class='ocrx_word' id='word_1_508' title='bbox 1850 3400 1925 3454; x_wconf 81' lang='grc' dir='ltr'><strong>Μ.</strong></span> <span class='ocrx_word' id='word_1_509' title='bbox 1955 3401 2029 3456; x_wconf 86' lang='lat' dir='ltr'><strong>Ex</strong></span> 
     </span>
    </p>
   </div>
   <div class='ocr_carea' id='block_1_65' title="bbox 450 3481 2029 3561">
    <p class='ocr_par' dir='ltr' id='par_1_65' title="bbox 450 3481 2029 3561">
     <span class='ocr_line' id='line_1_65' title="bbox 450 3481 2029 3561; baseline 0.015 -34"><span class='ocrx_word' id='word_1_510' title='bbox 450 3487 615 3543; x_wconf 88' lang='lat' dir='ltr'><strong>terra,</strong></span> <span class='ocrx_word' id='word_1_511' title='bbox 657 3481 904 3546; x_wconf 83' lang='lat' dir='ltr'><strong>virentia,</strong></span> <span class='ocrx_word' id='word_1_512' title='bbox 939 3482 1196 3561; x_wconf 85' lang='lat' dir='ltr'><strong>plantaria</strong></span> <span class='ocrx_word' id='word_1_513' title='bbox 1228 3495 1282 3540; x_wconf 92' lang='lat' dir='ltr'><strong>et</strong></span> <span class='ocrx_word' id='word_1_514' title='bbox 1310 3487 1588 3555; x_wconf 88' lang='lat' dir='ltr'><strong>animalia;</strong></span> <span class='ocrx_word' id='word_1_515' title='bbox 1621 3508 1686 3546; x_wconf 86' lang='lat' dir='ltr'><strong>ex</strong></span> <span class='ocrx_word' id='word_1_516' title='bbox 1730 3495 1901 3561; x_wconf 81' lang='lat' dir='ltr'><strong>aquis,</strong></span> <span class='ocrx_word' id='word_1_517' title='bbox 1938 3499 2029 3551; x_wconf 85' lang='lat' dir='ltr'><strong>lir-</strong></span> 
     </span>
    </p>
   </div>
   <div class='ocr_carea' id='block_1_66' title="bbox 445 3560 2027 3647">
    <p class='ocr_par' dir='ltr' id='par_1_66' title="bbox 445 3560 2027 3647">
     <span class='ocr_line' id='line_1_66' title="bbox 445 3560 2027 3647; baseline 0.013 -24"><span class='ocrx_word' id='word_1_518' title='bbox 445 3578 796 3633; x_wconf 89' lang='lat' dir='ltr'><strong>mamentum,</strong></span> <span class='ocrx_word' id='word_1_519' title='bbox 828 3587 994 3636; x_wconf 88' lang='lat' dir='ltr'><strong>mare,</strong></span> <span class='ocrx_word' id='word_1_520' title='bbox 1021 3560 1258 3629; x_wconf 80' lang='lat' dir='ltr'><strong>natantia</strong></span> <span class='ocrx_word' id='word_1_521' title='bbox 1286 3592 1347 3633; x_wconf 91' lang='lat' dir='ltr'><strong>ac</strong></span> <span class='ocrx_word' id='word_1_522' title='bbox 1369 3580 1631 3647; x_wconf 87' lang='lat' dir='ltr'><strong>volatilia;</strong></span> <span class='ocrx_word' id='word_1_523' title='bbox 1660 3585 1815 3640; x_wconf 89' lang='lat' dir='ltr'><strong>simul</strong></span> <span class='ocrx_word' id='word_1_524' title='bbox 1851 3596 2027 3643; x_wconf 89' lang='lat' dir='ltr'><strong>autem</strong></span> 
     </span>
    </p>
   </div>
   <div class='ocr_carea' id='block_1_67' title="bbox 444 3656 2028 3747">
    <p class='ocr_par' dir='ltr' id='par_1_67' title="bbox 444 3656 2028 3747">
     <span class='ocr_line' id='line_1_67' title="bbox 444 3656 2028 3747; baseline 0.016 -31"><span class='ocrx_word' id='word_1_525' title='bbox 444 3680 508 3717; x_wconf 80' lang='lat' dir='ltr'><strong>ex</strong></span> <span class='ocrx_word' id='word_1_526' title='bbox 545 3675 704 3728; x_wconf 88' lang='lat' dir='ltr'><strong>terra,</strong></span> <span class='ocrx_word' id='word_1_527' title='bbox 737 3656 1037 3737; x_wconf 48' lang='lat' dir='ltr'><strong>aquisfgne</strong></span> <span class='ocrx_word' id='word_1_528' title='bbox 1067 3678 1118 3725; x_wconf 91' lang='lat' dir='ltr'><strong>et</strong></span> <span class='ocrx_word' id='word_1_529' title='bbox 1146 3685 1293 3739; x_wconf 90' lang='lat' dir='ltr'><strong>acre,</strong></span> <span class='ocrx_word' id='word_1_530' title='bbox 1321 3674 1497 3728; x_wconf 90' lang='lat' dir='ltr'><strong>omnia</strong></span> <span class='ocrx_word' id='word_1_531' title='bbox 1528 3692 1646 3745; x_wconf 74' lang='lat' dir='ltr'><strong>qua:</strong></span> <span class='ocrx_word' id='word_1_532' title='bbox 1684 3694 1781 3747; x_wconf 89' lang='lat' dir='ltr'><strong>per</strong></span> <span class='ocrx_word' id='word_1_533' title='bbox 1814 3696 2028 3743; x_wconf 85' lang='lat' dir='ltr'><strong>succes-</strong></span> 
     </span>
    </p>
   </div>
   <div class='ocr_carea' id='block_1_68' title="bbox 443 3757 2023 3841">
    <p class='ocr_par' dir='ltr' id='par_1_68' title="bbox 443 3757 2023 3841">
     <span class='ocr_line' id='line_1_68' title="bbox 443 3757 2023 3841; baseline 0.016 -35"><span class='ocrx_word' id='word_1_534' title='bbox 443 3757 621 3810; x_wconf 88' lang='lat' dir='ltr'><strong>siones</strong></span> <span class='ocrx_word' id='word_1_535' title='bbox 652 3770 1007 3828; x_wconf 83' lang='lat' dir='ltr'><strong>renovantur;</strong></span> <span class='ocrx_word' id='word_1_536' title='bbox 1040 3778 1105 3817; x_wconf 82' lang='lat' dir='ltr'><strong>cx</strong></span> <span class='ocrx_word' id='word_1_537' title='bbox 1152 3762 1368 3830; x_wconf 89' lang='lat' dir='ltr'><strong>lumine,</strong></span> <span class='ocrx_word' id='word_1_538' title='bbox 1405 3766 1718 3837; x_wconf 89' lang='lat' dir='ltr'><strong>luminaria;</strong></span> <span class='ocrx_word' id='word_1_539' title='bbox 1762 3788 1825 3827; x_wconf 86' lang='lat' dir='ltr'><strong>ex</strong></span> <span class='ocrx_word' id='word_1_540' title='bbox 1856 3785 2023 3841; x_wconf 86' lang='lat' dir='ltr'><strong>costa,</strong></span> 
     </span>
    </p>
   </div>
   <div class='ocr_carea' id='block_1_69' title="bbox 445 3848 2020 3930">
    <p class='ocr_par' dir='ltr' id='par_1_69' title="bbox 445 3848 2020 3930">
     <span class='ocr_line' id='line_1_69' title="bbox 445 3848 2020 3930; baseline 0.013 -30"><span class='ocrx_word' id='word_1_541' title='bbox 445 3848 572 3904; x_wconf 83' lang='lat' dir='ltr'><strong>Eva.</strong></span> <span class='ocrx_word' id='word_1_542' title='bbox 609 3849 674 3903; x_wconf 90' lang='lat' dir='ltr'><strong>D.</strong></span> <span class='ocrx_word' id='word_1_543' title='bbox 724 3850 862 3919; x_wconf 89' lang='lat' dir='ltr'><strong>Ignis</strong></span> <span class='ocrx_word' id='word_1_544' title='bbox 909 3854 1179 3919; x_wconf 87' lang='lat' dir='ltr'><strong>quomodo</strong></span> <span class='ocrx_word' id='word_1_545' title='bbox 1225 3855 1479 3926; x_wconf 78' lang='lat' dir='ltr'><strong>probatur</strong></span> <span class='ocrx_word' id='word_1_546' title='bbox 1519 3858 1704 3926; x_wconf 84' lang='lat' dir='ltr'><strong>laetus,</strong></span> <span class='ocrx_word' id='word_1_547' title='bbox 1736 3873 1822 3917; x_wconf 89' lang='lat' dir='ltr'><strong>aut</strong></span> <span class='ocrx_word' id='word_1_548' title='bbox 1862 3865 2020 3930; x_wconf 87' lang='lat' dir='ltr'><strong>unde,</strong></span> 
     </span>
    </p>
   </div>
   <div class='ocr_carea' id='block_1_70' title="bbox 439 3940 2021 4020">
    <p class='ocr_par' dir='ltr' id='par_1_70' title="bbox 439 3940 2021 4020">
     <span class='ocr_line' id='line_1_70' title="bbox 439 3940 2021 4020; baseline 0.011 -26"><span class='ocrx_word' id='word_1_549' title='bbox 439 3940 522 3995; x_wconf 77' lang='lat' dir='ltr'><strong>vel</strong></span> <span class='ocrx_word' id='word_1_550' title='bbox 548 3941 794 4008; x_wconf 87' lang='lat' dir='ltr'><strong>quando?</strong></span> <span class='ocrx_word' id='word_1_551' title='bbox 823 3941 900 3995; x_wconf 84' lang='lat' dir='ltr'><strong>M.</strong></span> <span class='ocrx_word' id='word_1_552' title='bbox 937 3942 1155 3998; x_wconf 83' lang='lat' dir='ltr'><strong>Factum</strong></span> <span class='ocrx_word' id='word_1_553' title='bbox 1188 3946 1398 4016; x_wconf 86' lang='lat' dir='ltr'><strong>quidem</strong></span> <span class='ocrx_word' id='word_1_554' title='bbox 1430 3957 1483 4003; x_wconf 90' lang='lat' dir='ltr'><strong>et</strong></span> <span class='ocrx_word' id='word_1_555' title='bbox 1511 3964 1574 4004; x_wconf 85' lang='lat' dir='ltr'><strong>ex</strong></span> <span class='ocrx_word' id='word_1_556' title='bbox 1608 3955 1845 4020; x_wconf 85' lang='lat' dir='ltr'><strong>generali</strong></span> <span class='ocrx_word' id='word_1_557' title='bbox 1874 3955 2021 4011; x_wconf 85' lang='lat' dir='ltr'><strong>Scri-</strong></span> 
     </span>
    </p>
   </div>
   <div class='ocr_carea' id='block_1_71' title="bbox 438 4040 2021 4123">
    <p class='ocr_par' dir='ltr' id='par_1_71' title="bbox 438 4040 2021 4123">
     <span class='ocr_line' id='line_1_71' title="bbox 438 4040 2021 4123; baseline 0.017 -43"><span class='ocrx_word' id='word_1_558' title='bbox 438 4041 589 4096; x_wconf 74' lang='lat' dir='ltr'><strong>ptura</strong></span> <span class='ocrx_word' id='word_1_559' title='bbox 624 4048 902 4096; x_wconf 79' lang='lat' dir='ltr'><strong>possumus</strong></span> <span class='ocrx_word' id='word_1_560' title='bbox 932 4040 1249 4106; x_wconf 85' lang='lat' dir='ltr'><strong>approbare,</strong></span> <span class='ocrx_word' id='word_1_561' title='bbox 1275 4057 1394 4096; x_wconf 89' lang='lat' dir='ltr'><strong>cum</strong></span> <span class='ocrx_word' id='word_1_562' title='bbox 1427 4043 1624 4099; x_wconf 90' lang='lat' dir='ltr'><strong>dicitur</strong></span> <span class='ocrx_word' id='word_1_563' title='bbox 1649 4046 1714 4102; x_wconf 90' lang='lat' dir='ltr'><strong>de</strong></span> <span class='ocrx_word' id='word_1_564' title='bbox 1741 4048 1850 4104; x_wconf 88' lang='lat' dir='ltr'><strong>Deo</strong></span> <span class='ocrx_word' id='word_1_565' title='bbox 1879 4068 1893 4105; x_wconf 72' lang='grc' dir='ltr'><strong>ε</strong></span> <span class='ocrx_word' id='word_1_566' title='bbox 1922 4051 2021 4123; x_wconf 83' lang='lat' dir='ltr'><strong>Qui</strong></span> 
     </span>
    </p>
   </div>
   <div class='ocr_carea' id='block_1_72' title="bbox 436 4124 2021 4205">
    <p class='ocr_par' dir='ltr' id='par_1_72' title="bbox 436 4124 2021 4205">
     <span class='ocr_line' id='line_1_72' title="bbox 436 4124 2021 4205; baseline 0.016 -33"><span class='ocrx_word' id='word_1_567' title='bbox 436 4124 556 4192; x_wconf 65' lang='lat' dir='ltr'><strong>facit</strong></span> <span class='ocrx_word' id='word_1_568' title='bbox 584 4125 763 4178; x_wconf 67' lang='lat' dir='ltr'><strong>calum</strong></span> <span class='ocrx_word' id='word_1_569' title='bbox 806 4136 853 4179; x_wconf 77' lang='lat' dir='ltr'><strong>ct</strong></span> <span class='ocrx_word' id='word_1_570' title='bbox 898 4136 1106 4193; x_wconf 70' lang='lat' dir='ltr'><strong>terram,</strong></span> <span class='ocrx_word' id='word_1_571' title='bbox 1147 4148 1287 4184; x_wconf 84' lang='lat' dir='ltr'><strong>mare</strong></span> <span class='ocrx_word' id='word_1_572' title='bbox 1315 4142 1361 4185; x_wconf 86' lang='lat' dir='ltr'><strong>et</strong></span> <span class='ocrx_word' id='word_1_573' title='bbox 1391 4136 1559 4188; x_wconf 81' lang='lat' dir='ltr'><strong>omnia</strong></span> <span class='ocrx_word' id='word_1_574' title='bbox 1585 4154 1697 4205; x_wconf 71' lang='lat' dir='ltr'><strong>qua:</strong></span> <span class='ocrx_word' id='word_1_575' title='bbox 1727 4140 1778 4193; x_wconf 85' lang='lat' dir='ltr'><strong>in</strong></span> <span class='ocrx_word' id='word_1_576' title='bbox 1802 4141 1874 4195; x_wconf 73' lang='lat' dir='ltr'><strong>eis</strong></span> <span class='ocrx_word' id='word_1_577' title='bbox 1901 4154 2021 4199; x_wconf 85' lang='lat' dir='ltr'><strong>sunt</strong></span> 
     </span>
    </p>
   </div>
   <div class='ocr_carea' id='block_1_73' title="bbox 433 4214 2014 4296">
    <p class='ocr_par' dir='ltr' id='par_1_73' title="bbox 433 4214 2014 4296">
     <span class='ocr_line' id='line_1_73' title="bbox 433 4214 2014 4296; baseline 0.015 -30"><span class='ocrx_word' id='word_1_578' title='bbox 433 4214 604 4285; x_wconf 69' lang='lat' dir='ltr'><strong>(Prol.</strong></span> <span class='ocrx_word' id='word_1_579' title='bbox 637 4233 791 4283; x_wconf 68' lang='grc' dir='ltr'><strong>θην,</strong></span> <span class='ocrx_word' id='word_1_580' title='bbox 825 4218 878 4289; x_wconf 88' lang='lat'><strong>6)</strong></span> <span class='ocrx_word' id='word_1_581' title='bbox 921 4238 931 4271; x_wconf 91' lang='lat'>:</span> <span class='ocrx_word' id='word_1_582' title='bbox 964 4220 1083 4291; x_wconf 86' lang='lat' dir='ltr'><strong>quia</strong></span> <span class='ocrx_word' id='word_1_583' title='bbox 1128 4223 1308 4291; x_wconf 82' lang='lat' dir='ltr'><strong>utique</strong></span> <span class='ocrx_word' id='word_1_584' title='bbox 1338 4225 1498 4280; x_wconf 87' lang='lat' dir='ltr'><strong>etiam</strong></span> <span class='ocrx_word' id='word_1_585' title='bbox 1543 4227 1677 4296; x_wconf 81' lang='lat' dir='ltr'><strong>ignis</strong></span> <span class='ocrx_word' id='word_1_586' title='bbox 1715 4230 1767 4283; x_wconf 91' lang='lat' dir='ltr'><strong>in</strong></span> <span class='ocrx_word' id='word_1_587' title='bbox 1803 4232 1882 4286; x_wconf 91' lang='lat' dir='ltr'><strong>eis</strong></span> <span class='ocrx_word' id='word_1_588' title='bbox 1912 4243 2014 4289; x_wconf 88' lang='lat' dir='ltr'><strong>est.</strong></span> 
     </span>
    </p>
   </div>
   <div class='ocr_carea' id='block_1_74' title="bbox 432 4306 2015 4391">
    <p class='ocr_par' dir='ltr' id='par_1_74' title="bbox 432 4306 2015 4391">
     <span class='ocr_line' id='line_1_74' title="bbox 432 4306 2015 4391; baseline 0.013 -33"><span class='ocrx_word' id='word_1_589' title='bbox 432 4306 508 4361; x_wconf 61' lang='lat' dir='ltr'><strong>lix</strong></span> <span class='ocrx_word' id='word_1_590' title='bbox 542 4312 755 4376; x_wconf 88' lang='lat' dir='ltr'><strong>speciali</strong></span> <span class='ocrx_word' id='word_1_591' title='bbox 787 4313 1113 4379; x_wconf 72' lang='lat' dir='ltr'><strong>prochsione</strong></span> <span class='ocrx_word' id='word_1_592' title='bbox 1144 4332 1154 4364; x_wconf 95' lang='lat'>:</span> <span class='ocrx_word' id='word_1_593' title='bbox 1186 4314 1416 4368; x_wconf 68' lang='lat' dir='ltr'><strong>Laudare</strong></span> <span class='ocrx_word' id='word_1_594' title='bbox 1449 4316 1723 4372; x_wconf 84' lang='lat' dir='ltr'><strong>Dominum</strong></span> <span class='ocrx_word' id='word_1_595' title='bbox 1763 4322 1825 4375; x_wconf 83' lang='lat' dir='ltr'><strong>de</strong></span> <span class='ocrx_word' id='word_1_596' title='bbox 1856 4333 2015 4391; x_wconf 54' lang='lat' dir='ltr'><strong>terra,</strong></span> 
     </span>
    </p>
   </div>
   <div class='ocr_carea' id='block_1_75' title="bbox 430 4400 2013 4481">
    <p class='ocr_par' dir='ltr' id='par_1_75' title="bbox 430 4400 2013 4481">
     <span class='ocr_line' id='line_1_75' title="bbox 430 4400 2013 4481; baseline 0.013 -34"><span class='ocrx_word' id='word_1_597' title='bbox 430 4400 693 4459; x_wconf 80' lang='lat' dir='ltr'><strong>dracones,</strong></span> <span class='ocrx_word' id='word_1_598' title='bbox 726 4401 915 4468; x_wconf 73' lang='lat' dir='ltr'><strong>abyssi,</strong></span> <span class='ocrx_word' id='word_1_599' title='bbox 947 4402 1099 4472; x_wconf 78' lang='lat' dir='ltr'><strong>ignis,</strong></span> <span class='ocrx_word' id='word_1_600' title='bbox 1130 4406 1346 4470; x_wconf 83' lang='lat' dir='ltr'><strong>grando,</strong></span> <span class='ocrx_word' id='word_1_601' title='bbox 1391 4407 1502 4471; x_wconf 65' lang='lat' dir='ltr'><strong>nix,</strong></span> <span class='ocrx_word' id='word_1_602' title='bbox 1551 4408 1760 4476; x_wconf 76' lang='lat' dir='ltr'><strong>glacies,</strong></span> <span class='ocrx_word' id='word_1_603' title='bbox 1808 4413 2013 4481; x_wconf 77' lang='lat' dir='ltr'><strong>spiritus</strong></span> 
     </span>
    </p>
   </div>
   <div class='ocr_carea' id='block_1_76' title="bbox 428 4480 2095 4573">
    <p class='ocr_par' dir='ltr' id='par_1_76' title="bbox 428 4480 2095 4573">
     <span class='ocr_line' id='line_1_76' title="bbox 428 4480 2095 4573; baseline 0.013 -31"><span class='ocrx_word' id='word_1_604' title='bbox 428 4493 767 4558; x_wconf 75' lang='lat' dir='ltr'><strong>procellarum</strong></span> <span class='ocrx_word' id='word_1_605' title='bbox 796 4494 968 4561; x_wconf 82' lang='lat' dir='ltr'><strong>(Psal.</strong></span> <span class='ocrx_word' id='word_1_606' title='bbox 998 4511 1217 4559; x_wconf 72' lang='lat' dir='ltr'><strong>CXLYlll,</strong></span> <span class='ocrx_word' id='word_1_607' title='bbox 1252 4499 1302 4573; x_wconf 84' lang='lat'><strong>7,</strong></span> <span class='ocrx_word' id='word_1_608' title='bbox 1337 4498 1414 4567; x_wconf 89' lang='lat'><strong>8),</strong></span> <span class='ocrx_word' id='word_1_609' title='bbox 1453 4500 1520 4556; x_wconf 87' lang='lat' dir='ltr'><strong>de</strong></span> <span class='ocrx_word' id='word_1_610' title='bbox 1549 4504 1741 4571; x_wconf 86' lang='lat' dir='ltr'><strong>quibus</strong></span> <span class='ocrx_word' id='word_1_611' title='bbox 1779 4516 1904 4561; x_wconf 89' lang='lat' dir='ltr'><strong>ante</strong></span> <span class='ocrx_word' id='word_1_612' title='bbox 1930 4509 2009 4562; x_wconf 89' lang='lat' dir='ltr'><strong>di-</strong></span> <span class='ocrx_word' id='word_1_613' title='bbox 2040 4480 2095 4540; x_wconf 80' lang='lat' dir='ltr'><strong>D</strong></span> 
     </span>
    </p>
   </div>
   <div class='ocr_carea' id='block_1_77' title="bbox 426 4585 2008 4673">
    <p class='ocr_par' dir='ltr' id='par_1_77' title="bbox 426 4585 2008 4673">
     <span class='ocr_line' id='line_1_77' title="bbox 426 4585 2008 4673; baseline 0.015 -38"><span class='ocrx_word' id='word_1_614' title='bbox 426 4594 576 4637; x_wconf 71' lang='lat' dir='ltr'><strong>xerat</strong></span> <span class='ocrx_word' id='word_1_615' title='bbox 609 4601 623 4639; x_wconf 89' lang='lat'>:</span> <span class='ocrx_word' id='word_1_616' title='bbox 658 4585 911 4651; x_wconf 78' lang='lat' dir='ltr'><strong>Quoniam</strong></span> <span class='ocrx_word' id='word_1_617' title='bbox 939 4590 1046 4652; x_wconf 75' lang='lat' dir='ltr'><strong>ipse</strong></span> <span class='ocrx_word' id='word_1_618' title='bbox 1069 4590 1217 4655; x_wconf 71' lang='lat' dir='ltr'><strong>dixit,</strong></span> <span class='ocrx_word' id='word_1_619' title='bbox 1247 4602 1293 4646; x_wconf 85' lang='lat' dir='ltr'><strong>et</strong></span> <span class='ocrx_word' id='word_1_620' title='bbox 1317 4594 1453 4665; x_wconf 80' lang='lat' dir='ltr'><strong>facta</strong></span> <span class='ocrx_word' id='word_1_621' title='bbox 1480 4606 1595 4649; x_wconf 75' lang='lat' dir='ltr'><strong>sunt</strong></span> <span class='ocrx_word' id='word_1_622' title='bbox 1625 4597 1811 4669; x_wconf 82' lang='lat' dir='ltr'><strong>(Ibid.,</strong></span> <span class='ocrx_word' id='word_1_623' title='bbox 1842 4601 1918 4673; x_wconf 82' lang='grc'><em>5).</em></span> <span class='ocrx_word' id='word_1_624' title='bbox 1947 4605 2008 4659; x_wconf 85' lang='lat' dir='ltr'><strong>Et</strong></span> 
     </span>
    </p>
   </div>
   <div class='ocr_carea' id='block_1_78' title="bbox 425 4676 2006 4756">
    <p class='ocr_par' dir='ltr' id='par_1_78' title="bbox 425 4676 2006 4756">
     <span class='ocr_line' id='line_1_78' title="bbox 425 4676 2006 4756; baseline 0.013 -30"><span class='ocrx_word' id='word_1_625' title='bbox 425 4690 607 4729; x_wconf 81' lang='lat' dir='ltr'><strong>rursus</strong></span> <span class='ocrx_word' id='word_1_626' title='bbox 660 4694 671 4728; x_wconf 93' lang='lat'><strong>:</strong></span> <span class='ocrx_word' id='word_1_627' title='bbox 713 4676 1039 4742; x_wconf 70' lang='lat' dir='ltr'><strong>Benedicitc,</strong></span> <span class='ocrx_word' id='word_1_628' title='bbox 1082 4684 1252 4736; x_wconf 87' lang='lat' dir='ltr'><strong>omnia</strong></span> <span class='ocrx_word' id='word_1_629' title='bbox 1302 4700 1455 4753; x_wconf 72' lang='lat' dir='ltr'><strong>Opera</strong></span> <span class='ocrx_word' id='word_1_630' title='bbox 1499 4685 1737 4756; x_wconf 81' lang='lat' dir='ltr'><strong>Domini,</strong></span> <span class='ocrx_word' id='word_1_631' title='bbox 1783 4690 2006 4753; x_wconf 85' lang='lat' dir='ltr'><strong>Domino</strong></span> 
     </span>
    </p>
   </div>
   <div class='ocr_carea' id='block_1_79' title="bbox 421 4767 2001 4853">
    <p class='ocr_par' dir='ltr' id='par_1_79' title="bbox 421 4767 2001 4853">
     <span class='ocr_line' id='line_1_79' title="bbox 421 4767 2001 4853; baseline 0.013 -33"><span class='ocrx_word' id='word_1_632' title='bbox 421 4767 583 4837; x_wconf 81' lang='lat' dir='ltr'><strong>(Dan.</strong></span> <span class='ocrx_word' id='word_1_633' title='bbox 610 4785 687 4835; x_wconf 78' lang='grc' dir='ltr'>ιιι,</span> <span class='ocrx_word' id='word_1_634' title='bbox 715 4771 804 4840; x_wconf 76' lang='lat'><strong>57)</strong></span> <span class='ocrx_word' id='word_1_635' title='bbox 827 4787 839 4833; x_wconf 82' lang='lat'><strong>;</strong></span> <span class='ocrx_word' id='word_1_636' title='bbox 870 4781 921 4827; x_wconf 88' lang='lat' dir='ltr'><strong>et</strong></span> <span class='ocrx_word' id='word_1_637' title='bbox 944 4771 1213 4841; x_wconf 79' lang='lat' dir='ltr'><strong>subjunxit</strong></span> <span class='ocrx_word' id='word_1_638' title='bbox 1238 4792 1256 4829; x_wconf 81' lang='lat'><strong>.&#39;</strong></span> <span class='ocrx_word' id='word_1_639' title='bbox 1278 4774 1586 4843; x_wconf 77' lang='lat' dir='ltr'><strong>Benedicitc,</strong></span> <span class='ocrx_word' id='word_1_640' title='bbox 1606 4782 1739 4852; x_wconf 79' lang='lat' dir='ltr'><strong>ignis</strong></span> <span class='ocrx_word' id='word_1_641' title='bbox 1760 4793 1804 4838; x_wconf 86' lang='lat' dir='ltr'><strong>et</strong></span> <span class='ocrx_word' id='word_1_642' title='bbox 1831 4797 2001 4853; x_wconf 70' lang='lat' dir='ltr'><strong>astus,</strong></span> 
     </span>
    </p>
   </div>
   <div class='ocr_carea' id='block_1_80' title="bbox 423 4858 2004 4938">
    <p class='ocr_par' dir='ltr' id='par_1_80' title="bbox 423 4858 2004 4938">
     <span class='ocr_line' id='line_1_80' title="bbox 423 4858 2004 4938; baseline 0.015 -28"><span class='ocrx_word' id='word_1_643' title='bbox 423 4858 853 4931; x_wconf 80' lang='lat' dir='ltr'><strong>Domino(1bid.,</strong></span> <span class='ocrx_word' id='word_1_644' title='bbox 896 4863 1008 4929; x_wconf 80' lang='lat' dir='ltr'><strong>OG).</strong></span> <span class='ocrx_word' id='word_1_645' title='bbox 1048 4864 1230 4921; x_wconf 87' lang='lat' dir='ltr'><strong>Utrum</strong></span> <span class='ocrx_word' id='word_1_646' title='bbox 1272 4882 1399 4923; x_wconf 85' lang='lat' dir='ltr'><strong>veru</strong></span> <span class='ocrx_word' id='word_1_647' title='bbox 1446 4884 1511 4923; x_wconf 79' lang='lat' dir='ltr'><strong>ex</strong></span> <span class='ocrx_word' id='word_1_648' title='bbox 1563 4872 1750 4938; x_wconf 86' lang='lat' dir='ltr'><strong>nihilo,</strong></span> <span class='ocrx_word' id='word_1_649' title='bbox 1783 4876 1919 4930; x_wconf 83' lang='lat' dir='ltr'><strong>sicut</strong></span> <span class='ocrx_word' id='word_1_650' title='bbox 1951 4887 2004 4932; x_wconf 87' lang='lat' dir='ltr'><strong>et</strong></span> 
     </span>
    </p>
   </div>
   <div class='ocr_carea' id='block_1_81' title="bbox 418 4950 1998 5025">
    <p class='ocr_par' dir='ltr' id='par_1_81' title="bbox 418 4950 1998 5025">
     <span class='ocr_line' id='line_1_81' title="bbox 418 4950 1998 5025; baseline 0.014 -25"><span class='ocrx_word' id='word_1_651' title='bbox 418 4950 543 5017; x_wconf 84' lang='lat' dir='ltr'><strong>alia,</strong></span> <span class='ocrx_word' id='word_1_652' title='bbox 578 4951 743 5006; x_wconf 78' lang='lat' dir='ltr'><strong>factus</strong></span> <span class='ocrx_word' id='word_1_653' title='bbox 771 4955 860 5017; x_wconf 89' lang='lat' dir='ltr'><strong>sit,</strong></span> <span class='ocrx_word' id='word_1_654' title='bbox 891 4970 956 5009; x_wconf 88' lang='lat' dir='ltr'><strong>an</strong></span> <span class='ocrx_word' id='word_1_655' title='bbox 988 4972 1049 5011; x_wconf 72' lang='lat' dir='ltr'><strong>es</strong></span> <span class='ocrx_word' id='word_1_656' title='bbox 1082 4956 1283 5025; x_wconf 83' lang='lat' dir='ltr'><strong>aliquo,</strong></span> <span class='ocrx_word' id='word_1_657' title='bbox 1314 4958 1606 5021; x_wconf 87' lang='lat' dir='ltr'><strong>dubitatur.</strong></span> <span class='ocrx_word' id='word_1_658' title='bbox 1645 4964 1828 5020; x_wconf 84' lang='lat' dir='ltr'><strong>Plures</strong></span> <span class='ocrx_word' id='word_1_659' title='bbox 1856 4969 1998 5021; x_wconf 87' lang='lat' dir='ltr'><strong>enim</strong></span> 
     </span>
    </p>
   </div>
   <div class='ocr_carea' id='block_1_82' title="bbox 416 5040 1997 5128">
    <p class='ocr_par' dir='ltr' id='par_1_82' title="bbox 416 5040 1997 5128">
     <span class='ocr_line' id='line_1_82' title="bbox 416 5040 1997 5128; baseline 0.016 -39"><span class='ocrx_word' id='word_1_660' title='bbox 416 5055 434 5083; x_wconf 68' lang='grc' dir='ltr'><strong>ι</strong></span> <span class='ocrx_word' id='word_1_661' title='bbox 451 5040 596 5092; x_wconf 88' lang='lat' dir='ltr'><strong>olunt</strong></span> <span class='ocrx_word' id='word_1_662' title='bbox 619 5044 914 5099; x_wconf 60' lang='lat' dir='ltr'><strong>caelestium</strong></span> <span class='ocrx_word' id='word_1_663' title='bbox 939 5046 1131 5102; x_wconf 90' lang='lat' dir='ltr'><strong>lumina</strong></span> <span class='ocrx_word' id='word_1_664' title='bbox 1143 5049 1279 5103; x_wconf 88' lang='lat' dir='ltr'><strong>rium</strong></span> <span class='ocrx_word' id='word_1_665' title='bbox 1299 5066 1418 5106; x_wconf 82' lang='lat' dir='ltr'><strong>esse</strong></span> <span class='ocrx_word' id='word_1_666' title='bbox 1443 5052 1752 5120; x_wconf 67' lang='lat' dir='ltr'><strong>particulam</strong></span> <span class='ocrx_word' id='word_1_667' title='bbox 1770 5072 1784 5121; x_wconf 93' lang='lat'><strong>;</strong></span> <span class='ocrx_word' id='word_1_668' title='bbox 1803 5058 1997 5128; x_wconf 83' lang='lat' dir='ltr'><strong>quippe</strong></span> 
     </span>
    </p>
   </div>
   <div class='ocr_carea' id='block_1_83' title="bbox 408 5132 1994 5205">
    <p class='ocr_par' dir='ltr' id='par_1_83' title="bbox 408 5132 1994 5205">
     <span class='ocr_line' id='line_1_83' title="bbox 408 5132 1994 5205; baseline 0.013 -21"><span class='ocrx_word' id='word_1_669' title='bbox 408 5132 559 5184; x_wconf 78' lang='lat' dir='ltr'><strong>enim</strong></span> <span class='ocrx_word' id='word_1_670' title='bbox 604 5148 741 5187; x_wconf 91' lang='lat' dir='ltr'><strong>nunc</strong></span> <span class='ocrx_word' id='word_1_671' title='bbox 772 5135 1076 5204; x_wconf 56' lang='lat' dir='ltr'><strong>frequenter</strong></span> <span class='ocrx_word' id='word_1_672' title='bbox 1104 5141 1345 5199; x_wconf 86' lang='lat' dir='ltr'><strong>videmus</strong></span> <span class='ocrx_word' id='word_1_673' title='bbox 1393 5144 1635 5203; x_wconf 85' lang='lat' dir='ltr'><strong>homines</strong></span> <span class='ocrx_word' id='word_1_674' title='bbox 1661 5156 1809 5201; x_wconf 82' lang='lat' dir='ltr'><strong>certo</strong></span> <span class='ocrx_word' id='word_1_675' title='bbox 1836 5151 1994 5205; x_wconf 85' lang='lat' dir='ltr'><strong>modo</strong></span> 
     </span>
    </p>
   </div>
   <div class='ocr_carea' id='block_1_84' title="bbox 415 5221 1993 5309">
    <p class='ocr_par' dir='ltr' id='par_1_84' title="bbox 415 5221 1993 5309">
     <span class='ocr_line' id='line_1_84' title="bbox 415 5221 1993 5309; baseline 0.015 -38"><span class='ocrx_word' id='word_1_676' title='bbox 415 5221 588 5287; x_wconf 85' lang='lat' dir='ltr'><strong>ignem</strong></span> <span class='ocrx_word' id='word_1_677' title='bbox 612 5235 673 5273; x_wconf 82' lang='lat' dir='ltr'><strong>ex</strong></span> <span class='ocrx_word' id='word_1_678' title='bbox 704 5223 833 5276; x_wconf 87' lang='lat' dir='ltr'><strong>solis</strong></span> <span class='ocrx_word' id='word_1_679' title='bbox 856 5225 1019 5281; x_wconf 86' lang='lat' dir='ltr'><strong>radiis</strong></span> <span class='ocrx_word' id='word_1_680' title='bbox 1044 5233 1273 5285; x_wconf 88' lang='lat' dir='ltr'><strong>mutuari</strong></span> <span class='ocrx_word' id='word_1_681' title='bbox 1306 5251 1316 5283; x_wconf 92' lang='lat'>:</span> <span class='ocrx_word' id='word_1_682' title='bbox 1349 5234 1485 5303; x_wconf 83' lang='lat' dir='ltr'><strong>quod</strong></span> <span class='ocrx_word' id='word_1_683' title='bbox 1519 5235 1561 5309; x_wconf 71' lang='lat' dir='ltr'><strong>si</strong></span> <span class='ocrx_word' id='word_1_684' title='bbox 1591 5236 1661 5289; x_wconf 90' lang='lat' dir='ltr'><strong>ita</strong></span> <span class='ocrx_word' id='word_1_685' title='bbox 1690 5245 1791 5305; x_wconf 87' lang='lat' dir='ltr'><strong>est,</strong></span> <span class='ocrx_word' id='word_1_686' title='bbox 1824 5239 1993 5306; x_wconf 88' lang='lat' dir='ltr'><strong>primo</strong></span> 
     </span>
    </p>
   </div>
   <div class='ocr_carea' id='block_1_85' title="bbox 404 5308 1993 5397">
    <p class='ocr_par' dir='ltr' id='par_1_85' title="bbox 404 5308 1993 5397">
     <span class='ocr_line' id='line_1_85' title="bbox 404 5308 1993 5397; baseline 0.014 -34"><span class='ocrx_word' id='word_1_687' title='bbox 404 5309 499 5363; x_wconf 70' lang='lat' dir='ltr'><strong>die</strong></span> <span class='ocrx_word' id='word_1_688' title='bbox 542 5308 713 5363; x_wconf 79' lang='lat' dir='ltr'><strong>factus</strong></span> <span class='ocrx_word' id='word_1_689' title='bbox 757 5319 858 5366; x_wconf 87' lang='lat' dir='ltr'><strong>est.</strong></span> <span class='ocrx_word' id='word_1_690' title='bbox 907 5312 1012 5367; x_wconf 89' lang='lat' dir='ltr'><strong>Sed</strong></span> <span class='ocrx_word' id='word_1_691' title='bbox 1054 5319 1344 5385; x_wconf 89' lang='lat' dir='ltr'><strong>sapientius</strong></span> <span class='ocrx_word' id='word_1_692' title='bbox 1376 5322 1477 5376; x_wconf 89' lang='lat' dir='ltr'><strong>hoc</strong></span> <span class='ocrx_word' id='word_1_693' title='bbox 1510 5308 1780 5387; x_wconf 86' lang='lat' dir='ltr'><strong>Scriptura</strong></span> <span class='ocrx_word' id='word_1_694' title='bbox 1815 5327 1993 5397; x_wconf 81' lang='lat' dir='ltr'><strong>lumen</strong></span> 
     </span>
    </p>
   </div>
   <div class='ocr_carea' id='block_1_86' title="bbox 400 5404 1993 5478">
    <p class='ocr_par' dir='ltr' id='par_1_86' title="bbox 400 5404 1993 5478">
     <span class='ocr_line' id='line_1_86' title="bbox 400 5404 1993 5478; baseline 0.013 -24"><span class='ocrx_word' id='word_1_695' title='bbox 400 5417 569 5469; x_wconf 73' lang='lat' dir='ltr'><strong>quam</strong></span> <span class='ocrx_word' id='word_1_696' title='bbox 603 5404 777 5473; x_wconf 86' lang='lat' dir='ltr'><strong>ignem</strong></span> <span class='ocrx_word' id='word_1_697' title='bbox 806 5407 1034 5470; x_wconf 81' lang='lat' dir='ltr'><strong>vocavit,</strong></span> <span class='ocrx_word' id='word_1_698' title='bbox 1065 5418 1120 5462; x_wconf 89' lang='lat' dir='ltr'><strong>ut</strong></span> <span class='ocrx_word' id='word_1_699' title='bbox 1148 5425 1211 5464; x_wconf 84' lang='lat' dir='ltr'><strong>ex</strong></span> <span class='ocrx_word' id='word_1_700' title='bbox 1246 5414 1467 5472; x_wconf 88' lang='lat' dir='ltr'><strong>meliore</strong></span> <span class='ocrx_word' id='word_1_701' title='bbox 1499 5432 1596 5471; x_wconf 80' lang='lat' dir='ltr'><strong>usu</strong></span> <span class='ocrx_word' id='word_1_702' title='bbox 1629 5434 1821 5475; x_wconf 90' lang='lat' dir='ltr'><strong>nomen</strong></span> <span class='ocrx_word' id='word_1_703' title='bbox 1856 5426 1993 5478; x_wconf 87' lang='lat' dir='ltr'><strong>acci-</strong></span> 
     </span>
    </p>
   </div>
   <div class='ocr_carea' id='block_1_87' title="bbox 402 5495 1984 5574">
    <p class='ocr_par' dir='ltr' id='par_1_87' title="bbox 402 5495 1984 5574">
     <span class='ocr_line' id='line_1_87' title="bbox 402 5495 1984 5574; baseline 0.018 -30"><span class='ocrx_word' id='word_1_704' title='bbox 402 5506 581 5563; x_wconf 61' lang='lat' dir='ltr'><strong>peret.</strong></span> <span class='ocrx_word' id='word_1_705' title='bbox 613 5495 680 5550; x_wconf 88' lang='lat' dir='ltr'><strong>D.</strong></span> <span class='ocrx_word' id='word_1_706' title='bbox 710 5499 779 5551; x_wconf 90' lang='lat' dir='ltr'><strong>Da</strong></span> <span class='ocrx_word' id='word_1_707' title='bbox 808 5499 1087 5567; x_wconf 77' lang='lat' dir='ltr'><strong>septimam</strong></span> <span class='ocrx_word' id='word_1_708' title='bbox 1116 5514 1477 5561; x_wconf 85' lang='lat' dir='ltr'><strong>creaturarum</strong></span> <span class='ocrx_word' id='word_1_709' title='bbox 1502 5510 1874 5572; x_wconf 74' lang='lat' dir='ltr'><strong>dilicrentiam.</strong></span> <span class='ocrx_word' id='word_1_710' title='bbox 1909 5518 1984 5574; x_wconf 83' lang='grc' dir='ltr'><em>Μ.</em></span> 
     </span>
    </p>
   </div>
   <div class='ocr_carea' id='block_1_88' title="bbox 416 5586 1984 5675">
    <p class='ocr_par' dir='ltr' id='par_1_88' title="bbox 416 5586 1984 5675">
     <span class='ocr_line' id='line_1_88' title="bbox 416 5586 1984 5675; baseline 0.018 -38"><span class='ocrx_word' id='word_1_711' title='bbox 416 5586 560 5653; x_wconf 61' lang='lat' dir='ltr'><strong>Quod</strong></span> <span class='ocrx_word' id='word_1_712' title='bbox 592 5590 766 5644; x_wconf 84' lang='lat' dir='ltr'><strong>omnia</strong></span> <span class='ocrx_word' id='word_1_713' title='bbox 794 5606 918 5660; x_wconf 68' lang='lat' dir='ltr'><strong>qua:</strong></span> <span class='ocrx_word' id='word_1_714' title='bbox 950 5608 1011 5647; x_wconf 88' lang='lat' dir='ltr'><strong>ex</strong></span> <span class='ocrx_word' id='word_1_715' title='bbox 1043 5593 1219 5663; x_wconf 79' lang='lat' dir='ltr'><strong>aliquo</strong></span> <span class='ocrx_word' id='word_1_716' title='bbox 1250 5595 1384 5650; x_wconf 73' lang='lat' dir='ltr'><strong>facta</strong></span> <span class='ocrx_word' id='word_1_717' title='bbox 1416 5609 1559 5667; x_wconf 86' lang='lat' dir='ltr'><strong>sunt,</strong></span> <span class='ocrx_word' id='word_1_718' title='bbox 1596 5603 1673 5658; x_wconf 83' lang='lat' dir='ltr'><strong>vel</strong></span> <span class='ocrx_word' id='word_1_719' title='bbox 1705 5620 1767 5659; x_wconf 80' lang='lat' dir='ltr'><strong>ex</strong></span> <span class='ocrx_word' id='word_1_720' title='bbox 1798 5608 1984 5675; x_wconf 83' lang='lat' dir='ltr'><strong>quibus</strong></span> 
     </span>
    </p>
   </div>
   <div class='ocr_carea' id='block_1_89' title="bbox 470 5699 1677 5775">
    <p class='ocr_par' dir='ltr' id='par_1_89' title="bbox 470 5699 1677 5775">
     <span class='ocr_line' id='line_1_89' title="bbox 470 5699 1677 5775; baseline 0.011 -22"><span class='ocrx_word' id='word_1_721' title='bbox 470 5708 505 5739; x_wconf 73' lang='grc'>’⁸</span> <span class='ocrx_word' id='word_1_722' title='bbox 548 5699 617 5754; x_wconf 89' lang='lat' dir='ltr'><strong>lta</strong></span> <span class='ocrx_word' id='word_1_723' title='bbox 652 5705 1023 5770; x_wconf 70' lang='lat' dir='ltr'><strong>reseripsimus</strong></span> <span class='ocrx_word' id='word_1_724' title='bbox 1053 5723 1145 5775; x_wconf 77' lang='lat' dir='ltr'><strong>pro</strong></span> <span class='ocrx_word' id='word_1_725' title='bbox 1172 5710 1512 5766; x_wconf 64' lang='lat' dir='ltr'><strong>meditatione.</strong></span> <span class='ocrx_word' id='word_1_726' title='bbox 1543 5713 1677 5769; x_wconf 75' lang='lat' dir='ltr'><strong>Edit.</strong></span> 
     </span>
    </p>
   </div>
   <div class='ocr_carea' id='block_1_90' title="bbox 2142 3204 3714 3274">
    <p class='ocr_par' dir='ltr' id='par_1_90' title="bbox 2142 3204 3714 3274">
     <span class='ocr_line' id='line_1_90' title="bbox 2142 3204 3714 3274; baseline 0.001 -17"><span class='ocrx_word' id='word_1_727' title='bbox 2142 3218 2299 3271; x_wconf 88' lang='lat' dir='ltr'><strong>quam</strong></span> <span class='ocrx_word' id='word_1_728' title='bbox 2328 3218 2387 3258; x_wconf 87' lang='lat' dir='ltr'><strong>ea</strong></span> <span class='ocrx_word' id='word_1_729' title='bbox 2411 3219 2530 3272; x_wconf 76' lang='lat' dir='ltr'><strong>qua:</strong></span> <span class='ocrx_word' id='word_1_730' title='bbox 2556 3205 2690 3259; x_wconf 79' lang='lat' dir='ltr'><strong>facta</strong></span> <span class='ocrx_word' id='word_1_731' title='bbox 2720 3214 2866 3270; x_wconf 87' lang='lat' dir='ltr'><strong>sunt,</strong></span> <span class='ocrx_word' id='word_1_732' title='bbox 2894 3204 3185 3259; x_wconf 84' lang='lat' dir='ltr'><strong>secundum</strong></span> <span class='ocrx_word' id='word_1_733' title='bbox 3213 3204 3426 3259; x_wconf 87' lang='lat' dir='ltr'><strong>modum</strong></span> <span class='ocrx_word' id='word_1_734' title='bbox 3455 3219 3559 3274; x_wconf 90' lang='lat' dir='ltr'><strong>quo</strong></span> <span class='ocrx_word' id='word_1_735' title='bbox 3582 3205 3714 3259; x_wconf 83' lang='lat' dir='ltr'><strong>facta</strong></span> 
     </span>
    </p>
   </div>
   <div class='ocr_carea' id='block_1_91' title="bbox 2137 3297 3712 3367">
    <p class='ocr_par' dir='ltr' id='par_1_91' title="bbox 2137 3297 3712 3367">
     <span class='ocr_line' id='line_1_91' title="bbox 2137 3297 3712 3367; baseline 0.003 -18"><span class='ocrx_word' id='word_1_736' title='bbox 2137 3304 2263 3349; x_wconf 91' lang='lat' dir='ltr'><strong>sunt</strong></span> <span class='ocrx_word' id='word_1_737' title='bbox 2293 3306 2637 3363; x_wconf 88' lang='lat' dir='ltr'><strong>permanent;</strong></span> <span class='ocrx_word' id='word_1_738' title='bbox 2671 3297 2809 3367; x_wconf 87' lang='lat' dir='ltr'><strong>quod</strong></span> <span class='ocrx_word' id='word_1_739' title='bbox 2841 3297 3186 3367; x_wconf 85' lang='lat' dir='ltr'><strong>signiﬁcatur,</strong></span> <span class='ocrx_word' id='word_1_740' title='bbox 3214 3313 3332 3353; x_wconf 91' lang='lat' dir='ltr'><strong>cum</strong></span> <span class='ocrx_word' id='word_1_741' title='bbox 3363 3298 3560 3353; x_wconf 89' lang='lat' dir='ltr'><strong>dictum</strong></span> <span class='ocrx_word' id='word_1_742' title='bbox 3592 3312 3669 3353; x_wconf 87' lang='lat' dir='ltr'><strong>est</strong></span> <span class='ocrx_word' id='word_1_743' title='bbox 3696 3313 3712 3346; x_wconf 72' lang='grc' dir='ltr'>ε</span> 
     </span>
    </p>
   </div>
   <div class='ocr_carea' id='block_1_92' title="bbox 2144 3385 3717 3462">
    <p class='ocr_par' dir='ltr' id='par_1_92' title="bbox 2144 3385 3717 3462">
     <span class='ocr_line' id='line_1_92' title="bbox 2144 3385 3717 3462; baseline 0.001 -21"><span class='ocrx_word' id='word_1_744' title='bbox 2144 3386 2286 3441; x_wconf 83' lang='lat' dir='ltr'><strong>Vidit</strong></span> <span class='ocrx_word' id='word_1_745' title='bbox 2316 3385 2451 3441; x_wconf 81' lang='lat' dir='ltr'><strong>Deus</strong></span> <span class='ocrx_word' id='word_1_746' title='bbox 2481 3390 2599 3458; x_wconf 84' lang='lat' dir='ltr'><strong>quia</strong></span> <span class='ocrx_word' id='word_1_747' title='bbox 2626 3390 2809 3443; x_wconf 87' lang='lat' dir='ltr'><strong>bonum</strong></span> <span class='ocrx_word' id='word_1_748' title='bbox 2851 3389 3002 3462; x_wconf 81' lang='lat' dir='ltr'><strong>(Gen.</strong></span> <span class='ocrx_word' id='word_1_749' title='bbox 3037 3405 3075 3457; x_wconf 87' lang='grc' dir='ltr'>ι,</span> <span class='ocrx_word' id='word_1_750' title='bbox 3109 3390 3142 3444; x_wconf 75' lang='grc'><strong>4</strong></span> <span class='ocrx_word' id='word_1_751' title='bbox 3181 3400 3225 3445; x_wconf 86' lang='lat' dir='ltr'><strong>et</strong></span> <span class='ocrx_word' id='word_1_752' title='bbox 3252 3389 3411 3461; x_wconf 82' lang='lat' dir='ltr'><strong>seq.);</strong></span> <span class='ocrx_word' id='word_1_753' title='bbox 3441 3399 3495 3445; x_wconf 91' lang='lat' dir='ltr'><strong>et</strong></span> <span class='ocrx_word' id='word_1_754' title='bbox 3527 3408 3538 3443; x_wconf 89' lang='lat'><strong>:</strong></span> <span class='ocrx_word' id='word_1_755' title='bbox 3576 3390 3717 3457; x_wconf 78' lang='lat' dir='ltr'><strong>Quid</strong></span> 
     </span>
    </p>
   </div>
   <div class='ocr_carea' id='block_1_93' title="bbox 2136 3478 3712 3550">
    <p class='ocr_par' dir='ltr' id='par_1_93' title="bbox 2136 3478 3712 3550">
     <span class='ocr_line' id='line_1_93' title="bbox 2136 3478 3712 3550; baseline 0.003 -19"><span class='ocrx_word' id='word_1_756' title='bbox 2136 3478 2267 3533; x_wconf 85' lang='lat' dir='ltr'><strong>bona</strong></span> <span class='ocrx_word' id='word_1_757' title='bbox 2304 3480 2471 3547; x_wconf 77' lang='lat' dir='ltr'><strong>valde,</strong></span> <span class='ocrx_word' id='word_1_758' title='bbox 2503 3488 2549 3532; x_wconf 82' lang='lat' dir='ltr'><strong>et</strong></span> <span class='ocrx_word' id='word_1_759' title='bbox 2578 3480 2829 3534; x_wconf 73' lang='lat' dir='ltr'><strong>benedixit</strong></span> <span class='ocrx_word' id='word_1_760' title='bbox 2860 3497 2919 3534; x_wconf 83' lang='lat' dir='ltr'><strong>ea</strong></span> <span class='ocrx_word' id='word_1_761' title='bbox 2944 3478 3134 3550; x_wconf 83' lang='lat' dir='ltr'><strong>(Ibid.,</strong></span> <span class='ocrx_word' id='word_1_762' title='bbox 3163 3482 3275 3549; x_wconf 77' lang='lat' dir='ltr'><strong>3i).</strong></span> <span class='ocrx_word' id='word_1_763' title='bbox 3307 3481 3456 3547; x_wconf 82' lang='lat' dir='ltr'><strong>Quod</strong></span> <span class='ocrx_word' id='word_1_764' title='bbox 3495 3488 3549 3536; x_wconf 84' lang='lat' dir='ltr'><strong>et</strong></span> <span class='ocrx_word' id='word_1_765' title='bbox 3589 3481 3712 3535; x_wconf 83' lang='lat' dir='ltr'><strong>bea-</strong></span> 
     </span>
    </p>
   </div>
   <div class='ocr_carea' id='block_1_94' title="bbox 2136 3567 3706 3641">
    <p class='ocr_par' dir='ltr' id='par_1_94' title="bbox 2136 3567 3706 3641">
     <span class='ocr_line' id='line_1_94' title="bbox 2136 3567 3706 3641; baseline 0.002 -20"><span class='ocrx_word' id='word_1_766' title='bbox 2136 3575 2218 3622; x_wconf 87' lang='lat' dir='ltr'><strong>tus</strong></span> <span class='ocrx_word' id='word_1_767' title='bbox 2252 3567 2413 3622; x_wconf 90' lang='lat' dir='ltr'><strong>David</strong></span> <span class='ocrx_word' id='word_1_768' title='bbox 2444 3569 2678 3625; x_wconf 90' lang='lat' dir='ltr'><strong>ostendit</strong></span> <span class='ocrx_word' id='word_1_769' title='bbox 2706 3568 2889 3624; x_wconf 75' lang='lat' dir='ltr'><strong>dicens</strong></span> <span class='ocrx_word' id='word_1_770' title='bbox 2924 3588 2938 3624; x_wconf 90' lang='lat'><strong>:</strong></span> <span class='ocrx_word' id='word_1_771' title='bbox 2972 3569 3096 3637; x_wconf 83' lang='lat' dir='ltr'><strong>Ipse</strong></span> <span class='ocrx_word' id='word_1_772' title='bbox 3133 3572 3283 3635; x_wconf 73' lang='lat' dir='ltr'><strong>dixit,</strong></span> <span class='ocrx_word' id='word_1_773' title='bbox 3314 3581 3361 3626; x_wconf 89' lang='lat' dir='ltr'><strong>et</strong></span> <span class='ocrx_word' id='word_1_774' title='bbox 3398 3572 3534 3641; x_wconf 72' lang='lat' dir='ltr'><strong>[item</strong></span> <span class='ocrx_word' id='word_1_775' title='bbox 3562 3581 3706 3637; x_wconf 79' lang='lat' dir='ltr'><strong>sunt;</strong></span> 
     </span>
    </p>
   </div>
   <div class='ocr_carea' id='block_1_95' title="bbox 2130 3660 3710 3726">
    <p class='ocr_par' dir='ltr' id='par_1_95' title="bbox 2130 3660 3710 3726">
     <span class='ocr_line' id='line_1_95' title="bbox 2130 3660 3710 3726; baseline 0.001 -14"><span class='ocrx_word' id='word_1_776' title='bbox 2130 3660 2239 3724; x_wconf 79' lang='lat' dir='ltr'><strong>ipse</strong></span> <span class='ocrx_word' id='word_1_777' title='bbox 2268 3660 2549 3726; x_wconf 82' lang='lat' dir='ltr'><strong>mandavit,</strong></span> <span class='ocrx_word' id='word_1_778' title='bbox 2586 3670 2632 3714; x_wconf 89' lang='lat' dir='ltr'><strong>et</strong></span> <span class='ocrx_word' id='word_1_779' title='bbox 2660 3670 2828 3713; x_wconf 80' lang='lat' dir='ltr'><strong>creata</strong></span> <span class='ocrx_word' id='word_1_780' title='bbox 2853 3670 2991 3715; x_wconf 81' lang='lat' dir='ltr'><strong>sunt.</strong></span> <span class='ocrx_word' id='word_1_781' title='bbox 3021 3662 3215 3716; x_wconf 78' lang='lat' dir='ltr'><strong>Statuit</strong></span> <span class='ocrx_word' id='word_1_782' title='bbox 3244 3679 3299 3715; x_wconf 89' lang='lat' dir='ltr'><strong>ea</strong></span> <span class='ocrx_word' id='word_1_783' title='bbox 3328 3662 3380 3715; x_wconf 89' lang='lat' dir='ltr'><strong>in</strong></span> <span class='ocrx_word' id='word_1_784' title='bbox 3401 3673 3642 3715; x_wconf 71' lang='lat' dir='ltr'><strong>(sternam</strong></span> <span class='ocrx_word' id='word_1_785' title='bbox 3665 3671 3710 3714; x_wconf 74' lang='lat' dir='ltr'><strong>et</strong></span> 
     </span>
    </p>
   </div>
   <div class='ocr_carea' id='block_1_96' title="bbox 2130 3750 3709 3823">
    <p class='ocr_par' dir='ltr' id='par_1_96' title="bbox 2130 3750 3709 3823">
     <span class='ocr_line' id='line_1_96' title="bbox 2130 3750 3709 3823; baseline 0.002 -20"><span class='ocrx_word' id='word_1_786' title='bbox 2130 3750 2181 3803; x_wconf 88' lang='lat' dir='ltr'><strong>in</strong></span> <span class='ocrx_word' id='word_1_787' title='bbox 2216 3752 2460 3804; x_wconf 73' lang='lat' dir='ltr'><strong>swrulum</strong></span> <span class='ocrx_word' id='word_1_788' title='bbox 2494 3751 2669 3805; x_wconf 67' lang='lat' dir='ltr'><strong>surculi</strong></span> <span class='ocrx_word' id='word_1_789' title='bbox 2694 3767 2711 3804; x_wconf 93' lang='lat'><em>:</em></span> <span class='ocrx_word' id='word_1_790' title='bbox 2741 3762 3047 3823; x_wconf 63' lang='lat' dir='ltr'><strong>praeceptum</strong></span> <span class='ocrx_word' id='word_1_791' title='bbox 3085 3753 3271 3823; x_wconf 84' lang='lat' dir='ltr'><strong>posuit,</strong></span> <span class='ocrx_word' id='word_1_792' title='bbox 3302 3762 3348 3807; x_wconf 86' lang='lat' dir='ltr'><strong>et</strong></span> <span class='ocrx_word' id='word_1_793' title='bbox 3375 3770 3473 3806; x_wconf 88' lang='lat' dir='ltr'><strong>non</strong></span> <span class='ocrx_word' id='word_1_794' title='bbox 3503 3764 3709 3821; x_wconf 64' lang='lat' dir='ltr'><strong>pra‘ter-</strong></span> 
     </span>
    </p>
   </div>
   <div class='ocr_carea' id='block_1_97' title="bbox 2128 3844 3707 3918">
    <p class='ocr_par' dir='ltr' id='par_1_97' title="bbox 2128 3844 3707 3918">
     <span class='ocr_line' id='line_1_97' title="bbox 2128 3844 3707 3918; baseline 0.004 -23"><span class='ocrx_word' id='word_1_795' title='bbox 2128 3844 2216 3898; x_wconf 84' lang='lat' dir='ltr'><strong>ibit</strong></span> <span class='ocrx_word' id='word_1_796' title='bbox 2245 3845 2413 3916; x_wconf 75' lang='lat' dir='ltr'><strong>(l’sal.</strong></span> <span class='ocrx_word' id='word_1_797' title='bbox 2449 3861 2669 3913; x_wconf 65' lang='lat' dir='ltr'><strong>cxcvm,</strong></span> <span class='ocrx_word' id='word_1_798' title='bbox 2692 3848 2745 3911; x_wconf 82' lang='lat'><strong>5,</strong></span> <span class='ocrx_word' id='word_1_799' title='bbox 2772 3848 2851 3918; x_wconf 84' lang='lat' dir='ltr'><strong>G).</strong></span> <span class='ocrx_word' id='word_1_800' title='bbox 2885 3848 2952 3904; x_wconf 86' lang='grc' dir='ltr'><strong>Ι).</strong></span> <span class='ocrx_word' id='word_1_801' title='bbox 2978 3850 3107 3915; x_wconf 71' lang='lat' dir='ltr'><strong>Qua:</strong></span> <span class='ocrx_word' id='word_1_802' title='bbox 3134 3857 3217 3903; x_wconf 87' lang='lat' dir='ltr'><strong>est</strong></span> <span class='ocrx_word' id='word_1_803' title='bbox 3245 3848 3559 3917; x_wconf 80' lang='lat' dir='ltr'><strong>gubernatio</strong></span> <span class='ocrx_word' id='word_1_804' title='bbox 3586 3864 3707 3917; x_wconf 84' lang='lat' dir='ltr'><strong>spe-</strong></span> 
     </span>
    </p>
   </div>
   <div class='ocr_carea' id='block_1_98' title="bbox 2126 3935 3705 4009">
    <p class='ocr_par' dir='ltr' id='par_1_98' title="bbox 2126 3935 3705 4009">
     <span class='ocr_line' id='line_1_98' title="bbox 2126 3935 3705 4009; baseline 0.003 -21"><span class='ocrx_word' id='word_1_805' title='bbox 2126 3935 2311 3989; x_wconf 75' lang='lat' dir='ltr'><strong>cialis?</strong></span> <span class='ocrx_word' id='word_1_806' title='bbox 2344 3935 2422 3991; x_wconf 81' lang='grc' dir='ltr'><strong>Μ.</strong></span> <span class='ocrx_word' id='word_1_807' title='bbox 2457 3937 2558 3991; x_wconf 82' lang='lat' dir='ltr'><strong>Per</strong></span> <span class='ocrx_word' id='word_1_808' title='bbox 2583 3953 2739 4006; x_wconf 88' lang='lat' dir='ltr'><strong>quam</strong></span> <span class='ocrx_word' id='word_1_809' title='bbox 2768 3940 2995 4009; x_wconf 86' lang='lat' dir='ltr'><strong>singula,</strong></span> <span class='ocrx_word' id='word_1_810' title='bbox 3026 3947 3080 3993; x_wconf 89' lang='lat' dir='ltr'><strong>et</strong></span> <span class='ocrx_word' id='word_1_811' title='bbox 3110 3940 3340 3993; x_wconf 88' lang='lat' dir='ltr'><strong>maxime</strong></span> <span class='ocrx_word' id='word_1_812' title='bbox 3372 3939 3705 3994; x_wconf 84' lang='lat' dir='ltr'><strong>rationabilia</strong></span> 
     </span>
    </p>
   </div>
   <div class='ocr_carea' id='block_1_99' title="bbox 2124 4027 3703 4101">
    <p class='ocr_par' dir='ltr' id='par_1_99' title="bbox 2124 4027 3703 4101">
     <span class='ocr_line' id='line_1_99' title="bbox 2124 4027 3703 4101; baseline 0.005 -23"><span class='ocrx_word' id='word_1_813' title='bbox 2124 4027 2490 4093; x_wconf 74' lang='lat' dir='ltr'><strong>gubernantur</strong></span> <span class='ocrx_word' id='word_1_814' title='bbox 2515 4042 2542 4081; x_wconf 89' lang='lat' dir='ltr'><strong>a</strong></span> <span class='ocrx_word' id='word_1_815' title='bbox 2577 4029 2876 4093; x_wconf 73' lang='lat' dir='ltr'><strong>Deo,.sicut</strong></span> <span class='ocrx_word' id='word_1_816' title='bbox 2908 4041 3230 4099; x_wconf 79' lang='lat' dir='ltr'><strong>praeceptum</strong></span> <span class='ocrx_word' id='word_1_817' title='bbox 3255 4032 3307 4087; x_wconf 91' lang='lat' dir='ltr'><strong>in</strong></span> <span class='ocrx_word' id='word_1_818' title='bbox 3340 4031 3606 4101; x_wconf 84' lang='lat' dir='ltr'><strong>paradiso,</strong></span> <span class='ocrx_word' id='word_1_819' title='bbox 3638 4031 3703 4086; x_wconf 77' lang='lat' dir='ltr'><strong>de</strong></span> 
     </span>
    </p>
   </div>
   <div class='ocr_carea' id='block_1_100' title="bbox 2125 4115 3700 4190">
    <p class='ocr_par' dir='ltr' id='par_1_100' title="bbox 2125 4115 3700 4190">
     <span class='ocr_line' id='line_1_100' title="bbox 2125 4115 3700 4190; baseline 0.006 -22"><span class='ocrx_word' id='word_1_820' title='bbox 2125 4115 2265 4186; x_wconf 88' lang='lat' dir='ltr'><strong>ligno</strong></span> <span class='ocrx_word' id='word_1_821' title='bbox 2294 4117 2444 4189; x_wconf 82' lang='lat' dir='ltr'><strong>(Cen.</strong></span> <span class='ocrx_word' id='word_1_822' title='bbox 2479 4135 2537 4183; x_wconf 86' lang='grc' dir='ltr'>ιι,</span> <span class='ocrx_word' id='word_1_823' title='bbox 2564 4119 2642 4190; x_wconf 87' lang='grc'><strong>9).</strong></span> <span class='ocrx_word' id='word_1_824' title='bbox 2668 4121 2817 4177; x_wconf 88' lang='lat' dir='ltr'><strong>Sicut</strong></span> <span class='ocrx_word' id='word_1_825' title='bbox 2843 4123 2983 4177; x_wconf 88' lang='lat' dir='ltr'><strong>enim</strong></span> <span class='ocrx_word' id='word_1_826' title='bbox 3016 4138 3202 4179; x_wconf 71' lang='lat' dir='ltr'><strong>onlnes</strong></span> <span class='ocrx_word' id='word_1_827' title='bbox 3229 4133 3499 4179; x_wconf 84' lang='lat' dir='ltr'><strong>creaturas</strong></span> <span class='ocrx_word' id='word_1_828' title='bbox 3527 4124 3700 4178; x_wconf 80' lang='lat' dir='ltr'><strong>divina</strong></span> 
     </span>
    </p>
   </div>
   <div class='ocr_carea' id='block_1_101' title="bbox 2121 4209 3701 4279">
    <p class='ocr_par' dir='ltr' id='par_1_101' title="bbox 2121 4209 3701 4279">
     <span class='ocr_line' id='line_1_101' title="bbox 2121 4209 3701 4279; baseline 0.004 -17"><span class='ocrx_word' id='word_1_829' title='bbox 2121 4209 2361 4265; x_wconf 87' lang='lat' dir='ltr'><strong>continet</strong></span> <span class='ocrx_word' id='word_1_830' title='bbox 2389 4212 2574 4276; x_wconf 89' lang='lat' dir='ltr'><strong>virtus,</strong></span> <span class='ocrx_word' id='word_1_831' title='bbox 2609 4221 2667 4266; x_wconf 91' lang='lat' dir='ltr'><strong>ut</strong></span> <span class='ocrx_word' id='word_1_832' title='bbox 2694 4222 2981 4279; x_wconf 87' lang='lat' dir='ltr'><strong>maneant;</strong></span> <span class='ocrx_word' id='word_1_833' title='bbox 3016 4215 3082 4267; x_wconf 90' lang='lat' dir='ltr'><strong>ita</strong></span> <span class='ocrx_word' id='word_1_834' title='bbox 3115 4214 3274 4269; x_wconf 87' lang='lat' dir='ltr'><strong>etiam</strong></span> <span class='ocrx_word' id='word_1_835' title='bbox 3314 4214 3595 4269; x_wconf 88' lang='lat' dir='ltr'><strong>rationales</strong></span> <span class='ocrx_word' id='word_1_836' title='bbox 3623 4214 3701 4269; x_wconf 89' lang='lat' dir='ltr'><strong>di-</strong></span> 
     </span>
    </p>
   </div>
   <div class='ocr_carea' id='block_1_102' title="bbox 2124 4300 3334 4372">
    <p class='ocr_par' dir='ltr' id='par_1_102' title="bbox 2124 4300 3334 4372">
     <span class='ocr_line' id='line_1_102' title="bbox 2124 4300 3334 4372; baseline 0.004 -21"><span class='ocrx_word' id='word_1_837' title='bbox 2124 4301 2289 4354; x_wconf 86' lang='lat' dir='ltr'><strong>versis</strong></span> <span class='ocrx_word' id='word_1_838' title='bbox 2324 4300 2696 4355; x_wconf 87' lang='lat' dir='ltr'><strong>occasionibus</strong></span> <span class='ocrx_word' id='word_1_839' title='bbox 2726 4303 2927 4368; x_wconf 86' lang='lat' dir='ltr'><strong>erudit,</strong></span> <span class='ocrx_word' id='word_1_840' title='bbox 2955 4315 3012 4359; x_wconf 87' lang='lat' dir='ltr'><strong>ut</strong></span> <span class='ocrx_word' id='word_1_841' title='bbox 3043 4303 3334 4372; x_wconf 84' lang='lat' dir='ltr'><strong>proﬁciant.</strong></span> 
     </span>
    </p>
   </div>
   <div class='ocr_carea' id='block_1_103' title="bbox 2733 4416 3084 4474">
    <p class='ocr_par' dir='ltr' id='par_1_103' title="bbox 2733 4416 3084 4474">
     <span class='ocr_line' id='line_1_103' title="bbox 2733 4416 3084 4474; baseline 0 -3"><span class='ocrx_word' id='word_1_842' title='bbox 2733 4416 2958 4473; x_wconf 87' lang='lat' dir='ltr'><strong>CAPUT</strong></span> <span class='ocrx_word' id='word_1_843' title='bbox 2997 4416 3084 4474; x_wconf 82' lang='lat' dir='ltr'><strong>IV.</strong></span> 
     </span>
    </p>
   </div>
   <div class='ocr_carea' id='block_1_104' title="bbox 2369 4505 3442 4581">
    <p class='ocr_par' dir='ltr' id='par_1_104' title="bbox 2369 4505 3442 4581">
     <span class='ocr_line' id='line_1_104' title="bbox 2369 4505 3442 4581; baseline 0.004 -20"><span class='ocrx_word' id='word_1_844' title='bbox 2369 4505 2501 4572; x_wconf 83' lang='lat' dir='ltr'><strong>Quot</strong></span> <span class='ocrx_word' id='word_1_845' title='bbox 2531 4509 2693 4563; x_wconf 77' lang='lat' dir='ltr'><strong>modis</strong></span> <span class='ocrx_word' id='word_1_846' title='bbox 2723 4510 2814 4577; x_wconf 81' lang='lat' dir='ltr'><strong>ﬁat</strong></span> <span class='ocrx_word' id='word_1_847' title='bbox 2844 4511 3097 4580; x_wconf 76' lang='lat' dir='ltr'><strong>generalis</strong></span> <span class='ocrx_word' id='word_1_848' title='bbox 3127 4511 3442 4581; x_wconf 75' lang='lat' dir='ltr'><strong>gubernatio-</strong></span> 
     </span>
    </p>
   </div>
   <div class='ocr_carea' id='block_1_105' title="bbox 2187 4615 3692 4691">
    <p class='ocr_par' dir='ltr' id='par_1_105' title="bbox 2187 4615 3692 4691">
     <span class='ocr_line' id='line_1_105' title="bbox 2187 4615 3692 4691; baseline 0.005 -23"><span class='ocrx_word' id='word_1_849' title='bbox 2187 4615 2254 4668; x_wconf 90' lang='lat' dir='ltr'><strong>D.</strong></span> <span class='ocrx_word' id='word_1_850' title='bbox 2284 4615 2560 4673; x_wconf 88' lang='lat' dir='ltr'><strong>Generalis</strong></span> <span class='ocrx_word' id='word_1_851' title='bbox 2584 4621 2902 4689; x_wconf 80' lang='lat' dir='ltr'><strong>gubernatio</strong></span> <span class='ocrx_word' id='word_1_852' title='bbox 2933 4623 2985 4677; x_wconf 89' lang='lat' dir='ltr'><strong>in</strong></span> <span class='ocrx_word' id='word_1_853' title='bbox 3016 4633 3144 4687; x_wconf 83' lang='lat' dir='ltr'><strong>quot</strong></span> <span class='ocrx_word' id='word_1_854' title='bbox 3171 4624 3382 4691; x_wconf 85' lang='lat' dir='ltr'><strong>species</strong></span> <span class='ocrx_word' id='word_1_855' title='bbox 3410 4623 3692 4683; x_wconf 64' lang='lat' dir='ltr'><strong>dividitur!</strong></span> 
     </span>
    </p>
   </div>
   <div class='ocr_carea' id='block_1_106' title="bbox 2114 4703 3737 4780">
    <p class='ocr_par' dir='ltr' id='par_1_106' title="bbox 2114 4703 3737 4780">
     <span class='ocr_line' id='line_1_106' title="bbox 2114 4703 3737 4780; baseline 0.007 -23"><span class='ocrx_word' id='word_1_856' title='bbox 2114 4703 2191 4758; x_wconf 81' lang='grc' dir='ltr'><strong>Μ.</strong></span> <span class='ocrx_word' id='word_1_857' title='bbox 2228 4705 2281 4758; x_wconf 86' lang='lat' dir='ltr'><strong>in</strong></span> <span class='ocrx_word' id='word_1_858' title='bbox 2309 4706 2440 4762; x_wconf 88' lang='lat' dir='ltr'><strong>duas</strong></span> <span class='ocrx_word' id='word_1_859' title='bbox 2467 4725 2481 4761; x_wconf 91' lang='lat'><strong>:</strong></span> <span class='ocrx_word' id='word_1_860' title='bbox 2504 4719 2596 4764; x_wconf 84' lang='lat' dir='ltr'><strong>aut</strong></span> <span class='ocrx_word' id='word_1_861' title='bbox 2618 4711 2760 4765; x_wconf 88' lang='lat' dir='ltr'><strong>enim</strong></span> <span class='ocrx_word' id='word_1_862' title='bbox 2793 4712 3136 4769; x_wconf 83' lang='lat' dir='ltr'><strong>successione</strong></span> <span class='ocrx_word' id='word_1_863' title='bbox 3159 4722 3386 4780; x_wconf 88' lang='lat' dir='ltr'><strong>constat,</strong></span> <span class='ocrx_word' id='word_1_864' title='bbox 3412 4721 3501 4769; x_wconf 90' lang='lat' dir='ltr'><strong>aut</strong></span> <span class='ocrx_word' id='word_1_865' title='bbox 3530 4722 3689 4770; x_wconf 85' lang='lat' dir='ltr'><strong>statu.</strong></span> <span class='ocrx_word' id='word_1_866' title='bbox 3716 4736 3737 4741; x_wconf 85' lang='lat'><em>-</em></span> 
     </span>
    </p>
   </div>
   <div class='ocr_carea' id='block_1_107' title="bbox 2108 4794 3691 4871">
    <p class='ocr_par' dir='ltr' id='par_1_107' title="bbox 2108 4794 3691 4871">
     <span class='ocr_line' id='line_1_107' title="bbox 2108 4794 3691 4871; baseline 0.004 -22"><span class='ocrx_word' id='word_1_867' title='bbox 2108 4794 2483 4862; x_wconf 89' lang='lat' dir='ltr'><strong>Successione,</strong></span> <span class='ocrx_word' id='word_1_868' title='bbox 2514 4809 2573 4859; x_wconf 87' lang='lat' dir='ltr'><strong>ut</strong></span> <span class='ocrx_word' id='word_1_869' title='bbox 2602 4799 2849 4856; x_wconf 85' lang='lat' dir='ltr'><strong>homines</strong></span> <span class='ocrx_word' id='word_1_870' title='bbox 2872 4802 2956 4857; x_wconf 89' lang='lat' dir='ltr'><strong>vel</strong></span> <span class='ocrx_word' id='word_1_871' title='bbox 2986 4802 3224 4871; x_wconf 78' lang='lat' dir='ltr'><strong>iumenta</strong></span> <span class='ocrx_word' id='word_1_872' title='bbox 3248 4812 3547 4871; x_wconf 65' lang='lat' dir='ltr'><strong>caeteraque</strong></span> <span class='ocrx_word' id='word_1_873' title='bbox 3574 4819 3691 4871; x_wconf 79' lang='lat' dir='ltr'><strong>quat</strong></span> 
     </span>
    </p>
   </div>
   <div class='ocr_carea' id='block_1_108' title="bbox 2112 4888 3688 4962">
    <p class='ocr_par' dir='ltr' id='par_1_108' title="bbox 2112 4888 3688 4962">
     <span class='ocr_line' id='line_1_108' title="bbox 2112 4888 3688 4962; baseline 0.007 -24"><span class='ocrx_word' id='word_1_874' title='bbox 2112 4895 2285 4942; x_wconf 88' lang='lat' dir='ltr'><strong>morte</strong></span> <span class='ocrx_word' id='word_1_875' title='bbox 2309 4888 2391 4944; x_wconf 83' lang='lat' dir='ltr'><strong>vel</strong></span> <span class='ocrx_word' id='word_1_876' title='bbox 2421 4892 2763 4959; x_wconf 87' lang='lat' dir='ltr'><strong>corruptione</strong></span> <span class='ocrx_word' id='word_1_877' title='bbox 2792 4895 3090 4962; x_wconf 83' lang='lat' dir='ltr'><strong>pereuntia,</strong></span> <span class='ocrx_word' id='word_1_878' title='bbox 3121 4896 3512 4953; x_wconf 81' lang='lat' dir='ltr'><strong>renascentium</strong></span> <span class='ocrx_word' id='word_1_879' title='bbox 3534 4895 3688 4950; x_wconf 85' lang='lat' dir='ltr'><strong>simi-</strong></span> 
     </span>
    </p>
   </div>
   <div class='ocr_carea' id='block_1_109' title="bbox 2109 4974 3690 5055">
    <p class='ocr_par' dir='ltr' id='par_1_109' title="bbox 2109 4974 3690 5055">
     <span class='ocr_line' id='line_1_109' title="bbox 2109 4974 3690 5055; baseline 0.008 -26"><span class='ocrx_word' id='word_1_880' title='bbox 2109 4974 2337 5033; x_wconf 86' lang='lat' dir='ltr'><strong>litudine</strong></span> <span class='ocrx_word' id='word_1_881' title='bbox 2365 4991 2707 5037; x_wconf 86' lang='lat' dir='ltr'><strong>renovantur.</strong></span> <span class='ocrx_word' id='word_1_882' title='bbox 2734 4982 2881 5039; x_wconf 88' lang='lat' dir='ltr'><strong>Statu</strong></span> <span class='ocrx_word' id='word_1_883' title='bbox 2909 4994 3108 5049; x_wconf 86' lang='lat' dir='ltr'><strong>autem,</strong></span> <span class='ocrx_word' id='word_1_884' title='bbox 3137 4994 3193 5040; x_wconf 89' lang='lat' dir='ltr'><strong>ut</strong></span> <span class='ocrx_word' id='word_1_885' title='bbox 3217 5000 3280 5040; x_wconf 86' lang='lat' dir='ltr'><strong>ca</strong></span> <span class='ocrx_word' id='word_1_886' title='bbox 3309 5001 3426 5054; x_wconf 71' lang='lat' dir='ltr'><strong>quae</strong></span> <span class='ocrx_word' id='word_1_887' title='bbox 3457 4986 3539 5045; x_wconf 86' lang='lat' dir='ltr'><strong>his</strong></span> <span class='ocrx_word' id='word_1_888' title='bbox 3570 4999 3690 5055; x_wconf 85' lang='lat' dir='ltr'><strong>pas-</strong></span> 
     </span>
    </p>
   </div>
   <div class='ocr_carea' id='block_1_110' title="bbox 2108 5066 3689 5141">
    <p class='ocr_par' dir='ltr' id='par_1_110' title="bbox 2108 5066 3689 5141">
     <span class='ocr_line' id='line_1_110' title="bbox 2108 5066 3689 5141; baseline 0.008 -22"><span class='ocrx_word' id='word_1_889' title='bbox 2108 5066 2347 5127; x_wconf 86' lang='lat' dir='ltr'><strong>sionibus</strong></span> <span class='ocrx_word' id='word_1_890' title='bbox 2391 5084 2494 5124; x_wconf 90' lang='lat' dir='ltr'><strong>non</strong></span> <span class='ocrx_word' id='word_1_891' title='bbox 2540 5072 2891 5141; x_wconf 75' lang='lat' dir='ltr'><strong>subiacentia,</strong></span> <span class='ocrx_word' id='word_1_892' title='bbox 2929 5076 3210 5131; x_wconf 84' lang='lat' dir='ltr'><strong>mundanis</strong></span> <span class='ocrx_word' id='word_1_893' title='bbox 3251 5076 3484 5133; x_wconf 86' lang='lat' dir='ltr'><strong>motibus</strong></span> <span class='ocrx_word' id='word_1_894' title='bbox 3529 5076 3689 5131; x_wconf 78' lang='lat' dir='ltr'><strong>obse-</strong></span> 
     </span>
    </p>
   </div>
   <div class='ocr_carea' id='block_1_111' title="bbox 2108 5158 3685 5234">
    <p class='ocr_par' dir='ltr' id='par_1_111' title="bbox 2108 5158 3685 5234">
     <span class='ocr_line' id='line_1_111' title="bbox 2108 5158 3685 5234; baseline 0.007 -23"><span class='ocrx_word' id='word_1_895' title='bbox 2108 5170 2347 5227; x_wconf 85' lang='lat' dir='ltr'><strong>quuntur</strong></span> <span class='ocrx_word' id='word_1_896' title='bbox 2366 5201 2380 5226; x_wconf 94' lang='lat'><strong>,</strong></span> <span class='ocrx_word' id='word_1_897' title='bbox 2405 5169 2462 5217; x_wconf 89' lang='lat' dir='ltr'><strong>ut</strong></span> <span class='ocrx_word' id='word_1_898' title='bbox 2489 5163 2704 5229; x_wconf 83' lang='lat' dir='ltr'><strong>coelum,</strong></span> <span class='ocrx_word' id='word_1_899' title='bbox 2727 5164 2829 5229; x_wconf 90' lang='lat' dir='ltr'><strong>sol,</strong></span> <span class='ocrx_word' id='word_1_900' title='bbox 2855 5174 2909 5221; x_wconf 91' lang='lat' dir='ltr'><strong>et</strong></span> <span class='ocrx_word' id='word_1_901' title='bbox 2927 5158 3115 5233; x_wconf 69' lang='lat' dir='ltr'><strong>stellae,</strong></span> <span class='ocrx_word' id='word_1_902' title='bbox 3143 5176 3199 5222; x_wconf 92' lang='lat' dir='ltr'><strong>et</strong></span> <span class='ocrx_word' id='word_1_903' title='bbox 3221 5177 3434 5223; x_wconf 75' lang='lat' dir='ltr'><strong>ecetera.</strong></span> <span class='ocrx_word' id='word_1_904' title='bbox 3462 5167 3532 5221; x_wconf 84' lang='lat' dir='ltr'><strong>D.</strong></span> <span class='ocrx_word' id='word_1_905' title='bbox 3556 5168 3685 5234; x_wconf 57' lang='lat' dir='ltr'><strong>Quae</strong></span> 
     </span>
    </p>
   </div>
   <div class='ocr_carea' id='block_1_112' title="bbox 2105 5248 3684 5329">
    <p class='ocr_par' dir='ltr' id='par_1_112' title="bbox 2105 5248 3684 5329">
     <span class='ocr_line' id='line_1_112' title="bbox 2105 5248 3684 5329; baseline 0.008 -27"><span class='ocrx_word' id='word_1_906' title='bbox 2105 5248 2159 5302; x_wconf 87' lang='lat' dir='ltr'><strong>in</strong></span> <span class='ocrx_word' id='word_1_907' title='bbox 2191 5251 2267 5305; x_wconf 91' lang='lat' dir='ltr'><strong>eis</strong></span> <span class='ocrx_word' id='word_1_908' title='bbox 2298 5251 2401 5305; x_wconf 89' lang='lat' dir='ltr'><strong>alia</strong></span> <span class='ocrx_word' id='word_1_909' title='bbox 2428 5252 2724 5308; x_wconf 71' lang='lat' dir='ltr'><strong>dilferentia</strong></span> <span class='ocrx_word' id='word_1_910' title='bbox 2756 5256 2871 5311; x_wconf 84' lang='lat' dir='ltr'><strong>est?</strong></span> <span class='ocrx_word' id='word_1_911' title='bbox 2904 5256 2981 5312; x_wconf 82' lang='grc' dir='ltr'><strong>Μ.</strong></span> <span class='ocrx_word' id='word_1_912' title='bbox 3015 5258 3165 5324; x_wconf 88' lang='lat' dir='ltr'><strong>Quod</strong></span> <span class='ocrx_word' id='word_1_913' title='bbox 3196 5273 3259 5314; x_wconf 88' lang='lat' dir='ltr'><strong>ea</strong></span> <span class='ocrx_word' id='word_1_914' title='bbox 3302 5274 3419 5329; x_wconf 77' lang='lat' dir='ltr'><strong>qua:</strong></span> <span class='ocrx_word' id='word_1_915' title='bbox 3460 5274 3684 5315; x_wconf 85' lang='lat' dir='ltr'><strong>renova-</strong></span> 
     </span>
    </p>
   </div>
   <div class='ocr_carea' id='block_1_113' title="bbox 2108 5339 3679 5415">
    <p class='ocr_par' dir='ltr' id='par_1_113' title="bbox 2108 5339 3679 5415">
     <span class='ocr_line' id='line_1_113' title="bbox 2108 5339 3679 5415; baseline 0.008 -24"><span class='ocrx_word' id='word_1_916' title='bbox 2108 5339 2253 5396; x_wconf 89' lang='lat' dir='ltr'><strong>tione</strong></span> <span class='ocrx_word' id='word_1_917' title='bbox 2281 5341 2558 5397; x_wconf 89' lang='lat' dir='ltr'><strong>solvuntur</strong></span> <span class='ocrx_word' id='word_1_918' title='bbox 2586 5343 2829 5413; x_wconf 83' lang='lat' dir='ltr'><strong>indigent</strong></span> <span class='ocrx_word' id='word_1_919' title='bbox 2850 5349 3010 5401; x_wconf 90' lang='lat' dir='ltr'><strong>etiam</strong></span> <span class='ocrx_word' id='word_1_920' title='bbox 3048 5348 3367 5415; x_wconf 84' lang='lat' dir='ltr'><strong>quibusdam</strong></span> <span class='ocrx_word' id='word_1_921' title='bbox 3408 5348 3679 5414; x_wconf 80' lang='lat' dir='ltr'><strong>remediis,</strong></span> 
     </span>
    </p>
   </div>
   <div class='ocr_carea' id='block_1_114' title="bbox 2101 5430 3679 5508">
    <p class='ocr_par' dir='ltr' id='par_1_114' title="bbox 2101 5430 3679 5508">
     <span class='ocr_line' id='line_1_114' title="bbox 2101 5430 3679 5508; baseline 0.008 -27"><span class='ocrx_word' id='word_1_922' title='bbox 2101 5430 2377 5487; x_wconf 83' lang='lat' dir='ltr'><strong>alimentis</strong></span> <span class='ocrx_word' id='word_1_923' title='bbox 2407 5442 2462 5488; x_wconf 91' lang='lat' dir='ltr'><strong>et</strong></span> <span class='ocrx_word' id='word_1_924' title='bbox 2491 5434 2715 5501; x_wconf 90' lang='lat' dir='ltr'><strong>pluviis;</strong></span> <span class='ocrx_word' id='word_1_925' title='bbox 2747 5452 3123 5508; x_wconf 90' lang='lat' dir='ltr'><strong>nonnunquam</strong></span> <span class='ocrx_word' id='word_1_926' title='bbox 3154 5448 3206 5493; x_wconf 84' lang='lat' dir='ltr'><strong>et</strong></span> <span class='ocrx_word' id='word_1_927' title='bbox 3240 5439 3551 5495; x_wconf 88' lang='lat' dir='ltr'><strong>ministeriis</strong></span> <span class='ocrx_word' id='word_1_928' title='bbox 3579 5455 3679 5494; x_wconf 82' lang='lat' dir='ltr'><strong>an-</strong></span> 
     </span>
    </p>
   </div>
   <div class='ocr_carea' id='block_1_115' title="bbox 2100 5522 3678 5603">
    <p class='ocr_par' dir='ltr' id='par_1_115' title="bbox 2100 5522 3678 5603">
     <span class='ocr_line' id='line_1_115' title="bbox 2100 5522 3678 5603; baseline 0.005 -26"><span class='ocrx_word' id='word_1_929' title='bbox 2100 5522 2364 5593; x_wconf 83' lang='lat' dir='ltr'><strong>gelorum.</strong></span> <span class='ocrx_word' id='word_1_930' title='bbox 2400 5526 2713 5596; x_wconf 65' lang='lat' dir='ltr'><strong>ueterisque</strong></span> <span class='ocrx_word' id='word_1_931' title='bbox 2739 5529 3022 5586; x_wconf 88' lang='lat' dir='ltr'><strong>similibus.</strong></span> <span class='ocrx_word' id='word_1_932' title='bbox 3054 5531 3127 5585; x_wconf 88' lang='lat' dir='ltr'><strong>Ea</strong></span> <span class='ocrx_word' id='word_1_933' title='bbox 3160 5548 3285 5588; x_wconf 88' lang='lat' dir='ltr'><strong>vero</strong></span> <span class='ocrx_word' id='word_1_934' title='bbox 3313 5548 3432 5602; x_wconf 73' lang='lat' dir='ltr'><strong>qua)</strong></span> <span class='ocrx_word' id='word_1_935' title='bbox 3458 5548 3562 5586; x_wconf 87' lang='lat' dir='ltr'><strong>non</strong></span> <span class='ocrx_word' id='word_1_936' title='bbox 3585 5548 3678 5603; x_wconf 83' lang='lat' dir='ltr'><strong>per</strong></span> 
     </span>
    </p>
   </div>
   <div class='ocr_carea' id='block_1_116' title="bbox 2102 5612 3673 5687">
    <p class='ocr_par' dir='ltr' id='par_1_116' title="bbox 2102 5612 3673 5687">
     <span class='ocr_line' id='line_1_116' title="bbox 2102 5612 3673 5687; baseline 0.007 -22"><span class='ocrx_word' id='word_1_937' title='bbox 2102 5612 2494 5669; x_wconf 82' lang='lat' dir='ltr'><strong>successionem</strong></span> <span class='ocrx_word' id='word_1_938' title='bbox 2520 5616 2835 5679; x_wconf 80' lang='lat' dir='ltr'><strong>subsistunt,</strong></span> <span class='ocrx_word' id='word_1_939' title='bbox 2858 5617 2972 5673; x_wconf 84' lang='lat' dir='ltr'><strong>sine</strong></span> <span class='ocrx_word' id='word_1_940' title='bbox 2996 5618 3167 5687; x_wconf 82' lang='lat' dir='ltr'><strong>aliqua</strong></span> <span class='ocrx_word' id='word_1_941' title='bbox 3199 5621 3285 5675; x_wconf 82' lang='lat' dir='ltr'><strong>tali</strong></span> <span class='ocrx_word' id='word_1_942' title='bbox 3314 5622 3673 5677; x_wconf 64' lang='lat' dir='ltr'><strong>mediatiorc‘</strong></span> 
     </span>
    </p>
   </div>
  </div>
