4100 6194
313 278 399 333 2‘3

323 398 363 448 Α
392 396 587 447 vinitus
634 389 1014 459 gubernantur.
1073 384 1256 437 Utrum
1302 398 1428 436 vero
1465 392 1519 435 ct
1559 382 1609 435 iu
1642 381 1767 449 ip~is
1815 394 1908 448 per
1938 382 1990 440 Λ

327 483 643 553 angelorum
671 476 1020 531 ministerium
1049 474 1247 545 aliquid
1276 483 1484 543 agatur,
1510 482 1713 531 secreta
1735 479 1789 525 et
1808 470 1903 525 dil-

335 576 501 629 fietlis
530 570 749 641 quaestio
774 574 878 622 est.

960 692 1187 748 CAPUT
1224 692 1289 745 V.

570 790 764 854 Quibus
791 788 955 843 modis
982 787 1071 852 ﬁat
1099 784 1394 855 gubernatio
1421 780 1679 844 specialis.

415 924 481 977 ο.
502 920 758 991 Specialis
785 916 1100 988 gubrrnatio
1122 920 1251 984 quot
1273 911 1445 969 modis
1474 909 1563 964 ﬁt?
1586 908 1663 967 Μ.
1686 906 1910 961 Tribus:

340 1029 430 1072 aut
457 1016 600 1070 enim
627 1030 656 1066 a
683 1015 791 1071 Deo
821 1012 896 1074 lit,
931 1025 1025 1078 pro
1053 1007 1256 1076 angelis
1281 1014 1334 1060 et
1367 1002 1667 1056 hominibus
1695 1018 1709 1063 ;
1740 1008 1826 1052 aut
1847 997 1913 1050 ah

341 1097 569 1175 angelis,
603 1111 818 1173 propter
846 1116 904 1155 se
934 1101 1077 1169 ipsos
1114 1105 1167 1151 et
1222 1095 1495 1159 homines;
1530 1102 1614 1144 aut
1648 1090 1714 1143 ab
1746 1089 1918 1142 homi-

343 1201 523 1262 nihus,
554 1202 769 1265 propter
796 1207 874 1247 se.
914 1192 980 1244 ι).
1012 1194 1050 1243 Α
1086 1190 1193 1242 Deo
1224 1186 1548 1271 prpptggelis
1688 1181 1917 1268 ιιυιιιὶιιῇ-

342 1291 443 1345 bus
472 1286 737 1360 quomodo
766 1285 858 1339 ﬁt?
887 1283 1096 1355 M‘Per
1121 1260 1559 1361 logiSlatioéettiL
1732 1268 1741 1275 Ἰ
1835 1334 1852 1350 ο

949 1414 1377 1502 (ῖΑΡτιινιωηᾶ
1422 1492 1427 1495 ¹

628 1510 709 1565 De
746 1496 1638 1597 legislationegetfgifiefcalﬁsiqug;
1726 1504 1756 1541 ε

415 1623 485 1676 D.
523 1620 806 1691 Legislatio
827 1621 878 1672 in
907 1625 1034 1705 quot
1064 1588 1239 1686 partes
1260 1588 1546 1669 dividituir?
1569 1588 1645 1667 .
1670 1590 1723 1664 ῐῆ
1745 1610 1914 1665 duas:
1978 1626 2009 1649 ἰ

341 1714 396 1768 iu
427 1712 723 1765 naturalem
752 1702 1150 1769 discretionem,
1178 1713 1230 1758 tt
1276 1706 1326 1758 in
1374 1705 1542 1773 legem
1585 1702 1918 1756 extrinsecus

346 1808 598 1875 positam.
641 1803 708 1855 Π.
752 1801 919 1855 Proba
964 1799 1259 1853 naturalem
1306 1796 1701 1859 discretionem,
1746 1793 1915 1862 legem

344 1896 471 1951 dici.
504 1893 584 1949 Μ.
616 1892 749 1947 Dicit
775 1890 1061 1960 Apostolus
1086 1905 1099 1940 :
1132 1889 1264 1952 Quia
1295 1898 1463 1959 gentes
1491 1902 1604 1957 quia
1633 1886 1791 1955 legem
1820 1899 1921 1937 non

346 1986 557 2046 habent,
597 1982 899 2035 naturaliter
935 1995 1047 2050 qua:
1087 1979 1210 2050 legis
1257 1988 1373 2031 mut
1414 1979 1639 2046 faciunt;
1684 1977 1734 2027 hi
1763 1976 1921 2045 legem

346 2095 451 2130 non
481 2076 741 2135 habentes,
770 2072 865 2140 ipsi
892 2072 987 2124 sibi
1014 2080 1130 2123 sunt
1162 2070 1243 2122 ira:
1269 2068 1442 2139 (Rom.
1481 2083 1536 2129 Il,
1572 2066 1658 2131 Μ)
1686 2084 1699 2118 :
1729 2078 1921 2117 secun-

346 2171 473 2223 dum
499 2168 644 2220 hanc
668 2175 724 2219 et
744 2166 867 2218 Cain
895 2177 1017 2217 reus
1048 2170 1163 2217 erat
1190 2161 1366 2213 fratris
1393 2159 1473 2212 sui
1503 2154 1687 2211 occisi.
1725 2154 1789 2207 D.
1822 2153 1924 2206 Ex-

347 2262 617 2314 trinsecus
645 2257 926 2312 constituta
958 2254 1039 2308 lex
1074 2254 1125 2307 in
1155 2262 1284 2321 quot
1312 2260 1490 2321 partes
1525 2247 1818 2303 dividitur?
1846 2244 1924 2302 Μ.

350 2350 408 2403 ιιι
439 2351 572 2403 duas
611 2365 624 2401 :
659 2349 711 2401 in
740 2361 925 2417 opera,
956 2345 1009 2401 id
1038 2355 1120 2400 cst
1159 2353 1371 2401 actuum
1418 2340 1845 2405 retributionem,
1873 2345 1929 2392 et

351 2440 540 2496 verba.

463 2554 497 2571 ‘
952 2545 1178 2604 CAPUT
1219 2546 1328 2603 VII.

876 2639 954 2696 De
983 2642 1089 2710 lege
1119 2657 1206 2709 per
1235 2653 1408 2709 opera.

432 2754 496 2811 D.
520 2754 578 2809 In
598 2767 761 2822 opere
790 2766 886 2821 per
913 2759 1044 2821 quot
1073 2748 1295 2803 modos?
1322 2747 1399 2801 Μ.
1430 2747 1530 2802 Per
1556 2755 1777 2817 quatuor
1802 2762 1814 2798 :
1840 2732 1932 2800 aut

351 2863 452 2918 per
480 2847 782 2916 generalem
815 2854 1132 2914 prasentem
1163 2840 1586 2901 retributionem,
1620 2848 1677 2891 ut
1706 2848 1786 2892 est
1816 2838 1928 2891 fru—

353 2951 537 2995 ctuum
562 2951 849 3005 rerumque
878 2942 1166 3004 proventus
1190 2950 1204 2998 ;
1233 2943 1323 2986 aut
1349 2947 1446 3002 per
1473 2930 1757 3000 specialem
1794 2944 1932 2997 pra:—

353 3040 563 3085 scntcm
594 3027 1021 3091 retributionem,
1052 3034 1107 3077 ut
1135 3032 1219 3079 est
1245 3022 1512 3076 Abraham
1538 3021 1591 3074 in
1620 3018 1929 3089 peregrina-

357 3128 503 3179 tione
537 3122 863 3189 ditattts,°vel
911 3119 1023 3174 Noe
1063 3119 1295 3173 salvatus
1340 3117 1391 3170 iu
1437 3115 1640 3170 diluvio
1669 3131 1682 3178 ;
1714 3121 1805 3166 aut
1832 3126 1928 3180 per
1958 3092 2001 3154 C

355 3215 662 3285 generalem
694 3211 952 3266 visibilem
985 3225 1218 3279 poenam,
1249 3218 1305 3260 ut
1332 3217 1412 3262 est
1442 3206 1607 3260 fames
1647 3204 1930 3275 generalis,

358 3321 455 3360 seu
496 3303 751 3367 siccitas;
786 3311 875 3355 aut
916 3316 1011 3370 per
1059 3299 1368 3368 specialem,
1413 3307 1469 3350 ut
1508 3295 1637 3350 Cain
1685 3296 1765 3349 vel
1806 3293 1931 3350 Saul

358 3412 542 3465 poena.
576 3394 699 3448 lltce
742 3393 881 3448 enim
932 3392 1131 3457 omnia,
1164 3389 1227 3442 ad
1273 3389 1484 3443 modum
1534 3386 1685 3456 legis,
1714 3386 1932 3454 angelos

360 3496 524 3556 atque
564 3484 805 3538 homines
851 3482 1127 3549 erudiunt;
1167 3482 1359 3549 quippe
1397 3488 1451 3533 et
1495 3478 1711 3549 angelos
1739 3476 1933 3530 diaboli

362 3580 516 3632 ru‘na
563 3575 849 3644 perterruit
878 3582 1032 3642 atque
1063 3573 1293 3624 firmavit
1320 3588 1333 3622 :
1362 3570 1483 3623 licet
1512 3567 1834 3623 credendum
1866 3567 1937 3621 sit

361 3670 468 3722 alio
495 3668 652 3720 modo
682 3665 918 3733 angelos,
946 3663 1049 3716 alio
1078 3663 1322 3716 homines
1350 3661 1571 3715 erudiri.
1607 3660 1673 3712 D.
1697 3660 1824 3724 Qua:
1854 3666 1938 3712 est

364 3761 528 3816 totius
574 3757 918 3825 legislationis
961 3755 1205 3820 intentio,
1234 3762 1287 3807 et
1321 3755 1372 3807 in
1414 3769 1518 3823 quo
1547 3752 1824 3805 consistit?
1857 3750 1935 3807 Μ.

359 3857 416 3907 In
446 3850 767 3904 discretione
806 3847 927 3902 boni
959 3862 1021 3901 ac
1045 3847 1166 3900 mali
1195 3863 1207 3898 :
1237 3861 1355 3916 qua:
1382 3846 1467 3900 vel
1510 3846 1561 3899 in
1590 3843 1854 3910 doctrina,
1884 3843 1935 3897 id

362 3953 448 3999 est
477 3941 601 4003 ﬁde,
626 3941 707 3994 vel
728 3941 780 3993 in
809 3939 1015 3993 actibus
1044 3946 1423 4007 agnoscuntur.

449 4032 516 4086 υ.
548 4032 719 4094 Quare
757 4043 942 4098 poenas
980 4027 1442 4083 et'retributiones
1472 4034 1762 4094 praesentes
1792 4026 1935 4076 «tiri-

371 4121 531 4175 mus?
555 4118 629 4172 Μ.
659 4108 923 4189 ριιίιι“ῑρςδ
945 4126 1068 4173 sunt
1093 4132 1207 4186 qua:
1232 4119 1301 4170 ad
1321 4117 1490 4169 vicem
1515 4115 1645 4184 legis
1668 4114 1934 4169 erudiunt.

372 4212 501 4266 Nam
529 4212 695 4269 latura
727 4206 780 4267 et
804 4220 1003 4265 reterns
1035 4225 1131 4264 nec
1152 4208 1496 4277 patientibus,
1522 4222 1617 4259 nec
1639 4204 1939 4258 videntibus

369 4302 681 4372 proderunt,
722 4302 812 4355 ubi
851 4301 959 4370 jam
1000 4301 1323 4367 pmnitentite
1350 4313 1451 4352 non
1480 4300 1581 4352 erit
1607 4305 1833 4366 tempus.
1866 4294 1935 4349 D.

371 4394 493 4447 lla:c
517 4392 855 4462 gubernatio,
887 4406 978 4457 per
1008 4404 1139 4459 quos
1172 4389 1441 4442 ministros
1465 4389 1515 4441 in
1545 4387 1834 4455 Scripturis
1866 4387 1942 4440 lc-

1389 269 1473 323 DE
1515 267 1849 323 PMITIBUS
1889 266 2022 322 DiV.
2060 266 2254 323 LEGIS
2296 266 2419 320 LIB.
2463 263 2528 319 ll.
3523 260 3591 315 30

2603 374 2825 427 CAPUT
2866 372 3002 427 Vill.

2543 464 2619 518 De
2639 465 2746 533 lege
2768 480 2855 531 per
2885 462 3052 519 verba.

2088 575 2155 630 ι).
2192 577 2297 633 Lex
2339 575 2391 631 in
2429 574 2604 629 verbis
2633 574 2914 627 constituta
2946 573 2995 625 in
3027 580 3155 639 quot
3194 578 3371 639 partes
3402 569 3591 622 diridi-

2018 666 2133 720 tur?
2163 665 2236 718 Μ.
2267 665 2321 718 ln
2352 666 2483 719 duas
2510 682 2522 717 :
2552 675 2643 716 aut
2664 666 2811 719 enim
2850 661 3179 715 immutabile
3219 659 3415 727 aliquid
3450 674 3590 726 pra-

2017 760 2229 823 cipitur,
2262 767 2352 809 aut
2382 756 2695 824 temporale.
2734 753 2803 809 ι).
2841 755 2984 818 Quot
3019 762 3145 805 sunt
3181 750 3596 803 immutabilium

2019 849 2245 917 genera?
2288 847 2365 901 Μ.
2405 848 2521 909 Duo
2552 862 2567 900 :
2599 846 2813 900 dilectio
2844 845 2960 907 Dei,
2990 851 3045 897 et
3081 842 3295 895 dilecrio
3336 841 3587 910 proximi.

2019 937 2090 989 D.
2130 936 2464 1005 Tempornlia
2509 944 2769 1004 pra'cepta
2802 935 2853 986 in
2882 941 3007 1003 quot
3044 940 3221 1001 partes
3251 928 3588 989 dividuntur?

2021 1027 2098 1080 M.
2133 1028 2183 1079 In
2213 1027 2380 1079 duas:
2412 1034 2500 1077 aut
2528 1025 2667 1077 enim
2697 1024 2785 1076 diu
2814 1032 3019 1075 servata
3055 1028 3197 1081 sunt,
3230 1027 3287 1073 ut
3315 1016 3595 1071 circumci-

2019 1121 2128 1179 sio;
2160 1127 2250 1171 aut
2280 1132 2437 1185 parvo
2460 1124 2719 1181 tempore,
2744 1124 2801 1167 ut
2829 1128 3031 1166 manum
3053 1108 3339 1179 perceptio.
3362 1110 3433 1163 Π.
3460 1108 3590 1173 Qua:

2019 1214 2120 1287 alia
2142 1212 2435 1280 es,t,lcgum
2477 1208 2808 1261 dillerentia?
2836 1205 2910 1258 Μ.
2941 1205 3070 1270 Qua:
3100 1214 3189 1255 aut
3218 1200 3415 1269 aliquid
3457 1213 3591 1267 prte-

2008 1305 2254 1377 t-ipiung,’
2275 1306 2377 1377 ut“;
2413 1299 2623 1353 llonora
2671 1308 2863 1363 patrem
2911 1305 3051 1347 tuum
3091 1292 3281 1361 (Exod.
3327 1306 3417 1354 xx,
3462 1287 3588 1357 19.);

2020 1409 2110 1450 aut
2137 1392 2330 1465 aliquid
2360 1404 2559 1455 vetant,
2593 1401 2651 1446 ut
2681 1409 2692 1443 :
2726 1390 2845 1444 Non
2874 1389 3092 1452 occides,
3123 1385 3245 1440 Non
3270 1381 3601 1438 mwcliaberis-

1977 1486 2469 1568 .u954.,,.t;.t}).-

2030 1624 2046 1641 ,
2190 1566 2502 1651 paternam
2526 1573 2897 1629 differentiam.
2927 1569 3003 1624 Μ.
3030 1569 3181 1635 Quod
3212 1567 3309 1621 alia
3342 1573 3463 1620 sunt
3497 1577 3592 1633 per

2021 1689 2080 1729 se
2117 1658 2289 1736 utilia,
2328 1668 2457 1724 alia"
2478 1674 2694 1738 propter
2724 1667 2813 1720 illa
2849 1664 3169 1718 necessaria.
3206 1660 3271 1714 Β.
3305 1661 3432 1724 Quae
3469 1664 3595 1717 sunt

1952 1744 1994 1802 Β
2025 1779 2118 1834 per
2155 1777 2215 1816 se
2258 1759 2445 1813 utilia?
2473 1759 2549 1810 Μ.
2588 1755 2679 1811 Dci
2718 1754 3052 1829 proximique
3096 1752 3330 1806 dilemio.
3366 1749 3429 1801 ο.
3462 1747 3592 1813 Qua:

2022 1866 2146 1909 sunt
2184 1862 2398 1922 propter
2437 1850 2539 1904 alia
2581 1845 2914 1902 necessaria?
2958 1844 3034 1898 Μ.
3068 1842 3177 1897 Ut:
3208 1840 3329 1894 Non
3360 1837 3593 1899 occides;

2026 1942 2315 1998 homicidio
2344 1941 2484 1996 enim
2513 1939 2730 1995 dilectio
2759 1935 2936 1991 lratris
2964 1932 3250 2003 expellitur
3281 1949 3293 1984 :
3322 1938 3377 1984 et
3411 1928 3594 1981 obser-

2024 2037 2163 2087 vatio
2189 2033 2426 2095 sabbati;
2460 2032 2510 2083 in
2543 2030 2657 2098 ejus
2689 2028 2829 2083 enim
2863 2024 3234 2079 observatione
3272 2030 3595 2071 commemo-

2024 2128 2159 2182 ratio
2188 2136 2269 2181 est
2317 2124 2512 2193 quietis
2547 2122 2635 2175 Dei
2666 2123 2733 2175 ab
2767 2120 3073 2188 operatione
3110 2123 3493 2173 creaturarum,
3541 2109 3594 2160 in

2024 2234 2126 2287 qua
2157 2217 2466 2273 celebritate
2521 2214 2610 2267 Dei
2662 2222 2717 2266 ut
2761 2209 3054 2265 conditoris
3082 2205 3295 2260 dilectio
3334 2201 3603 2270 signiﬁca--

2027 2316 2202 2367 batur.
2237 2309 2300 2361 D.
2328 2308 2398 2361 Da
2426 2315 2665 2375 quartam
2687 2301 3059 2356 differentiam.
3084 2296 3161 2349 Μ.
3183 2293 3331 2361 Quod
3355 2289 3603 2359 quaedam

2028 2411 2292 2473 praecepta
2328 2401 2474 2454 velut
2511 2394 2805 2464 corporalia
2851 2399 3025 2451 erant,
3069 2398 3126 2441 ut
3172 2386 3240 2441 de
3280 2380 3597 2437 animalbus

2026 2494 2239 2550 mundis
2263 2500 2317 2547 et
2338 2489 2646 2553 immundis,
2680 2501 2744 2541 ac
2770 2487 2937 2554 lepra,
2964 2492 3019 2538 et
3038 2480 3318 2535 similibus.
3345 2473 3595 2543 Quaedam

2028 2585 2308 2653 Spiritalia,
2335 2592 2395 2636 ut
2425 2597 2439 2635 :
2473 2580 2554 2635 Ns
2593 2577 2762 2637 oderis
2804 2577 3015 2645 fratrem
3054 2581 3199 2625 tuum
3233 2570 3288 2622 in
3325 2566 3477 2629 corde
3513 2575 3599 2616 tuo

2026 2651 2212 2746 (Levit.
2264 2686 2372 2737 tux,
2426 2672 2539 2737 1⁸7).
2584 2666 2654 2723 D.
2702 2667 2775 2720 Da
2816 2664 3056 2734 quintam
3102 2657 3476 2714 diﬂ‘erentiam.
3519 2651 3598 2707 Il.

2028 2744 2180 2834 Quod
2227 2762 2469 2832 quaedam
2529 2769 2651 2814 sunt
2683 2756 2892 2812 Veteris
2923 2748 3251 2808 Testamenti
3299 2744 3601 2815 specialiter

2030 2862 2317 2925 praecepta,
2355 2861 2414 2905 ut
2455 2849 2524 2906 de
2564 2848 2766 2916 jubileo
2798 2864 2810 2898 :
2847 2844 3084 2913 qtuedam
3116 2839 3415 2908 Specialiter
3448 2834 3599 2896 Novi,

2033 2922 2089 2999 ut
2122 2962 2134 2997 :
2166 2944 2255 2998 Sic
2281 2942 2488 2995 orabitis
2512 2956 2531 2993 :
2560 2937 2713 3003 Pater
2739 2945 2925 2997 noster,
2950 2933 3036 3000 qui
3065 2947 3115 2984 es
3142 2931 3193 2983 in
3222 2928 3359 2982 cwlis
3387 2922 3601 2993 (.llattle.

2033 3054 2105 3097 Vl,
2134 3020 2226 3105 9):
2251 3036 2493 3104 quoniam
2523 3030 2795 3097 utriusque
2821 3024 3143 3087 communia,
3170 3031 3263 3077 ut:
3290 3019 3478 3088 Diliges
3501 3014 3607 3068 Do-r

2032 3130 2227 3182 minam
2270 3125 2430 3178 Deum
2457 3132 2598 3176 tuum
2622 3118 2833 3189 (Matth.
2877 3130 3006 3178 χχιι,
3033 3114 3131 3179 57;
3162 3111 3328 3166 Marc.
3377 3124 3471 3171 xu,
3502 3105 3604 3166 50;

2032 3219 2162 3273 Luc.
2208 3232 2266 3280 ι,
2296 3215 2413 3283 27).
2460 3213 2532 3266 D.
2576 3212 2647 3265 Da
2690 3217 2893 3265 sextam
2932 3204 3304 3260 dill'ercntiam.
3338 3199 3415 3253 Μ.
3454 3196 3613 3264 Οιιοά

2034 3310 2223 3376 aliqua
2250 3311 2513 3374 pracepta
2559 3303 2697 3357 sicut
2738 3306 2932 3353 sonant
2969 3295 3354 3362 intelliguntur,
3383 3297 3440 3341 ut
3476 3295 3558 3341 est
3589 3300 3606 3339 :

2038 3399 2161 3459 Non
2198 3394 2526 3451 mmcltaberis
2554 3390 2748 3462 (Exod.
2781 3404 2872 3451 xx,
2906 3384 2993 3454 ll)
3032 3400 3046 3439 :
3082 3385 3256 3450 aliqua
3301 3387 3477 3432 autem
3522 3388 3615 3429 sn-

2037 3499 2164 3547 nant
2190 3488 2325 3543 sicut
2353 3466 2440 3539 res
2470 3490 2552 3538 est
2583 3500 2594 3533 :
2627 3481 2753 3534 Cum
2790 3478 2968 3546 feceris
2998 3474 3390 3541 eleemosynam,
3420 3466 3608 3520 nesciat

2036 3583 2244 3641 sinistra
2267 3579 2390 3651 quid
2414 3576 2569 3645 faciat
2596 3576 2803 3627 dextera
2830 3580 2915 3625 tua
2941 3568 3018 3639 (Μ
3024 3566 3153 3620 auls.
3180 3580 3254 3627 vt,
3280 3562 3359 3632 ὅ).

2110 3674 2175 3727 1).
2205 3673 2279 3725 Da
2308 3669 2588 3739 septimam
2618 3662 2993 3719 dill‘erentiam.
3026 3658 3080 3713 Μ
3090 3697 3107 3715 .
3136 3656 3286 3725 Quod
3315 3654 3609 3722 aliquorum

2040 3764 2393 3831 transgressio
2434 3766 2820 3828 praeceptorum
2868 3768 3024 3821 poena
3069 3751 3319 3819 punitur,
3364 3755 3422 3799 ut
3462 3755 3545 3797 est
3598 3758 3613 3797 :

2044 3857 2257 3910 Oculum
2288 3867 2378 3921 pro
2406 3851 2573 3915 oculo,
2608 3848 2806 3901 dentem
2832 3859 2923 3914 pro
2953 3843 3098 3895 dente
3125 3832 3611 3908 (Levitxnvﬂh):

2040 3949 2341 4016 aliquorum
2372 3957 2525 4011 pmna
2555 3954 2658 3993 non
2690 3937 2934 3997 habetur,
2964 3943 3057 3986 ut:
3086 3931 3281 3983 Panem
3309 3928 3613 3980 sacerdota-

2016 4040 2144 4095 ,lcm
2182 4034 2387 4091 comedi
2415 4032 2480 4084 ab
2506 4046 2571 4084 eo
2598 4028 2686 4095 qui
2719 4023 2967 4079 sacerdos
2995 4036 3099 4076 non
3128 4027 3239 4075 erat
3263 4017 3317 4088 (I
3348 4016 3471 4086 Reg.
3499 4029 3612 4078 χιι,

2043 4132 2109 4193 6;
2164 4122 2349 4181 Matth.
2398 4138 2492 4188 xu,
2537 4122 2593 4189 6)
2640 4137 2653 4171 :
2696 4118 2920 4172 aliorum
2965 4127 3093 4168 vero
3134 4114 3292 4165 etiam
3339 4106 3615 4159 laudabilis

2047 4192 2399 4286 transgressio
2420 4221 2521 4274 eSt,
2544 4220 2600 4263 ut
2627 4215 2711 4263 est
2738 4224 2749 4259 :
2781 4205 2839 4259 Si
2861 4198 3064 4267 rea‘didi
3082 4197 3470 4253 retribuetttibus
3492 4192 3616 4244 mihi

2044 4284 2400 4375 mala—(Psal.
2448 4320 2541 4368 vn,
2587 4300 2667 4370 5).
2711 4299 2822 4353 Lex
2863 4297 3002 4351 enim
3046 4302 3169 4346 tunc
3207 4289 3428 4359 iubebat
3462 4284 3616 4337 malis

2052 4404 2189 4458 mala
2217 4398 2419 4454 restitui
2444 4405 2490 4449 ι.
2535 4392 2802 4448 Invenitur
2832 4403 2959 4456 ergo
2985 4392 3319 4451 contemptus
3345 4380 3474 4445 legis
3499 4390 3618 4431 esse

369 4485 511 4550 gitur
551 4481 723 4536 facta?
752 4480 827 4534 Μ.
857 4480 1243 4548 Nonnunquam
1272 4480 1411 4533 Deus
1442 4495 1537 4544 per
1566 4495 1625 4534 se
1658 4481 1851 4548 ipsum,
1886 4488 1937 4531 ut

2051 4491 2353 4549 laudabilis.
2401 4485 2468 4538 D.
2520 4485 2591 4538 Da
2638 4491 2875 4537 octavam
2922 4475 3295 4532 differentiam.
3344 4467 3420 4524 Μ.
3466 4466 3641 4533 Quod,

372 4574 503 4627 Adae
531 4571 780 4641 prtecepit
824 4587 892 4626 ne
922 4580 1156 4641 tangeret
1186 4571 1416 4639 lignum;
1445 4585 1821 4639 nonnunquam
1849 4585 1943 4640 per

371 4666 612 4732 angelos,
646 4672 873 4717 testante
913 4662 1168 4731 Apostolo
1204 4679 1216 4714 :
1248 4662 1387 4729 Quia
1423 4662 1466 4715 si
1507 4678 1594 4732 per
1626 4662 1833 4732 angelos
1862 4661 1942 4715 lo-

371 4766 519 4809 eutus
557 4770 720 4810 sermn
746 4756 913 4824 factus
940 4764 1013 4807 est
1042 4755 1216 4822 firmus
1240 4753 1424 4824 (Hebr.
1448 4768 1507 4817 tt,
1533 4753 1610 4820 9.).
1639 4753 1706 4806 Et
1734 4760 1943 4808 rursum

371 4845 724 4915 primogenita
754 4843 967 4913 ὥρῃ)ιὶ
1006 4845 1178 4912 angeli
1220 4859 1373 4897 manu
1408 4843 1656 4896 dicuntur
1684 4844 1944 4897 exstincta

373 4937 571 5007 (Exod.
606 4950 698 4999 xu,
719 4935 837 5003 £9).
871 4940 975 4989 Aut
1004 4950 1095 5002 per
1133 4935 1395 5002 homines,
1427 4936 1563 4989 sicut
1595 4949 1688 5001 per
1720 4934 1949 5004 prophe-

372 5039 477 5089 tas.
524 5032 630 5082 Aut
672 5042 771 5097 per
809 5028 1029 5094 bestias,
1069 5032 1207 5081 sicut
1247 5042 1342 5096 per
1380 5036 1654 5096 serpentes
1685 5027 1735 5079 in
1764 5041 1946 5081 eremo

376 5121 566 5194 (Nam.
596 5137 710 5185 ut,
742 5118 823 5189 6),
842 5129 999 5189 atque
1023 5120 1238 5175 similia.
1263 5120 1332 5173 Et
1358 5135 1453 5188 per
1480 5121 1591 5172 lucc
1619 5121 1782 5184 enim,
1808 5119 1949 5172 velut

371 5213 657 5285 quamdam
686 5212 1088 5267 substantialem
1121 5227 1182 5265 ac
1211 5211 1536 5266 materialem
1562 5212 1752 5281 legem,
1781 5227 1807 5261 a
1839 5226 1949 5263 ma-

373 5307 441 5360 lis
481 5304 767 5373 prohibent
812 5311 1030 5372 propter
1074 5316 1194 5371 qua:
1237 5300 1582 5371 ingeruntur;
1615 5310 1668 5354 et
1710 5301 1775 5353 ad
1809 5300 1947 5357 bona

373 5405 595 5466 prapter
621 5406 847 5464 quorum
876 5394 1282 5447 retributionem
1314 5401 1516 5458 oratur,
1547 5392 1847 5460 impellunt.

448 5608 473 5635 ι
510 5596 680 5651 Caute
708 5594 807 5649 issu
839 5595 954 5663 lege
988 5609 1000 5645 :
1037 5606 1156 5645 nam
1201 5591 1284 5645 lex
1313 5605 1416 5643 non
1444 5588 1662 5655 jubcbat
1701 5589 1942 5657 privatim

376 5671 513 5724 mala
543 5670 695 5724 malis
714 5666 944 5729 restitui,
970 5666 1057 5719 sed
1081 5663 1328 5731 juridice,
1361 5663 1667 5717 aucmritate
1699 5664 1937 5730 publica:

2050 4588 2225 4655 aliqua
2253 4586 2515 4651 praecepta
2540 4577 2605 4630 ad
2630 4575 2786 4629 fidem
2812 4572 3097 4641 pertinent,
3121 4567 3293 4635 aliqua
3314 4562 3379 4616 ad
3405 4574 3615 4614 mores:

2051 4652 2274 4748 quorum
2300 4668 2592 4726 subdivisio
2622 4663 2904 4719 admodum
2934 4658 3141 4729 prolixa
3170 4652 3516 4724 cognoscitur.

2651 4799 2874 4855 CAPUT
2916 4796 3005 4851 |.\'.

2464 4894 2541 4948 De
2565 4891 2797 4963 angelica
2825 4884 3201 4957 gubernatione.

2121 5031 2189 5084 D.
2215 5030 2540 5101 Angelorum
2570 5032 2787 5095 propter
2810 5039 2869 5078 se
2898 5023 3043 5090 ipsos
3070 5026 3125 5074 et
3154 5013 3400 5069 homines
3429 5010 3622 5079 guber-

2052 5122 2193 5176 natio
2224 5119 2489 5187 quomodo
2535 5116 2624 5169 lit?
2671 5113 2748 5167 Μ.
2794 5114 2971 5167 Palam
3015 5109 3225 5180 quidem
3262 5107 3317 5160 in
3344 5103 3623 5169 Scriptura

2053 5228 2157 5266 non
2188 5210 2414 5281 legitur:
2450 5218 2624 5260 tamen
2657 5219 2775 5258 cum
2809 5203 2860 5256 in
2889 5217 2951 5256 ea
2978 5202 3223 5255 dicantur
3253 5210 3373 5253 esse
3401 5192 3622 5264 angelo-

2053 5319 2171 5357 rum
2200 5301 2395 5371 gradus
2424 5308 2478 5352 et
2502 5290 2928 5363 ordines,‘atque
2963 5292 3235 5346 discursus
3273 5294 3489 5357 propter
3520 5284 3621 5334 hn-

2054 5406 2264 5445 manam
2296 5390 2478 5455 vitam,
2508 5396 2563 5440 ut
2599 5401 2694 5455 pro
2730 5385 2894 5440 Tobia
2922 5394 2976 5440 et
3004 5381 3221 5438 Dmiele
3251 5388 3303 5433 ct
3332 5376 3471 5440 aliis,
3504 5374 3627 5428 sine

2054 5602 2149 5642 nec,
2180 5586 2335 5654 hujus
2363 5584 2711 5653 transgressio
2754 5584 2913 5639 bona.
2960 5582 3306 5654 Damonem"
3354 5576 3517 5633 ludio.
3562 5576 3636 5632 liv

2053 5660 2195 5712 ιιι-υτ.
2228 5652 2552 5725 expurgaml.
2581 5666 2709 5709 tom.
2740 5658 2779 5719 l,
2814 5668 2929 5730 pag.
2962 5652 3047 5705 57.
