4100 6194
429 278 488 335 51
1934 261 2175 320 JL’NILII
3626 256 3698 310 3‘2

439 394 600 448 dubio
639 391 1002 461 significantur
1031 391 1167 461 quod
1208 392 1437 463 injuncta
1475 389 1573 444 sibi
1608 389 1660 444 in
1692 372 1890 443 munri‘o
1918 400 2010 439 nc—
2037 384 2087 442 Α
2116 388 2352 451 egestate
2407 386 2700 449 torquetur.
2763 375 2866 431 Aut
2919 382 3066 431 certe
3123 390 3296 445 neque
3347 374 3462 439 his,
3523 390 3699 441 neque

434 500 579 556 gutta
613 488 914 556 gubernant
946 502 958 538 :
988 485 1178 553 quibus
1208 495 1263 539 et
1292 485 1391 537 sibi
1418 482 1702 537 consulunt
1730 481 1853 534 dum
1884 481 2012 534 obe-

435 580 590 631 diuut
616 576 888 640 Creatori,
921 586 975 630 et
1010 576 1335 641 hominibus,
1359 573 1485 628 dum
1514 586 1699 628 eorum
1739 571 2014 640 dispensa-

438 670 567 723 tioni
599 668 949 741 prospiciunt.

1063 776 1289 834 CAPUT
1327 776 1395 832 X.

678 867 757 925 De
779 870 1005 924 humana
1032 871 1395 939 gubernatione
1422 883 1513 939 per
1540 866 1784 921 homines.

515 984 585 1041 D.
616 985 899 1040 lIominum
931 995 1149 1054 propter
1168 999 1227 1040 se
1248 984 1393 1052 ipsos
1421 983 1736 1054 gubernatio
1757 989 1889 1052 quot
1908 996 2021 1036 mo-

442 1078 527 1133 dis
579 1077 669 1130 Iit?
714 1076 792 1130 Μ.
838 1076 1033 1131 Tribus
1065 1092 1079 1129 :
1113 1084 1206 1129 aut
1247 1075 1391 1130 enim
1444 1089 1539 1142 pro
1586 1074 1860 1144 republica
1906 1076 2024 1143 quis

448 1168 724 1223 hominum
756 1167 977 1236 satagit,
1004 1175 1058 1219 ιιι
1086 1180 1217 1230 rex;
1245 1175 1335 1219 aut
1366 1180 1461 1234 pro
1495 1166 1675 1230 domo,
1709 1174 1767 1219 ut
1796 1166 2027 1247 paterfa-
2060 1220 2078 1237 ο

450 1261 541 1315 mil
567 1276 657 1325 as;
685 1268 774 1314 aut
821 1234 918 1328 pro
962 1274 1021 1314 se
1059 1259 1202 1328 ipso,
1235 1268 1290 1311 ut
1336 1258 1558 1326 quilibet

451 1366 672 1421 egenus.
704 1350 775 1404 D.
809 1350 978 1413 Nullis
1008 1350 1128 1404 aliis
1166 1350 1424 1404 creaturis
1468 1330 2087 1424 οοιινειὲιῐίοξιξιιξειῐιξινὁ

452 1444 567 1497 tio?
593 1441 670 1497 M.
703 1442 961 1496 Omnibus
986 1440 1201 1510 quidem
1237 1454 1372 1494 conv
1409 1442 1515 1502 n't;
1547 1439 2048 1522 cunctis_eni.m.se,-.
2086 1502 2103 1520 .

454 1535 685 1588 eundum
717 1549 867 1587 suam
899 1509 1163 1597 naturam,
1193 1533 1342 1588 velut
1384 1509 2116 1615 prudeijtitim.

455 1624 678 1678 Creator
721 1623 953 1686 inclusit,
987 1624 1126 1677 sicut
1171 1623 1359 1692 legitur
1393 1641 1405 1675 :
1443 1602 2034 1691 Volsi'tofliytiezﬁlio's

459 1726 593 1777 mos,
624 1714 753 1766 sicut
794 1713 988 1782 gallina
1029 1710 1199 1783 pullos
1242 1728 1359 1765 suos
1399 1710 1613 1782 (Matth.
1655 1726 1803 1773 mu,
1834 1709 1949 1778 57),
1983 1717 2036 1763 et

458 1805 675 1858 similia.
708 1805 810 1859 Sed
846 1819 1017 1871 neque
1049 1803 1272 1857 intentio
1298 1802 1588 1870 Scriptura:
1619 1811 1700 1856 est
1730 1802 1797 1855 de
1828 1801 2037 1854 irratio-

460 1896 726 1950 nabilibus
769 1894 1032 1948 subtiliter
1071 1894 1324 1958 educere,
1357 1907 1530 1960 neque
1570 1893 1620 1944 iu
1661 1906 1723 1943 ea
1755 1886 2039 1959 proficien-

461 1990 591 2042 tium
628 1996 711 2044 est
751 1986 1077 2085 desiderium
1124 1989 1176 2039 in
1223 1986 1305 2040 liis
1336 1983 1635 2055 qumrendis
1666 1991 1871 2052 tempus
1906 1991 2037 2038 atte-

462 2095 603 2138 rere.

1039 2239 1046 2245 .
1080 2188 1304 2244 CAPUT
1332 2186 1423 2243 XI.

892 2279 968 2335 De
1012 2281 1357 2347 accidentibus
1398 2290 1612 2336 natm-az.

541 2396 609 2452 D.
650 2396 912 2461 Quoniam
940 2395 1007 2450 de
1049 2396 1435 2465 gubernatione
1478 2395 1658 2450 mundi
1687 2396 1817 2450 satis
1845 2394 2043 2449 dictum

463 2500 544 2543 est
566 2530 581 2553 ,
608 2504 728 2556 qua:
752 2498 874 2542 sunt
905 2489 1107 2541 naturis
1135 2486 1467 2541 aecidentia?
1496 2486 1573 2539 Μ.
1607 2487 1805 2539 Divina:
1829 2486 2044 2555 quidem

466 2591 669 2635 natura:
714 2580 843 2633 nihil
888 2578 1085 2633 accidit
1114 2595 1129 2631 ι
1160 2592 1280 2633 cum
1320 2578 1462 2631 enim
1496 2577 1565 2631 sit
1596 2576 2049 2645 inconprehensi-

465 2671 589 2729 bilis
609 2714 625 2740 ,
656 2680 711 2726 et
732 2686 946 2739 semper
966 2670 1156 2725 eodem
1191 2670 1347 2724 modo
1373 2684 1430 2723 se
1460 2668 1690 2734 habens,
1727 2685 1831 2723 non
1861 2669 2049 2736 recipit

467 2763 821 2819 aclidentium
874 2762 1259 2817 diversitatem.
1320 2761 1385 2815 ι).
1418 2761 1555 2827 Qua:
1605 2772 1753 2817 certe
1804 2762 2052 2816 accidunt

468 2855 763 2908 creaturis?
806 2852 884 2907 Μ.
922 2853 1111 2918 Stare,
1146 2862 1199 2905 ut
1240 2862 1431 2917 terrae,
1479 2854 1769 2907 secundum
1812 2852 2052 2921 Scriptu-

470 2961 626 3009 ram;
676 2948 915 3013 tttuvet'i,
974 2955 1031 2998 ut
1078 2944 1237 3009 coelo,
1272 2944 1410 3014 igni,
1444 2954 1499 3001 et
1539 2945 1689 3014 aquis
1735 2946 2053 3013 eatterisque

469 3037 871 3091 enascentibus.
906 3036 1104 3090 Deinde
1134 3044 1342 3107 tempus
1363 3079 1375 3100 ,
1409 3036 1587 3100 locus,
1620 3051 1892 3091 numerus.
1924 3038 2050 3090 0m-

471 3128 556 3181 nia
588 3128 728 3180 enim
756 3135 808 3179 et
837 3126 1119 3195 aliquando
1148 3105 1455 3191 coeperunt,
1486 3136 1541 3181 et
1569 3127 1763 3180 alicubi
1807 3134 1962 3193 sunt,
1995 3141 2049 3182 et
2077 3105 2123 3167 δ

471 3236 636 3275 ιιιιιιιιι
666 3220 747 3274 vel
779 3220 947 3289 plura.
981 3220 1108 3273 Itent
1137 3220 1415 3284 accidunt,
1441 3220 1716 3289 generari,
1743 3222 2044 3289 eorrutupi,

469 3312 704 3374 sanitas,
736 3311 1018 3379 agritudo,
1064 3310 1231 3363 forma
1259 3353 1273 3376 ,
1317 3312 1509 3379 positio
1531 3351 1546 3376 ,
1578 3312 1771 3364 artium
1817 3310 2053 3381 discipli-

471 3419 769 3474 narumque
798 3406 1087 3472 capacitas.
1123 3405 1250 3458 Item
1282 3419 1547 3470 crescere,
1579 3404 1798 3471 nutriri,
1831 3406 2050 3471 sentire,

469 3492 673 3556 vivere.
725 3494 889 3560 mori,
941 3495 1078 3549 inter
1123 3512 1181 3550 se
1225 3494 1456 3559 differre,
1511 3505 1564 3550 et
1611 3510 1732 3551 esse
1761 3496 2051 3550 contraria.

472 3583 697 3653 Insuper
742 3586 894 3651 ordo,
947 3587 1277 3653 consecutio,
1329 3588 1685 3651 eoltzcrentia,
1742 3586 1931 3655 hisque
1982 3588 2056 3641 si-

472 3676 622 3731 milia
676 3685 837 3746 atque
888 3678 1195 3744 contraria;
1251 3692 1349 3732 nec
1396 3687 1573 3733 tamen
1630 3676 1881 3747 singulis,
1936 3677 2057 3732 uni—

430 3812 435 3817 ~
473 3787 652 3829 versa.

1076 3881 1300 3936 CAPUT
1341 3881 1453 3936 XII.

883 3979 959 4032 De
987 3979 1324 4032 accidentibus
1355 3977 1648 4031 voluntatis.

552 4095 617 4148 D.
659 4094 922 4163 Quoniam
953 4095 1081 4148 satis
1109 4094 1308 4161 dictum
1349 4103 1431 4147 est
1474 4093 1542 4146 de
1573 4091 1938 4146 accidentibus
1966 4105 2061 4144 ua-

475 4198 746 4254 turarum,
772 4187 1054 4242 dicendum
1087 4202 1224 4240 nunc
1255 4185 1321 4238 de
1350 4184 1721 4239 accidentibus
1752 4182 2058 4237 voluntatis.

475 4281 616 4346 Quid
644 4290 726 4334 est
755 4279 1031 4331 voluntas?
1063 4277 1141 4332 Μ.
1174 4277 1268 4329 Vis
1295 4278 1455 4329 animi
1487 4275 1739 4328 inviolata
1768 4275 1881 4328 sive
1902 4290 2064 4343 spon-

477 4380 658 4433 tanea,
680 4369 973 4424 secundum
995 4382 1153 4434 quam
1178 4367 1404 4420 diversm
1424 4375 1583 4434 atque
1605 4366 1889 4420 contraria:
1918 4366 2063 4435 cogi-

479 4461 708 4513 tationes
754 4459 1077 4518 efficiuntur.
1110 4464 1164 4511 et
1203 4469 1385 4523 opera.
1420 4454 1684 4509 Naturalis
1714 4464 1797 4509 est
1825 4457 1877 4509 in
1909 4456 2062 4510 nobis
2090 4480 2141 4541 υ

481 4549 605 4603 horti
634 4549 868 4616 malique
894 4547 1191 4602 communis
1221 4547 1498 4612 discretio;
1527 4555 1857 4615 spontaneus
1884 4559 2059 4604 autem

479 4650 658 4694 mutus
703 4642 753 4693 in
796 4640 878 4693 his
920 4655 1039 4707 qua:
1078 4638 1186 4707 jam
1234 4638 1464 4693 discreta
1514 4648 1569 4693 et
1605 4639 1875 4705 sequenda
1916 4648 2060 4697 sunt.

480 4733 656 4802 Ipsum
705 4733 792 4787 lex
840 4731 1050 4800 quidem
1093 4730 1296 4796 erudit;
1327 4730 1494 4799 gratia
1535 4740 1713 4785 autem
1766 4741 2061 4801 prmparat,

480 4824 723 4895 adjuvat,
755 4824 1100 4893 corroborat,
1136 4831 1379 4878 coronat.

1074 4934 1301 4990 CAPUT
1332 4934 1458 4991 XIII.

697 5027 775 5081 De
804 5030 1221 5100 consequentibus
1249 5038 1479 5083 eventum
1519 5029 1813 5084 voluntatis.

558 5137 626 5195 D.
670 5138 798 5205 Qua:
856 5153 979 5195 sunt
1030 5146 1409 5212 consequentia
1466 5144 1757 5200 voluntatis
1809 5147 2067 5202 eventus?

483 5232 563 5289 Μ.
610 5236 870 5303 Quatuor.
916 5238 1168 5304 Quardarn
1214 5256 1357 5294 enttn
1411 5242 1461 5294 itt
1505 5244 1609 5296 hac
1648 5251 1783 5306 Vita,
1810 5251 1900 5296 au:
1928 5246 2068 5299 bona

482 5326 668 5389 bonis,
702 5335 757 5381 et
787 5329 923 5381 mala
956 5328 1108 5381 malis
1148 5333 1435 5399 eveniunt,
1472 5343 1525 5385 ιιι
1574 5334 1803 5387 Alirahrc
1847 5350 2067 5404 prOSpe-

484 5421 612 5472 ritas
642 5416 795 5489 (Gen.
847 5434 973 5483 xm.
1007 5418 1081 5488 6),
1140 5435 1191 5474 et
1248 5421 1375 5474 Cain
1427 5439 1580 5490 ptBlla
1632 5424 1785 5495 (Gen.
1822 5442 1905 5491 tv,
1958 5426 2067 5497 11)·

482 5512 590 5563 Aut
615 5521 834 5577 contra,
870 5511 1005 5567 boiia
1040 5511 1219 5573 malis,
1252 5521 1305 5565 et
1336 5514 1471 5565 mala
1506 5516 1678 5580 bonis,
1716 5527 1770 5569 ιιι
1801 5516 1951 5571 dives
1980 5516 2069 5585 qui

486 5603 538 5656 in
599 5604 883 5675 Evangelia
939 5620 1106 5676 usque
1160 5606 1224 5661 ad
1282 5618 1506 5661 mortem
1563 5607 1688 5663 felix
1747 5609 2073 5664 describitur

484 5691 633 5759 (Luc.
672 5711 789 5759 xvi,
844 5698 962 5760 liii;
1012 5715 1040 5753 e
1088 5708 1272 5754 contra
1323 5697 1553 5755 Lazarus
1604 5699 1873 5756 ulceribus
1916 5710 2074 5766 atque

2116 472 2222 527 illis
2290 470 2536 525 utralibet
2579 468 2888 530 retributio;
2938 476 2995 520 ut
3064 484 3161 535 pro
3219 468 3417 535 Juseph
3482 465 3700 520 vendito

2115 560 2533 637 (Gen.xcv,!8)
2580 560 2721 615 nulla
2773 558 2904 613 ultio
2952 559 3204 612 fratribus
3256 559 3539 625 irrogatur.
3594 556 3702 610 Nec

2119 670 2272 710 socer
2326 652 2491 723 Moy~i
2549 666 2647 721 pro
2701 650 2934 720 regendo
2992 650 3188 720 popqu
3236 650 3517 704 consilium
3568 648 3703 703 dans

2121 745 2319 815 (Exod.
2357 760 2519 812 xvut,
2545 742 2657 814 I7),
2687 742 2812 797 licet
2840 742 3117 807 laudetur,
3156 756 3185 795 a
3222 742 3330 797 Deo
3360 741 3536 811 aliqua
3564 756 3704 796 mer-

2120 838 2253 892 cede
2300 836 2551 891 donatur.
2604 835 2673 888 D.
2715 834 2858 899 Quas
2904 833 3059 902 hujus
3107 833 3429 889 diversitatis
3477 834 3705 888 dicimus

2122 930 2345 983 causas?
2378 928 2456 983 Μ.
2497 926 2778 995 Aliquibus
2818 924 2905 979 hic
2943 940 3176 994 congrua
3221 924 3605 994 rependuntur,
3640 939 3708 978 ne

2124 1020 2354 1074 mundus
2402 1032 2509 1073 non
2555 1024 2770 1086 putetur
2818 1015 3151 1084 providentia
3197 1015 3375 1070 divina
3420 1015 3569 1082 regi,
3610 1014 3707 1068 sed

2126 1109 2367 1169 casibus;
2393 1107 2632 1185 simulat
2654 1107 2895 1185 etbgnos
2919 1107 3178 1160 bonorum
3202 1091 3353 1174 copia
3378 1106 3706 1170 consoletur,

2097 1197 2411 1283 °etmmlgit
2444 1172 2899 1283 εἰιξιῇἰξυῇἶξξέριιδ
2941 1196 3229 1251 deterreat.
3271 1172 3343 1250 λι
3381 1210 3509 1250 vero
3553 1194 3709 1249 malis

2130 1271 2733 1360 ἶξίἓλῶᾞεινηῖἱὶιῆιᾶ,
2765 1271 2819 1342 dt
2849 1288 2969 1343 boni
2998 1287 3289 1357 probentur
3317 1295 3371 1341 ct
3414 1287 3621 1364 discant
3647 1299 3711 1340 ea

2132 1395 2623 1476 contemnereoquaa
2643 1381 2833 1458 yjdept
2858 1380 3092 1465 indignis
3118 1394 3301 1433 secum
3323 1392 3444 1432 esse
3473 1392 3714 1430 commu-

2116 1477 2221 1561 ‘pia
2256 1459 2457 1561 ε’-Ηὸἶιξέ
2692 1459 3129 1561 Ξξςίιιξίεξιξρίὐιιιιῐ
3165 1470 3324 1523 maia.
3368 1470 3472 1521 Aut
3503 1467 3716 1536 utrique

2130 1545 2339 1640 'gener'i:
2365 1545 2506 1623 ηᾶιιᾶ
2526 1545 2628 1620 ὮῙί
2648 1545 3110 1633 ῗοῆιρὲιιέἇιίοιιίε
3149 1562 3326 1629 imago
3368 1558 3681 1614 conceditur
3698 1599 3715 1624 ,

2139 1668 2199 1716 ut
2219 1660 2348 1714 alibi
2383 1670 2437 1714 et
2460 1657 2723 1727 judicium
2755 1664 2811 1709 et
2862 1655 3071 1724 plenam
3104 1668 3199 1722 pro
3242 1652 3448 1709 actibus
3490 1650 3720 1705 retribu-

2067 1748 2114 1808 Β
2143 1755 2338 1811 tionem
2371 1752 2669 1807 certissime
2706 1737 2981 1819 possimus
2995 1760 3342 1816 cognOscere.
3371 1743 3436 1797 ι).
3466 1744 3536 1797 Da
3560 1757 3721 1812 quar-

2143 1855 2253 1899 tutn
2281 1842 2519 1896 modum.
2555 1838 2631 1893 Μ.
2675 1839 2806 1892 Cum
2847 1837 2882 1891 ii
2922 1852 3095 1905 neque
3125 1835 3249 1889 mili
3282 1832 3478 1903 aliquid
3512 1848 3606 1900 per
3628 1847 3718 1895 se.

2141 1948 2313 2002 neque
2341 1932 2465 1987 boni
2495 1938 2806 2001 gesserunt,
2840 1928 2976 1981 bona
3006 1925 3325 1996 participant
3345 1934 3433 1978 aut
3465 1922 3635 1989 mala,
3666 1930 3724 1975 ut

2140 2025 2402 2089 infantes;
2451 2032 2542 2076 aut
2591 2020 2811 2075 forsitan
2864 2027 3090 2085 neutra,
3127 2026 3184 2070 ut
3213 2023 3339 2071 sunt
3367 2014 3626 2077 abortivi;
3656 2012 3726 2069 de

2142 2131 2365 2187 quorum
2389 2125 2444 2171 et
2471 2121 2611 2169 statu
2631 2154 2646 2180 ,
2670 2122 2726 2169 et
2749 2110 2939 2168 mer-ito
2955 2151 2971 2179 ,
2999 2124 3159 2165 causa
3188 2107 3401 2165 subtilis
3425 2106 3729 2177 dubiusque

2147 2219 2400 2267 tractatus
2429 2218 2533 2266 εει.

2734 2318 2962 2375 CAPUT
2992 2316 3131 2372 XIV.

2332 2413 2403 2468 De
2429 2414 2506 2467 Itis
2531 2428 2644 2480 qua:
2668 2412 2735 2465 ad
2760 2412 2987 2482 futurum
3013 2407 3255 2463 steculum
3284 2404 3550 2475 pertinent.

2222 2524 2290 2579 ι).
2332 2523 2591 2591 Quoniam
2623 2538 2811 2581 omnes
2841 2498 3143 2591 regularum
3173 2527 3353 2589 partes
3381 2517 3451 2572 de
3483 2500 3730 2587 praesenti

2152 2617 2348 2671 sreculo
2372 2614 2794 2680 complevimus,
2825 2629 2942 2680 qua:
2967 2612 3034 2666 ad
3064 2610 3295 2664 futurum
3324 2607 3590 2663 credimus
3613 2620 3732 2676 per-

2154 2706 2361 2761 tinere?
2390 2704 2466 2758 Μ.
2491 2704 2729 2771 Quatuor
2758 2701 2993 2772 quidem.
3028 2702 3133 2756 Aut
3156 2699 3298 2754 enim
3332 2698 3627 2767 acceptatio
3654 2705 3735 2752 est

2155 2798 2272 2850 sive
2313 2794 2543 2860 vocatio,
2591 2803 2684 2848 aut
2710 2793 2910 2863 ﬁgura,
2939 2799 3031 2846 aut
3064 2789 3358 2861 prmdictio,
3388 2797 3481 2851 aut
3517 2787 3738 2844 eﬂ'ectus

2154 2888 2238 2944 vel
2268 2888 2442 2944 exitus
2481 2886 2883 2958 praedictorum.

2750 3019 2978 3077 CAPUT
3022 3019 3117 3075 XV

2666 3111 2744 3169 De
2782 3113 3231 3184 acceptationibur.

2232 3224 2296 3279 D.
2327 3224 2495 3293 Quam
2517 3239 2771 3279 vocamus
2788 3224 3207 3293 acceptationem
3233 3224 3345 3277 sive
3370 3222 3742 3277 vocationem?

2156 3315 2236 3372 Μ.
2255 3317 2407 3383 Eam,
2422 3316 2642 3381 scilicet,
2659 3330 2760 3386 qua
2782 3316 2919 3371 Deus
2935 3316 3191 3385 quosdam
3214 3314 3459 3368 homines
3475 3314 3555 3368 vel
3576 3329 3738 3384 popu-

2155 3408 2236 3461 los
2270 3407 2517 3479 specialis
2539 3407 2723 3478 gratiae
2753 3406 3014 3461 beneficio
3036 3406 3136 3460 sibi
3161 3406 3453 3461 conciliare
3475 3405 3743 3474 dignatur,

2158 3498 2384 3567 plusque
2420 3500 2561 3552 circa
2596 3512 2690 3552 eos
2717 3512 2878 3566 quant
2910 3496 3051 3551 circa
3111 3505 3339 3552 caeteros
3384 3496 3623 3550 homines
3665 3494 3742 3549 di-
3840 3478 3853 3489 ’

2157 3591 2297 3643 vinae
2321 3589 2663 3660 indulgentia:
2686 3598 2739 3644 et
2759 3589 2911 3659 quasi
2938 3588 3224 3642 familiares
3255 3587 3463 3642 favores
3488 3584 3744 3641 ostendit.

2162 3681 2231 3738 ι).
2271 3681 2415 3749 Quot
2445 3691 2567 3736 sunt
2596 3679 3029 3749 acceptationes?
3059 3678 3134 3732 Μ.
3181 3679 3396 3733 Decem.
3436 3678 3499 3731 D.
3545 3677 3618 3730 Da
3661 3692 3747 3730 or-

2158 3774 2335 3829 dinem
2385 3774 2832 3842 acreptationum.
2884 3772 2962 3827 Μ.
3006 3772 3181 3826 Prima
3212 3781 3293 3825 est
3320 3770 3458 3824 beati
3490 3769 3748 3835 Abrahae;

2159 3866 2392 3921 secunda
2411 3906 2425 3931 ,
2457 3866 2631 3929 Isaac;
2658 3866 2810 3921 tertia
2832 3905 2847 3931 ,
2874 3864 3040 3919 Jacob
3066 3872 3121 3919 et
3149 3878 3214 3919 ex
3246 3878 3312 3918 eo
3341 3872 3584 3915 natorum
3616 3862 3750 3916 duo.

2163 3957 2336 4011 decim
2370 3956 2824 4026 patriarcharum;
2863 3965 3088 4026 quarta,
3138 3954 3308 4008 tribus
3333 3952 3506 4017 Juda;
3546 3951 3747 4021 quinta,

2167 4047 2333 4101 t0tius
2388 4048 2568 4116 populi
2626 4047 2678 4100 in
2738 4044 3010 4117 :Egypto;
3066 4055 3252 4111 sexta,
3314 4043 3482 4098 sancti
3542 4042 3747 4107 David;

2166 4137 2428 4204 septima,
2484 4138 2676 4191 domus
2708 4137 2872 4205 ipsius
2918 4135 3085 4189 David
3109 4178 3123 4201 ,
3168 4144 3222 4189 et
3265 4149 3359 4203 per
3391 4134 3558 4201 ipsam
3593 4133 3753 4188 totius

2167 4228 2337 4281 tribus
2379 4228 2514 4284 Juda
2548 4244 2561 4280 :
2594 4238 2812 4291 octava,
2864 4226 3068 4280 reditus
3109 4225 3285 4294 populi
3315 4240 3380 4277 ex
3419 4223 3752 4293 captivitate;

2166 4334 2338 4384 nona,
2373 4318 2579 4372 Domini
2614 4320 2778 4373 nostri
2806 4319 2932 4372 Jesu
2952 4316 3145 4372 Christi
3175 4315 3468 4369 secundum
3498 4328 3750 4381 carnem;

2169 4410 2461 4481 quamsibi
2489 4410 2681 4464 uniens
2712 4409 2806 4464 Dei
2840 4410 3003 4464 Filius
3042 4424 3107 4463 ex
3133 4421 3329 4478 genere
3354 4406 3543 4473 David,
3575 4415 3626 4460 et
3662 4420 3757 4473 per

2169 4520 2293 4560 eum
2324 4520 2387 4560 ex
2418 4503 2686 4557 Abraham
2716 4510 2876 4572 atque
2914 4517 2981 4557 ex
3012 4502 3180 4555 Adam
3203 4541 3219 4567 ,
3246 4500 3485 4554 omnium
3517 4507 3756 4551 nostrum

2171 4599 2327 4652 saluti
2377 4597 2790 4666 remissionique
2838 4596 3112 4665 prospexit
3164 4612 3176 4647 :
3224 4593 3471 4660 decima,
3518 4591 3758 4645 omnium

2170 4690 2409 4760 gentium
2442 4704 2534 4758 per
2573 4687 3028 4756 diSpensatianem
3059 4685 3441 4741 incarnationis
3470 4685 3634 4754 ipsius
3666 4683 3759 4738 Dei

2172 4793 2225 4837 et
2254 4782 2546 4837 Salvatoris
2578 4780 2765 4834 nostri.
2801 4779 2865 4831 υ.
2900 4778 3035 4846 Quid
3066 4775 3399 4849 ergo‘llusti
3425 4786 3481 4830 et
3510 4774 3618 4829 Deo
3649 4775 3760 4843 pla-

2173 4884 2357 4929 centes
2386 4880 2509 4926 aute
2535 4871 2802 4925 Abraham
2837 4869 3079 4924 homines
3112 4882 3216 4921 non
3247 4864 3490 4920 fuerunt?
3515 4863 3592 4917 Μ.
3624 4864 3762 4919 Fue-

2174 4962 2539 5031 runt'quidem
2571 4976 2586 5016 ε
2617 4963 2813 5031 quippe
2849 4974 2971 5014 cum
3003 4960 3100 5027 ﬁlii
3127 4957 3224 5011 Dei
3253 4956 3503 5026 appellati
3534 4954 3639 5008 sint
3668 4953 3759 5024 qui

2175 5074 2238 5111 ex
2269 5058 2402 5113 Setlt
2436 5058 2643 5112 fuerant
2675 5057 3009 5126 progenerati
3044 5052 3195 5125 (Gen.
3240 5067 3322 5112 vr,
3376 5050 3464 5120 2);
3495 5059 3548 5104 et
3577 5045 3762 5103 Enoclt

2176 5149 2464 5205 translatus
2507 5149 2604 5213 sit;
2650 5147 2761 5202 Noe
2806 5149 3078 5215 pereuntis
3120 5142 3302 5199 mundi
3354 5149 3643 5196 renovator
3685 5137 3763 5193 cf-

2175 5242 2375 5304 feetus;
2423 5248 2477 5293 et
2530 5239 2954 5302 Melchisedech,
3002 5237 3197 5292 summi
3242 5233 3763 5306 sacerdotisexem-

2176 5332 2341 5401 plum.
2371 5331 2474 5385 Sed
2504 5330 2555 5383 in
2587 5328 2704 5384 istis
2732 5346 2836 5383 non
2868 5329 3043 5383 divina
3075 5326 3389 5395 acceptatio,
3420 5323 3469 5377 id
3497 5330 3581 5378 est
3601 5366 3614 5388 ,
3642 5337 3766 5391 spe-

2174 5426 2326 5481 cialis
2350 5425 2433 5479 illa
2458 5423 2788 5479 familiaritas
2809 5432 2864 5479 et
2888 5424 3037 5476 favor
3058 5420 3387 5482 ostenditur;
3412 5416 3505 5471 sed
3528 5417 3767 5484 ipsorum

2174 5518 2375 5588 justitia
2407 5516 2728 5574 declaratur.
2768 5516 2845 5570 Ad
2895 5515 3164 5569 Abraham
3216 5525 3343 5565 vero
3390 5508 3482 5563 Dei
3516 5506 3766 5575 frequens

2183 5609 2432 5663 allocutio
2458 5618 2512 5662 et
2556 5607 2705 5676 quasi
2751 5606 3024 5664 convictus
3048 5644 3062 5670 ,
3097 5619 3157 5659 ac
3192 5619 3283 5673 per
3315 5599 3522 5671 singula
3551 5597 3766 5664 dispen-

2178 5702 2333 5766 satio,
2370 5699 2698 5768 probationis
2729 5698 2992 5769 pt'omissa
3026 5695 3276 5767 praemia,
3315 5694 3365 5750 in
3397 5699 3643 5762 posteros
3682 5702 3765 5745 re-
