4030 6198
257 254 327 309 35
1316 237 1402 292 DE
1443 228 1779 290 I‘ARTIBUS
1821 227 1872 282 Dl

2001 222 2203 280 LEGIS
2249 222 2376 277 LIB.
2421 221 2486 278 II.
3478 202 3547 263 56

258 369 502 447 sandalio
525 408 538 434 ,
562 365 671 420 vim
698 361 887 418 miram
918 358 1110 414 divina:
1136 352 1517 423 acceptationis
1541 348 1850 405 ostendunt.
1884 346 1936 404 Α

258 439 524 520 Similiter
563 466 621 513 et
656 454 797 509 circa
836 458 1067 507 caeteros
1114 462 1274 515 supra
1323 444 1530 508 dictos,
1576 439 1860 511 peculiaris

260 553 481 623 quidam
527 546 825 603 divinitatis
869 543 1039 605 favor,
1080 547 1135 593 et
1159 538 1311 607 quasi
1346 550 1439 606 per
1469 533 1708 602 singulos
1740 530 1861 584 vitae

264 655 417 700 actus
456 642 634 712 palam
674 638 982 707 dispensata
1007 632 1365 703 gubernatio,
1388 629 1715 698 praecipuum
1743 640 1863 695 gra-

267 741 356 793 tia:
382 735 624 791 declarat
642 730 923 785 auxilium.
956 726 1024 781 D.
1050 726 1227 792 Quare
1259 725 1369 776 hinc
1403 722 1467 775 ad
1494 721 1729 774 futurum
1760 732 1863 771 sae-

268 827 443 884 culum
501 824 732 879 dicimus
783 818 1086 889 pertinere,
1138 829 1259 870 cuni
1291 815 1364 883 _in
1408 809 1659 881 praesenti
1709 817 1862 877 gesta

265 919 413 975 sint?
467 916 546 970 Μ.
580 914 714 980 Quia
756 921 1090 979 unaquaeque
1130 920 1217 960 res
1258 920 1323 959 ex
1362 902 1555 958 eﬁ'ectu
1603 898 1860 969 perspici-

266 1020 383 1072 tur,
403 1004 670 1061 eteadem
695 1010 780 1057 est
802 1002 923 1054 lacti
950 1011 1131 1060 causa,
1156 1006 1315 1064 atque
1343 992 1586 1047 facientis
1611 989 1857 1045 intentio.

271 1100 340 1153 D.
376 1097 553 1153 Proba
596 1096 781 1149 harum
811 1089 1234 1159 acceptationum
1262 1100 1450 1140 causas
1476 1084 1542 1138 ad
1573 1083 1747 1137 futura
1778 1095 1862 1136 re-

266 1189 500 1257 spicere.
535 1186 613 1240 M.
653 1185 905 1240 Gentium
954 1181 1085 1235 fides
1117 1193 1213 1249 pro
1242 1192 1338 1247 spe
1369 1177 1490 1230 vita:
1519 1185 1734 1230 ceterum
1774 1188 1861 1227 re-

267 1278 525 1348 Iigionem
569 1278 811 1346 sequitur
858 1272 1235 1328 Christianam.
1280 1268 1411 1322 Nam
1457 1266 1705 1321 Christus
1748 1264 1863 1332 ipsa

270 1369 535 1424 Dominus
580 1376 690 1421 toto
722 1365 977 1419 doctrina:
1006 1377 1116 1416 sua:
1147 1359 1385 1416 remedio
1414 1367 1736 1425 actuumque
1765 1354 1863 1409 mi-

269 1460 506 1524 raculis,
560 1472 660 1511 nec
708 1472 814 1511 non
866 1454 1258 1509 resurrectione
1304 1461 1465 1519 atque
1508 1449 1858 1512 ascensione,

270 1554 506 1610 futuram
550 1557 711 1606 vitam
751 1552 964 1617 docuit,
998 1548 1273 1618 promisit,
1303 1545 1656 1615 approbavit,
1687 1544 1863 1598 indul-

270 1647 359 1704 u’i.
412 1645 536 1700 Jam
582 1653 805 1698 crateras
847 1641 1282 1713 aceeptationes,
1329 1639 1447 1707 quis
1497 1652 1594 1707 pro
1638 1636 1863 1690 Domino

2541 345 2766 405 CAPUT
2798 343 2959 400 XVII.

2418 441 2489 496 De
2519 438 2817 507 di/ferentits
2846 445 3098 505 typorum.

2036 556 2104 610 D.
2171 557 2310 623 Quot
2362 564 2489 609 sunt
2547 563 2795 623 typnrum
2859 547 2945 602 vel
3009 545 3293 613 ﬁguratum
3362 541 3552 597 modi?

1966 648 2045 702 Μ.
2080 647 2450 716 Principaliter
2471 658 2720 717 quatuor.
2748 645 2852 696 Aut
2874 640 3014 696 enim
3041 646 3185 707 grata
3212 634 3373 704 gratis
3398 634 3556 701 signi-

1965 738 2210 803 ﬁcantur,
2241 748 2335 792 aut
2377 748 2565 792 maesta
2601 736 2840 799 maestis;
2881 741 2971 787 aut
3009 739 3158 801 grata
3189 727 3428 795 minatis,
3463 721 3559 781 aut.

1965 829 2129 897 gratis
2171 837 2381 883 mmsta.
2436 828 2500 880 D.
2544 827 2618 880 Da
2662 824 2904 893 exempla
2951 838 3043 891 per
3075 820 3312 889 singulos
3343 819 3552 873 modus.

1968 919 2044 974 Μ.
2085 920 2246 975 Grata
2276 920 2490 989 quidem
2514 918 2679 988 gratis
2727 917 3119 986 signiﬁcantur,
3148 923 3207 967 ut
3236 911 3442 967 Domini
3471 926 3556 966 se-

1963 1010 2195 1065 enudum
2244 1025 2458 1064 carnem
2503 1008 2827 1063 resurrectio
2867 1014 2921 1059 et
2970 1005 3021 1059 in
3066 1004 3216 1059 caelis
3272 1001 3551 1066 habitatio,

1967 1100 2151 1155 formae
2175 1111 2372 1155 nostrae
2396 1098 2823 1160 resurrecﬁouis,
2849 1106 2902 1151 et
2928 1096 3119 1149 futurae
3143 1093 3305 1162 justis
3336 1093 3388 1146 in
3415 1094 3557 1147 cosio

1966 1192 2313 1246 habitationis
2344 1191 2593 1247 indicium
2620 1229 2635 1255 ,
2668 1189 2809 1243 sicut
2837 1187 2961 1241 dicit
2993 1185 3280 1250 Apostolus
3312 1201 3325 1237 :
3362 1182 3557 1236 Μοντιιί

1964 1286 2101 1336 enim
2133 1288 2280 1345 estis,
2308 1291 2354 1333 et
2384 1283 2485 1334 vita
2514 1290 2681 1333 vestra
2709 1277 3005 1331 abscondita
3035 1285 3107 1329 est
3135 1292 3251 1328 cum
3275 1273 3474 1327 Christo
3502 1275 3555 1325 in

1964 1372 2073 1427 Deo
2098 1372 2317 1445 (Coloss.
2341 1414 2356 1438 ,
2386 1389 2474 1441 ιιι,
2507 1375 2586 1441 ὃ).
2614 1372 2800 1426 Maesta
2822 1386 2948 1424 vero
2976 1369 3185 1423 ntmsﬁs
3211 1371 3558 1436 prmtigurnn-

1967 1472 2072 1529 tur,
2102 1475 2159 1517 ut
2202 1463 2399 1517 diaboli
2427 1463 2841 1532 angelorumque
2863 1463 2978 1527 egus
3000 1457 3249 1527 dejectio,
3279 1466 3332 1511 et
3366 1462 3558 1510 futuras

1968 1568 2139 1622 pinna:
2171 1554 2518 1621 repromissio
2538 1593 2552 1616 ,
2582 1551 2748 1620 ﬁgura
2779 1558 2862 1604 est
2891 1565 3076 1603 eorum
3109 1549 3196 1617 qui
3229 1563 3324 1617 pro
3363 1549 3557 1601 simili-

1967 1644 2150 1698 tudine
2195 1657 2416 1712 Operuin
2468 1642 2639 1712 poenis
2679 1640 2943 1694 similibus
2985 1639 3366 1702 detruduntur;
3417 1639 3560 1692 situt

270 1736 734 1805 sacramentisque
795 1736 1005 1803 ignorat
1055 1730 1315 1786 eﬁ‘ectas?
1379 1730 1500 1798 Ipse
1556 1728 1856 1793 Abraham,
1893 1724 1940 1784 B
1964 1741 2021 1786 et
2049 1732 2235 1787 beatus
2266 1732 2456 1786 Petrus
2489 1731 2677 1785 eadem
2708 1728 2878 1782 forma
2913 1729 2977 1782 ad
3010 1728 3362 1782 deterrendos
3393 1727 3558 1781 utitur

277 1828 455 1893 Isaae,
493 1826 686 1893 Jacob,
726 1826 1057 1898 promittitur
1101 1825 1327 1879 salutem
1357 1822 1607 1892 gentibus
1646 1821 1865 1875 collatu-

275 1934 386 1973 rus.
418 1919 649 1987 Pmpter
673 1932 794 1973 eum
841 1916 1071 1971 Abrahae
1098 1930 1282 1970 semen
1310 1930 1339 1969 a
1371 1915 1583 1969 caztcris
1615 1912 1863 1983 gentibus

277 2022 623 2079 segregatur;
653 2020 708 2064 et
747 2018 964 2079 propter
1014 2006 1188 2075 ipsum
1226 2006 1379 2061 Iudae
1430 2004 1598 2059 tribus
1626 2013 1679 2058 et
1701 2004 1867 2057 bene-

280 2099 511 2154 dictione
545 2097 829 2169 praecellit,
857 2105 909 2151 et
938 2096 993 2152 in
1015 2095 1377 2165 captivitatem
1412 2094 1594 2148 ultima
1625 2092 1861 2157 ducitur,

1966 1832 2312 1893 peccatores,
2342 1825 2530 1880 dict-ns
2556 1824 2623 1878 de
2652 1825 2761 1876 Deo
2799 1838 2812 1875 :
2852 1822 2987 1888 Quia
3015 1830 3062 1874 et
3106 1820 3301 1890 angelis
3344 1837 3559 1888 peccan-

1966 1919 2099 1971 tibus
2128 1934 2227 1971 non
2254 1919 2510 1987 pepercit,
2543 1916 2633 1970 sed
2662 1913 2949 1969 carceribus
2974 1914 3209 1985 caliginis
3241 1915 3449 1966 tradidit
3473 1931 3559 1968 eos

1968 2004 2223 2079 (lIPetr.
2268 2026 2335 2078 ιι,
2376 2010 2469 2079 4).
2522 2009 2734 2063 Tertius
2787 2008 2978 2063 modus
3028 2017 3146 2072 est,
3186 2023 3305 2061 cum
3349 2008 3558 2063 mu~5tis

1963 2113 2112 2170 grata
2143 2102 2531 2171 signiﬁcantur,
2573 2109 2633 2155 ut
2681 2102 2817 2155 Adae
2860 2101 3212 2168 transgressio
3269 2110 3423 2169 typus
3463 2101 3559 2154 fuit

277 2202 328 2248 et
373 2193 548 2261 prima
601 2190 869 2255 salvator;
922 2189 1045 2259 quia
1091 2203 1157 2243 ex
1208 2188 1321 2256 ipsa
1352 2186 1608 2241 Dominus
1645 2200 1862 2239 carnem
1961 2188 2183 2261 justiti-.2
2234 2190 2530 2247 Salvatoris
2582 2192 2784 2255 nostri,
2836 2189 2973 2242 sicut
3023 2190 3211 2242 beatus
3266 2189 3558 2255 Apostolus

277 2284 573 2354 sumpsisse
595 2283 844 2352 dignatus
870 2290 951 2336 est
968 2323 983 2347 ,
1006 2280 1142 2335 adeo
1168 2287 1226 2333 ut
1253 2293 1319 2335 ex
1351 2279 1441 2331 illa
1470 2277 1636 2331 Judaei
1668 2276 1867 2330 fuerint

277 2376 586 2445 nuncupati.
621 2373 769 2452 Ipse,
808 2373 971 2427 David
1009 2372 1299 2443 domuique
1328 2370 1444 2440 ejus
1470 2385 1533 2424 ac
1584 2368 1746 2423 tribui
1775 2384 1864 2422 re-

275 2470 630 2538 promittitur,
654 2469 706 2523 in
731 2465 1135 2538 perpetuumde
1154 2465 1269 2534 ejus
1295 2465 1500 2519 semine
1526 2471 1862 2532 regnaturus.

277 2558 439 2628 Igitur
459 2559 505 2613 si
528 2556 660 2612 ﬁdes
680 2557 919 2628 gentium
960 2570 1055 2625 pro
1081 2555 1186 2609 vita
1226 2553 1396 2607 futura
1417 2594 1432 2619 ,
1465 2553 1659 2606 Christi
1693 2553 1779 2605 inc
1797 2568 1866 2604 ir-

276 2651 424 2704 natio
462 2663 561 2716 pro
605 2648 708 2702 ﬁde
736 2646 973 2717 gentium
1001 2645 1099 2700 fuit
1146 2645 1304 2708 facta,
1332 2659 1520 2698 omnes
1546 2643 1867 2712 accepzatio-

277 2754 403 2796 num
447 2740 622 2794 series
667 2738 732 2792 ad
764 2737 994 2791 futurum
1025 2736 1279 2790 smculum
1326 2737 1594 2804 pertinuere
1640 2748 1702 2788 ex
1750 2733 1864 2800 ipsa

276 2832 576 2887 intentione
599 2830 887 2900 colligitur.
918 2828 1045 2883 limo
1087 2835 1265 2882 autem
1324 2826 1501 2879 omnia
1539 2826 1700 2879 etiam
1732 2823 1866 2878 Novi

276 2939 339 2980 ac
370 2922 585 2980 Veteris
616 2921 946 2977 Testameuti
978 2919 1298 2976 testimoniis
1330 2917 1485 2974 facile
1513 2916 1868 2987 comproban-

277 3022 380 3082 tur,
411 3028 540 3072 cum
565 3013 768 3083 ubique
795 3012 1035 3081 dispersa
1060 3011 1186 3066 sint.
1600 3000 1601 3003 “

878 3104 1105 3162 CAPUT
1143 3103 1285 3159 XVI.

945 3196 1023 3253 De
1050 3198 1204 3268 typis.

356 3291 421 3347 υ.
449 3290 589 3360 Quid
616 3300 699 3346 est
727 3289 918 3360 typus?
941 3287 1018 3343 Μ.
1044 3291 1214 3356 Quam
1238 3300 1332 3341 nos
1362 3286 1584 3357 ﬁguram
1611 3285 1869 3352 dicimus,

281 3385 402 3440 sive
430 3382 696 3444 formam;
725 3382 863 3436 sicut
891 3379 1021 3434 dicit
1065 3379 1351 3447 Apostolus
1394 3395 1407 3430 :
1447 3378 1632 3431 Omnia
1659 3378 1791 3430 enim
1821 3378 1873 3430 in

285 3478 451 3547 ﬁgura
492 3475 847 3543 contingebant
884 3472 988 3524 illis
1043 3469 1098 3540 (Ι
1140 3470 1257 3525 Cor.
1290 3487 1354 3537 χ,
1388 3468 1497 3537 II).
1535 3470 1602 3523 Et
1633 3470 1821 3524 iterum
1856 3486 1869 3522 :

284 3568 451 3620 Adam
478 3566 569 3635 qui
609 3573 681 3618 est
724 3567 886 3633 forma
930 3561 1090 3630 futuri
1148 3562 1326 3632 (Rom.
1368 3577 1422 3625 ν,
1454 3562 1564 3629 LI).
1594 3563 1701 3615 Nec
1731 3562 1874 3615 enim

284 3656 385 3710 abs
406 3670 469 3710 re
522 3664 606 3709 est
640 3669 799 3707 unum
829 3652 1026 3722 aliquid
1058 3653 1238 3707 multis
1264 3652 1549 3722 signiﬁcari
1578 3652 1872 3707 vocabulis.

283 3742 357 3800 Β.
384 3744 527 3812 Quid
553 3754 637 3799 est
657 3758 784 3813 ergo
809 3753 986 3812 typus,
1010 3742 1121 3795 sive
1149 3741 1315 3813 ﬁgura
1332 3744 1354 3796 ?
1387 3741 1462 3795 Μ.
1492 3742 1837 3797 Ριωεριιιίιιιιι
1858 3782 1874 3810 ,

285 3846 379 3890 aut
407 3836 802 3905 praeteritarum
822 3875 836 3897 ,
867 3842 959 3887 aut
996 3833 1291 3888 futurarum
1326 3848 1503 3888 rerum
1536 3833 1834 3901 ignotarum
1859 3873 1873 3899 ,

286 3944 387 3998 per
413 3943 579 3998 Opera
608 3927 943 3995 (secundum
968 3928 1036 3983 id
1083 3928 1223 3997 quod
1253 3941 1414 3996 Opera
1459 3926 1625 3997 sunt)
1657 3926 1880 3981 manife-

290 4021 476 4072 statio.
510 4016 577 4070 D.
622 4018 693 4070 Da
742 4019 1129 4086 praeteritorum
1164 4026 1339 4087 typos.
1384 4016 1463 4072 Μ.
1508 4016 1574 4071 Ut
1606 4028 1686 4071 est
1730 4028 1877 4071 cate~

288 4108 681 4165 ehumeuorum
728 4107 1039 4173 humilitas;
1086 4120 1269 4178 typum
1312 4109 1453 4163 enim
1518 4116 1710 4177 gerunt
1753 4110 1881 4163 Adae

287 4208 543 4278 paradiso
571 4208 808 4273 exclusi,
838 4216 894 4262 et
923 4223 987 4262 ex
1032 4205 1360 4263 conscientia
1419 4204 1736 4260 delictorum
1797 4203 1880 4257 di-

288 4300 476 4352 vinum
526 4299 814 4353 metuentis
871 4306 1186 4366 aspectum,
1241 4306 1458 4366 pr0pter
1496 4296 1635 4363 quod
1676 4304 1732 4350 et
1789 4310 1883 4363 per

289 4388 566 4459 publicum
597 4390 861 4459 capitibus
908 4391 1059 4444 tectis
1090 4389 1362 4444 incedunt.
1406 4388 1475 4442 D.
1517 4388 1589 4442 Da
1633 4390 1688 4442 in
1736 4403 1879 4458 prte-

1966 2283 2122 2337 docet
2166 2298 2183 2337 :
2235 2284 2370 2348 Quia
2414 2283 2545 2335 sicut
2585 2298 2677 2352 per
2718 2280 3112 2334 inobedientiam
3152 2281 3303 2331 unius
3333 2281 3556 2334 hominis

1966 2385 2250 2445 peccatores
2278 2375 2537 2427 constituti
2560 2385 2677 2427 sunt
2702 2374 2883 2438 multi,
2912 2374 2986 2426 sic
3013 2372 3166 2425 etiam
3195 2390 3283 2441 per
3313 2373 3552 2426 obedienc

1968 2466 2093 2518 tiam
2132 2466 2283 2518 unius
2329 2465 2548 2518 hominis
2578 2464 2711 2535 justi
2741 2465 3114 2517 constituentur
3144 2464 3311 2515 multi.
3347 2464 3553 2534 Regna-

1969 2557 2035 2607 vit
2059 2557 2189 2609 enim
2215 2556 2438 2611 morsab
2466 2555 2632 2608 Adam
2664 2570 2821 2625 usque
2850 2559 2917 2608 ad
2943 2553 2999 2607 Μ
3004 2571 3187 2624 oysen,
3218 2558 3370 2608 etiam
3395 2559 3448 2609 in
3472 2574 3558 2611 eos

1967 2648 2055 2716 qui
2094 2663 2195 2700 non
2236 2657 2604 2714 peccaverunt,
2643 2648 2695 2699 in
2724 2648 3108 2699 similitudinem
3138 2651 3559 2717 transgressionis

1970 2740 2125 2804 Adin,
2155 2740 2242 2808 qui
2270 2749 2341 2792 est
2378 2742 2546 2807 [arma
2584 2739 2748 2809 futuri
2785 2737 2970 2809 (Rom.
3011 2754 3066 2804 v,
3100 2739 3187 2800 19,
3216 2740 3348 2809 ii),
3379 2740 3428 2793 id
3456 2752 3557 2806 est,

1972 2836 2150 2901 typus.
2204 2831 2260 2884 lu
2306 2831 2497 2885 Graeco
2548 2834 2723 2898 enim,
2772 2840 2957 2902 typus,
3005 2834 3313 2900 specialiter
3344 2835 3557 2903 legitur.

1969 2921 2202 2978 Secundi
2244 2937 2373 2992 ergo
2405 2924 2605 2991 Adam,
2638 2924 2692 2980 id
2719 2936 2835 2991 est,
2877 2924 3110 2991 Christi,
3157 2927 3357 2995 gratia,
3388 2929 3560 2984 forma

1971 3015 2056 3068 vel
2096 3022 2254 3084 typus
2293 3014 2391 3069 fuit
2431 3015 2871 3087 transgressionis
2899 3018 3029 3071 Adae
3062 3033 3155 3086 per
3186 3021 3559 3088 contrarium,

1901 3097 1947 3160 C
1977 3108 2204 3171 scilicet,
2256 3111 2498 3177 ﬁgurata.
2532 3109 2764 3176 Quartus
2818 3111 3007 3164 modus
3058 3123 3171 3175 esn,
3227 3127 3348 3166 cum
3392 3113 3563 3182 gratis

1975 3211 2168 3254 intesta
2210 3202 2531 3271 ﬁgurantur,
2575 3212 2631 3254 ut
2670 3201 2973 3271 baptisma;
3012 3203 3212 3257 etenim
3268 3204 3433 3271 ﬁgura
3475 3214 3564 3261 est

1976 3291 2166 3345 mortis
2190 3290 2397 3345 Domini
2421 3291 2587 3346 nostri
2614 3291 2741 3347 Jesu
2767 3290 2984 3357 Christi,
3014 3294 3150 3348 sicut
3177 3293 3305 3347 dicit
3338 3298 3565 3363 Aposto-

1976 3384 2061 3439 lus
2110 3401 2123 3437 :
2174 3384 2432 3454 Quotquot
2477 3387 2613 3439 enim
2658 3387 2901 3457 baptismi
2943 3389 3093 3455 estis,
3136 3392 3189 3442 in
3233 3400 3392 3443 morte
3438 3389 3566 3444 Jesu

1978 3477 2168 3531 Christi
2201 3479 2440 3548 baptizati
2486 3480 2603 3533 estis
2650 3478 2827 3551 (Rom.
2866 3496 2917 3534 γι
2941 3522 2953 3545 ,
2984 3482 3065 3551 '5).
3101 3482 3234 3548 Quid
3286 3484 3429 3537 enim
3472 3495 3567 3538 aut

1976 3569 2297 3641 baptismate
2335 3572 2570 3640 gratius,
2606 3572 2694 3627 ubi
2724 3588 2751 3625 a
2786 3584 3005 3643 peccato
3036 3589 3344 3643 purgamur,
3378 3585 3431 3629 et
3460 3590 3569 3645 quo

1980 3659 2073 3714 ﬁlii
2123 3661 2217 3714 Dei
2264 3661 2556 3726 efﬁcimur;
2609 3669 2701 3715 aut
2754 3676 2926 3717 morte
2966 3663 3244 3728 mmsﬁus,
3288 3664 3353 3718 ad
3402 3681 3563 3734 quam

1979 3752 2093 3819 ipse
2120 3766 2330 3819 quoque
2356 3751 2445 3820 qui
2483 3766 2601 3805 eam
2645 3751 2821 3806 fuerat
2866 3762 3055 3820 sponte
3095 3763 3434 3821 sumpturus,
3482 3762 3566 3806 ta-

1981 3855 2102 3895 men
2136 3852 2356 3896 maestus
2387 3842 2652 3895 accessit?
2687 3842 2751 3895 D.
2794 3842 2924 3908 Quae
2953 3844 3051 3895 alia
3102 3843 3243 3911 typis
3282 3843 3569 3898 accidunt?

1984 3937 2061 3992 Μ.
2091 3937 2414 4006 Temporum
2445 3936 2765 3991 dill‘crenlia.
2795 3936 2924 3988 Nam
2955 3939 3197 4005 quaedam
3225 3946 3347 3991 ante
3373 3936 3568 4007 Legem

1982 4042 2140 4097 sunt,
2190 4040 2245 4085 ut
2293 4032 2421 4085 Abel
2469 4047 2497 4083 a
2551 4030 2714 4083 fratre
2765 4022 2974 4085 occiSus
3018 4031 3210 4085 Chl'ISlI
3264 4033 3567 4100 pas-ionein

1982 4123 2361 4193 prmﬁgurabat
2416 4119 2589 4191 (Gen.
2615 4136 2687 4187 tv,
2722 4122 2778 4191 8)
2811 4139 2823 4174 :
2857 4130 2914 4175 et
2954 4122 3067 4175 Noe
3118 4135 3238 4175 arca
3280 4122 3567 4175 Ecclesium

1985 4215 2141 4287 (Gen.
2180 4231 2279 4279 vu,
2305 4217 2399 4283 7);
2430 4224 2484 4270 et
2511 4223 2703 4269 caetera
2746 4200 2964 4269 similia.
2995 4213 3248 4282 Quaedam
3300 4229 3428 4268 vero
3468 4217 3570 4267 sub

1986 4309 2129 4378 Lege
2148 4347 2164 4371 ,
2195 4318 2251 4362 ut
2278 4306 2445 4377 ipsius
2472 4306 2638 4377 Moysi
2669 4320 2843 4372 mors,
2873 4316 2928 4360 et
2953 4306 3081 4361 Jesu
3101 4306 3292 4375 gloria.
3318 4305 3573 4372 Quasdam

1986 4401 2086 4455 sub
2113 4399 2295 4455 Gratia
2322 4439 2338 4466 ,
2373 4407 2429 4453 ut
2458 4397 2847 4467 baptizatorum
2877 4398 3213 4460 indumenta,
3243 4405 3295 4449 et
3326 4398 3576 4451 sacerdo-

282 4495 355 4540 se
397 4481 563 4535 tibus.
589 4479 668 4533 Η.
696 4481 760 4536 υι
782 4485 959 4536 Aaron
986 4482 1165 4547 vestis,
1192 4497 1297 4553 qua
1336 4482 1619 4537 duodecim
1642 4482 1872 4536 tribuum

1989 4500 2100 4546 tum
2134 4464 2331 4555 vestes,
2360 4498 2414 4544 et
2440 4464 2694 4544 dominici
2726 4489 2968 4556 corporis
2994 4488 3354 4558 participuliu,
3384 4497 3439 4542 et
3465 4491 3577 4543 sin-

283 4575 515 4630 nomina
546 4573 811 4641 lapidibus
838 4574 993 4627 insita
1040 4576 1311 4644 gestabat,
1343 4572 1631 4629 ostendens
1667 4588 1727 4629 se
1751 4588 1883 4643 quo-

285 4666 588 4721 dammodo
614 4680 710 4734 pro
734 4667 876 4720 omni
908 4667 1102 4736 populo
1129 4667 1448 4735 supplicare.
1479 4665 1549 4720 D.
1589 4665 1665 4719 Da
1705 4665 1773 4719 de
1805 4664 1884 4718 fu.

288 4759 455 4811 turis.
490 4755 567 4808 Μ.
611 4756 667 4811 In
712 4756 794 4812 bis
823 4758 968 4812 nulla
998 4768 1081 4812 est
1109 4757 1395 4813 difﬁcultas
1438 4774 1450 4809 :
1494 4766 1669 4811 tamen
1696 4772 1763 4811 ex
1792 4770 1882 4809 su-

292 4851 535 4921 perﬂuo,
567 4858 621 4903 ut
670 4850 725 4904 in
772 4849 980 4906 duobus
1026 4851 1147 4906 ﬁliis
1195 4851 1341 4905 Isaac
1385 4850 1492 4905 duo
1538 4848 1882 4915 Testamenta

293 4951 596 4997 monstrata
643 4949 767 4994 sunt
811 4938 963 5010 (Gal.
999 4940 1258 5010 ωλι).
1301 4941 1366 4993 ι).
1406 4940 1667 5007 Quoniam
1717 4949 1771 4994 et
1819 4941 1889 4995 de

293 5032 614 5102 prophetica
646 5032 875 5087 similem
914 5049 978 5101 pe
1001 5049 1048 5088 te
1073 5032 1434 5101 deﬁnitionem
1462 5033 1690 5088 diximus
1710 5072 1727 5099 ,
1758 5030 1887 5102 quid

296 5121 563 5178 interest?
590 5120 669 5175 Μ.
710 5121 862 5189 Quod
894 5122 948 5176 in
981 5122 1257 5193 prophetia
1278 5164 1293 5189 ,
1340 5108 1520 5178 verbis
1549 5122 1568 5192 (
1594 5122 1890 5177 secundum

296 5216 401 5270 hoc
428 5213 576 5286 quod
608 5214 769 5269 verba
799 5227 922 5269 sunt
946 5214 965 5285 )
988 5215 1163 5269 futura
1192 5213 1556 5285 signiﬁcantur
1581 5230 1596 5281 ;
1631 5213 1767 5284 typis
1792 5228 1890 5266 au-

297 5320 407 5366 tem
436 5323 527 5363 res
557 5307 918 5363 declarantur.
967 5309 1043 5361 Ex
1086 5308 1249 5362 rebus
1294 5313 1515 5375 possunt
1560 5313 1737 5358 tamen
1776 5302 1893 5358 haec

298 5401 404 5456 duo
441 5409 499 5456 et
543 5400 619 5454 ita
647 5397 967 5454 deﬁnitione
996 5397 1229 5462 misceri,
1272 5406 1330 5451 ut
1358 5395 1597 5450 dicamus
1622 5393 1742 5464 quia
1771 5408 1893 5463 pro-

302 5494 476 5564 phetia
503 5500 591 5548 est
620 5500 782 5562 typus
809 5488 863 5543 in
890 5489 1098 5556 verbis,
1132 5487 1425 5543 secundum
1454 5486 1504 5541 id
1548 5486 1688 5556 quod
1728 5485 1892 5540 verba

301 5596 455 5649 sunt;
484 5594 541 5641 et
583 5592 809 5649 contra,
843 5591 999 5652 typos
1048 5581 1323 5651 prophetia
1366 5589 1451 5637 est
1488 5578 1555 5637 de
1596 5579 1790 5646 rebus,
1834 5575 1890 5634 in

300 5690 553 5752 quantum
576 5692 671 5739 res
695 5689 819 5735 esse
846 5681 1158 5733 noscuntur.

1989 4584 2111 4655 gula
2143 4583 2244 4636 alia
2285 4600 2299 4633 :
2342 4596 2461 4652 qua:
2501 4581 2684 4636 omnia
2726 4580 2864 4651 typis
2898 4590 3227 4644 monstrare,
3261 4595 3365 4643 non
3393 4580 3458 4632 ad
3492 4595 3577 4635 re-

1988 4679 2232 4748 gularum
2261 4674 2558 4732 doctrinam
2577 4714 2591 4738 ,
2620 4673 2715 4730 sed
2740 4673 2807 4727 ad
2834 4673 3220 4741 expositionem
3252 4679 3424 4726 textus
3457 4687 3579 4738 per-

1990 4772 2145 4825 tinet.
2176 4768 2244 4821 D.
2284 4768 2399 4834 Qua
2430 4769 2636 4822 ratione
2661 4767 2855 4835 ﬁguras
2884 4767 2997 4820 sive
3050 4773 3205 4832 typos
3240 4763 3304 4816 ad
3337 4763 3571 4815 futurum

1988 4855 2249 4911 saeculum
2272 4854 2499 4909 dicimus
2529 4851 2829 4922 pertinere?
2869 4848 2947 4903 Μ.
2987 4848 3123 4916 Quia
3156 4848 3363 4903 Veteris
3388 4845 3576 4901 Testa-

1993 4947 2157 5001 menti
2190 4947 2373 5017 ﬁgura:
2402 4945 2467 4999 ad
2522 4944 2727 5000 Novum
2772 4941 3068 4997 intentione
3113 4940 3436 5009 respiciunt;
3473 4939 3577 4996 No-

1992 5054 2118 5093 vum
2157 5047 2335 5092 autem
2366 5037 2547 5105 ﬁgurae
2576 5035 2697 5090 vita:
2722 5030 3104 5088 beatitudinem
3134 5032 3491 5101 repromittit;
3523 5042 3581 5088 et

1994 5128 2073 5182 sic
2102 5130 2283 5182 omnia
2307 5128 2374 5184 ad
2406 5124 2568 5182 futuri
2607 5122 2790 5180 saeculi
2820 5135 2972 5193 spem
3010 5137 3081 5179 ex
3123 5122 3239 5195 ipsa
3283 5122 3582 5181 intentione

1996 5226 2239 5273 currunt.

2566 5348 2793 5406 CAPUT
2818 5349 3004 5408 XVIII.

2518 5441 2595 5497 De
2631 5443 3059 5515 prardirtionibus.

2070 5578 2141 5634 ι).
2187 5577 2447 5647 Quoniam
2491 5554 3022 5649 typorumregulaut
3061 5571 3321 5643 diximus,
3352 5575 3421 5630 de
3448 5591 3605 5647 prir-

1999 5669 2235 5729 dictione
2272 5668 2570 5743 videamus.
2604 5668 2737 5732 Quid
2783 5676 2863 5724 est
2898 5669 3209 5740 prmdictio‘l
3240 5668 3316 5725 Μ.
3360 5668 3585 5725 Futura-
