4100 6194
499 261 569 319 35
2016 254 2080 313 JU

2180 254 2240 311 .[l
3126 268 3127 271 ‘
3700 260 3769 313 δῦ

504 394 618 434 runt
639 423 653 445 ,
677 390 728 433 et
753 376 1074 430 incertarum
1100 390 1276 430 rerum
1300 375 1472 429 vernis
1514 373 1597 441 (in
1619 380 1877 442 quantum
1914 371 2074 424 verba
2108 377 2155 430 Α
2184 369 2481 437 aliquorum
2512 368 2884 439 generationes
2914 380 2969 424 et
3000 372 3245 435 nomina,
3281 378 3337 424 ut
3364 371 3511 425 isaac
3536 383 3590 427 et
3615 373 3769 427 Sam-

502 472 667 536 suut)
714 468 1086 522 manifestatio.
1137 466 1201 519 ο.
1244 466 1372 532 Qua:
1422 465 1669 519 accidunt
1716 458 2080 531 praedictioni-

505 562 635 616 bus?
688 560 765 614 Μ.
817 559 1181 627 l’rincipalite‘r
1234 558 1335 611 tria
1391 574 1403 609 :
1460 554 1601 624 quod
1657 551 1896 623 quaedam
1948 562 2079 604 ante

504 653 699 722 Legem
754 650 993 717 fuerunt,
1041 647 1285 719 qundam
1328 648 1428 704 sub
1474 648 1645 717 Lege,
1690 642 1932 714 quautam
1984 643 2082 697 sub

504 746 710 801 Gratia.

1086 850 1314 906 CAPUT
1354 848 1495 903 XIX.

580 945 655 1003 De
676 925 1089 1019 prwatctionibus
1115 954 1231 997 ante
1259 943 1446 1066 Le‘ggem
1467 983 1481 1008 ,
1513 949 1637 1011 quot
1667 942 1832 994 modis
1861 944 2012 1006 {actm

1215 1030 1313 1066 sun
1350 1054 1363 1066 .

1215 1030 1363 1067 sunt:

579 1125 643 1181 D.
689 1128 822 1179 Ante
862 1124 1057 1193 Legem
1104 1123 1479 1191 praedictiones
1526 1129 1655 1189 quot
1701 1119 1879 1174 modis
1927 1117 2081 1173 factas

502 1221 663 1273 sunt?
692 1216 766 1269 Μ.
801 1216 1064 1285 Quinque.
1096 1216 1201 1269 Aut
1226 1213 1294 1267 de
1332 1213 1678 1280 generalitate
1703 1209 2079 1274 communiter,

504 1319 561 1362 ut
590 1318 670 1362 est
702 1326 715 1359 :
749 1306 1025 1376 Propterea
1066 1305 1311 1373 relinquet
1358 1304 1508 1356 homo
1539 1311 1729 1369 patrem
1759 1312 1805 1354 et
1833 1310 2043 1353 matrem
2064 1342 2079 1363 ,

502 1407 547 1453 et
592 1397 870 1451 adhwrebit
899 1396 1047 1449 uxori
1090 1409 1225 1460 sate,
1258 1401 1307 1446 et
1351 1403 1497 1445 erant
1541 1391 1642 1446 duo
1682 1393 1736 1445 in
1781 1406 1935 1443 carne
1981 1406 2082 1443 una

506 1492 671 1561 (Cen.
696 1508 753 1559 tt,
775 1488 891 1559 24).
998 1487 1065 1541 Et
1096 1498 1280 1541 rursus
1312 1500 1329 1539 :
1359 1483 1642 1537 Maledicta
1693 1494 1830 1537 terra
1875 1483 1928 1536 in
1954 1498 2079 1552 opo-

500 1580 642 1632 ribus
665 1581 761 1631 tuis
787 1577 938 1648 (Gen.
974 1593 1028 1631 ill
1050 1618 1065 1643 ,
1111 1578 1221 1646 17).
1248 1576 1359 1630 Hoc
1383 1575 1557 1639 enim,
1590 1590 1683 1643 per
1708 1590 1903 1634 unum.
1933 1575 2082 1628 omni

500 1668 735 1723 buinmo
762 1668 945 1737 generi
981 1669 1290 1737 praedictum
1321 1680 1442 1721 esse
1484 1666 1843 1735 cognoscitur.
1878 1668 1983 1720 Aut
2013 1680 2077 1720 es

500 1770 650 1829 parte
680 1762 761 1813 vel
793 1761 969 1815 medio
990 1802 1005 1827 ,
1036 1770 1093 1814 ut
1130 1772 1213 1814 est
1256 1775 1270 1814 :

496 1848 663 1921 (Ibid.
685 1892 699 1915 ,
731 1852 842 1920 16).
876 1853 938 1904 Et
965 1868 978 1901 :
1010 1846 1277 1904 Conversio
1306 1858 1394 1904 tua
1417 1852 1485 1904 ad
1506 1851 1671 1903 virum
1701 1860 1870 1914 tuam,
1899 1858 1947 1903 et
1972 1850 2083 1917 ipse

500 1941 591 1993 tibi
612 1941 954 1995 dominabitur
990 1938 1205 2009 (lbid.).
1240 1941 1350 1995 Hoc
1377 1940 1519 1995 enim
1546 1955 1649 1995 non
1678 1938 1823 1992 omni
1850 1939 2081 1991 humano

500 2032 713 2101 generi,
739 2033 831 2086 sed
854 2030 1100 2085 erunibus
1124 2040 1326 2085 tantum
1356 2030 1569 2085 feminis
1590 2029 1811 2084 dictum.
1845 2032 1952 2082 Aut
1974 2028 2080 2081 sin-

500 2124 786 2192 gulariter,
820 2133 876 2177 ut
903 2133 986 2177 est
1015 2141 1029 2176 :
1064 2122 1130 2175 Et
1160 2124 1352 2176 vocavit
1377 2122 1542 2175 Adam
1570 2136 1750 2174 nomen
1780 2120 1951 2173 uxoris
1972 2132 2081 2172 suae

500 2215 631 2280 Eva,
648 2215 768 2283 quia
792 2214 907 2283 ipsa
934 2226 1006 2267 est
1030 2223 1191 2266 mater
1210 2214 1436 2265 omnium
1464 2212 1729 2265 viventium
1753 2209 1940 2281 (Ibi1.,
1961 2208 2079 2269 2’0).

501 2314 601 2364 Aut
653 2324 747 2378 pro
779 2309 934 2363 initio
966 2308 1173 2362 Veteris
1211 2307 1561 2372 Testumenti,
1592 2316 1647 2360 ut
1674 2314 1757 2359 est
1801 2320 1816 2357 :
1858 2303 2081 2357 Maledi-

497 2412 607 2455 ctus
634 2401 899 2465 Chanaan,
926 2416 1094 2453 servus
1124 2401 1215 2453 erit
1246 2398 1489 2469 fratribus
1518 2399 1623 2451 suis
1673 2394 1827 2466 (Cen.
1858 2409 1933 2459 rx,
1960 2392 2074 2462 ‘25).

500 2494 605 2546 A'ut
633 2504 728 2559 pro
767 2489 915 2543 Novo
961 2490 1305 2544 Testamento
1350 2486 1743 2557 principaliter;
1794 2500 1915 2539 nam
1956 2498 2078 2538 cum

498 2584 654 2640 dicit:
682 2582 960 2636 Faciamus
983 2582 1234 2635 hominem
1257 2582 1323 2634 ad
1342 2581 1610 2650 imaginem
1629 2589 1675 2632 et
1694 2577 2080 2631 similitudinem

496 2685 726 2730 nostram
780 2674 931 2739 (Gen.
974 2689 1022 2735 ι,
1052 2674 1191 2740 26):
1254 2671 1455 2735 Venite,
1504 2672 1903 2733 descendamus,
1952 2680 2079 2721 con-

497 2769 775 2839 {ttndatttus
803 2767 1003 2837 linguas
1049 2780 1220 2819 eorum
1254 2763 1403 2835 (Gen.
1450 2780 1531 2828 ιι,
1594 2765 1652 2834 7)
1686 2781 1699 2817 :
1731 2764 1947 2832 pluralis
1974 2780 2076 2819 nu—

500 2873 683 2914 merus
720 2856 1267 2924 'l'rinitatisjudicium
1290 2866 1402 2920 est,
1432 2856 1518 2924 qui
1560 2856 1707 2910 Novo
1734 2854 2079 2910 Testamento

499 2950 738 3018 apertius
768 2949 1105 3016 praedicatur.
1140 2946 1203 3001 Et
1229 2962 1351 3001 cum
1382 2947 1574 3002 dicitur
1605 2944 1621 3000 τ’
1653 2947 1879 3018 Sanguis
1904 2948 2083 3019 fratris

2187 472 2305 512 son.
2359 462 2466 512 Aut.
2509 460 2808 513 sublimitas
2855 473 3227 529 posterorum,
3276 471 3332 515 ut
3366 478 3379 515 :
3417 461 3578 531 Reges
3618 480 3682 515 ea:
3724 456 3769 517 te

2183 558 2347 603 extent
2378 551 2532 620 (Gen.
2568 538 2705 615 xvn,
2740 551 2815 620 6).
2852 553 2971 604 Aut‘
2994 552 3402 617 mut-tisesitus,
3437 562 3494 606 ut
3519 564 3605 607 est
3636 570 3649 605 ;
3686 553 3769 607 ’l'u

2185 652 2353 693 autem
2397 643 2493 694 ibis
2536 643 2604 694 ad
2634 651 2802 711 patres
2832 651 2944 694 tuos
2974 657 3089 694 cum
3113 658 3264 711 pace,
3296 645 3521 696 nutritus
3548 645 3600 696 in
3622 661 3780 707 sene-,

2182 743 2318 785 ctute
2344 732 2475 786 bona
2516 732 2670 803 (Gen.
2708 749 2799 798 xv,
2832 734 2938 802 15).
2965 736 3072 787 Aut
3093 735 3391 795 dilferentia
3422 734 3765 804 populorum,

2186 835 2243 873 ut
2285 832 2365 875 est
2391 840 2403 875 :
2438 821 2670 894 Populus
2708 825 2955 893 papulum
3001 826 3278 895 prazcedet,
3309 835 3359 879 et
3388 828 3559 897 major
3585 828 3770 881 serviet

2184 914 2372 966 minori
2405 914 2558 985 (Gen.
2605 932 2726 981 xxv,
2756 916 2874 985 25).
2905 918 3011 970 Aut
3040 917 3363 973 abundantia
3540 931 3598 974 ut
3634 935 3714 977 cm
3752 938 3767 975 :

2184 1000 2342 1056 Dabit
2366 1006 2455 1057 tibi
2488 1005 2624 1059 Deus
2667 1007 2730 1058 de
2774 1021 2892 1059 rore
2916 1006 3060 1071 cadi,
3090 1018 3138 1061 et
3185 1009 3250 1062 de
3274 1012 3586 1080 pinguedine
3614 1024 3768 1069 terra

2185 1093 2555 1161 plenitudinem
2593 1096 2830 1164 frumenti
2867 1106 2915 1149 et
2954 1099 3055 1150 vini
3085 1096 3239 1168 (Gen.
3276 1114 3453 1164 XSVH,
3498 1102 3612 1172 28).
3662 1106 3769 1157 Aut

2184 1193 2421 1247 divinum
2446 1190 2726 1251 ausLLutu,
2758 1196 2813 1242 ut
2842 1198 2957 1242 est:
2991 1188 3122 1242 Ecce
3142 1205 3234 1259 ego
3263 1199 3427 1244 tecum
3456 1206 3569 1245 sum
3597 1206 3767 1248 custo-

2185 1285 2327 1337 diens
2355 1284 2407 1334 in
2462 1281 2600 1334 omni
2643 1282 2722 1333 via
2759 1277 2912 1351 (Cen.
2956 1296 3153 1345 xsvnt,
3186 1282 3298 1351 15).
3334 1285 3437 1337 Aut
3480 1285 3768 1339 sacerdotii

2188 1376 2273 1430 vel
2303 1374 2565 1429 doctrinae
2590 1372 2805 1437 cleatio,
2834 1381 2891 1425 ut
2916 1381 3027 1427 est:
3056 1371 3296 1426 Dividam
3323 1390 3407 1428 eos
3427 1376 3481 1428 in
3507 1374 3688 1439 Iacob,
3717 1388 3767 1429 et

2185 1467 2471 1536 dispergam
2502 1481 2584 1517 eos
2621 1464 2673 1516 in
2714 1460 2880 1516 Israel
2909 1462 3062 1532 (Gen.
3100 1478 3247 1528 sus,
3276 1463 3351 1534 ἶ).
3384 1466 3491 1519 Aut
3515 1466 3766 1519 fortitudo

2185 1568 2235 1613 et
2262 1558 2584 1612 hmreditatis
2624 1555 3058 1621 immutabilitas,
3093 1565 3151 1609 ut
3189 1563 3272 1610 est.
3304 1572 3320 1614 :
3348 1553 3560 1610 Catulus
3600 1558 3765 1611 leonis

2180 1652 2345 1715 Juda,
2372 1666 2438 1703 ccc
2462 1650 2635 1702 radice
2669 1648 2765 1715 lilii
2795 1648 2890 1700 nisi
2923 1656 2948 1683 ⁸
2976 1647 3250 1701 ascendisti
3265 1664 3284 1711 ;
3315 1649 3605 1702 recumbens
3637 1649 3763 1702 dor-

1318 1758 1676 1829 Multiplicabo
1719 1758 1919 1813 dolore;
1964 1768 2077 1812 tuo;
2110 1739 2156 1799 Β
2183 1747 2316 1800 misti
2355 1745 2485 1797 sicut
2531 1743 2630 1805 leo,
2670 1752 2718 1793 ct
2766 1741 2895 1793 sicut
2925 1740 3130 1793 catulus
3160 1741 3352 1805 leonis;
3389 1741 3501 1807 quis
3529 1742 3768 1796 excitabit

2183 1851 2301 1890 eum
2331 1832 2530 1902 (lbid.,
2572 1831 2670 1900 li)?
2697 1833 2802 1885 Aut
2845 1832 3175 1899 prupositutn
3214 1833 3369 1897 vitae,
3402 1841 3496 1887 ut:
3528 1831 3766 1887 Zabulon

2183 1923 2481 1995 peregrinus
2504 1920 2803 1975 inhabitauit
2820 1962 2835 1985 ,
2863 1930 2909 1973 et
2933 1920 3039 1989 ipse
3059 1929 3238 1990 portus
3266 1921 3501 1987 navium,
3531 1932 3579 1974 et
3602 1924 3763 1976 sciens

2181 2016 2432 2083 requiem,
2478 2014 2599 2081 quia
2642 2014 2771 2065 bona
2801 2024 2875 2066 est
2904 2010 3097 2082 (Ibid.,
3146 2013 3254 2081 15),
3302 2022 3357 2066 et
3396 2025 3613 2069 uetera.
3660 2017 3764 2069 Aut

2184 2106 2560 2175 transgreSsio,
2588 2114 2645 2158 ut
2664 2105 2830 2159 dicit:
2861 2104 2983 2158 Scio
3010 2105 3144 2157 enim
3165 2105 3284 2173 quia
3312 2105 3365 2158 in
3385 2108 3486 2172 fine
3513 2107 3763 2158 transitus

2182 2196 2280 2249 mei
2308 2195 2625 2264 iniquitatem
2653 2196 2810 2264 agetis
2827 2233 2842 2259 ,
2874 2204 2921 2249 et
2945 2196 3259 2249 declinabitis
3283 2214 3315 2250 a
3337 2198 3417 2249 via
3436 2214 3585 2263 quam
3614 2214 3761 2251 man-

2178 2288 2298 2341 davi
2324 2289 2460 2341 vobis
2506 2287 2685 2357 (Deut.
2722 2301 2878 2351 sui,
2899 2286 3013 2354 29).
3039 2288 3141 2341 Aut
3166 2286 3513 2355 supplicium,
3543 2298 3599 2341 ut
3627 2299 3711 2342 est
3745 2308 3759 2341 :

2185 2381 2321 2447 Quia
2349 2389 2611 2432 occurrent
2643 2378 2782 2431 vobis
2812 2379 2948 2429 mala
2972 2378 3025 2431 in
3060 2378 3162 2445 ﬁne
3199 2378 3395 2441 dierum
3437 2376 3622 2447 (Ibat)
3654 2381 3761 2432 Aut

2182 2469 2449 2541 generalis
2496 2468 2768 2537 expulsio,
2810 2478 2866 2522 ut
2911 2466 3107 2521 dicitur
3158 2484 3169 2519 :
3217 2467 3355 2535 Quia
3392 2469 3490 2535 ipsi
3528 2471 3759 2523 terramari

2182 2568 2298 2616 sunt
2322 2577 2399 2614 me
2422 2561 2476 2613 in
2501 2560 2627 2625 diis,
2657 2570 2703 2612 et
2725 2558 3145 2614 cxacerbaveruat
3175 2574 3250 2612 me
3277 2560 3330 2611 in
3357 2558 3506 2612 idolis
3527 2561 3629 2612 suis
3662 2575 3682 2613 :
3704 2572 3755 2611 et

2181 2666 2274 2720 ego
2301 2650 2580 2705 azmulabor
2606 2664 2689 2702 eos
2711 2649 2765 2702 in
2786 2665 2883 2701 non
2906 2659 3122 2719 gentem,
3146 2650 3197 2701 in
3220 2660 3418 2718 gentem
3437 2651 3756 2717 insipientem

2183 2740 2383 2793 tradam
2413 2756 2495 2793 eos
2546 2740 2725 2809 (Deut.
2772 2754 2914 2793 snit
2936 2779 2951 2804 ,
2981 2738 3093 2807 ‘21).
3129 2741 3236 2793 Aut
3273 2741 3483 2795 virtutis
3507 2740 3757 2795 clis-ctum

2180 2840 2341 2900 atque
2372 2831 2703 2897 mercedem,
2752 2841 2806 2884 ut
2854 2840 2936 2884 est
2977 2845 2993 2883 :
3040 2830 3165 2893 Quis
3204 2830 3449 2883 habitabit
3494 2830 3547 2885 in
3591 2832 3756 2886 taber-

2180 2920 2364 2975 naculo
2403 2930 2513 2987 tuo,
2550 2933 2639 2974 aut
2680 2921 2792 2991 quis
2830 2920 3105 2991 requiescet
3134 2921 3185 2973 in
3214 2931 3379 2974 monte
3408 2932 3584 2975 sancto
3629 2926 3757 2977 tuo?

497 3013 785 3107 lgidamai
807 3037 874 3089 ad
901 3051 979 3088 me
1007 3037 1068 3089 de
1112 3046 1246 3089 Mm
1291 3037 1444 3107 (66η,
1482 3053 1563 3104 η..
1592 3037 1680 3105 ιο)
1706 3076 1722 3103 ’
1756 3013 1932 3105 ιζδεείὸ
1974 3038 2078 3093 υο,
2105 3084 2148 3107 Π
2184 3014 2285 3079 Qui
2339 3014 2626 3083 ingreditur
2680 3013 2787 3066 sine
2832 3015 3067 3081 macula,
3118 3022 3165 3107 et
3219 3022 3459 3081 operatur
3495 3014 3752 3082 justitiam

499 3084 776 3107 ---η----πη
809 3084 870 3089 ηπ
1113 3084 1243 3089 --ηπ
1294 3084 1444 3107 ιη.--
1482 3084 1522 3092 ..
1548 3084 1563 3104 ,
1596 3084 1677 3105 --,
1707 3084 1722 3103 ,
1756 3084 1929 3105 ..-πη
1974 3084 2046 3093 η

496 3126 626 3183 mini
654 3130 821 3182 nostri
850 3128 976 3181 Jesu
1019 3127 1216 3182 Christi
1265 3127 1594 3197 pitedieitur,
1643 3130 1900 3198 Apostolo
1941 3140 2076 3185 testo

2181 3107 2399 3178 (Psalm.
2437 3124 2553 3174 xw,
2580 3109 2605 3161 1
2625 3149 2640 3173 ,
2666 3108 2744 3176 2),
2789 3118 2842 3163 et
2860 3118 3076 3163 caetera.
3105 3105 3212 3161 Aut
3237 3107 3441 3174 species
3469 3122 3670 3175 pugnat,
3703 3116 3757 3160 ut

498 3216 554 3271 in
596 3217 829 3286 Ερίδιοια
860 3219 924 3272 ad
968 3218 1221 3273 Hebmos
1256 3217 1442 3289 (ηοω,
1488 3235 1595 3286 ιη,
1628 3220 1722 3291 24)
1751 3237 1765 3273 ε
1798 3221 1918 3290 quia
1948 3235 2078 3275 θηη,
2352 3198 2496 3254 Venit
2529 3200 2641 3291 (ὲαᾴ
2681 3200 2750 3252 ad
2796 3198 2961 3291 Daid
3005 3210 3075 3291 et,
3100 3200 3419 3291 annuntmvit
3463 3200 3510 3251 ei
3550 3200 3750 3265 dicens,

498 3311 705 3378 spersio
752 3310 1027 3378 sanguinis
1080 3310 1280 3365 Christi
1326 3310 1441 3379 plus
1486 3312 1658 3382 petuit
1692 3312 1758 3365 ad
1794 3313 2074 3366 Dominum

494 3401 733 3456 clamare
781 3417 877 3470 pro
918 3403 1100 3471 nobis,
1149 3420 1310 3476 quam
1337 3407 1470 3463 Abel
1511 3407 1726 3478 sanguis
1755 3406 2077 3465 ciamaverat

492 3504 683 3548 contra
709 3495 948 3549 fratrem.

1097 3608 1322 3665 CAPUT
1358 3606 1476 3666 XX.

622 3696 755 3762 Quot
781 3699 945 3754 modis
968 3700 1059 3753 sub
1091 3700 1223 3773 Lege
1251 3704 1605 3774 prwdictiones
1631 3704 1782 3774 facta
1808 3713 1949 3761 sunt.

567 3808 637 3868 ι).
668 3814 776 3869 Sub
803 3814 971 3885 Lege,
997 3818 1367 3887 praedictiones
1392 3831 1518 3890 quot
1542 3820 1713 3877 modis
1739 3820 1892 3876 facta:
1918 3822 2076 3877 sunt?

494 3900 576 3957 Μ.
619 3903 855 3960 Duobus.
903 3911 1005 3961 Aut
1035 3922 1132 3977 pro
1161 3908 1243 3964 bis
1273 3909 1432 3965 rebus
1459 3927 1575 3981 qua:
1603 3915 1702 3969 sub
1732 3911 1873 3984 Lege
1920 3912 2077 3969 facta

494 4005 652 4067 sunt,
682 4007 773 4054 aut
798 4014 894 4069 pro
920 4000 1003 4058 bis
1029 4018 1147 4071 qua:
1176 4004 1275 4058 sub
1306 4002 1508 4061 Gratia.

1079 4115 1303 4173 CAPUT
1343 4118 1483 4173 XXI.

552 4221 655 4278 Pro
685 4224 829 4279 rebus
859 4227 952 4281 sub
980 4226 1113 4298 Lege
1140 4231 1322 4299 factis,
1351 4240 1470 4303 quot
1502 4243 1618 4289 sunt
1642 4236 2014 4305 prazdictiones.

566 4333 637 4387 D.
680 4336 781 4391 Pro
807 4337 968 4392 rebus
996 4354 1111 4408 quae
1139 4341 1237 4395 sub
1264 4341 1405 4411 Lege
1435 4344 1588 4398 facta:
1608 4355 1760 4415 sunt,
1785 4305 1912 4416 quot
1933 4363 2070 4419 prte-

490 4425 784 4496 dicdonum
815 4430 1021 4495 Species
1050 4431 1386 4487 invenimus?
1414 4434 1491 4489 Μ.
1535 4435 1669 4493 Fere
1706 4440 1890 4509 Viginti
1914 4443 2067 4496 duas.
2102 4443 2152 4504 D

496 4517 603 4568 Aut
635 4517 775 4569 enim
802 4531 1143 4586 augmentum
1177 4522 1356 4590 populi
1403 4525 1729 4596 praedicitur,
1781 4538 1837 4583 ut
1882 4541 1963 4584 est
2008 4531 2071 4585 ad

495 4605 762 4659 Abraham
817 4623 830 4659 :
887 4607 951 4661 Et
998 4610 1097 4664 eris
1144 4603 1197 4665 in
1244 4623 1440 4683 genth
1485 4610 1731 4687 grandem
1773 4631 1819 4675 et
1859 4622 2075 4677 multant

487 4692 649 4766 (Gen.
687 4712 757 4751 sn
779 4739 792 4763 ,
824 4699 901 4771 2).
939 4705 1041 4755 Aut
1072 4700 1397 4758 bmreditatis
1426 4711 1736 4776 promissio,
1763 4724 1819 4765 ut
1840 4723 1954 4766 est:
1986 4714 2075 4768 Se-

491 4787 620 4840 mini
659 4800 744 4842 tuo
775 4790 906 4843 dabo
943 4801 1129 4846 terram
1155 4793 1286 4846 hanc
1309 4793 1497 4872 (Ibid.,
1530 4799 1605 4867 7).
1640 4801 1744 4853 Aut
1774 4802 2073 4872 segregatio

494 4875 862 4947 indignorum,
917 4886 974 4937 ut
1016 4892 1097 4937 est
1130 4901 1145 4938 :
1180 4883 1322 4955 Ejice
1363 4870 1605 4941 ancillam
1643 4889 1775 4943 hanc
1819 4905 1865 4946 et
1903 4870 2067 4961 ﬁlium

486 4970 641 5038 ejus;
682 4987 785 5024 non
816 4975 945 5027 cnim
974 4976 1135 5031 [iteres
1162 4979 1254 5031 erit
1277 4976 1416 5048 ﬁlius
1454 4983 1657 5036 ancilla:
1695 4998 1808 5037 cum
1848 4985 1959 5053 [ilio
2000 4986 2067 5038 li-

488 5059 624 5113 bera:
672 5062 954 5132 (Comm,
976 5068 1082 5141 10).
1122 5072 1227 5127 Atil
1256 5074 1489 5129 vindicta
1519 5076 1571 5129 in
1602 5074 1936 5132 adversarios
1976 5093 2068 5147 po-

487 5147 633 5216 puli,
666 5149 955 5207 et'mcrces
981 5158 1033 5209 in
1064 5163 1291 5223 amicos.
1321 5172 1379 5216 ut
1420 5162 1501 5218 est
1532 5178 1549 5218 :
1581 5162 1887 5219 Benedicam
1920 5167 2064 5221 bene-

486 5238 711 5294 dicentes
732 5251 806 5306 te,
831 5254 875 5296 et
902 5246 1196 5301 maledicam
1218 5254 1569 5307 maledicentes
1610 5264 1658 5307 te
1680 5252 1833 5324 (Gen.
1870 5272 1960 5320 xu,
1989 5258 2065 5325 '5).

486 5329 596 5386 Aut
628 5330 872 5387 liberatio
903 5338 1077 5404 populi
1109 5338 1176 5392 ab
1206 5340 1462 5408 inimicis,
1493 5355 1549 5399 ut
1573 5354 1655 5400 est
1681 5362 1695 5399 :
1732 5346 2063 5416 Peregrinum

485 5429 584 5481 erit
625 5446 791 5483 semen
831 5439 969 5481 tuum
1015 5429 1067 5481 in
1096 5446 1228 5481 terra
1257 5448 1356 5486 non
1387 5453 1507 5499 sua,
1537 5449 1584 5491 et
1613 5440 1776 5491 extent
1805 5441 1920 5493 inde
1950 5457 2062 5492 cum

489 5524 863 5592 pra'oaratiune
916 5539 1102 5593 magna
1140 5522 1291 5594 (Cen.
1320 5543 1440 5592 ‘xv,
1483 5527 1560 5596 3),
1606 5540 1658 5585 et
1701 5545 1915 5587 cgetcra.
1957 5534 2066 5591 Aut
2108 5552 2121 5564 ·

560 5694 587 5723 ⁸
628 5686 803 5754 \’ulg.,
833 5686 909 5754 ﬁli
959 5688 1046 5740 mi.
1103 5687 1170 5741 Et
1219 5704 1367 5758 mox,
1416 5689 1659 5745 habitabit
1707 5704 1803 5759 pro
1849 5693 2142 5751 inhabitavit

2182 3288 2329 3359 Elige
2372 3290 2462 3343 tibi
2504 3290 2614 3359 ﬁeri
2641 3299 2730 3342 aut
2772 3290 2929 3343 tribus
2956 3290 3105 3342 annis
3132 3289 3320 3356 {niuem
3349 3303 3503 3356 super
3531 3297 3718 3341 terram
3738 3330 3751 3350 ,

2181 3391 2271 3435 aut
2297 3393 2395 3435 tres
2417 3398 2610 3436 menses
2638 3384 2815 3453 fugere
2845 3399 2878 3435 a
2906 3383 3036 3452 facie
3061 3382 3383 3436 inimicorum
3421 3392 3621 3437 tuorum
3640 3398 3753 3451 per—

2174 3473 2487 3540 sequentium
2513 3484 2587 3537 te,
2625 3486 2712 3526 aut
2752 3472 2907 3526 tribas
2941 3473 3117 3526 diebus
3155 3473 3269 3542 ﬁcii
3307 3473 3667 3527 mortalitatem
3703 3477 3757 3528 in

2178 3571 2315 3616 terra
2338 3574 2426 3617 tua
2454 3562 2553 3635 (ΙΙ
2590 3564 2720 3635 Reg.
2760 3580 2904 3631 xxiv,
3034 3565 3157 3633 15).
3192 3568 3296 3618 Aut
3325 3566 3504 3634 signa,
3536 3574 3594 3620 ut
3621 3580 3703 3623 est
3739 3584 3753 3621 :

2178 3650 2247 3705 Et
2287 3653 2383 3707 ltoc
2427 3654 2515 3708 tibi
2551 3656 2786 3725 signant,
2816 3658 2934 3723 quia
2972 3656 3114 3709 unxit
3149 3654 3376 3708 te“l)eus
3406 3672 3574 3725 regem
3602 3673 3757 3729 super

2158 3743 2523 3802 .ltatreditatem
2565 3762 2711 3799 suam
2761 3746 2823 3817 (1
2867 3746 2997 3818 Reg.
3050 3762 3111 3811 x,
3159 3746 3249 3815 1),
3281 3755 3333 3799 et
3373 3748 3600 3816 reliqua.
3650 3752 3758 3804 Aut

2178 3837 2367 3891 electio
2395 3838 2690 3907 prepltetia:
2709 3879 2723 3903 ,
2757 3848 2813 3892 ut
2838 3850 2920 3894 est
2952 3856 2965 3892 :
2995 3836 3063 3891 Et
3091 3848 3166 3903 tu,
3193 3855 3338 3907 puer,
3374 3840 3633 3909 Propheta
3659 3843 3754 3894 Al-

2183 3928 2364 3980 tissimi
2393 3928 2646 3982 vocaberis
2689 3929 2840 3998 (Luc.
2885 3944 2936 3994 ι,
2989 3930 3104 3998 Ἱυ).
3138 3930 3207 3986 D.
3259 3930 3332 3984 Da
3382 3931 3754 4003 praedictiones

2181 4021 2249 4081 de
2267 4021 2514 4091 gentibus
2538 4037 2632 4091 pro
2665 4022 2881 4090 pepulo.
2920 4022 2997 4078 Μ.
3035 4021 3105 4078 Ut
3135 4034 3218 4079 est
3260 4043 3274 4078 :
3319 4023 3505 4078 Manus
3541 4027 3652 4096 ejus
3675 4042 3755 4079 su.

2180 4126 2270 4181 per
2285 4127 2453 4166 omnes
2467 4150 2481 4177 ,
2500 4123 2545 4166 et
2561 4128 2741 4167 manus
2763 4113 2990 4166 omnium
3010 4130 3161 4184 super
3197 4130 3313 4169 eum
3329 4114 3482 4186 (Gen.
3506 4131 3617 4183 xw,
3641 4116 3751 4187 12).

2178 4200 2284 4256 Et:
2316 4202 2524 4273 Surgite
2562 4212 2608 4257 ct
2635 4207 2765 4258 exite
2796 4219 2859 4258 ex
2884 4204 2997 4258 loco
3020 4205 3143 4271 hoc,
3176 4205 3295 4270 quia
3322 4216 3541 4260 co.-.teret
3570 4207 3750 4262 Domi-

2178 4309 2273 4349 nus
2303 4295 2550 4348 civitatem
2589 4294 2741 4364 (Gen.
2788 4311 2910 4364 sis,
2973 4294 3083 4359 14).
3114 4294 3358 4352 Visiones
3394 4312 3605 4367 quoque
3645 4298 3753 4352 Na-

2178 4387 2590 4443 buchodonosor
2629 4402 2682 4444 et
2712 4387 3037 4459 Pharaonis,
3069 4388 3400 4457 aliorumque
3440 4403 3623 4457 regum
3666 4392 3751 4445 vel

2178 4485 2414 4554 gentium
2444 4499 2537 4549 per
2572 4483 2857 4552 prophetas
2881 4482 3037 4537 dicta
3055 4522 3069 4545 ,
3094 4483 3370 4550 generales
3396 4482 3609 4551 quidem
3636 4496 3756 4539 cau-

2178 4592 2269 4632 sas
2312 4576 2580 4642 rel’erunt;
2610 4577 2677 4629 ad
2726 4574 2976 4644 populum
3022 4584 3201 4629 tamen
3250 4584 3455 4645 speetat
3493 4574 3751 4642 intentio,

2177 4683 2278 4739 pro
2301 4668 2455 4737 cujus
2481 4667 2681 4722 ultione
2707 4667 2912 4736 singula
2945 4676 3331 4735 provenerunt.

2750 4778 2975 4835 CAPUT
3012 4779 3183 4833 XXII.

2402 4872 2481 4928 De
2508 4870 2916 4947 praedictionibus
2944 4871 3038 4927 sub
3063 4871 3197 4942 Lege
3224 4874 3276 4926 in
3306 4872 3522 4939 Christo.

2248 4986 2317 5039 Ι).
2367 4987 2505 5053 Quot
2555 4995 2677 5041 sunt
2735 4986 2879 5040 modi
2943 4985 3343 5055 praedictionum
3402 4985 3456 5041 in
3505 4985 3754 5041 Christo?

2178 5077 2257 5132 Μ.
2299 5076 2434 5132 Fere
2478 5078 2660 5147 viginti
2705 5090 2819 5131 sex.
2865 5080 2970 5131 Aut
3010 5076 3075 5131 de
3106 5074 3436 5130 nuiru’biLbus
3480 5078 3596 5145 ejus
3624 5092 3751 5132 eun-

2174 5177 2332 5236 ceptu
2360 5176 2410 5221 et
2441 5170 2688 5233 nomine,
2720 5180 2777 5220 ut
2799 5176 2880 5221 est
2913 5184 2927 5221 :
2963 5164 3090 5219 Ecce
3121 5164 3281 5235 Virgo
3316 5167 3370 5218 in
3398 5176 3542 5220 utero
3578 5169 3749 5221 conci-

2178 5261 2308 5328 piet,
2331 5272 2375 5314 et
2399 5260 2559 5329 pariet
2580 5259 2747 5329 [ilium
2764 5275 2781 5322 ;
2799 5270 2847 5313 et
2862 5259 3103 5312 uocabant
3121 5268 3298 5310 nomen
3315 5261 3425 5328 ejus
3452 5256 3749 5312 Emmanuel

2178 5347 2323 5420 (lsa.
2365 5363 2468 5413 vn,
2504 5347 2627 5421 14).
2662 5352 2765 5402 Aut
2804 5350 2871 5403 de
2914 5349 3031 5403 loco
3063 5345 3390 5413 nativitaﬁs,
3431 5356 3488 5401 ut
3525 5358 3605 5403 est
3638 5365 3651 5399 :
3684 5346 3752 5402 Et

2173 5454 2225 5498 tu
2243 5486 2259 5510 ,
2284 5444 2596 5508 Bethlehem,
2621 5443 2795 5496 civitas
2816 5427 2955 5494 dada
2971 5481 2985 5504 ,
3010 5441 3150 5493 nullo
3173 5443 3321 5493 modo
3344 5442 3509 5493 minor
3532 5442 3651 5494 es’in
3678 5444 3751 5493 ci-

2174 5536 2405 5591 vitatibus
2431 5534 2584 5591 Juda:
2612 5550 2624 5563 ο
2644 5550 2708 5590 cx
2730 5543 2777 5589 te
2799 5534 2933 5589 enim
2955 5532 3155 5604 prodit!
3183 5532 3291 5586 dua:
3315 5532 3401 5602 qui
3430 5540 3566 5601 reget
3583 5540 3750 5602 popu-
