4100 6194
425 280 494 334 δἸ

1507 283 1592 338 DE
1634 285 1973 341 PARTIBUS
2012 285 2144 340 ΠΝ.
2186 283 2386 343 LEGIS
2425 286 2554 343 LIB.
2601 287 2664 342 Il.

3632 262 3701 350 δέ

427 394 540 446 tum
583 409 753 446 meum
787 391 956 446 Israel
985 388 1168 463 (Mica.
1219 409 1273 457 ν,
1306 391 1379 460 Ξ).
1417 395 1520 446 Ant
1552 411 1646 463 pro
1686 398 1768 449 his
1811 413 1929 464 qua:
1961 395 2011 450 in
2045 400 2088 456 Α
2118 396 2272 464 plaga
2299 404 2346 449 et
2372 413 2425 450 tn
2446 412 2698 450 wrumna.
2727 395 2847 466 Ipse
2872 408 3045 453 autem
3071 399 3361 455 vulneratus
3391 411 3464 457 est
3492 413 3620 472 prop
3645 424 3702 459 er

431 483 751 538 rudimentis
801 485 996 551 gessit;
1049 495 1106 538 ut
1161 495 1240 538 est
1300 502 1310 536 :
1361 483 1669 555 Priusquam
1719 487 1845 541 sciat
1895 504 2017 554 puer

432 591 731 646 cognoscere
768 577 994 639 malum,
1037 585 1085 630 et
1125 575 1310 644 eligere
1347 578 1536 632 bonum
1592 577 1724 649 (Isa.
1767 595 1868 644 vn,
1904 579 2014 643 16).

433 667 540 725 Aut
578 666 643 721 de
676 664 888 734 iustitia
930 666 1048 735 ejus
1080 678 1240 736 atqtte
1277 666 1514 736 judicio,
1543 679 1599 722 ut
1626 678 1746 724 est:
1775 668 2015 726 Dilext'sti

434 758 682 820 iustitiam
743 765 792 811 τι
848 757 1003 810 odisti
1062 758 1416 825 iniquitatem;
1453 772 1730 830 propterea
1774 763 1922 816 unxit
1969 773 2016 818 te

433 848 598 914 Deus,
643 847 783 904 Deus
825 859 969 915 tuus,
1019 851 1130 902 oleo
1173 851 1364 904 lwtitiae
1403 867 1511 919 pra:
1549 854 1878 921 participibus
1917 855 2016 909 tuis

434 938 672 1008 (Psalm.
707 955 857 1006 XLIV,
882 939 972 1008 8).
996 943 1101 993 Aut
1121 940 1188 993 de
1222 940 1496 996 divinitate
1527 944 1677 1012 ejus,
1703 955 1758 998 ut
1781 955 1861 1000 est
1885 962 1898 999 :
1923 944 2018 999 Ge-

433 1031 745 1083 nerationem
783 1032 896 1101 ejus
924 1033 1035 1098 quis
1063 1031 1320 1083 enarrabit
1354 1030 1500 1102 (Isa.
1533 1049 1652 1098 Ltn,
1685 1032 1786 1104 8)?
1817 1039 1920 1090 Aut
1947 1036 2016 1092 de

435 1119 739 1174 visitatione
767 1120 1145 1188 assumptionis
1173 1122 1447 1187 humanm,
1481 1133 1536 1178 ut
1561 1135 1643 1178 est
1695 1142 1708 1179 :
1761 1126 1898 1190 Quid
1939 1139 2014 1182 est

437 1209 604 1274 homo,
643 1210 777 1275 quod
823 1225 1015 1262 memor
1057 1225 1109 1262 es
1149 1211 1293 1280 ejus,
1323 1223 1409 1265 aut
1438 1214 1576 1280 ﬁlius
1613 1215 1862 1283 hominis,
1893 1221 2015 1286 quia

437 1301 648 1355 tisitasti
699 1317 814 1354 eum
870 1299 1108 1370 (Psalm.
1163 1318 1289 1370 vni,
1338 1292 1448 1374 5')?
1503 1308 1608 1362 Aut
1673 1325 1767 1378 pro
1815 1313 2014 1368 unitate

438 1392 644 1446 deitatis
697 1400 749 1446 et
777 1392 1008 1458 Carnis,
1059 1404 1116 1446 ut
1163 1404 1246 1448 est
1302 1410 1316 1448 :
1365 1393 1508 1450 Puer
1559 1409 1704 1453 natus
1749 1412 1823 1455 est
1871 1404 2013 1458 nobis

438 1480 584 1552 (Isa.
614 1496 688 1549 ts,
710 1482 778 1551 6)
811 1500 823 1534 :
852 1491 906 1537 et
931 1481 1266 1552 postmodum
1290 1485 1529 1541 addidit:
1560 1488 1696 1542 Deus
1713 1490 1882 1560 fortis.
1909 1497 2014 1549 Aut

435 1570 501 1624 de
533 1571 766 1640 potentia
798 1571 914 1640 eius
941 1581 996 1626 et
1023 1586 1220 1640 regno,
1253 1583 1310 1628 ut
1336 1585 1420 1630 est
1449 1595 1460 1628 :
1496 1575 1607 1648 Ego
1635 1581 1800 1633 autem
1827 1584 2013 1635 consti-

436 1671 575 1714 tutus
600 1679 711 1718 sum
735 1679 827 1717 rex
855 1663 919 1716 ab
947 1679 1003 1717 eo
1035 1681 1184 1734 super
1223 1665 1354 1721 Sion
1395 1680 1615 1724 montem
1641 1682 1873 1726 sanctum
1901 1678 2012 1743 ejus

2118 485 2410 554 iniquitates
2451 497 2683 554 nostras,
2713 497 2760 542 et
2804 489 3094 556 inﬁrmatus
3133 503 3206 546 est
3245 504 3448 564 propter
3494 511 3700 564 peccata

2118 583 2291 628 nostra
2325 574 2460 645 (Isa.
2509 592 2632 645 LIII,
2668 577 2814 648 2—5).
2853 580 2956 633 Aut
2999 580 3312 638 divisionem
3355 586 3700 643 vestimento-

2119 678 2236 718 rum
2267 665 2414 734 ejus,
2448 676 2503 722 ut
2537 683 2552 722 :
2587 667 2876 722 Diviserunt
2901 671 2996 724 sibi
3027 675 3322 726 vestimenta
3351 691 3490 740 mea,
3532 687 3578 732 et
3613 696 3702 733 su-

2119 771 2209 823 per
2234 770 2419 809 eestem
2452 773 2618 811 meam
2649 761 2890 814 miserunt
2920 771 3120 818 sortem.
3152 762 3381 833 (Psalm.
3421 781 3541 830 ut,
3577 770 3696 837 19).

2117 849 2224 899 Aut
2245 847 2687 902 resurrectionem
2715 850 2956 915 Domini,
2983 861 3036 904 ut
3065 869 3076 904 :
3105 851 3225 904 Non
3248 854 3560 923 derelinqucs
3587 859 3700 911 ani-

2117 949 2255 985 mam
2285 949 2447 987 meum
2473 936 2525 988 in
2555 937 2774 1006 inferno,
2806 953 2894 990 nec
2924 939 3068 992 dabis
3095 941 3345 1000 Sanctum
3373 952 3512 996 tuum
3535 946 3702 1000 uidere

2117 1028 2490 1095 corruptionem
2527 1026 2750 1098 (Psalm.
2794 1047 2891 1098 xv,
2925 1028 3037 1102 11)).
3081 1037 3186 1088 Aut
3215 1037 3545 1094 Vocationetn
3581 1041 3702 1114 Filii

2115 1117 2409 1170 secundum
2467 1130 2792 1188 assumptum
2851 1120 3240 1191 humilitatem,
3299 1137 3356 1181 ut
3408 1139 3492 1184 est
3547 1147 3560 1184 :
3620 1129 3700 1186 De

2117 1203 2351 1274 Afgypto
2383 1210 2556 1261 vacavi
2585 1210 2752 1278 ﬁlium
2808 1221 2972 1265 nteum
3028 1214 3173 1285 (Ore.
3213 1231 3300 1281 XI,
3333 1218 3404 1286 1).
3435 1223 3538 1274 Aut
3563 1218 3696 1275 divI‘

2115 1298 2298 1352 uitatis
2329 1297 2448 1367 ejus
2476 1301 2874 1369 generationem
2904 1315 3025 1360 ante
3056 1309 3370 1377 principium
3396 1353 3410 1377 ,
3460 1324 3511 1366 ut
3553 1323 3634 1370 cst
3679 1331 3694 1369 :

2116 1383 2201 1440 Ea:
2241 1398 2382 1442 utero
2425 1398 2544 1442 ante
2588 1391 2860 1461 luciferum
2900 1398 3053 1465 genui
3100 1406 3148 1452 te
3198 1397 3417 1467 (Psalm.
3449 1418 3566 1468 Ctx,
3615 1403 3691 1474 5).

2115 1477 2221 1527 Aut
2264 1477 2560 1530 secundum
2613 1479 2729 1548 ejus
2777 1482 3062 1539 adventum
3120 1504 3134 1539 :
3180 1487 3311 1542 Ecce
3353 1507 3507 1559 super
3540 1493 3695 1548 nubes

2115 1563 2228 1618 caeli
2272 1567 2401 1619 sicut
2429 1563 2478 1617 Γ
2483 1569 2602 1622 ilius
2650 1570 2871 1625 hominis
2911 1573 3072 1645 (Dan.
3125 1591 3214 1644 vn,
3253 1577 3364 1648 15).
3399 1577 3466 1633 ι).
3499 1581 3696 1637 Omnes

2115 1652 2200 1706 ha:
2229 1655 2448 1722 praedict
2470 1671 2602 1711 ones
2631 1657 2700 1713 de
2736 1661 2852 1714 solo
2894 1663 3170 1722 Salvatore
3199 1678 3222 1706 ο
3253 1684 3359 1724 non
3396 1671 3693 1743 intelligun-

433 1750 660 1819 (Psatm.
735 1768 785 1820 t,
817 1754 896 1823 6).
937 1756 1044 1809 Aut
1077 1757 1144 1811 de
1178 1751 1515 1816 inimicorum
1538 1742 1931 1834 contractione,
1953 1778 2005 1823 ut

2118 1745 2235 1796 tur?
2281 1742 2358 1797 Μ.
2395 1745 2612 1800 Duobus
2642 1749 2814 1804 modis
2843 1751 2956 1806 hinc
2982 1756 3216 1810 solemus
3244 1761 3506 1828 accipere.
3537 1742 3694 1830 Quas-

434 1853 516 1895 est
541 1859 554 1893 :
583 1840 766 1896 Omnia
786 1845 1044 1916 subjecisti
1063 1848 1154 1900 sub
1171 1849 1381 1918 pedibus
1401 1852 1512 1918 eius
1532 1851 1756 1923 (Psalm.
1787 1873 1902 1925 vni,
1933 1861 2009 1928 8).

435 1932 542 1985 Aut
587 1931 656 1986 de
699 1933 818 2000 ejus
862 1935 1130 2004 doctrina,
1162 1948 1220 1990 ut
1257 1949 1339 1994 est
1368 1957 1382 1994 :
1413 1942 1687 2010 Speciosus
1715 1946 1880 2014 [arma
1910 1966 2016 2020 pra:

436 2019 560 2089 ﬁliis
590 2021 853 2077 hominum
877 2023 1097 2095 (Psalm.
1133 2044 1274 2096 xuv,
1305 2030 1380 2101 5).
1410 2037 1515 2088 Aut
1537 2037 1602 2094 de
1623 2039 1738 2106 ejus
1758 2019 2015 2096 docwiuat

436 2111 696 2179 utilitate,
721 2121 780 2166 ut
799 2125 876 2168 est
901 2133 914 2168 :
937 2115 1156 2185 Pr0pter
1182 2121 1460 2190 veritatem,
1476 2134 1527 2177 et
1551 2131 2011 2198 mansuetudinem,

427 2210 480 2254 et
499 2202 768 2268 justitiam
792 2202 950 2275 (Ibid.
972 2245 989 2272 ,
1017 2206 1096 2279 5).
1125 2210 1233 2264 Aut
1261 2226 1356 2280 pro
1384 2214 1679 2286 miraculis,
1707 2229 1766 2273 ut
1790 2230 1872 2275 est
1899 2239 1913 2274 :
1945 2221 2014 2277 Et

433 2294 646 2348 deducet
677 2305 726 2348 te
750 2297 1048 2354 mirabiliter
1075 2300 1282 2356 dextera
1321 2313 1407 2358 tua
1437 2305 1645 2378 (Ibid.).
1674 2313 1780 2366 Aut
1809 2313 1877 2367 de
1900 2314 2013 2384 glo-

437 2382 736 2440 riﬁcatione
777 2401 936 2456 quam
971 2389 1114 2457 jnste
1161 2407 1190 2445 a
1231 2392 1472 2451 ﬁdelibus
1499 2401 1762 2469 suscepit,
1797 2412 1854 2457 ut
1882 2382 2010 2459 est:

438 2466 718 2544 P}0pterea
756 2479 934 2548 populi
963 2483 1331 2550 conﬁtebuntur
1361 2488 1451 2540 tibi
1483 2489 1535 2542 in
1573 2466 1847 2562 teternunt,
1885 2507 1932 2549 et
1959 2513 2013 2550 in

433 2568 678 2618 secutum
708 2570 883 2622 steculi
914 2569 1071 2642 (Ibid.
1091 2574 1254 2646 ,.18).
1284 2578 1392 2631 Αυι
1431 2579 1498 2634 de
1535 2582 1846 2649 probatione
1876 2603 2012 2656 prte-

433 2655 754 2728 dicationis,
800 2670 857 2716 ut
897 2673 980 2718 est
1025 2681 1039 2718 :
1089 2663 1325 2735 Domine,
1363 2669 1610 2729 Dominus
1639 2687 1822 2743 noster,
1854 2655 2011 2749 quam

432 2751 736 2806 admirabile
762 2765 832 2808 est
876 2772 1057 2810 nomen
1101 2768 1240 2814 tuum
1289 2761 1526 2834 (Psalm.
1577 2784 1696 2837 vin,
1750 2771 1849 2841 2)!
1905 2777 2014 2833 Aut

430 2841 505 2896 de
549 2845 886 2915 sacerdotio,
937 2858 1002 2904 ut:
1038 2861 1120 2905 est
1166 2868 1181 2906 :
1231 2853 1310 2909 Tu
1347 2873 1399 2912 es
1424 2863 1658 2916 sacerdos
1687 2865 1740 2918 in
1765 2881 2011 2923 teternum

433 2930 657 3001 (Psalm.
701 2951 816 3003 cu,
844 2937 920 3009 5).
959 2943 1065 2996 Aut
1091 2942 1159 2999 de
1195 2944 1394 3013 judicio
1423 2949 1538 3020 ejus
1573 2961 1734 3023 atque
1770 2957 2007 3032 justitia,

433 3036 492 3081 ut
530 3038 615 3082 est
665 3047 679 3082 :
732 3029 798 3085 In
827 3032 1200 3102 -sptendoribus
1243 3053 1536 3096 sanctorum
1565 3044 1760 3115 (Ibid.,
1802 3053 1884 3122 Δ).
1941 3029 2012 3108 Et

429 3131 622 3174 rursus
653 3138 667 3174 :
696 3119 990 3194 Judicabit,
1020 3129 1248 3196 implebit
1275 3135 1482 3201 ruinas,
1512 3140 1796 3212 confringet
1841 3119 2010 3217 capita
2037 3123 2084 3187 θ

430 3210 490 3262 in
519 3219 658 3266 terra
698 3213 973 3268 multorum
1003 3215 1198 3288 (Ibid.,
1227 3221 1304 3292 6).
1350 3225 1459 3280 Aut
1497 3227 1564 3282 de
1591 3210 1858 3288 laboribus
1889 3210 2012 3292 vitae

429 3301 580 3370 ejus,
629 3311 687 3358 ut
725 3314 810 3360 est
856 3324 870 3358 :
917 3305 995 3361 De
1037 3317 1254 3365 torrente
1299 3313 1354 3368 in
1403 3317 1484 3370 uia
1529 3318 1656 3374 bibet
1697 3321 1890 3392 (Ibid.,
1929 3328 2007 3398 9).

429 3394 540 3447 Aut
572 3393 835 3463 placidum
867 3397 1008 3454 circa
1036 3400 1250 3458 Patrem
1280 3403 1660 3467 incarnationis
1696 3393 2008 3484 mysterium

431 3486 706 3578 Scriptura
725 3491 1020 3563 signiﬁcat,
1051 3507 1107 3552 ut
1133 3509 1214 3555 est
1242 3517 1258 3556 :
1288 3500 1420 3558 Ecce
1445 3522 1572 3576 puer
1598 3523 1768 3578 meus,
1795 3512 2008 3570 dilectus

432 3575 585 3638 mitti,
639 3575 693 3627 in
731 3591 836 3644 quo
870 3578 1184 3647 cotnplacuit
1220 3585 1404 3640 anima
1441 3605 1555 3644 mea
1591 3591 1732 3663 (Isa.
1756 3575 1892 3664 at”,
1929 3598 2007 3667 1).

427 3667 539 3720 Aut
566 3668 740 3722 sancti
772 3667 1010 3738 Spiritus
1031 3683 1059 3714 ει
1095 3672 1452 3749 inlusionem,
1484 3699 1646 3754 quam
1672 3687 1862 3757 utique
1906 3690 2036 3756 ho-,

425 3773 520 3813 mo
545 3759 613 3814 ab
641 3777 705 3816 eo
733 3775 1028 3834 susoeptus
1057 3773 1257 3824 meruit
1296 3772 1410 3828 sive
1443 3776 1496 3829 in
1534 3779 1802 3849 principio
1834 3782 2005 3852 ipsius

420 3850 846 3924 incarnationis,
868 3858 983 3914 sive
997 3859 1049 3914 in
1069 3861 1432 3935 incremento,
1450 3870 1564 3924 sive
1581 3872 1632 3926 in
1650 3873 2002 3948 baptismate,

421 3943 550 3997 sive
578 3946 632 3997 in
660 3948 954 4019 miraculis,
986 3955 1100 4010 sive
1132 3956 1187 4010 in
1213 3960 1482 4027 doctrina,
1523 3964 1640 4020 sive
1670 3973 1721 4026 in
1753 3985 2001 4034 resurre-

425 4032 635 4100 ctione,
671 4051 728 4092 ut
758 4051 840 4095 est
876 4060 892 4097 :
935 4043 1142 4101 Ponam
1176 4049 1432 4118 Spiritum
1467 4071 1640 4114 meum
1679 4081 1842 4136 super
1879 4085 1999 4124 eum

426 4128 446 4194 (
470 4123 637 4199 Ibid.)
671 4142 725 4187 et
756 4152 770 4187 :
798 4134 1034 4204 Spiritus
1073 4141 1289 4200 Domini
1334 4164 1493 4218 super
1541 4169 1622 4208 me
1649 4197 1664 4222 ,
1722 4123 1993 4226 propterea

418 4221 575 4276 unxit
605 4227 726 4296 me(
753 4225 868 4286 Isa.
921 4247 1034 4299 ιιι,
1071 4235 1095 4289 1
1128 4237 1149 4305 )
1180 4271 1202 4304 ,
1235 4249 1290 4294 et
1333 4241 1566 4312 reliqua.
1610 4221 1732 4304 Aut-
1767 4221 1993 4323 diligen-

421 4317 552 4366 tiam
605 4316 748 4373 circa
801 4321 1123 4394 discipulos,
1161 4339 1216 4384 ut
1264 4342 1395 4388 est:
1435 4336 1561 4392 Non
1619 4340 1774 4412 dicet,
1827 4316 1994 4416 neque

411 4401 708 4475 clamabit,
758 4429 923 4483 neque
972 4419 1153 4474 audiet
1203 4425 1320 4492 quis
1355 4427 1409 4482 in
1444 4429 1632 4495 plateis
1669 4401 1838 4491 vocem
1875 4401 1989 4508 eius

410 4493 566 4562 Usa.
617 4515 749 4565 mi,
781 4503 860 4597 2).
901 4508 1009 4562 Aut
1037 4505 1342 4571 sessionem
1393 4493 1513 4589 ejus
1551 4539 1718 4594 super
1772 4493 1987 4597 iuni-en;

407 4594 552 4655 ιιιιιιι,
568 4599 628 4643 ιιι
647 4602 730 4646 est
759 4612 778 4655 ;
813 4593 896 4651 Ne
913 4601 1118 4672 timeas,
1137 4605 1254 4675 ﬁlia
1269 4607 1421 4680 Sion,
1445 4629 1557 4670 ecce
1581 4593 1670 4672 rex
1695 4629 1816 4675 tuus
1850 4627 1986 4680 venit

403 4679 591 4765 sedens
617 4698 780 4782 super
799 4690 1006 4782 pullum
1037 4698 1206 4751 asina:
1238 4700 1256 4766 (
1288 4679 1451 4761 lactt.
1485 4719 1560 4776 is,
1594 4708 1626 4764 9
1653 4709 1696 4781 ).
1723 4713 1826 4766 Au‘t
1854 4731 1977 4782 pas-

417 4769 599 4858 siones
631 4769 710 4817 Vel
738 4771 1061 4833 sepulturam
1093 4793 1386 4852 causasque
1409 4769 1596 4846 eorum
1615 4835 1629 4857 ,
1653 4769 1719 4850 ἰιι
1747 4769 1946 4857 dicitur
1976 4823 1989 4858 :

421 4843 766 4959 Vidimusnet
795 4875 895 4913 non
923 4862 1138 4921 habebat
1165 4843 1378 4939 speciem
1408 4843 1991 4959 neque“

410 4938 602 5006 species
630 4943 1026 5044 iit-Itonorabt'lis,
1064 4938 1276 5026 inferior
1305 4938 1535 5024 omnibus

412 5041 596 5130 rursus
627 5050 640 5084 :
669 5033 722 5088 Η
727 5053 842 5092 onto
863 5041 916 5094 in
937 5044 1125 5116 plagis,
1147 5059 1194 5102 et
1220 5054 1382 5110 sciens
1406 5057 1540 5124 ferre
1565 5061 1592 5102 ιι
1619 5065 1989 5145 humilitatem,

409 5120 529 5228 quia
578 5126 800 5181 aduersa
849 5134 1008 5201 {acies
1056 5141 1167 5209 ejus
1212 5153 1260 5196 et
1302 5120 1634 5210 dehonesttita
1681 5171 1786 5228 est,
1832 5179 1878 5220 et
1922 5120 1992 5224 uti

406 5210 626 5326 attritum
655 5232 916 5287 reputatus
957 5241 979 5279 .'
1019 5228 1127 5297 ipse
1154 5248 1364 5302 peccata
1393 5253 1565 5299 nostra
1592 5210 1787 5317 portat:
1818 5267 1867 5308 et
1896 5275 1992 5326 pro

405 5301 550 5358 nobis
594 5306 767 5375 dolet;
793 5323 842 5366 et
865 5331 970 5372 nos.
986 5301 1273 5388 putarimus
1300 5344 1548 5390 cumesse
1571 5301 1623 5392 in
1648 5301 1824 5400 dolore
1852 5301 1982 5408 etrin

433 5489 502 5580 ιζ
529 5482 707 5580 Sancte
734 5487 848 5580 lege
877 5509 892 5551 :
921 5496 1207 5580 nam_haud
1237 5501 1337 5580 ista
1361 5521 1484 5580 cum
1515 5513 1726 5580 placitis
1776 5521 1979 5579 theolo-

399 5565 498 5650 gia
528 5567 847 5650 consonant,
881 5579 1000 5632 qua:
1027 5569 1214 5650 docent
1245 5565 1531 5650 Christum.

399 5625 802 5722 Saganis-netu}
823 5625 945 5722 (nec
977 5640 1197 5722 gratiam
1246 5625 1851 5722 aut—:gloiiamwauitiaui:
1867 5625 1978 5722 "1L:

399 5697 596 5762 ruisse,
626 5697 718 5752 sed
748 5697 1974 5797 gloriam'duntaxatsuiﬁcorpoiisxi'nmninis

2117 1831 2238 1885 dam
2269 1835 2412 1888 enim
2443 1836 2516 1890 ita
2562 1837 2613 1890 in
2660 1839 2824 1907 ipsius
2860 1857 3141 1910 personam
3177 1849 3424 1914 prtedicia
3454 1863 3606 1921 sunt,
3639 1865 3698 1912 ut

2116 1922 2238 1977 aliis
2286 1929 2578 1982 convenire
2625 1944 2731 1984 non
2781 1933 3023 2002 potsint,
3068 1938 3206 1992 sicut
3254 1939 3450 2009 legitur
3507 1959 3520 1998 :
3574 1943 3697 2000 Non

2114 2013 2313 2081 deﬁciet
2341 2017 2574 2088 princeps
2616 2034 2682 2072 ea:
2714 2020 2886 2088 Iuda,
2919 2041 3078 2095 neque
3104 2029 3212 2082 dux
3246 2046 3310 2084 ex
3335 2032 3528 2100 femore
3554 2037 3694 2105 ejus,

2114 2105 2274 2160 donec
2302 2111 2466 2162 veniat
2495 2112 2580 2163 cui
2605 2114 2828 2180 reposita
2879 2127 2995 2168 sunt
3027 2116 3181 2188 (Cen.
3222 2135 3376 2190 sunt,
3412 2123 3517 2192 IU).
3543 2124 3588 2190 Q
3610 2143 3696 2179 ,ιιι-

2114 2193 2238 2248 dam
2274 2210 2402 2250 vero
2431 2199 2531 2252 sub
2561 2199 2783 2254 alterius
2825 2218 3068 2270 persona:
3098 2209 3380 2264 occasione
3417 2213 3692 2280 dicuntur,

2113 2283 2180 2337 ad
2225 2283 2497 2340 Christum
2531 2297 2709 2344 tamen
2754 2291 3027 2348 intellectu
3055 2298 3355 2364 respiciunt
3388 2317 3400 2352 :
3432 2299 3498 2353 In
3527 2313 3604 2370 te,
3649 2315 3695 2358 et

2112 2373 2300 2428 semine
2321 2384 2408 2428 tuo
2429 2377 2785 2432 benedicentur
2805 2397 2977 2436 omnes
3001 2395 3173 2454 gentes
3214 2386 3364 2458 (Gen.
3399 2406 3506 2447 xm
3524 2435 3539 2462 ,
3580 2394 3692 2466 i8).

2683 2513 2908 2572 CAPUT
2934 2517 3118 2574 XXIII.

2113 2616 2192 2672 De
2219 2593 2634 2689 prtedictionibus
2659 2625 2728 2678 ad
2752 2631 3069 2750 negationem.
3078 2633 3306 2701 gentium
3327 2640 3694 2706 pertinentibus

2758 2713 2816 2750 δυ
2931 2715 3042 2750 εαε.

2758 2713 2850 2750 suo
2889 2713 3042 2769 Lege.

2183 2817 2254 2873 Ι).
2293 2819 2556 2888 Quoniam
2602 2824 2978 2900 prtedictiones
3027 2829 3096 2884 de
3142 2830 3359 2888 Christo
3412 2837 3586 2894 dictas
3638 2843 3690 2898 in

2115 2911 2279 2964 veteri
2325 2912 2469 2981 Lege
2517 2914 2890 2983 probavimus,
2937 2922 3004 2972 da
3043 2935 3136 2975 eas
3183 2939 3301 2993 qua:
3349 2927 3415 2982 de
3463 2933 3694 2999 gentium

2114 2998 2391 3054 vocatione
2410 3010 2534 3055 sunt
2553 3003 2760 3072 posit-te.
2789 3003 2862 3057 bl.
2893 3006 2969 3061 De
2997 3012 3276 3068 vocatione
3299 2998 3532 3087 gent'um
3560 3039 3709 3091 pra:-

2113 3087 2372 3144 dictioncs
2404 3089 2516 3145 fere
2563 3092 2749 3148 decem
2792 3105 2847 3150 et
2874 3110 3080 3167 septem
3109 3105 3282 3160 modis
3321 3111 3520 3176 positas
3547 3087 3693 3169 acci-

2114 3176 2312 3246 pimus.
2357 3179 2657 3248 Aliquando
2693 3184 2835 3239 enim
2866 3189 3230 3257 acceptionem
3275 3209 3455 3252 earum
3495 3202 3700 3272 signiIi'

2112 3274 2270 3334 cant,
2303 3281 2423 3321 cum
2451 3268 2647 3324 dicitur
2671 3288 2684 3324 :
2719 3271 2835 3344 Ego
2863 3279 3117 3332 wntulabo
3142 3297 3228 3334 eos
3256 3285 3309 3337 in
3335 3302 3438 3341 non
3465 3268 3657 3359 getitem
3675 3335 3692 3361 ,

2111 3356 2166 3408 in
2193 3367 2390 3428 gentem
2415 3359 2735 3429 insipientem
2763 3367 2973 3422 irrita-bo
3018 3385 3105 3424 eos
3151 3373 3334 3440 (Deut.
3375 3356 3555 3448 xxnn,
3579 3356 3690 3454 Ἣ).

2111 3447 2413 3516 Aliquando
2468 3451 2836 3521 inﬁrmitates,
2891 3473 3232 3529 peccatorum
3286 3447 3688 3543 expulsioncm,

2111 3538 2506 3609 meliorumque
2549 3542 2880 3613 doctrinam,
2912 3565 3034 3604 cum
3078 3553 3272 3612 dicitur
3301 3576 3316 3614 :
3347 3538 3694 3622 I’ronuutiure

2111 3629 2416 3698 pauperibus
2449 3633 2584 3686 misit
2613 3650 2694 3690 me
2712 3679 2727 3704 ,
2759 3642 3041 3708 pra'dicare
3069 3649 3278 3717 captiuis
3306 3655 3654 3712 remissionem
3672 3702 3688 3728 ,

2109 3727 2156 3771 et
2176 3721 2322 3773 caecis
2341 3723 2500 3776 visum
2532 3723 2668 3794 (Isti.
2705 3743 2824 3796 ut,
2849 3732 2903 3802 1)
2929 3748 2952 3799 ;⁷
2974 3736 3260 3806 aliquando
3283 3747 3505 3811 gratiam
3531 3721 3689 3818 quam

2109 3821 2428 3880 acceperant
2445 3855 2459 3878 ,
2493 3814 2606 3870 sive
2632 3818 2890 3886 adoption
2908 3839 2932 3874 ε
2949 3865 2964 3891 ,
2991 3825 3104 3882 sive
3130 3814 3687 3903 miraculorumpcum

2108 3898 2352 3956 dicitur:
2399 3901 2556 3959 Filia:
2591 3921 2766 3977 regm
2805 3913 2858 3964 in
2896 3913 3090 3971 honore
3135 3929 3222 3972 tuo
3266 3938 3286 3975 :
3329 3927 3488 3981 astitit
3515 3898 3690 4002 regina

2106 3990 2346 4047 adextris
2384 3996 2486 4048 tuis
2513 3995 2737 4065 (Ριαιιιι.
2771 4017 2914 4069 λιιν,
2946 4005 3054 4076 10).
3087 4009 3388 4081 Aliquando
3413 3990 3690 4076 etiamvatl-

2105 4083 2454 4139 munitionem
2477 4125 2491 4150 ,
2523 4096 2582 4141 ut
2605 4089 2744 4144 illud
2765 4095 2904 4162 quod
2937 4100 3178 4167 sequitur
3207 4119 3221 4158 :
3256 4108 3419 4176 Audi,
3462 4113 3608 4179 ﬁlia,
3641 4128 3687 4168 et

2105 4171 2246 4237 uide,
2299 4183 2348 4228 et
2397 4175 2596 4232 inclina
2644 4195 2822 4236 autem
2872 4193 3045 4254 tuam,
3097 4171 3684 4272 obliviscere-populum

2105 4271 2250 4316 tuum
2289 4264 2498 4336 (Ibid.,
2547 4268 2671 4342 11).
2721 4274 3019 4344 Aliquando
3057 4264 3684 4362 glorillcatlonc'm'quam

2102 4352 2316 4410 Christo
2359 4357 2649 4426 debemus,
2682 4371 2806 4418 cum
2835 4367 2866 4420 ιι
2890 4369 3028 4425 citur
3059 4391 3071 4425 ε
3106 4375 3240 4441 Quia
3266 4377 3373 4449 ipse
3401 4393 3473 4435 est
3505 4352 3684 4441 Domi-

2103 4462 2198 4499 nus
2232 4445 2373 4502 Deus
2417 4461 2560 4515 tuus,
2592 4455 2830 4510 adorabis
2871 4473 2982 4512 cum
3011 4461 3206 4537 (Ibid.,-
3242 4445 3351 4539 Η).
3386 4473 3686 4543 Aliquando

2107 4536 2492 4594 beatitudinem
2522 4553 2574 4598 et
2605 4545 2852 4601 virtutem
2881 4565 3044 4620 quam
3070 4536 3533 4631 mereturilidelis,
3561 4585 3682 4624 cum

2104 4626 2298 4684 dicitur
2322 4646 2334 4682 :
2365 4630 2702 4689 Adducentur
2723 4639 2830 4708 regi
2850 4646 3065 4712 virgines
3087 4659 3199 4716 post
3222 4667 3328 4703 eam
3349 4626 3540 4725 (Ibid.,
3573 4660 3682 4727 I5).

2101 4719 2402 4787 Aliquando
2429 4721 2666 4778 Iustitiam
2702 4728 2753 4780 in
2785 4743 2886 4797 qua
2917 4745 3066 4800 sunt,
3101 4719 3394 4804 profectum
3422 4719 3574 4799 suum
3608 4719 3682 4802 νὶ-

2101 4809 2312 4876 dentes,
2333 4828 2454 4867 cum
2474 4815 2670 4871 dicitur
2696 4836 2707 4871 :
2735 4821 3066 4876 Addueemur
3091 4843 3209 4879 cum
3227 4834 3416 4898 gaudio
3440 4847 3486 4888 et
3509 4843 3683 4892 exsut-

2099 4902 2294 4955 tatione
2321 4901 2510 4972 (Ibid.,
2545 4906 2662 4976 16).
2699 4911 2996 4981 Aliquando
3026 4919 3380 4975 sacerdotium
3411 4937 3464 4980 et
3503 4931 3679 4986 eccle-

2093 4993 2364 5051 siasticam
2395 5001 2832 5058 conSuetudiacm
2853 5047 2868 5071 ,
2899 5022 3019 5062 cum
3050 5009 3245 5065 dicitur
3272 5029 3286 5066 :
3317 5012 3426 5070 Pro
3454 5023 3598 5088 patri.
3621 5043 3680 5078 tts

2094 5086 2196 5139 tuis
2219 5088 2325 5140 nati
2349 5101 2469 5154 sunt
2491 5091 2582 5144 tibi
2604 5093 2702 5160 ﬁlii
2729 5094 2924 5167 (Ibid.,
2953 5097 3065 5170 ιτ).
3097 5103 3398 5175 Aliquando
3426 5086 3692 5172 Ecclesia?

2094 5173 2432 5243 Spiritualem-
2456 5181 2863 5262 tedillcatiunem
2882 5229 2895 5255 ,
2921 5204 3040 5245 cum
3067 5173 3264 5252 dicitur
3290 5215 3302 5250 :
3332 5198 3414 5254 Ex
3437 5207 3681 5272 gradibus

2091 5266 2354 5338 eburneis,
2387 5287 2449 5325 ea:
2485 5275 2666 5342 quibus
2705 5286 2751 5330 te
2791 5280 3160 5339 delectaverunt
3203 5285 3392 5358 (Ibid.,
3438 5266 3520 5363 il).
3568 5298 3680 5348 A‘li-

2093 5361 2304 5427 quando
2353 5362 2770 5423 eccic‘siasticant
2819 5377 3227 5445 auctoritatem,
3270 5395 3390 5436 cum
3434 5361 3675 5446 dicitur;

2086 5535 2167 5626 (sini
2207 5534 2601 5626 esaltatiopctn.
2730 5543 2942 5615 Tltom.,
2973 5567 3028 5606 ιιι
3056 5563 3216 5619 part.,
3259 5571 3310 5623 ᾳ.
3356 5559 3447 5626 10,
3473 5577 3575 5622 art.
3619 5571 3670 5626 5.

2083 5605 2436 5710 Βιὶιῆιεέιξιι..
2460 5607 2625 5710 Ipdic.
2648 5614 2834 5710 lib‘rOf.
2860 5605 3342 5710 expuggrandrtoin.
3433 5605 3670 5710 ᾗδὲ-..εἵς

2150 5674 2176 5760 ξ
2215 5676 2377 5760 (ﬁxit,
2407 5679 2678 5760 μαιακέαν.
2717 5687 2863 5760 _\'ulg.
2888 5729 2904 5754 ,
2930 5674 3312 5760 sustentat";

2151 5756 2173 5788 ⁸
2212 5745 2372 5804 Furti:
2403 5745 2532 5818 11's.,
2566 5767 2684 5806 num
2712 5745 2876 5814 intrii.
