4030 6198
399 302 465 358 δι)
608 346 613 351 .
1917 302 2144 358 ιιῖιιιιιι
3582 308 3649 360 ill

399 414 567 470 Panes
594 386 675 468 eos
700 414 947 482 principes
986 430 1135 484 super
1173 432 1365 468 omnem
1397 423 1580 467 (errant
1609 413 1705 480 (Ps
1724 414 1777 467 tl.
1818 430 1958 478 xuv,
1999 420 2040 473 Α
2066 418 2127 462 -ιιι
2155 418 2231 463 est
2258 426 2269 460 :
2315 407 2486 462 Veniet
2513 409 2643 461 enim
2672 405 2715 460 ιν
2719 406 2834 460 ilius
2862 408 3077 462 hominis
3099 409 3149 461 iu
3172 410 3339 479 gloria
3371 410 3543 468 Patris
3571 422 3650 471 sui
3728 406 3729 409 “

400 506 508 575 17).
542 505 838 574 Aliquando
870 504 1254 573 plenitudinem
1292 506 1644 570 credentium,
1674 519 1795 558 cum
1829 504 1967 558 dici—

399 603 484 647 tur
521 611 534 646 :
585 594 879 662 ltcplebitur
926 594 1097 666 gloria
1137 598 1249 666 ejus
1297 597 1459 648 omnis
1500 605 1666 659 terra,
1707 596 1829 663 ﬁat,
1883 596 1974 660 [int

398 684 623 755 (Psalm.
657 702 813 750 uxr,
839 686 949 755 19).
973 684 1270 755 Aliquando
1293 686 1630 739 tolerantiam
1661 687 1774 740 sive
1806 694 1975 740 tenta-

398 763 601 843 tiones,
644 777 758 831 sive
794 777 1189 845 persecutiones
1209 818 1222 844 ,
1249 791 1368 829 cum
1394 776 1583 830 dicitur
1612 793 1625 828 :
1657 775 1826 830 Donec
1849 778 1975 829 edu-

398 880 478 919 cat
527 868 580 921 in
634 869 842 922 victoria
882 869 1169 939 judicium,
1202 877 1248 921 et
1296 868 1347 920 in
1396 868 1598 920 nomine
1644 864 1754 928 eius
1801 877 1974 940 gentes

398 960 674 1027 sperabunt
728 959 875 1029 (lsa.
933 974 1070 1025 xui,
1130 958 1227 1027 4).
1285 958 1581 1027 Aliquando
1638 960 1974 1013 inimicorum

400 1050 814 1103 destructionem
838 1089 853 1117 ,
886 1062 1005 1101 cum
1045 1048 1239 1101 dicitur
1284 1063 1297 1099 :
1340 1047 1406 1099 Et
1434 1048 1624 1100 inimici
1651 1052 1762 1121 ejus
1790 1058 1972 1103 terram
2020 1094 2025 1102 .

400 1142 593 1209 lingent
618 1138 844 1209 (Psalm.
878 1153 1033 1204 uti,
1064 1138 1142 1206 9).
1177 1136 1473 1207 Aliquando
1504 1153 1683 1206 pacem
1716 1153 1818 1207 qua
1849 1154 1974 1208 gau-

398 1229 489 1282 det
518 1238 633 1297 post
664 1228 1062 1297 persecutiones
1095 1228 1360 1294 Ecclesia,
1390 1243 1509 1282 cum
1551 1228 1746 1281 dicitur
1777 1246 1790 1283 :
1827 1229 1970 1283 Orie-

398 1330 483 1372 tur
513 1320 565 1372 in
596 1320 769 1373 diebus
809 1321 916 1391 ejus
944 1320 1156 1388 justitia
1184 1327 1232 1373 et
1250 1320 1526 1389 ‘plenitudo
1556 1322 1728 1389 pacis,
1761 1329 1785 1357 ⁸
1817 1323 1975 1375 donec

399 1409 725 1475 conﬁrmetur
749 1411 873 1463 luna
904 1408 1067 1479 (Ibid.
1091 1449 1106 1473 ,
1146 1411 1223 1480 7).
1271 1411 1573 1481 Aliquando
1601 1412 1971 1467 limreticorum

400 1514 640 1563 errores,
693 1508 748 1553 et
799 1500 927 1553 Elia:
976 1501 1347 1567 praesentiam,
1392 1518 1512 1556 cum
1564 1502 1756 1556 dicitur
1795 1518 1811 1555 :
1846 1500 1975 1556 Ecce

401 1589 685 1641 transmitto
730 1589 868 1642 vobis
908 1587 1077 1641 Etiam
1107 1588 1409 1654 Thesbiten,
1438 1603 1483 1643 et
1524 1593 1775 1644 revocabit
1817 1592 1973 1645 corda

400 1689 603 1749 patrum
622 1682 675 1735 in
701 1681 835 1749 ﬁlios
862 1680 1119 1751 (Malach.
1152 1697 1227 1747 tv,
1247 1684 1301 1749 5,
1324 1683 1400 1751 6).
1419 1683 1718 1753 Aliquando
1739 1683 1970 1738 ﬁdelium

2078 516 2193 550 eum
2234 498 2426 567 angelis
2468 498 2603 560 suis;
2636 506 2681 550 et
2713 506 2829 548 tunc
2858 497 3328 565 reddetounicuique
3368 507 3647 561 secundant

2078 602 2232 651 Opera
2258 602 2370 638 sua.
2409 582 2551 638 Dico
2581 595 2750 637 autem
2794 586 2926 638 vobis
2968 588 3086 652 quia
3130 597 3247 641 sunt
3296 591 3455 659 aliqui
3485 596 3549 647 de
3569 596 3650 649 hic

2076 681 2324 734 stantibus
2340 681 2421 749 qui
2438 696 2538 732 non
2556 679 2823 748 gustabunt
2847 688 3051 731 mortem
3067 678 3221 732 donec
3236 682 3437 735 videant
3463 684 3651 740 Filium

2079 772 2195 823 hom
2220 772 2296 824 nis
2341 772 2615 824 venientem
2660 770 2713 822 in
2762 786 2915 841 regno
2954 786 3046 822 suo
3078 770 3393 841 (Matt/Lm,
3416 777 3504 839 Ξῖ,
3536 781 3650 852 ‘28).

2079 864 2183 915 Aut
2211 861 2488 915 retributio
2538 861 2794 913 honorum
2824 876 2916 913 seu
2947 861 3234 926 maloi-n'm,
3272 872 3331 916 ιιι
3372 880 3492 920 cum
3519 870 3652 925 dici-

2079 958 2204 1004 tur:
2242 951 2305 1002 Et
2336 951 2474 1003 ibunt
2504 951 2588 1003 isti
2632 952 2682 1002 in
2716 966 2910 1013 poenam
2954 958 3225 1018 (uernam,
3269 955 3400 1023 justi
3445 957 3558 1013 vero
3603 963 3654 1015 in

2077 1043 2230 1092 vitam
2256 1049 2501 1093 retentant
2544 1038 2895 1109 (Matthntxv,
2924 1041 3037 1109 46).
3072 1045 3175 1095 Aut
3206 1043 3437 1112 Spiritus
3483 1051 3651 1106 sancti

2077 1131 2360 1198 praesentia
2404 1130 2659 1197 apostolis
2684 1132 2825 1192 data,
2851 1138 2906 1182 ut
2936 1138 3018 1184 est
3051 1148 3062 1184 :
3093 1130 3204 1202 Ego
3227 1136 3413 1203 rogabo
3446 1137 3653 1193 Patre-tt

2076 1237 2263 1285 meum,
2293 1229 2340 1273 ct
2387 1221 2603 1273 alterum
2632 1218 2953 1273 Paracletum
2983 1222 3143 1273 mittet
3172 1224 3310 1276 vobis
3328 1264 3341 1288 ,
3367 1235 3422 1277 ut
3453 1239 3653 1281 maneat

2076 1311 2331 1364 vobiscum
2353 1311 2403 1363 in
2429 1320 2671 1363 aeternum
2695 1309 2945 1380 Spiritum
2967 1312 3186 1365 veritatis
3209 1314 3388 1383 (.lonn.
3424 1332 3532 1381 xtv,
3564 1317 3649 1385 16,

2080 1399 2193 1469 17).
2226 1401 2329 1455 Aut
2358 1400 2715 1454 ecclesiastica
2744 1401 3133 1469 prmttuntiatur
3161 1406 3483 1468 auctoritas,
3516 1408 3651 1464 sicut

2077 1491 2272 1545 dicitur
2302 1508 2315 1543 :
2352 1489 2418 1542 Et
2444 1491 2574 1543 dabo
2609 1480 2696 1543 tibi
2725 1492 2886 1543 claves
2915 1492 3057 1563 regni
3094 1495 3334 1547 ccelorunt
3368 1512 3385 1548 :
3419 1508 3465 1550 et
3494 1501 3651 1565 quod.

2075 1597 2275 1641 cunque
2307 1583 2538 1650 ligaveris
2562 1585 2612 1633 in
2636 1590 2790 1646 terra,
2816 1582 2909 1634 erit
2938 1582 3149 1651 ligatum
3170 1595 3215 1635 et
3243 1584 3294 1636 in
3320 1588 3443 1639 coelo
3471 1587 3689 1658 (Matth.

2076 1685 2189 1735 xw,
2225 1668 2330 1739 l9).
2365 1671 2469 1724 Aut
2491 1685 2656 1735 mors,
2689 1670 2865 1738 passio
2895 1684 2956 1724 ac
2985 1674 3300 1727 resurrectio
3329 1675 3650 1742 Salvatnris,

399 1786 569 1841 spem,
588 1782 639 1828 et
660 1773 951 1828 secundum
971 1774 1259 1829 Salvatoris
1275 1775 1557 1829 adventum
1577 1816 1593 1842 ,
1610 1790 1729 1830 cum
1748 1776 1940 1831 dicitur
1961 1795 1975 1829 :

2083 1762 2225 1816 sicut
2254 1762 2451 1815 dicitur
2480 1779 2493 1817 :
2535 1761 2613 1815 Ex
2640 1762 2729 1815 illo
2751 1762 2897 1831 εωρὶι
2923 1761 3072 1816 Jesus
3104 1765 3366 1819 ostendere
3389 1770 3653 1837 discipulis

402 1862 470 1916 Et
494 1864 602 1932 ipse
624 1865 715 1917 erit
744 1867 1053 1932 exspectatio
1082 1866 1307 1935 gentium
1360 1864 1512 1934 (Gen.
1538 1880 1656 1919 χιιι
1675 1904 1691 1932 ,
1726 1867 1835 1935 10).
1862 1868 1977 1922 Ali-

399 1956 611 2025 quando
636 1955 955 2024 baptismum
986 1954 1204 2010 Joannis
1222 1996 1237 2024 ,
1263 1970 1382 2009 cum
1408 1955 1604 2009 dicitur
1633 1972 1646 2008 :
1680 1955 1809 2009 Ecce
1834 1958 1978 2009 mitto

402 2046 640 2117 angelum
670 2063 837 2100 meum
866 2055 982 2100 ante
1009 2040 1360 2115 [aciem'tuam
1391 2045 1645 2117 (blalach.
1677 2063 1764 2115 ιιι,
1797 2047 1870 2116 1).

967 2178 1193 2235 CAPUT
1222 2179 1412 2234 XXlV.

474 2290 553 2348 De
590 2290 845 2363 speciebus
874 2288 1292 2362 prtedictionnm,
1324 2308 1439 2362 qua:
1466 2292 1519 2346 in
1548 2290 1725 2347 Gratia
1756 2292 1907 2362 [actm

1123 2372 1263 2415 sunt.
1376 2376 1417 2396 ’λ

476 2490 542 2545 D.
583 2491 843 2558 Quoniam
892 2493 1099 2563 species
1150 2493 1553 2562 prmdictionum
1596 2508 1714 2564 quae
1755 2495 1807 2550 in
1837 2495 1978 2565 Lege

401 2597 526 2639 sunt
563 2586 815 2651 diximus,
839 2586 904 2640 da
928 2601 1020 2641 eas
1039 2602 1156 2656 qua:
1197 2588 1249 2641 in
1272 2586 1451 2643 Gratia
1475 2587 1724 2657 leguntur
1743 2590 1974 2646 emissae.

408 2674 482 2729 Μ.
524 2676 933 2731 Ριωιίἰοιιοιιιιιη
965 2693 1082 2744 qua:
1113 2677 1164 2730 in
1196 2677 1375 2731 Gratia
1410 2678 1559 2732 taetre
1611 2687 1736 2731 sunt
1770 2678 1976 2748 species

405 2766 586 2836 viginti
617 2776 723 2819 tres
753 2767 1111 2821 inveniuntur.
1144 2768 1249 2820 Aut
1275 2768 1416 2822 enim
1459 2768 1734 2838 generatio
1774 2778 1825 2822 et
1869 2768 1977 2822 vita

405 2857 619 2912 Joannis
648 2857 897 2924 Baptistae
942 2858 1244 2925 prazdicitur
1287 2857 1352 2911 ad
1395 2869 1597 2927 patrem
1629 2858 1745 2927 ejus
1774 2858 1977 2913 Zacha-

406 2947 572 3012 riam,
625 2960 679 3000 ut
732 2958 814 3001 est
856 2948 1029 3000 omnis
1074 2946 1267 3001 locutio
1320 2948 1410 3002 illa
1462 2962 1556 3017 per
1599 2950 1872 3019 angelum,
1922 2959 1976 3005 et

406 3038 677 3106 prOphctia
725 3038 889 3107 ipsius
937 3038 1208 3093 Zacharias
1264 3039 1412 3111 (Luc.
1456 3056 1510 3104 ι,
1549 3041 1733 3108 13-17,
1765 3041 1972 3107 68-79).

2081 1853 2209 1915 suis,
2242 1853 2362 1921 quia
2389 1862 2586 1920 Oportet
2614 1868 2727 1906 eum
2755 1854 2805 1905 in
2835 1852 3250 1924 Hierosolymam
3279 1860 3352 1911 ire
3377 1903 3391 1927 ,
3419 1871 3466 1913 et
3498 1865 3655 1916 multa

2080 1945 2331 1996 sustinere
2369 1960 2400 1995 a
2441 1944 2742 2012 presbyteris
2792 1954 2838 1997 et
2877 1945 3189 2013 principibus
3235 1950 3578 2017 sacerdotum,
3608 1963 3655 2006 et

2082 2035 2231 2097 mni,
2264 2042 2311 2086 et
2335 2036 2491 2086 tertia
2519 2033 2601 2086 die
2624 2049 2886 2102 resurgere
2915 2033 3096 2097 (Ibid.
3166 2074 3181 2103 ι
3216 2036 3327 2099 12).
3361 2042 3467 2092 Aut‘
3493 2055 3653 2106 gene-

2086 2123 2218 2176 ralis
2242 2108 2586 2188 resurrcctio,
2616 2114 2685 2178 ἰιι
2726 2138 2847 2178 cum
2888 2126 3015 2179 dicit
3057 2126 3382 2194 Apostolus:
3417 2131 3562 2185 Sicut
3603 2134 3654 2187 ir.

2082 2202 2247 2267 Λάδη
2276 2231 2445 2268 omnes
2475 2216 2776 2280 moriuntur,
2810 2216 2880 2269 ita
2903 2227 2950 2270 et
2981 2217 3033 2269 in
3064 2216 3270 2273 Christo
3294 2237 3465 2277 omnes
3494 2224 3654 2291 vivi/i-

2082 2304 2331 2358 cabuntur
2354 2303 2407 2377 (I
2430 2303 2548 2360 Cor.
2578 2322 2667 2374 xv,
2691 2305 2805 2377 22).
2835 2310 2942 2361 Aut
2988 2308 3144 2363 simul
3180 2308 3377 2364 Christi
3400 2323 3451 2365 et
3474 2323 3655 2368 nostra

2083 2399 2430 2461 resurrectio,
2461 2397 2599 2450 sicut
2629 2397 2821 2451 dicitur
2854 2415 2867 2449 :
2899 2397 3021 2450 Cum
3044 2414 3133 2469 ego
3162 2400 3333 2453 exulta
3359 2418 3415 2455 us
3446 2406 3589 2471 [ueto
3619 2419 3651 2455 a

2083 2494 2241 2548 terra,
2277 2502 2447 2540 omnes
2473 2487 2673 2539 trahant
2697 2488 2764 2539 ad
2793 2503 2870 2540 me
2896 2486 3074 2558 (Joan.
3098 2505 3202 2554 xu,
3229 2493 3343 2562 52).
3377 2497 3479 2546 Aut
3502 2494 3651 2550 inde:

2083 2576 2337 2643 proditio,
2363 2578 2498 2630 sicut
2521 2577 2649 2630 dicit
2671 2576 2912 2630 Christus
2936 2594 2950 2630 :
2980 2578 3168 2631 Nonne
3187 2586 3505 2653 egovoselegt
3526 2588 3655 2637 dua-

2080 2664 2265 2729 decim,
2312 2674 2361 2717 et
2401 2680 2530 2717 unus
2559 2679 2622 2717 ca:
2650 2665 2785 2718 vobis
2813 2665 3043 2719 diabolus
3072 2677 3143 2719 est
3185 2668 3363 2738 (Joan.
3408 2685 3489 2736 vr,
3523 2672 3652 2741 7t)?

2081 2756 2185 2809 Aut
2214 2756 2404 2809 modus
2436 2756 2740 2814 tentatiouis
2764 2767 2816 2811 et
2859 2759 3049 2812 mortis
3071 2759 3383 2828 :aliqnorum
3416 2760 3647 2831 discipu—

2080 2846 2253 2900 lorum
2276 2886 2291 2911 ,
2320 2847 2458 2902 sicut
2483 2848 2641 2902 Petro
2683 2848 2938 2903 Dominus
2974 2859 3028 2903 ct
3057 2852 3391 2921 negationem
3421 2855 3645 2909 fututam

2080 2936 2326 3005 praedixit
2372 2947 2427 2992 et
2474 2939 2705 3006 speciem
2762 2940 3023 3008 passionis
3050 2982 3065 3006 ,
3116 2942 3339 2997 dicens:
3373 2944 3650 3015 Antequam

2078 3028 2247 3098 gallus
2274 3037 2466 3093 cantet,
2499 3038 2574 3081 ter
2598 3016 2678 3083 m'e
2724 3032 2931 3100 negabis
2960 3030 3288 3100 (ΜαιιΙωιςνι
3317 3054 3331 3102 ,
3381 3036 3507 3106 51);
3557 3048 3610 3092 et
3635 3055 3647 3089 :

410 3130 512 3182 Aut
552 3128 840 3183 Salvatoris
885 3138 1173 3197 conceptus
1213 3131 1569 3200 nativitasque
1599 3133 1891 3197 mirabilis,
1920 3142 1977 3188 ut

2081 3120 2208 3173 Cum
2249 3136 2402 3174 senex
2427 3122 2585 3191 fueris
2613 3161 2629 3187 ,
2661 3124 2899 3176 extendes
2927 3140 3109 3179 manus
3160 3134 3307 3191 tuas,
3339 3138 3385 3181 et
3425 3127 3562 3182 alius
3605 3139 3653 3182 te

406 3229 488 3273 est
515 3219 785 3287 ριωιιίοιίο
826 3234 983 3286 quam
1009 3220 1074 3273 ad
1104 3229 1340 3274 sanetam
1378 3222 1594 3275 Mariam
1648 3222 1870 3291 angelus
1896 3223 1973 3277 di-

408 3311 485 3362 xit
506 3306 687 3376 (Ibid.,
711 3308 916 3380 28-37).
942 3309 1044 3363 Aut
1067 3325 1339 3387 magorum
1362 3312 1637 3374 revelatio.
1659 3323 1751 3367 aut
1770 3313 1980 3369 Judteoo

408 3414 522 3453 rum
563 3401 901 3453 incredulitas
929 3414 1086 3470 atque
1112 3404 1388 3457 conversio
1418 3401 1707 3470 (Matt/ut,
1743 3407 1763 3459 1
1812 3407 1975 3475 seq.),

408 3496 544 3544 sicut
568 3490 761 3545 dicitur
794 3508 806 3543 :
836 3490 966 3543 Ecce
991 3494 1081 3546 iste
1106 3494 1297 3561 positus
1326 3502 1400 3546 est
1427 3494 1480 3545 in
1509 3495 1713 3555 ruinam
1743 3503 1790 3547 et
1810 3511 1977 3548 resur-

409 3582 677 3633 rectionem
706 3581 979 3634 ntultorum
1010 3582 1062 3634 in
1091 3580 1286 3645 Israel,
1316 3593 1361 3635 et
1390 3583 1590 3653 signum
1620 3584 1980 3637 contradictio-

410 3686 486 3724 nts
534 3671 685 3739 (Luc.
728 3687 797 3735 ιι,
823 3672 935 3741 ει).
963 3675 1064 3726 Αυι
1090 3674 1364 3741 ριωιηίιιιιι
1392 3675 1537 3744 regni
1563 3676 1814 3742 cmlestis,
1841 3675 1981 3729 sicut

410 3772 519 3815 est:
542 3760 898 3816 Paenitentiam
919 3764 1070 3833 agite,
1093 3766 1513 3833 appropinquavit
1536 3766 1901 3833 (Jlattlt.ttt,2),
1924 3778 1981 3821 et

411 3853 630 3921 reliqua.
657 3857 758 3906 Ant
780 3854 1015 3923 gentium
1047 3858 1276 3922 vocatio,
1308 3857 1441 3910 sicut
1469 3858 1665 3911 dicitur
1697 3875 1710 3909 :
1744 3857 1895 3911 Multi
1916 3861 1979 3912 ab

412 3940 615 3995 Oriente
635 3952 680 4004 et
706 3941 973 3996 Occidente
986 3944 1204 4009 venient,
1223 3952 1268 3996 et
1290 3944 1574 3997 recutnbent
1594 3961 1705 3996 cum
1728 3945 1981 3998 Abraham

410 4042 455 4085 et
485 4030 635 4086 Isaac
662 4042 706 4085 et
733 4032 890 4088 Jacob
916 4038 970 4088 in
1012 4053 1168 4105 regna
1203 4038 1442 4091 caelorum
1486 4036 1796 4107 (Mat‘h.vnt
1817 4080 1833 4104 ,
1867 4039 1975 4110 ll).

411 4126 515 4177 Aut
561 4123 905 4178 Hebraeorum
948 4126 1215 4192 cxclusio,
1277 4136 1333 4180 ut
1376 4138 1461 4181 est
1497 4128 1637 4196 quod
1678 4130 1917 4197 sequitur
1963 4148 1977 4184 :

411 4213 536 4269 Filii
570 4225 741 4269 autem
778 4218 921 4288 regni
960 4218 1111 4288 hujus
1139 4218 1468 4273 excludentur
1503 4222 1556 4273 in
1583 4222 1808 4275 tenebras
1846 4233 1983 4276 exte-

413 4308 574 4360 riores
603 4305 791 4375 (Ibid.,
816 4308 926 4376 l9).
958 4309 1061 4361 Aut
1086 4310 1309 4363 salvatio
1337 4325 1433 4377 per
1460 4311 1818 4379 apostolorum
1850 4329 1983 4380 pra:-

410 4395 727 4447 dicationem
753 4435 767 4458 ,
799 4406 855 4449 ut
882 4410 1001 4449 cum
1033 4396 1225 4450 dicitur
1256 4415 1269 4449 :
1312 4397 1487 4451 Venite
1512 4407 1623 4466 post
1653 4414 1764 4463 me,
1797 4402 1981 4469 faciam

2082 3212 2246 3281 cinget
2290 3223 2335 3265 et
2374 3213 2520 3267 ducet
2566 3230 2667 3284 quo
2694 3225 2749 3270 tu
2779 3232 2879 3270 non
2907 3217 2979 3272 vis
3033 3217 3213 3288 (Joan.
3246 3236 3355 3289 ut,
3402 3223 3514 3291 l8).
3545 3223 3653 3278 Aut

2082 3305 2364 3371 praesentia
2415 3306 2750 3360 detentorum
2795 3306 3016 3377 Christi,
3048 3324 3166 3364 cum
3213 3311 3380 3366 dicit:
3416 3313 3648 3386 Surgite,

2082 3408 2278 3458 eamus,
2303 3409 2415 3448 ecce
2438 3397 2861 3467 appropinquavit
2887 3400 2972 3467 qui
2994 3416 3071 3453 me
3103 3401 3265 3456 tradet
3296 3402 3647 3474 (Mattb.xxvt,

2080 3484 2198 3554 46).
2242 3490 2346 3538 Aut
2386 3485 2647 3555 dispersio
2696 3490 3056 3556 apostolorum
3082 3531 3097 3556 ,
3143 3493 3279 3546 sicut
3313 3512 3325 3545 :
3358 3493 3649 3549 Percutiant

2081 3585 2351 3645 pastorem,
2402 3584 2449 3627 et
2478 3576 2830 3647 dispergentur
2860 3596 2972 3633 oves
2997 3584 3163 3652 gregis
3191 3582 3373 3653 (Ibid.,
3403 3587 3515 3655 51).
3546 3591 3655 3647 Aut

2084 3664 2209 3732 pulli
2250 3664 2412 3718 asinae
2451 3669 2709 3734 repertio,
2756 3683 2913 3737 quem
2966 3671 3219 3727 Dominus
3267 3676 3319 3728 in
3364 3677 3649 3747 Evangelio

2084 3753 2326 3821 praedixit
2352 3770 2382 3808 a
2413 3755 2690 3825 discipulis
2715 3759 3082 3814 adducendum
3109 3762 3446 3833 (Manlian,
3474 3767 3537 3833 2,
3571 3768 3645 3839 5).

2083 3847 2188 3900 Ant
2226 3846 2540 3901 Antichristi
2573 3853 2859 3918 praesentia
2883 3891 2899 3917 ,
2930 3867 3049 3906 cum
3082 3856 3277 3909 dicitur
3308 3873 3321 3909 :
3365 3857 3532 3912 Nemo
3564 3875 3649 3915 vos

2080 3936 2288 3989 sedarat
2312 3936 2416 3990 ullo
2441 3939 2592 3992 modo
2618 3955 2636 3992 :
2665 3941 2784 4009 quia
2809 3942 2907 3995 nisi
2924 3945 3114 3996 venerit
3138 3945 3378 3999 discessio
3403 3949 3647 4015 primum,

2081 4035 2127 4079 et
2158 4018 2406 4083 revelatus
2437 4022 2591 4099 fuerit
2624 4030 2769 4084 homo
2798 4034 3019 4102 peccati,
3061 4035 3196 4101 ﬁlius
3239 4038 3539 4105 perditionis
3565 4052 3641 4108 qut

2081 4121 2386 4173 contradicit
2435 4120 2523 4192 (II
2568 4120 2854 4186 Thess.n,
2885 4124 2965 4192 ὅ).
3022 4126 3126 4179 Aut
3174 4126 3304 4181 Elite
3348 4130 3641 4197 przesenria,

2082 4225 2201 4264 cum
2254 4212 2450 4267 dicitur
2481 4233 2495 4268 :
2526 4213 2671 4267 Elias
2706 4215 2867 4268 veniet
2905 4216 3124 4286 primum
3155 4217 3471 4285 (Manium
3491 4260 3505 4283 ,
3538 4220 3650 4289 11).
3694 4211 3699 4217 ’

2082 4304 2188 4356 Aut
2210 4304 2547 4359 conscientia
2571 4306 2880 4369 electorum,
2915 4315 2970 4359 ut
2991 4306 3057 4359 de
3080 4308 3241 4360 Paulo
3270 4324 3283 4360 :
3324 4308 3425 4362 Vas
3451 4311 3654 4364 electio-

2083 4391 2162 4444 nis
2191 4392 2316 4444 mihi
2345 4403 2415 4446 est
2443 4393 2537 4445 iste
2569 4392 2706 4462 (Act.
2735 4407 2810 4455 rx,
2845 4392 2956 4461 15).
2990 4395 3096 4449 Aut
3122 4396 3282 4465 aliqui
3331 4413 3434 4451 non
3463 4400 3653 4454 immu-

412 4500 496 4536 vos
527 4484 637 4548 ﬁeri
667 4484 938 4551 piscatores
970 4485 1233 4539 hominum
1274 4485 1573 4557 (Muttlmv,
1603 4488 1716 4558 19),
1748 4492 1848 4544 Aut
1879 4494 1980 4547 mi-
2006 4501 2057 4560 ι)
2083 4484 2253 4547 tandi,
2276 4484 2370 4538 sed
2395 4483 2655 4553 gustaturi
2681 4490 2904 4537 mortem
2943 4483 3317 4553 praedicuntur,
3344 4488 3478 4541 sicut
3512 4488 3656 4557 Apo-

414 4573 713 4625 raculorum
740 4575 980 4638 claritas,
1008 4584 1064 4629 ut
1082 4575 1312 4630 dicitur:
1341 4577 1440 4644 Qui
1460 4579 1616 4631 credit
1637 4580 1689 4633 in
1709 4596 1809 4648 me,
1828 4599 1983 4653 opera

411 4678 525 4729 qua:
562 4678 652 4735 ego
683 4664 815 4733 [acia
844 4673 889 4717 et
921 4665 1028 4735 ipse
1055 4666 1245 4735 faciet,
1288 4678 1338 4722 et
1382 4670 1583 4739 majora
1619 4669 1800 4725 horum
1829 4674 1985 4743 faciet

412 4750 592 4819 (Joan.
632 4766 742 4817 xw,
802 4751 914 4822 1'2).
959 4754 1062 4807 Aut
1103 4757 1324 4809 tentatio
1366 4758 1772 4829 persecutioque
1813 4762 1986 4831 justo-

414 4856 529 4919 l'utll
547 4883 561 4908 ,
594 4852 651 4897 ut
680 4843 871 4898 dicitur
906 4861 921 4897 :
950 4843 1177 4900 Tradent
1204 4847 1337 4901 enim
1364 4864 1449 4901 vos
1477 4849 1531 4901 in
1559 4851 1819 4917 conciliis,
1860 4861 1905 4906 et
1931 4854 1986 4907 in

414 4936 682 5005 synagoyis
712 4937 816 4989 suis
854 4937 1183 5009 ﬂagellabant
1229 4939 1514 5008 (Manius,
1566 4940 1679 5010 17),
1730 4952 1836 4999 etc.
1880 4948 1986 4999 Aut

418 5023 666 5091 patientia
699 5024 931 5081 ﬁdelium
965 5030 1103 5083 inter
1134 5028 1355 5083 adversa
1381 5068 1397 5094 ,
1429 5038 1485 5083 ut
1529 5046 1648 5086 cum
1693 5032 1886 5087 dicitur
1918 5035 1987 5089 dc

419 5114 652 5167 Ecclesia
689 5132 701 5164 :
735 5116 798 5167 Et
845 5128 1004 5183 porte
1042 5119 1193 5185 inferi
1238 5135 1337 5172 non
1378 5120 1718 5188 pratvalebunt
1744 5122 1987 5178 adversus

417 5221 529 5260 eam
564 5203 740 5273 (Matt.
790 5219 909 5271 va,
944 5209 1057 5273 18).
1112 5208 1178 5261 Et
1220 5225 1404 5264 rursus
1434 5226 1445 5261 :
1478 5209 1712 5278 Regnum
1742 5210 1986 5265 caelorum

419 5297 516 5348 rim
540 5295 761 5365 patitur,
790 5305 838 5348 et
866 5296 1069 5348 violenti
1100 5299 1346 5367 diripiunt
1374 5300 1504 5354 illud
1535 5300 1829 5372 (Matt/ast,
1869 5303 1983 5375 12).

420 5387 520 5440 Aut
550 5385 930 5454 contemplatio
954 5386 1099 5455 regni
1125 5387 1359 5443 cmlestis
1382 5400 1434 5443 et
1455 5393 1675 5446 secundi
1701 5392 1987 5459 adventus,

422 5496 522 5551 qua
552 5482 689 5536 etin
728 5480 828 5535 hac
858 5481 964 5537 vita
1002 5490 1317 5561 sanctorum
1369 5485 1565 5540 anima:
1615 5484 1988 5556 perfruuntur,

2085 4576 2299 4630 stolus:
2345 4574 2475 4629 Ecce
2524 4574 2821 4644 mysterium
2865 4575 2980 4628 dico
3024 4577 3403 4631 vobis:omnes
3448 4583 3652 4650 quidem

2085 4682 2406 4736 resurgentus
2424 4705 2441 4730 ,
2473 4666 2559 4719 sed
2586 4681 2687 4718 non
2710 4680 2884 4719 omnes
2927 4666 3309 4722 immutabimur
3337 4669 3385 4739 (Ι
3410 4670 3528 4724 Cor.
3558 4687 3653 4737 xv,

2084 4755 2199 4824 51).
2224 4756 2329 4810 Aut
2350 4753 2525 4809 lutura
2547 4754 2734 4823 pestis,
2757 4755 2893 4808 sicut
2915 4757 3079 4824 Agabi
3110 4760 3313 4827 proplte
3338 4759 3384 4813 ia
3408 4764 3545 4831 (Act.
3579 4777 3650 4828 χι,

2085 4845 2203 4907 28).
2230 4846 2336 4900 Aut
2365 4845 2627 4899 haeresum
2653 4845 3030 4910 contrarietas,
3061 4848 3200 4902 sicut
3236 4850 3432 4904 dicitur
3463 4868 3475 4904 :
3505 4851 3657 4904 Istud
3683 4846 3698 4860 '

2086 4947 2255 4990 autem
2281 4951 2500 5007 agnosce
2523 4976 2536 4998 ,
2575 4934 2697 5000 quia
2723 4935 2777 4987 in
2804 4936 2999 4989 ultimis
3029 4938 3064 4989 ά
3085 4939 3203 4991 ebus
3232 4950 3501 5012 exsurgent
3530 4951 3657 4995 tem-

2090 5044 2215 5096 pora
2262 5026 2487 5096 maligna
2534 5024 2617 5096 (II
2666 5024 2804 5080 Tim.
2838 5039 2926 5090 ιιι,
2983 5026 3056 5096 1).
3090 5027 3157 5081 Et
3186 5044 3404 5084 rursus:
3439 5034 3655 5098 Quando

2087 5134 2228 5172 sanae
2252 5117 2499 5171 doctrina
2523 5132 2624 5168 non
2653 5116 2994 5186 acquiescent,
3024 5120 3113 5172 sed
3141 5121 3418 5175 secundum
3444 5141 3539 5176 sua
3567 5126 3657 5179 de-

2087 5210 2277 5264 sideria
2302 5216 2529 5279 querens
2549 5207 2643 5261 sibi
2670 5208 2899 5260 doctores
2923 5206 3009 5279 (ll
3035 5208 3168 5263 Tim.
3198 5226 3270 5277 tv,
3296 5213 3374 5281 '5).
3406 5213 3511 5267 Ant
3533 5217 3659 5283 bap-

2093 5300 2323 5354 tismatis
2351 5299 2538 5368 gratis,
2567 5306 2623 5350 ut
2650 5306 2734 5351 est
2765 5314 2779 5351 :
2810 5290 2931 5366 Ipse
2970 5316 3053 5353 vos
3081 5301 3352 5370 baptisabit
3376 5303 3429 5355 in
3456 5303 3655 5370 Spiritu

2091 5401 2267 5446 sancto
2305 5400 2351 5444 et
2402 5391 2518 5459 igne
2563 5387 2798 5460 (Matthn
2822 5404 2869 5456 ι,
2907 5390 3013 5456 li).
3052 5392 3158 5445 Aut
3196 5395 3529 5462 consumptio
3568 5394 3659 5447 Je-

2093 5482 2327 5535 rusalem
2370 5493 2435 5533 ac
2463 5480 2651 5549 templi
2688 5479 2887 5548 judait-i
2908 5521 2922 5546 ,
2957 5480 3093 5535 sicut
3137 5492 3219 5537 est
3252 5499 3264 5533 :
3300 5483 3455 5536 Orate
3481 5499 3543 5535 ne
3568 5484 3661 5549 ﬁat

504 5750 523 5770 .
555 5720 718 5783 Hebr.
756 5726 824 5783 ad
852 5728 1112 5795 litteram,
1143 5724 1300 5781 donec
1330 5723 1454 5779 luna
1491 5728 1640 5784 desit.
1681 5720 1823 5787 LXX
1845 5773 1860 5801 ,
1890 5734 1979 5796 ἕως

2109 5731 2429 5807 decernipst
2456 5727 2486 5786 vi
2518 5727 2719 5787 σελήνη.
2752 5726 2937 5799 Vulg.,
2970 5729 3130 5785 donec
3156 5730 3420 5800 auferatur
3447 5728 3594 5783 luna.
