4030 6198
242 334 292 386 η
1242 265 1362 370 ‘DE
1400 312 1736 369 PARTIBUS
1775 312 1833 368 οι

1950 312 2149 369 LEGIS
2189 311 2317 367 LIB.
2361 310 2424 367 11.
3414 309 3482 362 ις.

242 451 355 516 fuga
382 448 547 495 uestra
574 436 749 491 triente
798 432 876 489 uel
906 432 1110 487 sabbato
1141 427 1506 501 (.llattlt.xxtv,
1539 428 1666 499 20);
1700 438 1753 483 et
1784 443 1798 480 :
1828 426 1876 485 Δ
1905 436 1956 516 et
1978 427 2159 516 iecerit
2189 434 2240 481 et
2258 426 2534 494 gubernet.
2566 425 2669 480 Aut
2694 438 2762 479 ex
2784 424 2991 516 divinis
3015 422 3473 516 Scriptur‘iquure

244 536 367 590 Ecce
411 533 720 598 relinquetur
748 526 884 580 vobis
932 525 1112 577 domus
1162 532 1328 577 vestra
1378 524 1574 577 deserta
1598 526 1810 597 (Matth.

247 638 385 684 unt,
411 622 524 685 58).
558 618 663 672 Aut
692 616 960 682 Evangelii
1012 612 1341 682 prmtlicatio,
1390 615 1527 668 sicut
1568 616 1760 670 dicitur
1796 637 1808 671 :

254 713 308 765 Et
332 709 688 781 praedicabitur
720 705 1051 773 Evangelium
1088 704 1233 772 regni
1259 703 1311 755 in
1342 704 1479 756 omni
1503 706 1621 757 orbe
1651 715 1812 759 terra-

253 822 372 865 rum,
404 806 457 857 in
486 800 830 856 testimonium
856 797 1080 849 omnium
1109 796 1335 864 gentium
1352 813 1370 859 ;
1404 804 1449 848 et
1468 797 1540 849 sic
1571 797 1664 849 erit
1694 798 1810 864 ﬁnis

256 896 609 967 (lauinuav,
646 892 756 959 ll).
784 889 889 943 Aut
921 889 1053 940 mala
1086 886 1203 939 linis
1228 886 1394 955 ipsius
1417 900 1517 938 una
1547 902 1665 939 cum
1696 888 1812 956 ipso

255 963 375 1054 line,
405 996 465 1039 ut
506 963 628 1039 cum
660 981 856 1035 dicitur
886 994 900 1032 :
942 978 1128 1032 Statim
1157 986 1267 1046 post
1297 976 1672 1030 tribulationem
1702 977 1815 1030 die-

255 1096 353 1131 rum
380 1078 593 1130 illorum
619 1075 695 1126 sol
722 1069 1052 1124 obccecabitur
1078 1066 1267 1137 (lbid.,
1299 1065 1416 1135 9.9).
1450 1066 1512 1118 Β.
1538 1067 1817 1133 Quomodo

257 1172 341 1223 bas
380 1164 756 1235 praedictiones
788 1159 855 1213 ad
904 1160 1134 1212 laturum
1166 1158 1417 1212 szeculum
1444 1156 1671 1211 dicimus
1698 1172 1821 1226 per-

259 1257 449 1312 tinere?
478 1252 557 1306 Μ.
590 1252 739 1307 Sicut
769 1258 795 1286 ει
820 1248 886 1307 de
905 1247 1360 1315 acceptationibus
1378 1246 1616 1305 diximus
1649 1266 1661 1300 :
1695 1249 1820 1317 quia

258 1361 311 1400 ea
353 1358 474 1413 qua:
518 1340 770 1410 praedicta
800 1346 925 1391 sunt
952 1348 1078 1390 ante
1104 1336 1297 1405 Legem
1326 1376 1340 1401 ,
1380 1337 1606 1391 intentio
1634 1353 1841 1393 eorum.

258 1438 348 1491 fuit
374 1436 439 1490 ad
491 1445 732 1500 tempora
778 1430 932 1500 Legis
977 1437 1067 1483 aut
1112 1426 1310 1483 Gratim
1343 1445 1355 1479 :
1388 1443 1574 1483 rursus
1617 1444 1738 1499 qua:
1768 1431 1821 1485 in

258 1526 390 1593 Lege
431 1522 686 1592 prmdicta
733 1526 858 1574 sunt
903 1516 1137 1571 Gratiam
1179 1517 1500 1586 ﬁgurabant;
1532 1526 1586 1572 et
1623 1534 1740 1588 qua:
1770 1520 1822 1573 in

262 1613 454 1678 Gratia,
473 1626 687 1667 causam
702 1617 760 1665 et
782 1609 1054 1677 praemium
1076 1606 1227 1677 regni
1242 1608 1477 1662 caelestis
1500 1607 1820 1663 habuerunt.

260 1706 328 1759 Ita
356 1704 627 1773 colligitur
657 1702 1058 1771 prtedictionum
1091 1701 1266 1756 omnis
1288 1700 1512 1757 intentio
1541 1702 1607 1757 ad
1660 1702 1824 1758 futuri

262 1810 322 1849 η
332 1794 433 1850 culi
463 1794 602 1849 bona
630 1794 920 1862 respicere.

819 1901 1044 1959 CAPUT
1083 1902 1245 1957 XXV.

636 1990 709 2047 De
744 1990 1005 2058 eﬁ’ectibus
1042 1992 1454 2060 praedictionum.

332 2106 395 2160 ι).
436 2105 702 2174 Quoniam
733 2114 841 2159 tres
883 2102 993 2171 jam
1039 2111 1229 2172 partes
1261 2102 1594 2157 ostendimus
1644 2118 1830 2159 eorum

270 2214 374 2269 qua:
394 2199 457 2252 ad
487 2199 731 2251 futurum
758 2195 1005 2249 saeclum
1032 2195 1271 2248 diximus
1297 2194 1567 2263 pertinere
1585 2235 1601 2259 ,
1624 2194 1727 2250 hoc
1747 2204 1833 2251 est

268 2291 654 2361 acceptationes
704 2296 758 2343 et
802 2288 997 2356 ﬁguras
1066 2292 1123 2339 et
1193 2285 1564 2352 praedictiones
1593 2326 1609 2352 ,
1692 2299 1834 2341 nunc

269 2395 442 2452 quarta
462 2388 786 2449 patarestat,
802 2391 857 2431 ut
870 2378 937 2433 de
950 2376 1319 2431 etIectionibus
1333 2375 1681 2432 disseramus.
1697 2376 1834 2443 Quid

269 2484 388 2528 sunt
414 2474 583 2542 igitur
605 2468 828 2525 ellectus
849 2469 875 2521 τ
900 2467 974 2521 Η.
1011 2467 1246 2523 Effectus
1275 2477 1399 2523 sunt
1425 2482 1611 2523 earum
1652 2482 1835 2523 rerum
1868 2473 1872 2477 '

264 2578 395 2632 quas
412 2562 833 2631 acceptationum
848 2559 1203 2629 prospiciebat
1218 2559 1467 2625 intentio,
1480 2568 1572 2614 aut
1587 2570 1834 2632 typorum

266 2650 556 2705 similitudo
598 2650 877 2720 ﬁgurabat,
928 2656 1018 2702 aut
1045 2647 1339 2703 dictionum
1378 2649 1614 2704 scientia
1643 2649 1837 2719 praelo-

264 2744 545 2813 qnebatur.
572 2742 793 2807 D.Quot
814 2748 939 2796 sunt
958 2740 1241 2796 eﬂectuum
1267 2741 1542 2807 tempora?
1576 2740 1654 2793 Μ.
1688 2740 1835 2795 Tria.

268 2834 370 2887 Aut
395 2832 540 2887 enim
570 2831 724 2900 Legis
753 2838 992 2899 tempore
1028 2829 1214 2886 effecta
1246 2839 1369 2884 sunt
1412 2844 1531 2899 qua:
1579 2828 1841 2899 praedice-

264 2924 484 2988 bantur,
533 2929 625 2974 aut
665 2935 805 2975 nunc
843 2920 943 2975 sub
986 2920 1171 2976 Gratia
1211 2919 1366 2985 ﬁunt,
1402 2927 1494 2974 aut
1519 2910 1839 2975 saeculorum

263 3011 567 3066 futurorum
596 3019 834 3079 tempore
863 3010 1178 3079 complenda
1202 3018 1353 3069 sunt.

835 3119 1056 3176 CAPUT
1088 3117 1276 3173 XXVI.

426 3212 562 3278 Qum
586 3226 737 3263 causa
762 3211 915 3281 fuerit
943 3211 1202 3280 prwsentis
1232 3210 1409 3263 σανδαιὶ
1437 3211 1680 3281 faciendi.

338 3319 403 3372 ι).
442 3320 505 3374 Si
535 3320 711 3372 omnia
752 3333 871 3387 quae
898 3318 949 3372 in
980 3319 1228 3387 praesenti
1273 3320 1471 3374 saeculo
1518 3330 1666 3389 gesta
1719 3329 1845 3375 sunt

262 3410 330 3465 ad
378 3409 620 3463 fututum
665 3408 1046 3476 respiciebant,
1098 3408 1225 3477 quid
1268 3423 1401 3477 opus
1434 3418 1550 3464 erat
1576 3419 1634 3465 ut
1670 3426 1699 3463 a
1734 3410 1843 3465 Deo

267 3516 511 3569 praesens
551 3500 804 3554 sarculum
862 3499 1049 3554 fieret?
1079 3498 1156 3552 Μ.
1191 3500 1324 3567 Quia
1363 3499 1541 3555 decuit
1577 3510 1636 3554 ut
1676 3503 1843 3556 ratio-

270 3590 413 3643 nales
440 3595 706 3643 creatura:
754 3588 899 3656 prius
924 3587 1232 3653 discerent,
1270 3598 1329 3642 ut
1381 3590 1747 3669 excitarentur
1791 3592 1844 3643 in

266 3678 438 3733 dubiis
458 3720 475 3741 .
508 3692 573 3741 ac
601 3688 726 3731 tunc
748 3676 965 3730 aeternis
994 3686 1178 3745 postea
1209 3678 1539 3742 fruerentur;
1576 3687 1630 3731 et
1655 3678 1845 3733 merito

270 3767 383 3822 data
412 3767 735 3821 viderentur
771 3766 1035 3835 probatis;
1079 3774 1131 3820 et
1152 3767 1389 3845 gratiora
1416 3764 1608 3820 ﬁerent
1628 3768 1846 3822 remini-

269 3859 544 3912 scentibus
568 3865 835 3912 transacta
860 3856 1183 3920 certamina;
1232 3864 1290 3910 et
1328 3856 1449 3925 plus
1483 3856 1847 3926 gloriﬁcarent

273 3948 583 4000 donatorem
611 3948 699 4016 qui
732 3948 848 4015 pios
886 3946 938 3999 in
984 3949 1085 4000 hoc
1120 3947 1316 4001 sicculo
1338 3947 1515 4015 juvat;
1552 3957 1607 4002 et
1636 3958 1691 4002 ut
1731 3948 1846 4005 vin-

275 4046 475 4104 cerent,
521 4047 573 4091 et
597 4037 887 4092 victoribus
915 4045 1112 4092 aeterna
1142 4039 1362 4106 praemia
1390 4040 1737 4111 concederet.

826 4147 1051 4203 CAPUT
1089 4147 1300 4202 XXVII.

485 4236 562 4299 De
588 4237 824 4292 doctrina
850 4239 1180 4293 rationalium
1211 4239 1265 4291 in
1292 4238 1386 4291 hoc
1413 4238 1627 4294 seculo.

342 4345 409 4400 D.
431 4347 577 4411 Quot
600 4346 772 4400 modis
798 4347 851 4400 in
874 4347 975 4400 hoc
1004 4346 1200 4401 saeculo
1237 4348 1577 4404 rationalium
1597 4350 1842 4406 doctrina

272 4436 576 4503 peragitur?
606 4432 682 4487 ll.
709 4433 944 4489 Duobus.
972 4435 1082 4489 Aut
1108 4436 1456 4506 intelligentia
1479 4452 1653 4492 rerum
1680 4438 1845 4492 facta-

274 4540 409 4589 rum,
462 4524 607 4579 sicut
649 4525 779 4579 dicit
821 4526 1143 4593 Apostolus:
1174 4526 1311 4590 Quia
1355 4527 1629 4581 invisibilia
1676 4532 1847 4601 ejusa

267 4624 506 4667 creatura
534 4616 736 4679 mundi,
768 4631 857 4683 per
884 4631 944 4668 ea
972 4631 1086 4683 qua:
1112 4616 1251 4686 facta
1280 4626 1417 4686 sunt,
1448 4617 1707 4672 intellecta
1732 4637 1851 4676 con-

269 4704 555 4769 spiciuntur
586 4704 765 4773 (Rom.
806 4722 853 4771 ι,
904 4706 1017 4775 20).
1068 4706 1297 4765 Necesse
1342 4717 1423 4764 est
1467 4710 1610 4765 enim
1655 4720 1713 4766 ut
1753 4713 1849 4782 qui

268 4792 528 4846 mundum
557 4802 716 4861 atque
735 4794 913 4849 omnia
938 4796 989 4849 in
1014 4810 1081 4850 eo
1111 4798 1281 4866 posita
1306 4800 1635 4866 considerat,
1669 4803 1845 4858 modis

265 4882 653 4951 ordinibusque
675 4884 947 4954 diStincta,
974 4887 1239 4958 intelligat
1259 4905 1380 4946 esse
1403 4892 1591 4960 Deum,
1615 4896 1704 4964 qui
1725 4893 1841 4950 haec

1912 514 1990 585 (ut
2014 515 2267 581 diximus)
2312 516 2362 567 in
2395 522 2621 583 quatuor
2649 515 2856 582 species
2886 510 3223 578 dividuntur;
3254 512 3471 567 bistori-

1909 620 2049 669 cam,
2086 605 2471 673 propheticum,
2506 604 2913 675 proverbialem,
2956 613 3010 658 et
3039 604 3354 674 simpliciter
3374 601 3471 655 do-

1911 703 2146 748 centeni.

2450 805 2673 861 CAPUT
2714 804 2949 859 XXVIII.

1990 895 2115 959 Qum
2152 896 2399 949 servanda
2430 896 2526 950 sint
2553 896 2605 948 in
2635 895 3020 964 Scripturarum
3062 894 3415 965 intelligentia.

1988 1006 2057 1059 D.
2097 992 2223 1073 Qua:
2251 1016 2377 1060 sunt
2419 1021 2538 1075 quae
2596 1007 2648 1059 in
2691 1006 2961 1059 intellectu
3007 1006 3305 1058 divinarum
3351 1005 3501 1059 Scri—

1920 1106 2189 1166 pturarum
2220 1098 2487 1152 custodire
2513 1098 2804 1153 debemus?
2852 1096 2925 1150 Μ.
2959 1097 3027 1151 Ut
3070 1113 3127 1151 ea
3159 1112 3280 1165 quae
3307 1096 3500 1152 dicun‘

1924 1196 2010 1241 tur
2038 1187 2237 1242 dicenti
2268 1187 2620 1253 conveniant;
2657 1197 2713 1242 ut
2740 1202 2769 1241 a
2817 1186 2992 1241 causis
3026 1201 3122 1255 pro
3144 1187 3337 1255 quibus
3367 1192 3497 1240 sunt

1922 1277 2059 1331 dicta
2112 1292 2215 1331 non
2260 1278 2595 1347 discrepent;
2654 1288 2711 1332 ut
2763 1278 3087 1333 concordent
3136 1277 3483 1343 temporibus,

1925 1366 2080 1433 locis,
2132 1368 2328 1434 ordini,
2382 1370 2684 1424 intentioni.
2734 1369 2995 1434 0.0mm
3028 1368 3255 1422 dicimus
3301 1368 3495 1421 divini:

1925 1457 2180 1513 doctrina:
2208 1460 2605 1517 intentionem?
2656 1460 2733 1514 ιι.
2769 1461 2885 1529 Ipse
2932 1461 3189 1514 Dominus
3218 1460 3388 1513 dixit:
3427 1456 3497 1512 Ut

1928 1544 2211 1613 diligamus
2235 1544 2511 1599 Dominum
2533 1562 2596 1599 ea:
2614 1556 2720 1600 toto
2739 1549 2891 1601 corde
2916 1556 2965 1601 et
2986 1563 3052 1601 ea:
3077 1555 3187 1599 tota
3218 1548 3418 1610 anima,
3448 1555 3497 1600 et

1928 1631 2196 1698 proximos
2219 1639 2471 1700 tauquam
2495 1649 2586 1686 nos
2610 1635 2747 1700 ipsos
2764 1633 2981 1702 (Matth.
3006 1634 3230 1697 utt,37,
3253 1631 3364 1696 59).
3392 1633 3498 1687 Do-

1928 1721 2309 1776 ctrinazautem
2339 1724 2613 1792 corruptio
2629 1732 2711 1778 est
2729 1733 2783 1777 et
2801 1725 3158 1786 contrarium,
3186 1724 3352 1777 Deum
3386 1739 3496 1777 non

1856 1797 1903 1855 Β
1928 1826 2111 1895 amare
2130 1813 2211 1867 vel
2231 1814 2560 1881 proximum.
2585 1814 2785 1880 D.Qu:e
2808 1812 2969 1881 hujus
2983 1812 3391 1867 contrarietatis
3415 1823 3499 1867 est

1926 1904 2132 1958 causa?
2153 1906 2228 1957 Ill.
2241 1904 2416 1959 Causa
2443 1907 2709 1959 malorum
2738 1906 2788 1959 in
2812 1906 2945 1975 ipsis
2968 1914 3050 1960 est
3067 1905 3158 1974 qui
3186 1904 3311 1958 mali
3333 1911 3498 1969 sunt;

1927 1997 2058 2067 quia
2078 1996 2205 2051 dum
2222 1997 2394 2053 libero
2406 1998 2633 2054 arbitrio
2654 2008 2817 2070 atque
2836 2000 2977 2056 bene
2996 2013 3257 2053 concesso
3290 1998 3503 2053 inordi-

1928 2098 2057 2145 nate
2078 2095 2301 2142 utuntur
2318 2091 2618 2146 rationales
2635 2102 2922 2156 creaturae,
2944 2099 2998 2145 et
3014 2091 3237 2147 malitiae
3257 2099 3309 2144 et
3330 2103 3505 2161 pinna:

1932 2193 2093 2234 causa
2116 2178 2329 2232 sibimet
2360 2185 2621 2231 existunt.

2497 2287 2723 2343 CAPUT
2746 2286 2938 2342 XXIX.

2110 2382 2259 2437 Unde
2288 2380 2403 2435 libri
2428 2379 2688 2449 religionis
2717 2376 2984 2429 catholica:
3010 2380 3329 2426 asseruntur.

2010 2494 2080 2552 Β.
2122 2494 2275 2550 Unde
2296 2492 2581 2563 probamus
2603 2489 2768 2544 libros
2794 2486 3071 2556 religionis
3100 2492 3297 2539 nostra:
3328 2482 3513 2538 divina

1938 2599 2061 2643 esse
2083 2582 2432 2653 inspiratione
2449 2577 2818 2647 conscriptos?
2851 2576 2902 2627 Μ
2916 2614 2927 2627 .
2962 2574 3036 2627 Ex
3061 2572 3260 2635 multis,
3283 2586 3515 2641 quorum

1941 2675 2169 2745 primum
2210 2656 2296 2729 est
2344 2671 2511 2742 ipsius
2557 2668 2848 2736 Scripturae
2896 2666 3124 2728 veritas;
3158 2660 3353 2717 deinde
3380 2661 3514 2715 ordo

1942 2781 2142 2832 rerum,
2170 2763 2517 2820 consonantia
2552 2768 2933 2830 prmceptorum
2961 2796 2975 2821 ,
3006 2756 3196 2810 modus
3236 2752 3516 2808 locutionis
3574 2796 3577 2801 .

1944 2858 2063 2913 sine
2092 2856 2313 2924 ambitu,
2348 2854 2658 2923 puritasqne
2687 2849 2993 2903 verborum.
3024 2846 3249 2901 Additur
3273 2844 3512 2899 conscri-

1945 2950 2183 3006 bentium
2211 2957 2267 3003 et
2306 2943 2708 3016 prtedicantium
2737 2940 2960 3010 qualitas
2984 2954 2998 2990 :
3027 2937 3164 3007 quod
3188 2936 3390 3000 divina,
3422 2934 3518 2988 ho-

1949 3039 2410 3104 mines;excelsa,
2462 3035 2622 3098 viles;
2667 3030 2959 3095 infacundi,
3010 3028 3244 3093 subtilia,
3280 3041 3384 3081 non
3416 3024 3519 3079 nisi

1871 3133 1921 3199 Ο
1949 3132 2127 3188 divino
2150 3129 2337 3199 repleti
2360 3128 2560 3196 Spiritu
2586 3123 2963 3186 tradidissent;
2993 3129 3101 3173 tum
3128 3116 3519 3186 prmdicationis

1948 3225 2138 3285 virtus,
2187 3233 2344 3289 quam
2384 3217 2507 3271 dum
2560 3215 2940 3284 praedicaretur
2972 3211 3119 3282 (licet
3148 3224 3175 3263 a
3211 3209 3393 3278 paucis
3422 3208 3521 3261 de-

1947 3309 2168 3380 spectis)
2216 3307 2465 3366 obtinuit.
2518 3304 2793 3360 Accedunt
2820 3303 2921 3367 Itis,
2959 3300 3277 3354 rectiﬁcatio
3303 3309 3520 3352 contra-

1945 3403 2163 3468 riorum,
2199 3410 2255 3454 ut
2298 3398 2606 3469 sibyllarum
2646 3397 2727 3449 vel
2771 3392 3240 3463 philosophorum;
3273 3388 3520 3457 expulsio

1947 3492 2396 3557 adversariorum,
2425 3488 2623 3543 utili'as
2648 3483 3113 3553 consequentium,
3135 3481 3314 3535 exitus
3334 3494 3518 3534 eorum

1946 3599 2063 3654 qua:
2091 3598 2184 3651 per
2203 3581 2599 3649 acceptationes
2624 3586 2677 3631 et
2708 3575 2903 3646 ﬁguras
2936 3583 2986 3628 et
3011 3572 3384 3642 praedictiones
3403 3585 3524 3640 qua:

1948 3674 2197 3745 praedicta
2240 3682 2361 3727 sunt
2385 3687 2400 3737 ;
2431 3669 2496 3725 ad
2522 3678 2846 3739 postremum
2870 3665 3121 3719 miracula
3140 3662 3339 3733 jugiter
3361 3661 3521 3727 facta,

1948 3766 2120 3821 donec
2147 3765 2420 3832 Scriptura
2451 3762 2565 3830 ipsa
2588 3761 2950 3827 susciperetur
2973 3772 3001 3810 a
3031 3755 3297 3826 gentibus.
3322 3755 3398 3808 De
3419 3769 3523 3821 qua

1948 3857 2050 3912 hoc
2078 3870 2221 3911 nunc
2244 3855 2308 3909 ad
2352 3853 2649 3923 proximum
2684 3850 2997 3905 miraculum
3032 3848 3251 3912 sulticit,
3285 3845 3423 3914 quod
3454 3842 3522 3898 ab

1944 3951 2197 4007 omnibus
2226 3956 2471 4016 suscepta
2499 3945 2863 4016 cognoscitur.

2510 4054 2740 4111 CAPUT
2783 4052 2950 4108 XXX.

2268 4150 2366 4205 Ubi
2392 4148 2457 4202 sit
2486 4147 2613 4216 ﬁdes
2636 4144 2870 4218 religioni
2898 4144 3200 4199 necessaria.

2020 4268 2088 4327 ο.
2128 4265 2184 4322 Si
2213 4264 2406 4319 divinat
2447 4260 2736 4329 Scriptum
2780 4256 3182 4328 probationibus
3216 4253 3514 4319 su’ﬁciunt,

1949 4359 2074 4429 quid
2105 4352 2403 4412 necessaria
2431 4360 2513 4406 est
2557 4348 2802 4418 religioni
2831 4346 3003 4402 ﬁdes?
3033 4345 3112 4399 ll.
3145 4344 3302 4399 Fides
3332 4354 3514 4399 nostra

1950 4463 2111 4517 super
2149 4446 2355 4500 ratione
2383 4441 2597 4512 quidem
2630 4447 2742 4500 est;
2788 4454 2896 4493 non
2930 4446 3107 4491 tamen
3149 4438 3431 4492 temerarie
3465 4444 3521 4491 et

1954 4534 2248 4591 irrationab
2271 4530 2718 4587 liter.assumitur
2753 4546 2764 4582 ε
2796 4543 2858 4583 ea
2886 4529 3029 4583 enim
3071 4543 3189 4597 quae
3217 4528 3351 4581 ratio
3386 4527 3520 4581 edo-

1952 4637 2059 4695 cet,
2090 4626 2222 4680 ﬁdes
2251 4620 2532 4691 intelligit;
2563 4627 2619 4674 et
2646 4618 2732 4673 ubi
2762 4618 2899 4672 ratio
2918 4617 3197 4681 deiecerit,
3228 4616 3360 4671 fides
3389 4630 3523 4683 prte-

1950 4719 2135 4778 currit.
2175 4715 2290 4770 Non
2319 4713 2462 4768 enim
2502 4718 2771 4779 utcunque
2804 4708 2982 4762 audita
3008 4706 3301 4770 credimus,
3331 4705 3429 4758 sed
3456 4719 3517 4759 ea

1950 4822 2070 4878 quas
2116 4808 2255 4860 ratio
2304 4817 2407 4858 non
2442 4800 2727 4870 improbat.
2762 4799 2955 4853 Verum
2998 4797 3138 4866 quod
3166 4794 3421 4863 consequi
3451 4794 3518 4850 ad

1948 4898 2162 4966 plenum
2193 4909 2298 4949 non
2325 4900 2520 4962 potest,
2552 4890 2695 4946 tideli
2725 4887 3004 4958 prudentia
3031 4885 3370 4942 conﬁtemur.

326 5087 356 5119 ι
396 5081 476 5136 Ita
504 5081 881 5152 rescripsimus
902 5099 967 5141 ex
989 5087 1251 5155 superiori
1281 5103 1402 5160 cap.
1433 5090 1497 5145 l5
1518 5099 1571 5148 et
1595 5105 1716 5163 cap.
1750 5093 1819 5149 25
1843 5094 2000 5165 ltujus
2039 5093 2183 5151 libri.
2215 5092 2378 5161 Editi,
2410 5092 2472 5145 de
2500 5088 2880 5161 acceptionibue
2905 5086 3139 5143 dicimus.

1775 5375 2037 5428 «εῶ*

554 5805 631 5865 l’a
649 5817 820 5865 non.
870 5802 1147 5865 LXVIII.
