4030 6198
557 270 628 321 ts
1805 274 2104 330 MAPPINII
2146 273 2538 330 Eptsrom.‘
2822 278 2823 281 ‘
3010 242 3013 243 ν
3728 284 3799 338 tt

1884 471 2049 515 ANNO
2093 472 2322 515 DOMINI
2358 472 2457 514 DL.

1521 590 2840 754 MAPPINIUS

1256 874 2157 1003 RHEMENSIS
2236 877 3110 1012 EPISCOPUS.
3536 906 3561 927 '

1097 1155 1315 1262 MA
1324 1146 1869 1259 ΡΡΙΝΠ
1912 1070 2151 1253 EE

2245 1071 2768 1258 ἦνθιιἘ
2815 1154 3250 1266 DUAE.

2051 1332 2327 1347 ~—

1037 1398 1370 1454 EPISTOLA
1410 1396 1641 1452 PRIMA.

991 1508 1057 1546 an
1093 1506 1331 1545 sancruu
1369 1492 1618 1544 NlCE’l‘lUl
1651 1498 1707 1554 η,

675 1586 739 1641 In
766 1584 1038 1640 concilium
1067 1583 1309 1636 Tullense
1337 1581 1404 1635 ad
1432 1596 1625 1633 annum
1646 1579 1750 1635 549
1777 1579 2027 1632 habitum.

639 1677 861 1731 Domino
887 1684 1069 1729 sancto
1107 1683 1162 1728 et
1193 1674 1244 1725 in
1285 1670 1497 1726 Christo
1524 1669 1831 1725 beatissimo
1864 1667 2013 1722 fratri
2045 1665 2134 1722 Ni-

565 1766 702 1823 eetio
730 1780 878 1834 papa:
906 1763 934 1802 ιι
970 1762 1265 1831 Mappinius
1291 1760 1601 1829 episcopus.

638 1852 969 1922 Evangelica:
1012 1848 1257 1904 lectionis
1298 1847 1543 1902 doctrina
1574 1853 1798 1900 testatur
1826 1859 2053 1914 regnum
2082 1844 2137 1897 in

566 1961 627 2003 se
676 1945 904 2000 divisum
958 1954 1102 1997 stare
1148 1954 1253 1995 non
1301 1952 1457 2008 posse
1495 1937 1708 2004 (Matth.
1751 1936 1871 2005 xu).
1915 1935 1973 1990 Si
2032 1934 2135 1988 hoc

566 2037 635 2092 de
657 2032 840 2089 mundi
863 2032 1186 2087 amatoribus
1209 2039 1263 2085 et
1289 2030 1341 2082 in
1369 2037 1580 2083 terrena
1604 2027 1893 2095 cupiditate
1917 2039 2137 2079 manen-

566 2127 707 2180 tibus
747 2135 895 2177 recte
937 2131 989 2175 et
1037 2135 1142 2173 non
1171 2119 1440 2172 immerito
1470 2115 1741 2179 credatur,
1774 2114 2141 2168 indubitanter

566 2217 766 2271 rectius
814 2213 882 2268 de
925 2209 1261 2265 sacerdomm
1296 2206 1539 2276 personis
1580 2206 1828 2268 sentitur,
1862 2205 1906 2257 si
1936 2202 2140 2255 discor-

567 2304 826 2360 dantibus
856 2300 995 2356 votis
1024 2312 1087 2352 ac
1113 2296 1304 2351 studiis
1333 2296 1471 2350 inter
1499 2309 1559 2349 se
1588 2293 1752 2348 dividi
1790 2291 2144 2359 comproben-

568 2412 673 2456 tur.
705 2399 810 2454 Aut
841 2411 943 2467 qua
971 2394 1159 2450 fiducia
1196 2391 1470 2447 Conditori
1499 2398 1678 2443 nostro
1701 2388 1787 2458 qui
1816 2401 1913 2441 nos
1942 2387 1991 2471 in
2022 2385 2140 2438 uni-

487 2532 494 2547 .
566 2503 678 2548 tate
716 2490 1008 2559 compagis,
1038 2485 1181 2556 quod
1213 2492 1296 2539 est
1323 2497 1517 2552 corpus
1564 2495 1673 2534 sum
1702 2478 1939 2545 deitatis,
1968 2479 2147 2533 vivere

568 2583 845 2656 praecepit,
893 2594 1082 2649 preces
1111 2574 1342 2632 oblatui-i
1371 2589 1556 2628 sumus
1577 2617 1591 2641 ,
1626 2572 1671 2627 si
1718 2587 1815 2626 nos
1850 2570 2088 2625 vicissim
2116 2584 2144 2622 a

569 2683 751 2729 mutua
772 2670 1032 2726 charitate
1054 2665 1396 2734 seponimus‘l
1424 2662 1493 2720 Ut
1521 2662 1749 2731 quodam
1771 2663 1890 2715 loco
1919 2660 2141 2714 deificus

2157 1399 2205 1455 A
2234 1396 2567 1451 bulationum
2590 1406 2887 1453 vestrarum
2913 1398 3262 1459 incommodis
3283 1419 3442 1473 quam
3476 1412 3811 1478 prosperita-

2240 1497 2349 1542 tum
2379 1488 2674 1543 commodis
2722 1489 2839 1545 ﬁeri
2881 1491 3159 1549 studeatis.
3208 1496 3338 1551 Nam
3386 1514 3505 1565 nos,
3536 1502 3809 1556 mediante

2235 1579 2408 1647 capite
2434 1590 2615 1634 nostro
2643 1581 2784 1649 quod
2811 1590 2893 1635 est
2915 1580 3178 1653 Christus,
3210 1588 3368 1643 nullis
3394 1591 3813 1647 adversitatibus

2237 1681 2267 1719 a
2297 1676 2471 1721 vestra
2502 1668 2771 1724 anxietate
2799 1670 3121 1738 divellimur,
3148 1675 3415 1746 nullisque
3435 1681 3814 1749 asperitatibus

2237 1770 2268 1809 a
2317 1767 2494 1811 vestra
2543 1757 2803 1814 charitate
2832 1760 3253 1839 dividimur.gDe
3299 1782 3403 1836 qua
3443 1784 3502 1824 re
3552 1770 3598 1824 si
3631 1781 3807 1826 tamen

2238 1848 2632 1923 praesuinptiosi
2662 1846 2769 1902 non
2801 1850 3105 1921 existimus,
3136 1852 3374 1912 indicare
3412 1861 3805 1926 prasumimus.

2241 1936 2501 1992 Decuerat
2526 1948 2582 1992 ut
2620 1950 2799 1995 vestra
2830 1943 3144 2011 consolatio,
3174 1943 3272 2014 pro
3302 1947 3607 2017 hujusmodi
3631 1952 3815 2006 condi-

2241 2025 2472 2079 tionibus
2498 2028 2673 2094 potius
2698 2044 2856 2099 quam
2880 2032 3037 2101 regia:
3056 2036 3373 2103 vocationis,
3405 2052 3501 2093 nos
3527 2053 3815 2096 conserere

2240 2113 2540 2180 debuisset;
2572 2117 2692 2185 quia
2724 2120 2837 2187 pari
2880 2122 3058 2189 modo,
3101 2124 3147 2177 si
3190 2126 3345 2182 nobis
3383 2127 3582 2197 aliquid
3612 2130 3815 2196 simile,

2240 2205 2383 2272 quod
2412 2206 2464 2259 in
2493 2216 2765 2276 posterum
2792 2209 3113 2267 arbitramur
3134 2228 3288 2282 posse
3314 2217 3448 2282 fieri,
3477 2219 3810 2287 contigisset,

2190 2350 2201 2355 _
2245 2294 2425 2346 statim
2448 2294 2515 2347 ad
2538 2305 2770 2350 vestram
2792 2297 3176 2356 fraternitatem
3193 2305 3391 2373 scripta
3408 2306 3813 2373 direxissemus,

2246 2393 2302 2438 ut
2332 2400 2430 2440 nos
2455 2400 2691 2456 congruo
2731 2397 2971 2458 tempore
3002 2393 3083 2447 vel
3115 2393 3232 2448 loco
3271 2388 3449 2450 coram
3480 2400 3635 2466 positi
3666 2402 3814 2457 vide-

2244 2488 2445 2529 remus.
2496 2472 2806 2544 Quanquam
2857 2494 3047 2547 parere
3096 2497 3194 2537 nos
3226 2486 3385 2554 regiis
3432 2492 3715 2558 praeceptis
3762 2493 3816 2545 in

2246 2562 2400 2619 bonis
2425 2566 2584 2620 rebus
2612 2576 2666 2621 et
2693 2570 2973 2624 conveniat
2997 2579 3052 2625 et
3081 2571 3264 2637 libeat,
3291 2585 3468 2631 tamen
3495 2593 3598 2632 non
3625 2582 3817 2636 vestris

2248 2655 2691 2725 minusscriptis,
2745 2658 2790 2711 si
2842 2659 3018 2715 studio
3047 2660 3359 2730 charitatis,
3393 2682 3496 2720 non
3539 2670 3819 2737 supercilio

568 2779 749 2821 sermo
792 2762 977 2822 docet,
1022 2758 1238 2813 studere
1282 2772 1378 2811 nos
1428 2755 1676 2809 convenit
1706 2763 1764 2808 ut
1804 2754 1964 2808 frater
1992 2752 2140 2807 fratri
2175 2747 2220 2805 Β
2246 2742 2542 2815 dirigantur
2568 2746 2956 2816 ἀθερεοιῑοηῑες
3000 2752 3123 2820 (illia
3163 2754 3461 2811 amaritudo
3489 2770 3667 2813 vestra
3696 2760 3818 2815 dul-

570 2853 863 2923 adjuvans,
895 2847 1034 2901 sicut
1061 2846 1245 2901 civitas
1277 2845 1475 2898 munita
1504 2851 1558 2898 et
1600 2843 1753 2898 fortis
1777 2882 1792 2906 ,
1826 2842 2146 2896 inconcusso

571 2938 880 2995 fundamine
906 2945 1049 2991 stare
1071 2934 1273 3004 possit;
1305 2933 1510 2988 scilicet
1533 2942 1591 2986 ut
1618 2933 1776 2987 unius
1804 2932 1982 2986 fratris
2010 2947 2149 2987 mte-

570 3030 731 3084 stitiae
753 3041 941 3082 omnes
965 3022 1332 3095 aequanimiter
1348 3021 1722 3091 compatiendo
1746 3021 2147 3091 participemus,

574 3122 881 3190 mutuisque
922 3132 1018 3173 nos
1063 3116 1336 3171 laboribus
1381 3116 1741 3170 sublevemus.
1788 3115 1892 3169 Pro
1930 3129 2032 3185 qua
2065 3130 2146 3179 re,

573 3210 817 3280 piissime
842 3222 907 3263 ac
930 3206 1156 3261 multum
1179 3203 1444 3275 diligende
1462 3205 1676 3258 domine
1698 3213 1753 3258 et
1783 3203 1947 3258 frater
1966 3244 1982 3268 ,
2012 3204 2151 3258 indi-

570 3315 757 3356 camus
787 3312 884 3353 nos
921 3296 1128 3352 litteras
1166 3295 1259 3349 lilii
1290 3294 1458 3349 nostri
1497 3295 1702 3349 domini
1734 3295 1880 3363 regis
1906 3293 2155 3356 Theode-

575 3392 718 3447 baldi
744 3390 1049 3459 excepisse,
1085 3396 1141 3441 ut
1171 3387 1223 3440 in
1252 3385 1583 3441 Tullensium
1614 3385 1749 3441 urbe
1785 3386 1873 3440 die
1901 3384 2151 3439 calenda-

574 3497 695 3537 rum
726 3482 1003 3536 .luniarum
1032 3478 1223 3532 adesse
1250 3477 1523 3540 deberem,
1557 3476 1755 3530 nullam
1779 3489 1993 3530 causam
2025 3489 2153 3529 evo-

577 3575 801 3629 cationis
838 3570 1201 3627 declarantes.
1246 3568 1631 3636 Reciprocantc
1674 3563 1864 3637 pagina
1896 3566 2154 3621 indicavi-

578 3679 696 3719 mus
741 3676 838 3718 nos
883 3644 1007 3716 illuc
1061 3658 1319 3714 accedere
1371 3672 1477 3711 non
1519 3656 1739 3723 debere,
1789 3656 1911 3725 quia
1939 3669 2150 3710 causam

577 3754 1043 3820 conditionemque
1097 3765 1195 3803 nos
1263 3747 1543 3802 constabat
1608 3748 1874 3816 ignorare.
1943 3745 2152 3800 lteratis

577 3844 798 3914 scriptis
842 3841 1057 3897 edocuit
1082 3837 1463 3895 beatitudinem
1493 3845 1725 3892 vestram
1749 3877 1765 3904 ,
1795 3836 1919 3891 dum
1946 3835 2153 3903 aliquos

579 3935 908 3988 Francorum
938 3945 1035 3999 pro
1074 3931 1190 3985 zelo
1225 3929 1390 3983 divini
1430 3928 1638 3981 timoris
1664 3926 1922 3997 corripit,
1955 3941 2019 3981 ac
2058 3939 2155 3993 pro

578 4021 803 4077 inccsris
848 4018 1245 4075 conditionibus
1297 4034 1327 4071 a
1375 4016 1756 4072 communione
1785 4014 2152 4070 ecclesiastica

578 4122 841 4177 removet,
871 4110 1118 4165 scandala
1159 4125 1255 4165 seu
1292 4112 1589 4165 anxietates
1618 4108 1958 4163 multimodas
1985 4108 2150 4163 susti-
2182 4087 2228 4149 (ἶ

578 4224 726 4266 nere.
761 4209 836 4262 De
863 4223 965 4277 qua
986 4221 1048 4260 re
1069 4220 1176 4260 non
1198 4204 1539 4260 mediocriter
1563 4204 1979 4272 ingemiscimus.
2010 4203 2151 4272 quod

580 4313 682 4353 nos
730 4296 989 4350 relatione
1018 4303 1193 4347 vestra
1221 4294 1360 4347 scire
1391 4308 1495 4347 non
1543 4293 1806 4361 feceritis,
1862 4307 2038 4348 utrum
2087 4309 2155 4349 ex

578 4385 834 4441 canonica
860 4385 1090 4438 lectione
1116 4381 1460 4447 damnentur,
1504 4396 1573 4435 an
1616 4396 1711 4449 pro
1742 4384 1994 4450 pastorali
2020 4384 2153 4438 dili-

579 4477 757 4546 gentia
809 4474 875 4529 de
923 4472 1286 4528 mediocribus
1334 4472 1569 4528 restibus
1616 4473 1971 4542 corrigantur.
2005 4472 2156 4529 Licet

580 4567 715 4622 nihil
737 4567 857 4620 novi
887 4578 981 4619 vos
1019 4562 1087 4619 de
1128 4563 1213 4618 his
1241 4564 1401 4619 rebus
1429 4564 1670 4619 invenire
1693 4578 1851 4632 posse
1877 4564 2155 4632 cognosci-

583 4674 705 4713 mus
734 4700 750 4727 ,
782 4654 923 4727 quod
955 4653 1128 4723 prisca
1158 4653 1375 4707 Patrum
1406 4653 1622 4707 solertia
1667 4668 1769 4707 non
1804 4654 1976 4722 potuit
2000 4668 2155 4722 repe-

581 4752 725 4815 rire;
758 4757 936 4803 tamen
963 4745 1255 4801 absurdum
1282 4757 1406 4799 esse
1433 4741 1642 4799 videtur
1670 4752 1783 4798 uta
1811 4744 1963 4799 nobis
2006 4743 2150 4799 reci-

583 4847 797 4912 piantur
825 4843 913 4910 qui
945 4854 975 4893 a
1022 4841 1173 4894 vonis
1200 4838 1491 4893 secundum
1537 4838 2028 4892 seriem-canonum
2060 4850 2151 4892 ec-

579 4933 879 4987 clesiastica
907 4930 1196 4985 severitate
1226 4928 1563 4981 abdicantur.
1597 4925 1852 4981 Novimus
1893 4926 2035 4982 enim
2060 4966 2075 4991 ,
2108 4928 2155 4981 si

582 5021 814 5073 scienter
843 5021 944 5073 hoc
969 5020 1226 5090 gerimus,
1264 5016 1403 5087 quod
1437 5016 1750 5071 criminibus
1774 5017 1997 5075 aliorum
2028 5017 2156 5072 mis-

583 5123 832 5172 ceamnr;
874 5112 918 5161 sl
962 5110 1288 5177 ignoranter,
1322 5107 1491 5162 reatui
1539 5119 1642 5159 non
1674 5105 1982 5159 subdantur.
2014 5106 2152 5171 Qua-

583 5212 802 5267 propter
820 5199 1110 5252 salutantes
1133 5199 1392 5253 charitate
1417 5199 1594 5251 debita
1620 5199 1935 5265 indicamus,
1962 5196 2151 5253 simul-

583 5303 688 5355 que
714 5287 1003 5342 suademus
1030 5296 1089 5339 ut
1112 5299 1212 5338 nos
1254 5286 1307 5338 in
1335 5286 1581 5341 omnibus
1610 5286 1894 5357 participes
1925 5296 2029 5342 tam
2061 5288 2155 5342 tri-

670 5448 687 5468 '
716 5449 773 5504 S.
802 5447 1035 5503 Nicet‘us
1060 5444 1396 5501 Trevirensis
1420 5446 1727 5515 episcopus.

645 5517 674 5558 δ
718 5521 770 5573 In
814 5519 998 5587 primis
1031 5516 1280 5570 Ecclesia:
1311 5517 1521 5571 szeCulis
1537 5557 1575 5587 ,η
1598 5533 1699 5570 vox
1718 5533 1862 5587 papa
1890 5515 2142 5571 omnibus

575 5586 840 5656 episcopis
868 5587 1108 5642 irnlill‘ere
1132 5594 1229 5640 iter
1254 5586 1475 5640 dabatur
1496 5625 1512 5647 ,
1545 5586 1670 5640 licet
1714 5586 1981 5640 Romanus
2014 5600 2143 5652 pun—

582 5660 726 5723 tiiex,
774 5668 828 5712 ut
879 5658 1136 5714 Ecclesia:
1169 5657 1429 5713 universas
1457 5666 1651 5727 caput,
1682 5666 1730 5709 et
1775 5665 1946 5739 pastor
1975 5669 2050 5715 πω
2081 5666 2142 5707 ac

2246 2834 2381 2888 cedo
2412 2845 2594 2889 nostra
2624 2852 2745 2893 esse
2794 2854 2899 2893 non
2944 2841 3172 2910 poterit;
3222 2857 3323 2897 nec
3367 2844 3595 2913 abjeetio
3641 2856 3820 2903 vestra

2248 2932 2450 2997 absque
2516 2936 2697 2982 nostra
2751 2928 3051 2999 dejectione
3110 2934 3420 3001 constabit;
3490 2946 3546 2992 et
3594 2953 3823 2994 venera-

2248 3014 2324 3069 tio
2382 3014 2535 3069 vobis
2571 3016 2747 3071 debita
2788 3018 3026 3087 impensa
3077 3036 3109 3075 a
3151 3025 3305 3079 nobis
3345 3039 3451 3080 non
3490 3026 3819 3094 dignoscitur

2250 3103 2436 3171 procul
2468 3104 2661 3172 posita.
2692 3106 2868 3174 Atque
2900 3108 3122 3174 utinam,
3153 3120 3211 3165 ut
3242 3114 3441 3181 prafati
3466 3129 3668 3181 sumus,
3694 3118 3826 3172 cha-

2252 3192 2407 3246 ritate
2437 3191 2693 3249 suadente
2724 3209 2786 3249 ac
2814 3197 3000 3266 pagina
3041 3199 3374 3268 decurrente,
3405 3212 3636 3259 vestram
3664 3208 3821 3261 nobis

2252 3282 2492 3349 patefieri
2524 3284 2901 3341 decrevissctis
2929 3287 3227 3344 animorum
3261 3291 3593 3347 molestiam!
3625 3309 3826 3363 cogno-

2254 3385 2501 3425 veramus
2547 3381 2725 3428 utrum
2774 3377 3127 3444 compatimur
3171 3379 3430 3434 molestiis
3485 3392 3697 3448 vestris,
3754 3401 3823 3437 an

2256 3459 2613 3527 delectamur;
2645 3478 2767 3516 nam
2799 3473 3027 3533 tacente,
3057 3479 3117 3521 ut
3140 3466 3241 3537 ipsi
3266 3470 3415 3524 scitis
3436 3511 3451 3535 ,
3481 3471 3680 3535 divina,
3711 3474 3828 3527 sola

2254 3548 2505 3619 loquente
2532 3552 2648 3606 viro
2688 3552 2759 3607 hu
2783 3555 2990 3610 uanitas
3028 3552 3332 3626 intelligere
3361 3568 3557 3627 potest.
3603 3561 3714 3616 Hoc
3746 3569 3833 3615 ta-

2255 3655 2375 3695 men
2417 3641 2623 3709 plcnius
2652 3644 2863 3698 noverit
2890 3655 3065 3701 vestra
3095 3647 3387 3715 perfectio,
3422 3651 3466 3705 si
3500 3650 3566 3705 ad
3594 3666 3691 3705 nos
3729 3651 3834 3707 ite-

2257 3744 2370 3783 rata
2401 3733 2601 3800 scripta
2649 3733 2846 3787 domini
2876 3735 3016 3803 regis
3043 3743 3168 3790 ante
3200 3737 3435 3805 quinque
3462 3740 3543 3793 vel
3586 3754 3679 3793 sex
3709 3740 3829 3795 dies

2256 3819 2596 3875 calendarum
2626 3818 2904 3875 Iuniarum
2949 3824 3318 3893 pervenissent
3341 3865 3356 3885 ,
3406 3826 3458 3881 in
3490 3827 3576 3882 die
3608 3831 3830 3896 praefato

2258 3911 2593 3977 prresentiam
2627 3911 2943 3967 bumiliatis
2988 3923 3187 3970 nostra:
3217 3915 3272 3970 in
3311 3916 3489 3973 locum
3521 3918 3830 3975 habueratis

2257 4002 2606 4057 constitutum
2639 4012 2685 4055 ο.
3089 4003 3099 4017 ‘

2825 4096 3154 4155 EPISTOLA
3188 4098 3251 4154 ll.

2538 4202 2609 4242 AD
2646 4200 2892 4241 νιιιιοωι
2932 4202 3215 4242 ενιεοορυιι
3254 4202 3551 4243 ΙΕΤΕΝδΕὶΙ.

2329 4291 2555 4346 Domino
2584 4309 2684 4349 suo
2731 4290 2915 4351 Villico
2966 4308 3149 4364 papte,
3198 4295 3491 4365 Mappinins
3519 4297 3826 4366 episcopus.

2328 4379 2559 4436 Felicem
2590 4383 2907 4453 beatumque
2954 4392 3039 4450 te,
3091 4384 3396 4440 beatissime
3437 4395 3607 4455 pater,
3638 4402 3831 4443 omnes

2259 4472 2578 4527 unanimiter
2598 4474 2971 4541 praedicamus,
2993 4474 3077 4529 cui
3092 4490 3320 4542 superna
3341 4477 3505 4544 pietas
3525 4477 3831 4546 hujusmodi

2259 4562 2443 4617 tribuit
2473 4564 2836 4629 intellectum,
2869 4574 3027 4633 atque
3071 4564 3413 4636 benignitatis
3456 4566 3722 4635 allectum,
3771 4578 3834 4624 ut

2258 4653 2515 4722 singulari
2559 4654 2888 4723 perfectione
2917 4656 3095 4710 vivere
3123 4657 3522 4725 comproberis,
3554 4658 3679 4713 licet
3705 4672 3835 4713 sano

2258 4750 2347 4796 cto
2377 4743 2534 4797 Petro
2562 4742 2663 4796 hoc
2692 4757 2722 4795 a
2749 4743 2981 4798 Domino
3002 4745 3202 4799 dictum
3234 4747 3491 4815 legamus,
3522 4745 3684 4801 Pasce
3711 4763 3833 4801 ova

2259 4847 2416 4897 meas,
2445 4831 2539 4886 sed
2568 4830 2635 4885 ad
2666 4840 2887 4887 cunctos
2915 4833 3007 4902 qui
3034 4824 3364 4889 sacerdotale
3395 4836 3682 4905 funguntur
3706 4835 3831 4889 offl-

2258 4921 2398 4975 cium
2444 4921 2672 4988 pertinet
2715 4936 2951 4989 prasens
2998 4927 3281 4979 sententia.
3329 4924 3407 4980 Tu
3451 4941 3577 4981 vero
3604 4936 3830 4980 cunctos

2256 5011 2662 5081 snpergrediens
2707 5011 2992 5069 dulcedine
3027 5016 3323 5085 singulari,
3371 5019 3459 5087 qui
3501 5033 3605 5072 non
3653 5002 3829 5071 solum

2257 5119 2385 5159 oves
2426 5102 2523 5157 tibi
2561 5106 2877 5159 commissas
2908 5120 3129 5175 pascere
3156 5110 3394 5163 cerneris
3419 5148 3433 5173 ,
3465 5108 3561 5163 sed
3601 5106 3828 5162 aliarum

2257 5196 2438 5250 ovium
2467 5194 2771 5250 sacerdotes
2799 5196 3049 5251 mellillua
3078 5198 3399 5266 perfectione
3415 5207 3573 5267 atque
3598 5198 3834 5252 delicia-

2258 5300 2376 5341 rum
2408 5283 2652 5340 ubertate
2680 5284 2929 5357 saginare
2955 5300 3061 5342 non
3089 5285 3315 5342 desinis.

2156 5435 2169 5441 ’
2265 5444 2497 5500 fidelium
2530 5441 2776 5513 princeps
2802 5459 3015 5513 semper
3042 5443 3252 5497 habitus
3275 5441 3451 5513 fuerit.

2319 5524 2342 5552 ⁸
2385 5510 2585 5577 Labbe,
2610 5510 2830 5579 Concil.,
2862 5510 2996 5567 toin.
3030 5514 3091 5577 ν,
3128 5516 3233 5566 col.
3284 5510 3408 5564 aut.
3436 5513 3562 5565 Dant
3604 5513 3819 5578 Harlot,

2250 5583 2387 5638 Hist.
2421 5596 2635 5656 metrop.
2670 5582 2963 5650 (thomann,
2994 5591 3124 5638 tom.
3161 5582 3201 5647 I,
3235 5596 3287 5650 p.
3318 5579 3444 5635 212.

2941 5771 3041 5797 ιῐιτ
3121 5771 3145 5797 ί
3204 5770 3209 5773 “
3308 5764 3313 5768 ’
3388 5762 3425 5770 ’ἡ
3461 5767 3527 5795 1-⁸
