4100 6194
1239 277 1539 332 Αῐῖλτυῐῖ.
1581 305 1648 314 —
1689 275 1752 328 11.
1796 275 1843 330 J.
1889 274 1948 330 Al

2053 275 2250 330 lZENll
2293 275 2675 332 PRAEFATIO.
3528 280 3594 331 ιδ

417 392 596 446 Testis
645 399 726 444 est
775 390 862 444 ille
911 398 1271 458 perscruta'or
1311 391 1452 445 renis
1492 399 1546 444 et
1578 390 1786 456 cordis,
1821 405 1923 444 non
1960 391 2010 449 Α
2035 389 2164 446 bito,
2200 404 2379 443 amore
2409 391 2632 443 sollicito
2664 397 2939 456 precantes
2964 431 2976 453 ,
3019 389 3212 459 gratias
3255 405 3373 445 eum
3413 391 3595 447 sedula

337 482 711 536 as-sentatioue
741 482 859 543 ista,
894 481 984 534 sed
1017 481 1250 533 veridica
1292 479 1443 534 nobis
1475 482 1768 534 assertione
1803 494 1929 532 con-
2030 477 2322 541 relatione,
2359 479 2645 547 laudesque
2672 480 2963 533 referentes
2994 495 3086 546 pro
3119 481 3270 533 nobis
3299 483 3599 535 misericor-

340 574 535 625 εει-ΞΜ.
568 571 716 636 Quod
764 572 809 625 si
858 582 908 625 te
953 560 1212 624 Conditor
1259 572 1692 640 lledemptorque
1748 581 1932 626 noster
2032 566 2116 619 dis
2165 567 2371 620 Domini
2426 568 2842 622 miscricordiam
2906 585 3128 622 exorare
3183 585 3285 622 non
3349 573 3593 624 desistas.

345 679 523 731 usque
553 663 958 732 sexagenarium
991 678 1269 716 numerum
1315 677 1572 717 annorum
1597 705 1610 727 ,
1642 675 1698 716 ut
1741 678 1931 716 exora-
2032 658 2366 726 QuaprOpter
2386 674 2634 728 rogamus
2660 671 2713 712 ut
2735 660 2885 714 nobis
2903 661 3131 713 Charitas
3158 671 3332 714 vestra
3364 663 3599 714 indicare

291 787 296 790 -
350 768 496 814 "IIIS,
549 753 875 819 provexerit,
925 754 1034 806 eris
1063 753 1267 806 cunctis
1296 754 1596 822 prazcipuus
1637 762 1688 807 et
1713 751 1932 821 reliquis
2033 748 2301 816 dignetur,
2351 759 2578 816 quantos
2611 751 2809 803 solidos
2843 750 2906 802 ad
2937 751 3326 817 comparandos
3357 766 3542 816 porcos
3575 762 3598 789 ι

349 843 724 897 sacerdotibus
765 842 1168 910 anteponendas
1195 882 1206 903 ,
1246 851 1300 896 et
1344 843 1520 896 cuncti
1551 844 1637 911 qui
1673 844 1792 897 vim
1822 850 1927 896 tua:
2037 839 2088 890 in
2113 838 2212 890 illis
2245 838 2483 905 partibus
2506 839 2818 906 dirigamus,
2847 839 2966 907 quia
2995 849 3203 892 constat
3235 839 3386 892 nobis
3405 839 3600 892 donum

354 932 709 984 instructionc
742 931 1042 998 proﬁciunt,
1075 930 1285 983 doleant
1327 939 1376 984 te
1405 929 1614 996 deesse,
1650 939 1702 984 et
1729 947 1785 984 se
1813 941 1931 999 post
2033 942 2065 979 a
2105 926 2258 979 vobis
2300 929 2533 980 muneris
2584 928 2702 981 loco
2732 929 3019 994 collatum,
3054 929 3096 980 si
3149 929 3249 981 hoc
3294 929 3603 984 beneﬁcium

355 1027 410 1069 te
447 1022 628 1074 vivere
657 1019 1023 1087 ingemiscant.
1079 1019 1380 1074 Salutantes
1430 1019 1586 1086 igitur
1627 1035 1808 1075 amore
1837 1022 1930 1075 dc-
2039 1021 2189 1073 vobis
2221 1019 2588 1074 ordinantibus
2619 1021 2773 1075 luerit
2796 1031 3060 1089 repertum
3094 1020 3140 1074 δ.

331 282 416 336 45

439 1185 462 1212 ι·
495 1176 625 1230 \‘ide
654 1176 708 1230 S.
739 1176 958 1241 Remigii
987 1175 1408 1240 Testamentum,
1435 1183 1562 1230 tom.
1590 1174 1728 1229 LXV
1755 1176 1937 1230 Patro-

360 1245 519 1314 logiaa
549 1258 760 1311 nostrae,
796 1247 848 1300 in
882 1247 1005 1299 line.
1039 1245 1196 1300 Enrr.

2114 1175 2140 1213 δ
2345 1176 2530 1230 Marlot
2557 1217 2570 1241 ,
2613 1176 2757 1230 Hist.
2795 1187 3010 1245 melrop.
3043 1177 3314 1232 Rhemens.
3343 1218 3358 1246 ,
3398 1190 3528 1235 tom.
3566 1181 3610 1247 1,

2114 1259 2162 1297 2.
2265 1279 2315 1297 -.

2045 1259 2162 1313 pag.
2191 1259 2315 1298 zu.

1698 1594 1865 1636 ANNO
1904 1594 2132 1637 DOMINI
2177 1597 2305 1638 DLI.

1178 1710 2837 2081 ARATOR,
2918 1736 2922 1740 “

553 2123 684 2251 S.
733 2120 1526 2251 ECCLESIIE
1572 2107 2270 2327 ROW
2318 2123 3186 2254 SUBDIACON
3193 2132 3431 2258 US.

1585 2409 2430 2525 PBOLEGOMA.

926 2625 1283 2718 HENR.
1338 2633 1665 2717 JOAN.
1717 2628 2457 2718 ARNTZENIUS
2510 2637 3057 2723 LECTORI.

454 2777 782 2830 Decenuium
810 2774 918 2828 fere
944 2782 1024 2829 est
1052 2788 1119 2827 ex
1150 2787 1252 2842 quo
1277 2771 1576 2834 Sedulium,
1606 2771 1739 2824 meis
1770 2770 1941 2824 ho’mi-
1977 2776 2021 2833 B
2051 2772 2094 2822 si
2123 2769 2435 2825 discesseris
2475 2772 2542 2826 ab
2587 2773 2742 2827 Arrio
2773 2775 3002 2829 Barbosa
3028 2817 3043 2842 ,
3075 2775 3354 2842 Lusitano,
3386 2783 3535 2848 cujus
3567 2784 3620 2837 in

381 2879 621 2933 numque
680 2864 1155 2917 eruditissimorum
1204 2861 1666 2915 observationibus
1718 2861 1954 2913 illustra-

383 2962 518 3016 tum,
545 2952 742 3019 publici
763 2952 899 3020 juris
923 2951 1162 3005 fecerim.
1194 2949 1310 3003 Jam
1340 2958 1463 3004 tunc
1499 2950 1774 3004 consilium
1799 2963 1954 3017 cepe-

384 3058 497 3096 ram
521 3043 586 3094 de
604 3047 824 3095 Aratore
844 3056 1050 3110 quoque
1073 3039 1417 3094 emaculando
1438 3055 1452 3103 ;
1474 3040 1736 3108 plerisque
1757 3041 1953 3094 etenim

384 3136 437 3186 in
470 3133 788 3188 editionibus
819 3131 1034 3186 Sedulio
1063 3145 1240 3184 comes
1262 3129 1571 3192 addebatur,
1606 3140 1762 3199 atque
1784 3131 1836 3183 iu
1862 3147 1956 3185 eo-

383 3225 505 3277 dem
549 3226 713 3290 magis
754 3223 985 3276 editores
1024 3221 1295 3274 arbitrium
1327 3236 1480 3274 suum
1523 3236 1677 3289 quam
1707 3221 1953 3275 codicum

383 3315 753 3366 auctoritatem
776 3351 790 3376 ,
823 3312 988 3365 secuti
1016 3311 1350 3364 videbantur.
1377 3311 1591 3364 Publice
1619 3327 1702 3365 me
1730 3312 1849 3365 huic
1877 3313 1952 3366 rei

383 3402 582 3455 dudum
619 3402 883 3456 obstrinxi
918 3400 1015 3470 (a),
1040 3401 1131 3454 sed
1159 3401 1441 3467 quominus
1470 3401 1746 3453 consilium
1767 3400 1951 3455 fuerim

383 3508 692 3562 exsecutus,
721 3500 1133 3552 intercesserunt
1155 3512 1350 3560 causa},
1374 3512 1556 3566 eaeque
1583 3497 1714 3550 satis
1737 3511 1949 3566 graves,

384 3591 438 3643 in
474 3591 693 3659 quibus,
729 3605 794 3642 ne
821 3587 1012 3656 publici
1042 3587 1275 3641 muneris
1302 3597 1476 3654 partes
1519 3587 1814 3655 implendas
1843 3599 1955 3640 me-

380 3695 607 3740 morem,
635 3680 755 3747 jure
785 3678 1098 3732 variantium
1128 3692 1191 3731 ex
1219 3677 1374 3731 codd.
1403 3676 1750 3731 Leidensibus
1771 3677 1955 3731 lectio-

380 3786 505 3822 num
529 3785 677 3837 spem
691 3771 864 3824 datam
886 3769 1292 3822 numeraverim.
1312 3768 1506 3821 Harum
1527 3783 1742 3836 compos
1761 3767 1947 3832 factus,

380 3861 538 3913 telam
560 3899 574 3922 ,
616 3875 714 3929 pro
743 3868 980 3928 tempore
1019 3859 1344 3926 depositam,
1377 3859 1639 3925 resumpsi
1673 3866 1953 3928 perteren-

380 3950 527 4012 dam,
555 3948 767 4017 jamque
811 3950 862 4002 in
908 3962 1096 4001 manus
1138 3948 1229 4001 tibi
1276 3947 1427 4000 trado
1461 3957 1670 4016 poetam
1696 3987 1711 4013 ,
1750 3947 1796 4001 si
1827 3946 1950 4015 quid

382 4049 601 4102 sperare
631 4037 802 4102 liceat,
828 4039 969 4090 curis
998 4035 1142 4089 hisce
1168 4035 1582 4089 emendatiorem
1601 4076 1616 4101 ,
1639 4044 1691 4090 et
1720 4036 1784 4088 ad
1815 4036 1950 4104 opti-

2061 2860 2199 2914 huuc
2222 2870 2430 2930 poetam
2452 2867 2840 2928 commentarii,
2873 2866 3038 2920 forma
3073 2865 3288 2937 majori,
3315 2872 3623 2939 prodierunt

2056 2953 2388 3010 Salmantica:
2423 2971 2510 3008 an.
2547 2958 2682 3012 1516
2715 2959 2810 3028 (b),
2836 2960 2926 3013 sed
2958 2975 3088 3029 quos
3131 2963 3258 3017 mihi
3302 2965 3480 3020 videre
3519 2983 3622 3022 non

2056 3045 2298 3114 contigit.
2345 3046 2449 3098 Alii
2490 3047 2702 3115 quidem
2745 3049 2936 3102 similia
2984 3051 3228 3105 videntur
3275 3056 3478 3117 conati,
3528 3059 3621 3111 sed

2055 3136 2229 3186 conati
2255 3143 2478 3187 tantum.
2511 3136 2869 3191 Chrisdanum
2901 3139 3179 3194 Daumium
3204 3144 3269 3196 de
3303 3144 3626 3201 illustraudis

2055 3219 2475 3278 Christianorum
2518 3227 2706 3293 pectis,
2738 3238 2896 3296 atque
2939 3230 3070 3282 adeo
3109 3231 3176 3284 de
3216 3235 3459 3298 Aratore,
3484 3237 3628 3303 cogi-

2059 3321 2221 3390 tasse,
2248 3314 2427 3383 idque,
2452 3317 2495 3369 si
2526 3320 2835 3385 sumptuarii
2864 3319 3132 3384 adessent,
3175 3321 3449 3377 absolvere
3493 3340 3626 3392 Opus

2055 3407 2290 3462 voluisse
2319 3425 2382 3463 ex
2416 3411 2583 3478 ipsius
2615 3410 2680 3463 ad
2715 3411 2985 3465 lleinsium
3017 3413 3241 3482 epistola
3277 3428 3496 3484 apparet
3528 3419 3621 3486 (c).

2055 3493 2384 3551 Referendus
2411 3497 2513 3552 huc
2544 3514 2754 3568 quoque
2779 3510 2859 3554 est
2892 3503 3130 3555 Andreas
3156 3503 3400 3568 Riviuus,
3435 3507 3620 3562 huma-

2057 3581 2261 3636 uiorum
2297 3585 2592 3641 litterarum
2635 3588 2910 3656 professor
2947 3590 3268 3660 Lipsiensis,
3312 3593 3463 3663 cujus
3494 3612 3626 3664 opu-

2054 3673 2199 3726 scula
2221 3674 2643 3730 Chrisuanorum
2671 3690 2940 3745 poetarum
2966 3681 3215 3735 Daumius
3239 3695 3497 3738 memorat
3523 3687 3622 3754 (ό),

2053 3771 2108 3816 et
2145 3762 2391 3819 Nicolaus
2440 3766 2688 3820 Heinsius
2730 3771 2825 3839 (ε),
2867 3772 3187 3840 eosdemque
3231 3789 3324 3840 pro
3369 3777 3626 3829 concione

2054 3854 2364 3920 explicitos,
2407 3857 2952 3912 animadversionibus
2978 3862 3288 3925 illustratos,
3319 3876 3367 3916 et
3396 3881 3457 3916 ex
3492 3881 3620 3919 mss.

2054 3946 2380 3997 emaculatos
2414 3944 2658 3998 Rivinum
2695 3946 2996 4014 divulgasse
3031 3949 3215 4001 scribit
3238 3951 3393 4003 Joan.
3427 3950 3621 4023 Gecrg.

2055 4027 2296 4086 Graevius
2320 4033 2430 4101 (f),
2466 4035 2623 4102 inque
2646 4035 2710 4088 iis
2731 4037 3057 4108 corrigendis
3081 4040 3324 4094 eumdem
3358 4043 3456 4097 sibi
3487 4045 3625 4098 mul-

381 4138 505 4176 mos
535 4125 734 4179 codices
768 4139 1101 4193 expressum.
1131 4125 1198 4178 Et
1237 4125 1281 4177 si
1324 4123 1492 4191 magis
1516 4132 1663 4189 grata
1694 4124 1800 4176 sint
1832 4138 1950 4190 quae
1977 4121 2022 4181 C
2057 4130 2164 4173 tum
2195 4121 2474 4175 indulsisse
2502 4133 2724 4177 tesmtur
2758 4126 3006 4180 Daumius
3035 4129 3131 4198 (g).
3158 4129 3305 4184 Nota:
3332 4144 3450 4185 sunt
3474 4145 3622 4188 terte

380 4213 585 4265 rariora
636 4214 943 4277 videantur,
998 4214 1242 4280 augurari
1292 4213 1450 4265 liceat
1504 4211 1617 4264 fore
1667 4211 1948 4265 nonnullos

375 4306 468 4372 qui
502 4306 621 4371 hoc,
647 4305 897 4375 quidquid
921 4305 990 4358 sit
1013 4304 1240 4368 consilii,
1266 4303 1494 4374 probent
1517 4302 1797 4368 lubenter,
1826 4317 1944 4357 cum

378 4397 617 4448 Aratoris
659 4394 918 4448 editiones
962 4410 1066 4448 non
1106 4393 1276 4448 ubivis
1314 4393 1503 4446 iuerint
1552 4401 1714 4457 notae,
1753 4402 1806 4447 et
1846 4393 1946 4446 hoc

374 4497 592 4536 carmen
657 4484 707 4536 in
761 4483 1148 4552 antiqui-oribus
1201 4481 1622 4535 Christianorum
1671 4489 1944 4546 poetarum

373 4573 700 4628 editionibus
732 4573 1032 4627 inveniatur
1061 4572 1306 4640 quidem,
1331 4571 1424 4625 sed
1454 4572 1806 4624 recentiorum
1839 4584 1945 4624 non

373 4664 444 4713 sit
470 4675 631 4728 opera
657 4662 996 4728 perpolitum.
1024 4660 1344 4714 Prudentius
1373 4660 1658 4713 Cellarium
1702 4667 1755 4712 et
1790 4658 1948 4712 Hein-

373 4751 547 4809 sium,
579 4748 842 4804 Juveucus
886 4750 1174 4804 Omeisium
1214 4759 1266 4803 et
1304 4748 1655 4812 Reuschium,
1702 4749 1947 4803 Sedu!ius

371 4840 662 4892 Cellarium
687 4841 1060 4894 etGruncrum
1102 4841 1238 4893 nacti
1282 4849 1408 4893 sunt
1450 4841 1818 4907 soSpitatores,
1853 4840 1947 4894 sed

371 4932 467 4999 qui
513 4945 579 4984 ex
624 4931 1007 4985 recentioribus
1054 4931 1332 4984 Aratorem
1379 4931 1518 4983 notis
1563 4930 1944 4994 illustraverit,

371 5024 497 5075 novi
544 5024 826 5077 neminem.
867 5025 934 5076 At
976 5022 1100 5090 quid
1147 5023 1468 5076 recentiores
1504 5022 1782 5074 memoro?
1825 5037 1945 5074 cum

367 5117 667 5180 generatim
696 5112 886 5166 eruditi
919 5111 1051 5165 nihil
1082 5120 1327 5165 notarum
1350 5111 1415 5164 ad
1445 5125 1565 5164 eum
1601 5109 1940 5174 contulerint,

444 5267 521 5339 (α)
551 5268 602 5321 In
632 5270 999 5332 Miscellaneis,
1028 5285 1080 5339 p.
1103 5270 1191 5325 39.

445 5335 522 5404 (ὸ)
559 5340 685 5393 Vide
715 5335 1188 5394 Fabricium'Bibl.
1228 5339 1367 5392 med.
1409 5348 1462 5392 et
1492 5339 1654 5392 inlim.
1694 5341 1861 5393 Latin.
1897 5341 1937 5407 I,

369 5423 426 5476 ρ.
459 5407 583 5476 516.
623 5410 832 5462 Arrium
871 5410 1170 5462 Meudosam
1212 5424 1330 5461 eum
1378 5410 1608 5476 appellat
1638 5410 1774 5462 idem
1805 5411 1938 5464 Bibl.

366 5475 577 5547 μίξει,
605 5488 729 5531 tum.
757 5478 843 5544 Ill,
869 5493 921 5547 p.
946 5479 1068 5544 507,
1099 5488 1150 5532 et
1173 5477 1431 5532 Fuuccius
1452 5475 1521 5532 de
1547 5479 1760 5547 decrep.
1793 5479 1850 5533 L.
1879 5479 1939 5534 L.

370 5546 616 5606 Seneca,
641 5563 693 5610 p.
717 5549 842 5600 247.
873 5546 883 5547 ί
1651 5606 1654 5608 η

446 5616 521 5683 (ε)
543 5616 758 5686 Syllo-ge
784 5615 938 5688 epist.
968 5615 1247 5672 Burmanni
1309 5627 1438 5672 tom.
1478 5617 1546 5686 V,
1577 5631 1629 5687 p.
1658 5615 1783 5683 2H,
1813 5615 1940 5683 216,

2053 4208 2320 4264 Dracontii
2347 4220 2402 4265 et
2432 4212 2681 4279 Drepanii
2725 4215 2864 4269 Flori
2911 4218 3175 4272 editiones
3216 4236 3245 4273 a
3282 4221 3470 4275 Rixiuo
3499 4240 3621 4289 pro-

2051 4310 2269 4354 curatze.
2316 4302 2421 4358 Sed
2469 4315 2646 4358 utrum
2686 4307 2752 4361 de
2790 4309 3014 4363 Aratore
3061 4327 3269 4381 quoque
3313 4316 3622 4384 cogitaverit

2051 4391 2277 4456 edendo,
2306 4407 2410 4446 non
2447 4395 2798 4451 deliniverim.
2822 4427 2892 4438 -—
2919 4399 2975 4452 ln
3003 4401 3116 4469 ipso
3147 4415 3395 4469 prmterea
3425 4417 3617 4460 coiiatu

2051 4481 2287 4534 substitit
2331 4483 2641 4538 FrallCisCltS
2681 4486 2910 4551 Juretus,
2942 4491 3012 4544 ob
3039 4492 3173 4544 idem
3201 4494 3618 4549 Chrisuanortun

2051 4580 2326 4636 poetarum
2372 4576 2696 4628 edendorum
2747 4581 3048 4646 consilium,
3089 4596 3339 4638 successu
3374 4587 3491 4640 licet
3532 4602 3623 4639 ea-

2050 4663 2242 4726 ruerit,
2272 4663 2512 4718 laudatus
2542 4667 2608 4719 ab
2634 4667 2787 4720 Joan.
2820 4671 3022 4725 Albert.
3051 4673 3291 4727 Fabricio
3319 4676 3430 4744 (lt);
3461 4693 3616 4744 quem

2045 4747 2173 4801 dum
2207 4752 2420 4805 nomino
2445 4795 2457 4819 ,
2487 4753 2647 4809 doleo
2675 4772 2805 4811 sane
2846 4763 3080 4813 Aratoris
3117 4763 3281 4815 vicem
3307 4803 3320 4827 ,
3368 4781 3468 4832 qua
3518 4767 3616 4818 fata

2050 4840 2226 4893 minus
2277 4842 2503 4909 benigna
2573 4848 2818 4900 eumdem
2875 4849 2947 4900 ilii
3001 4850 3298 4904 Fabriiium
3360 4870 3618 4920 negarunt

2050 4930 2447 4997 sospitatorem.
2480 4935 2524 4986 ls
2557 4938 2751 4988 etenim
2801 4939 3084 4990 instructus
3133 4942 3312 4993 codice
3341 4943 3616 4997 (latitabri-

2047 5023 2407 5092 giensi,quem
2436 5028 2617 5081 Ericus
2642 5029 2939 5092 Beuzrlius,
2971 5033 3249 5100 episcopus
3271 5035 3618 5106 Lincopensis

2047 5121 2101 5167 et
2121 5114 2453 5170 bibliotheca:
2478 5117 2802 5184 Upsaliensis
2828 5119 3128 5186 praefectus,
3148 5127 3462 5191 contulerat,
3488 5131 3618 5180 Ara-

2123 5343 2201 5418 (d)
2225 5344 2355 5418 §yll.
2387 5346 2636 5418 Burman.
2669 5354 2796 5418 tom.
2828 5347 2888 5411 V,
2919 5367 2970 5418 p.
2998 5351 3120 5409 225.

2119 5413 2190 5489 (ς)
2220 5413 2483 5489 §ylloges,
2518 5414 2636 5489 loco
2659 5413 2992 5489 laudato,’p.
3021 5423 3144 5478 218.

2120 5484 2187 5555 (fi
2221 5482 2532 5555 lfrgfaliope
2555 5485 2619 5538 ad
2641 5482 2926 5555 Syntagma
2943 5482 3163 5546 Idissert.

2124 5553 2197 5627 (ρ)
2231 5554 2444 5627 §y_ll_oge
2472 5553 2720 5627 Burman.
2755 5553 2882 5611 tom.
2913 5560 2976 5624 V,
3003 5576 3054 5627 p.
3085 5561 3208 5618 226.

2121 5621 2205 5691 (ἡ)
2239 5622 2484 5677 Biblioth.
2520 5623 2691 5680 Latin.
2724 5635 2851 5681 tom.
2884 5629 2923 5695 l,
2954 5621 3155 5699 pim.
