4100 6194
491 242 557 292 £7
1950 242 2257 301 ARATOR.
3656 252 3726 307 £8

491 367 656 410 torem
702 370 822 409 sese
868 357 1131 412 editurum
1179 353 1419 426 promisit
1461 355 1575 424 (a),-
1607 357 1687 409 cui
1728 355 2048 424 praemittere
2080 359 2125 418 Α
2153 370 2218 410 eo
2246 354 2512 409 disserere
2544 352 2702 422 hujus
2733 370 2837 411 non
2865 367 2948 414 est
2987 358 3113 415 loci.
3149 359 3203 414 Id
3234 338 3559 430 addendum,
3592 369 3726 422 Ara-

488 447 833 501 constituerat
877 449 1004 501 Acta
1036 447 1394 514 apostolorum
1420 486 1435 511 ,
1477 445 1660 500 Grzcve
1702 455 1755 498 et
1796 445 1978 499 Latine
2021 461 2053 501 θ

488 538 672 591 codice
694 538 965 591 Laudiauo
994 552 1238 606 expressa
1264 580 1276 604 ,
1305 546 1556 605 praeterea
1582 536 1811 603 adjicere
1839 536 2048 589 Florum

484 629 830 697 ‘Sparsionem
848 630 912 683 ad
935 629 1086 694 Acta,
1114 639 1166 684 et
1195 628 1361 683 Grotii
1390 630 1770 683 commentaria
1797 628 1902 699 (b);
1934 644 2052 696 quae

487 722 664 776 Omnia
695 723 737 776 si
767 722 885 791 quis
905 764 920 788 ,
960 721 1140 790 juncta
1174 721 1269 775 viti
1300 720 1497 790 egregii
1530 720 1845 780 erudtznne,
1880 720 2053 773 cousi-

488 810 655 873 dcret,
685 825 750 863 eo
777 800 942 880 magh
966 809 1248 864 dolendum
1270 817 1371 874 est,
1405 809 1620 877 Ajacem
1646 807 1785 862 buuc
1812 809 1862 861 in
1887 822 2051 875 spon-

487 902 625 966 giam
658 900 983 965 incubuisse,
1013 913 1136 954 cum
1176 900 1373 954 eximia
1420 899 1620 965 quaevis
1659 899 1724 952 ab
1765 913 1830 953 eo
1860 899 2079 953 collatat

489 986 628 1040 haud
658 986 817 1041 dubie
859 986 1082 1042 fuissent
1106 1031 1121 1054 ,
1155 1002 1379 1056 quorum
1409 995 1583 1041 utrum
1609 986 1720 1054 jam
1763 986 1961 1053 primas
1994 986 2055 1039 li-

486 1091 613 1130 neas
633 1076 865 1143 duxcrit,
884 1090 1050 1145 eaque
1061 1076 1127 1130 ad
1149 1076 1455 1131 Reimarum
1477 1075 1670 1130 deinde
1694 1074 2050 1143 pervenerint,

483 1181 702 1235 prorsus
756 1167 976 1235 ignoro;
1018 1168 1200 1221 dubito
1249 1176 1460 1230 tamen,
1505 1180 1623 1219 cum
1672 1165 1952 1219 Reimarus
2000 1166 2052 1219 in

486 1256 779 1322 posthumis
816 1256 1047 1309 Fabricii
1098 1272 1227 1310 mss.
1256 1256 1389 1310 nihil
1432 1256 1499 1310 de
1545 1257 1646 1310 illis
1676 1265 1957 1321 memoret,
1989 1271 2054 1310 eo

481 1348 748 1415 praecipue
773 1348 891 1403 loco
917 1348 1002 1401 ubi
1035 1358 1330 1417 opportuna
1356 1349 1567 1404 adesset
1593 1350 1658 1403 ad
1689 1363 1875 1403 manus
1901 1363 2054 1405 occa-

482 1437 583 1499 sio,
613 1451 733 1490 cum
763 1446 1059 1503 exponeret
1101 1438 1167 1490 de
1197 1438 1488 1505 Specimiue
1526 1438 1756 1493 Fabricii
1785 1439 1850 1492 ad
1890 1440 2054 1493 Actus

486 1526 867 1594 apostolorum,
900 1527 1070 1596 deque
1095 1529 1157 1582 iis
1193 1528 1377 1583 Graece
1418 1528 1609 1583 litteris
1654 1530 1992 1598 maiusculis,
2021 1546 2053 1585 e

483 1616 666 1669 codice
733 1615 1037 1682 Laudiauo,
1092 1618 1453 1686 exprimendis
1502 1617 1597 1687 (c).
1653 1619 1962 1687 Suspicatus
1998 1629 2053 1675 et

2156 443 2286 498 toris
2314 444 2569 512 neglecti,
2599 452 2651 498 et
2673 451 2873 499 tantum
2903 462 3006 501 non
3036 448 3289 518 incogniti
3310 465 3501 507 causas
3528 455 3579 508 iu
3612 456 3723 525 ipsa
3764 493 3775 503 ι

2154 532 2419 587 scribendi
2455 547 2556 602 qua
2600 547 2725 587 usus
2763 542 2845 588 est
2881 536 3131 591 methodo
3177 539 3305 593 sitas
3344 556 3482 595 esse.
3520 544 3728 600 Ninnius

2154 637 2232 677 cci
2248 631 2297 676 te
2326 631 2409 676 est
2434 624 2761 679 cumulandis
2802 626 3102 695 allegorils,
3142 630 3255 684 sive
3280 646 3370 685 eas
3399 643 3551 704 typos
3571 679 3584 701 ,
3622 639 3731 691 lor-

2155 727 2289 778 mas,
2319 712 2509 781 ﬁguras
2536 713 2713 769 dicere
2741 716 2894 770 malis
2920 718 3029 788 (i);
3062 720 3153 774 sed
3178 730 3231 775 et
3270 723 3319 776 in
3350 724 3430 779 bis
3456 726 3481 779 l‘
3510 729 3609 781 cile
3636 743 3728 783 ex-

2155 805 2480 857 cusationem
2515 816 2749 859 meretur
2792 821 2855 860 ex
2898 809 3077 863 smeuli
3120 810 3263 866 illius
3308 818 3727 883 consuetudine,

2154 908 2255 961 qua
2296 908 2518 947 acumen
2570 893 2768 963 ingenii
2817 895 3011 951 talibus
3059 903 3349 956 tentabant.
3403 905 3591 959 Notum
3645 922 3727 962 est

2154 994 2352 1047 quanto
2373 996 2535 1050 opere
2558 983 2608 1037 id
2634 985 2979 1052 expositionis
3010 1003 3179 1057 genus
3202 990 3413 1061 Origcni
3444 995 3725 1061 placuerit,

2153 1078 2311 1133 atque
2342 1072 2469 1125 illud
2517 1083 2636 1140 post
2668 1076 2921 1129 saeculum
2962 1091 3018 1130 tn
3062 1080 3216 1133 avide
3248 1084 3569 1150 arripuerint
3596 1087 3722 1141 seri~

2154 1168 2333 1227 ptores
2362 1161 2597 1215 Hebrum
2629 1164 2894 1219 Graecteve
2920 1166 3112 1236 lingua:
3139 1170 3390 1240 imperiti,
3421 1176 3530 1243 qui,
3563 1191 3724 1244 quam

2153 1249 2324 1303 lucem
2351 1250 2489 1304 sacri
2510 1252 2709 1307 codicis
2736 1254 3093 1311 locutionibus
3118 1259 3309 1314 ali'erre
3349 1277 3452 1316 non
3480 1274 3726 1331 poterant

2154 1339 2447 1396 litterarum
2470 1343 2678 1413 inopes,
2697 1361 2765 1424 e_x
2789 1348 2979 1403 talibus
3002 1350 3275 1423 elegantiis
3293 1355 3491 1411 addere
3509 1356 3727 1413 fuerunt

2153 1434 2326 1485 conati
2360 1451 2372 1485 :
2406 1435 2691 1489 accedebat
2721 1448 2775 1491 et
2810 1437 2957 1493 hisce
2987 1440 3128 1508 pium
3160 1445 3472 1513 consilium,
3501 1464 3605 1517 quo
3637 1466 3724 1504 res

2153 1520 2470 1587 historicas,
2517 1525 2657 1579 nude
2704 1527 2938 1593 positas,
2990 1544 3171 1597 parum
3219 1535 3449 1589 moribus
3494 1537 3725 1605 vitaeque

2154 1611 2317 1676 probe
2363 1611 2699 1665 instituenda:
2746 1614 3005 1686 inservire
3048 1620 3373 1689 credebant,
3418 1625 3514 1677 nisi
3541 1664 3555 1688 ,
3604 1628 3724 1679 velo

481 1705 766 1774 aliquando
818 1721 933 1759 sum
976 1709 1249 1760 Amorem
1307 1709 1469 1764 {disse
1522 1709 1818 1777 sepositum
1869 1725 1900 1764 ε
1954 1711 2053 1764 ἢ..
2083 1715 2129 1773 Β
2157 1698 2298 1753 velut
2342 1698 2567 1763 remoto,
2618 1708 2903 1782 tectanut
2945 1708 3257 1773 credebant,
3304 1713 3501 1766 veritas
3540 1715 3722 1782 pietati

482 1795 690 1860 bricio,
743 1805 1019 1865 postquam
1070 1797 1395 1853 edendorum
1446 1808 1723 1866 poetarum
1779 1810 2050 1854 sacrorum

480 1886 760 1939 consilium
806 1888 1069 1955 reiecerit,
1118 1904 1187 1941 ex
1234 1900 1338 1955 quo
1394 1888 1684 1942 iuvencum
1720 1889 1959 1943 Omeisio
1998 1897 2055 1943 et

480 1972 747 2028 anscliio
773 1976 1141 2029 illuStrandum
1173 1979 1499 2031 concesserit
1533 1996 1545 2029 :
1579 1978 1631 2032 id
1660 1994 1790 2032 sane
1820 1974 2053 2033 Reimari

479 2056 533 2109 iu
566 2063 675 2117 Vita
706 2064 933 2119 Fabricii
966 2065 1045 2135 (ά)
1078 2067 1436 2121 testimonium
1475 2067 1709 2122 indicare
1753 2068 2081 2123 videbatur.'

482 2154 584 2208 Sed
611 2154 730 2206 huic
757 2155 1048 2221 suspicioni
1078 2157 1293 2209 obstare
1324 2156 1575 2224 deinceps
1597 2171 1657 2210 ea
1685 2155 2009 2226 deprehendi
2035 2196 2059 2221 ,η

481 2257 594 2310 quae
622 2244 735 2312 ipse
764 2243 1037 2297 Fabricius
1065 2245 1172 2297 alio
1203 2244 1319 2298 loco
1361 2246 1601 2312 promi:it
1656 2245 1750 2316 (ε).
1781 2279 1853 2289 ——
1878 2248 2050 2317 Atque

481 2347 541 2389 cx
585 2334 667 2387 liis
704 2342 957 2403 apparet,
1009 2333 1152 2388 viros
1193 2334 1487 2390 eruditione
1531 2336 1766 2407 insignes
1811 2351 1906 2391 sua
1956 2339 2052 2391 hos

485 2412 765 2495 scriptorcs
787 2441 910 2480 cura
941 2442 1043 2480 non
1071 2426 1313 2495 indignos
1331 2427 1616 2494 juchasse,
1640 2429 1903 2497 praecipue
1928 2443 2048 2483 cum

476 2529 528 2571 et
557 2519 635 2570 vel
666 2518 1041 2572 eruditioribns
1072 2522 1245 2571 minus
1279 2518 1385 2571 noti
1417 2519 1752 2583 viderentur,
1784 2521 1925 2589 quod
1965 2519 2047 2574 vel

473 2609 607 2663 adeo
642 2624 858 2671 verum,
906 2617 963 2661 ut
1012 2606 1270 2676 Georgius
1306 2608 1613 2672 Fabricius,
1653 2610 1735 2661 cui
1774 2618 2047 2675 poetarum
2090 2636 2093 2637 ν

474 2712 717 2752 veterum
776 2698 1255 2752 ecclesiasticarum
1315 2701 1724 2764 collectionem,
1779 2700 1877 2752 hac
1927 2700 2050 2752 licet

474 2800 629 2844 aetate
653 2790 1002 2853 rarissimam,
1020 2790 1298 2855 debemus,
1318 2790 1369 2843 in
1397 2791 1706 2859 praefatione
1734 2792 1797 2843 ad
1822 2792 2052 2845 Alexan-

474 2880 627 2932 drum
668 2880 959 2946 principent
996 2879 1071 2947 (Ῑ)
1110 2878 1485 2946 profiterinon
1527 2882 1827 2947 erubuerit,
1869 2896 1930 2937 se
1982 2888 2048 2937 ex

476 2970 623 3024 hisce
653 2969 845 3035 poetis,
874 2980 1098 3036 excepto
1130 2971 1421 3025 Prudentio
1443 3011 1457 3036 ,
1498 2973 1714 3026 novisse
1756 2973 2045 3035 neminem.

2159 1782 2533 1853 promoveudk
2580 1800 2959 1854 exponeretur.
3005 1794 3154 1858 Quod
3205 1797 3415 1865 quidem
3444 1803 3720 1857 consilium

2154 1890 2254 1932 nec
2286 1878 2646 1934 damnaverim
2678 1890 2925 1949 promus,
2959 1899 3126 1951 neque
3158 1887 3503 1943 laudaverim.
3538 1893 3673 1945 Iliaci
3695 1909 3722 1948 s

2157 1969 2209 2023 in
2261 1969 2405 2025 hisce
2448 1981 2595 2026 extra
2641 1987 2821 2026 muros
2865 1984 3168 2042 peccatum,
3215 1985 3269 2031 et
3316 1981 3470 2034 intra.
3506 1980 3723 2035 Pietatis

2155 2061 2531 2129 promovenda:
2559 2071 2801 2129 conatus,
2825 2050 2925 2118 suo
2966 2064 3018 2118 in
3048 2064 3196 2119 hisee
3236 2069 3581 2137 scriptoribus
3612 2086 3724 2123 me-

2154 2152 2278 2216 rito,
2312 2153 2528 2206 maximi
2559 2153 2796 2222 fecerim,
2830 2157 2919 2209 sed
2948 2166 3139 2211 cavere
3168 2156 3511 2226 debuissent,
3562 2178 3624 2215 ne
3668 2162 3741 2216 in-

2157 2238 2419 2310 tnrgidain
2464 2242 2783 2310 orationem,
2837 2246 2886 2298 in
2934 2248 3195 2315 ampullas
3242 2258 3293 2302 et
3336 2251 3721 2318 sesquipedalia

2154 2331 2346 2393 verba,
2376 2340 2462 2396 et,
2490 2332 2577 2385 vis
2605 2335 2872 2410 amplius?
2906 2350 2972 2389 ne
3022 2337 3073 2390 in
3117 2353 3279 2408 nugas
3329 2339 3554 2408 prolapsi
3585 2341 3721 2393 fuis-

2150 2427 2290 2472 sunt.
2323 2419 2489 2485 Quis,
2522 2436 2741 2487 qumso,
2792 2421 2924 2475 ferat
2950 2463 2963 2483 ,
3006 2438 3073 2477 ex
3122 2425 3366 2480 historica
3418 2429 3723 2483 narratione

2150 2517 2360 2562 enataui
2388 2511 2529 2564 sacri
2553 2511 2752 2565 codicis
2775 2512 3262 2581 interpretationem
3287 2518 3565 2583 moralem,
3587 2520 3717 2573 alle-

2148 2598 2383 2664 goricam
2415 2604 2471 2652 et
2514 2601 2901 2670 anagogicam?
2947 2617 3047 2671 qua
3075 2604 3143 2657 d‘e
3184 2620 3241 2659 re
3280 2608 3413 2659 lectu
3445 2607 3598 2675 digna
3640 2619 3723 2663 est

2149 2684 2361 2752 Georgii
2393 2686 2621 2742 Fabricii
2651 2690 2953 2745 observatio
2992 2692 3089 2763 (It).
3121 2694 3189 2746 At
3215 2695 3397 2762 quidni
3431 2695 3542 2750 haec
3584 2696 3722 2751 fera-

2149 2791 2270 2831 mus
2301 2778 2352 2830 in
2384 2777 2521 2830 illius
2551 2780 2805 2846 temporis
2833 2784 3199 2850 scriptoribus,
3227 2799 3332 2852 quo
3363 2786 3412 2837 iu
3445 2784 3722 2840 humanio-

2144 2877 2239 2917 res
2274 2863 2583 2934 disciplinas
2612 2868 2771 2921 ardor
2806 2868 3002 2923 dudum
3046 2872 3418 2927 deferbuerat?
3462 2889 3583 2929 cum
3630 2876 3719 2929 illa

2146 2962 2311 3018 sitas,
2343 2970 2462 3023 quae
2487 2957 2721 3025 supremi
2768 2958 3007 3013 Numinis
3036 2960 3293 3016 beneficio
3325 2963 3510 3031 majori
3542 2965 3721 3018 erudi-

471 3060 603 3113 Cum
636 3061 776 3113 enim
807 3059 945 3112 haud
976 3060 1081 3113 alio
1110 3076 1266 3129 quam
1298 3062 1561 3129 religiosa:
1599 3062 1903 3129 scriptionis
1942 3078 2041 3117 no-

2151 3047 2311 3100 tisnis
2348 3056 2402 3101 et
2431 3048 2724 3103 litterarum
2774 3049 2892 3105 luce
2930 3051 3150 3118 fruitur,
3182 3053 3306 3106 talia
3340 3069 3716 3123 nonnunquam

476 3150 620 3203 mine
652 3149 962 3203 viderentur
988 3149 1413 3214 c0mmendaudi,
1447 3150 1626 3218 paucis
1655 3150 1870 3205 eosdem
1896 3151 2044 3205 evol-

472 3253 599 3293 vere
628 3239 852 3306 placuit,
881 3239 1116 3293 carmina
1146 3239 1258 3293 haec
1298 3240 1432 3293 levia
1461 3247 1516 3292 et
1543 3238 1709 3293 iutilia
1748 3239 2048 3293 arbitranti-

472 3331 593 3385 bus.
638 3332 711 3383 De
745 3344 837 3383 sua
867 3340 1023 3384 aetate
1059 3340 1383 3399 conquestus
1423 3338 1507 3384 est
1544 3329 1879 3384 Christianus
1911 3330 2047 3385 Dau-

473 3426 612 3477 mius
635 3422 710 3493 (g)
742 3438 892 3477 raros
923 3437 1071 3487 esse,
1112 3424 1199 3487 qui
1245 3431 1429 3490 poetas
1455 3422 1792 3476 Christianos
1833 3430 2040 3489 curent,

472 3522 725 3567 Corumve
766 3513 1062 3581 elegantias
1108 3523 1413 3581 perspectas
1458 3513 1705 3566 habeant.
1742 3512 1871 3578 Quis
1912 3511 2046 3566 adeo

472 3604 609 3656 mire
636 3618 718 3667 ur,
742 3602 845 3657 illis
873 3601 1221 3656 emendandis
1246 3603 1329 3654 vix
1361 3602 1523 3654 ullum
1566 3616 1782 3668 Operam
1804 3644 1818 3665 ,
1862 3601 2045 3669 legen-

472 3690 624 3744 disve
657 3700 862 3757 tempus
900 3689 1294 3757 insumpsisse?
1330 3688 1405 3742 Ita
1448 3689 1760 3743 Franciscus
1801 3688 2047 3742 Floridus

474 3778 704 3832 Sabinus
734 3796 748 3832 :
782 3779 869 3833 Sic
889 3817 904 3840 ,
940 3778 1107 3846 inquit
1134 3778 1235 3848 (It),
1276 3779 1523 3831 antecedit
1553 3777 1894 3832 Prudentium
1923 3778 2046 3831 Sin-

471 3886 637 3933 cerns,
663 3878 715 3921 ut
746 3871 853 3922 sine
884 3867 1036 3922 dubio
1066 3870 1230 3939 pluris
1256 3870 1319 3921 sit
1347 3870 1634 3939 faciendum
1666 3873 1866 3922 unicum
1893 3869 2045 3935 huius

472 3961 539 4012 ad
565 3975 814 4011 summum
863 3960 1149 4029 pontiﬁcem
1194 3961 1535 4030 epigramma,
1576 3975 1726 4029 quam
1772 3962 2046 4012 innumera:

479 4052 868 4104 Prttdcntiorum
891 4091 904 4113 ,
946 4052 1216 4103 Aratorum
1238 4094 1251 4117 ,
1287 4068 1347 4103 ac
1371 4051 1713 4104 Jurencorum
1740 4093 1754 4116 ,
1788 4067 1850 4103 ne
1880 4051 2044 4104 dicant

472 4143 622 4193 boum
654 4140 923 4209 myriades.
955 4141 1103 4207 Quod
1126 4139 1382 4207 judicitmi
1410 4142 1529 4193 licet
1560 4140 1718 4193 nimis
1754 4141 1823 4193 sit
1850 4140 2042 4193 durum

448 4240 525 4282 et
551 4229 826 4291 acerbum,
848 4244 1002 4297 eque
1024 4230 1271 4281 Daumius
1299 4230 1387 4296 (ἰ),
1420 4230 1581 4282 multa
1609 4243 1673 4281 ex
1704 4228 1847 4282 hisee
1874 4231 2045 4296 poetis

473 4322 611 4371 bona
633 4319 834 4371 hauriri
860 4334 1015 4386 posse
1035 4319 1430 4385 arbitratus,qu
1447 4333 1477 4370 e
1502 4319 1776 4381 restiterit,
1794 4319 1842 4370 id
1868 4328 2041 4373 tamen

2150 3137 2355 3204 probet,
2372 3147 2426 3191 et
2453 3138 2680 3193 libenter
2700 3139 2878 3194 audiat
2906 3140 2989 3210 (l).
3033 3142 3134 3197 Sed
3158 3144 3221 3196 ad
3246 3149 3519 3198 Aratorem
3534 3147 3718 3211 redeo,

2152 3236 2210 3281 ut
2232 3229 2299 3281 de
2324 3228 2494 3294 ipsius
2520 3228 2790 3297 allegoriis
2819 3229 2955 3283 idem
2981 3229 3143 3285 ieram
3169 3231 3448 3297 judicium,
3479 3234 3619 3302 quod
3649 3235 3717 3290 de

2146 3316 2388 3371 Ilanuele
2421 3318 2571 3373 Phila
2599 3318 2793 3373 alicubi
2835 3318 2933 3387 (in)
2963 3322 3150 3374 scribit
3184 3320 3514 3378 Chsist‘anus
3555 3325 3720 3381 Adol-

2147 3407 2283 3477 plius
2310 3406 2545 3463 Klotzius
2573 3426 2586 3462 :
2616 3407 2810 3478 Ubique
2835 3411 3062 3479 argutias
3090 3421 3258 3481 captat
3282 3453 3296 3476 ,
3332 3418 3550 3482 dumque
3588 3430 3714 3468 novo

2147 3498 2299 3551 modo
2335 3500 2603 3552 sententias
2640 3499 2780 3567 loqui
2822 3499 2992 3568 rupit,
3043 3529 3112 3538 -
3156 3502 3314 3553 risum
3357 3513 3537 3569 movet,
3567 3531 3635 3541 —-
3663 3504 3716 3555 in

2145 3588 2500 3657 ﬁguris'atque
2526 3589 2577 3642 in
2604 3589 2846 3642 similium
2888 3590 3262 3658 comparatione
3298 3591 3605 3644 instituenda
3636 3594 3716 3646 in-

2147 3677 2292 3746 felix.

2218 3787 2393 3855 Ipsum
2427 3784 2700 3840 Aram-um
2731 3801 2924 3840 nomen
2947 3824 2963 3851 ,
2993 3796 3052 3841 ut
3078 3801 3143 3842 eo
3174 3802 3389 3857 pergam
3411 3828 3427 3852 ,
3455 3788 3596 3856 quod
3626 3802 3714 3843 res

2143 3888 2246 3944 est,
2278 3880 2329 3933 in
2355 3889 2594 3932 veterum
2624 3879 2983 3933 monumentis
3003 3893 3107 3932 non
3131 3889 3213 3933 est
3238 3894 3457 3947 prorsus
3478 3878 3718 3947 incogni-

2147 3976 2278 4019 tum.
2313 3968 2508 4021 Ducem
2552 3968 2815 4020 Aratorem
2859 3978 3117 4021 memorat
3155 3967 3463 4022 Ammianus
3494 3968 3713 4021 Marcel-

2146 4055 2286 4110 linus
2304 4056 2405 4127 (n),
2429 4070 2586 4118 quem
2611 4044 3015 4109 Valentinianus
3029 4070 3122 4123 per
3146 4055 3420 4126 Syagrium
3446 4056 3711 4110 notarium

2141 4149 2296 4218 jussit
2323 4158 2471 4202 trans
2500 4148 2743 4201 Rhenum
2771 4147 2821 4200 in
2854 4157 3036 4201 monte
3065 4146 3169 4200 Piri
3209 4148 3593 4200 munimentum
3620 4160 3713 4199 ex-

2144 4248 2368 4291 struere.
2403 4237 2622 4291 Dubiam
2657 4245 2831 4288 tamen
2862 4238 2912 4288 in
2941 4235 3220 4288 Ammiano
3245 4236 3558 4301 scripturam
3588 4248 3715 4289 esse

2145 4341 2251 4378 non
2281 4325 2533 4393 dilllteor,
2564 4339 2683 4377 cum
2708 4326 2759 4377 in
2792 4326 2955 4393 Hegio
2981 4323 3199 4388 codice,
3230 4331 3283 4377 et
3310 4322 3457 4376 Colb.
3488 4333 3543 4375 ut
3573 4333 3629 4377 et
3659 4325 3710 4377 in

473 4424 579 4463 non
600 4408 935 4461 dit'titendum
959 4418 1060 4472 ea,
1079 4408 1261 4461 saeculi
1284 4408 1408 4460 vitia
1432 4422 1610 4461 secum
1636 4408 1860 4476 trasisse
1883 4408 2045 4463 hosce
2075 4409 2127 4470 D
2147 4414 2450 4483 Augustana
2480 4413 2714 4467 editione
2742 4414 3008 4467 Oratorem
3049 4413 3149 4484 legi
3194 4422 3415 4467 teSIetur
3444 4412 3709 4467 Valesius.

471 4511 656 4564 poezas
685 4509 789 4548 tam
820 4502 868 4549 in
894 4496 1070 4549 Verbis
1089 4511 1247 4564 quam
1271 4496 1430 4549 rebus
1456 4496 1815 4563 exponendis;
1839 4508 1891 4550 at
1914 4511 2041 4553 vero

472 4592 542 4644 ob
572 4588 622 4644 id
654 4589 1000 4643 eruditiorum
1032 4586 1306 4640 hominum
1339 4588 1483 4640 curis
1526 4586 1663 4640 baud
1696 4586 1869 4641 minus
1896 4589 2037 4657 digni

471 4694 595 4739 sunt
626 4682 876 4740 censendi
896 4723 909 4744 ,
942 4698 1096 4751 quam
1122 4682 1273 4737 istius
1311 4681 1481 4734 uitatis
1510 4682 1767 4749 prosaici,
1793 4683 2035 4751 pluribus

472 4790 680 4842 quoque
724 4772 885 4827 nacvis
907 4781 960 4826 et
979 4772 1346 4841 superstitioso
1362 4771 1564 4839 judicio
1587 4771 1824 4825 notandi.
1849 4773 1953 4826 Sed
1977 4775 2044 4828 de

541 4975 617 5041 (a)
648 4975 894 5030 Biblioth.
926 4976 1099 5030 Latin.
1133 4983 1262 5028 tom.
1294 4972 1336 5038 l,
1368 4989 1416 5039 p.
1448 4973 1571 5028 7th.

538 5047 612 5112 (ιγ)
642 5044 889 5099 Biblimh.
920 5047 1060 5099 med.
1082 5055 1134 5098 et
1164 5044 1329 5098 inlim.
1362 5044 1530 5097 Latin.
1563 5043 1604 5110 1,
1634 5059 1685 5110 p.
1719 5045 1843 5098 547.

537 5115 613 5179 (c)
648 5113 777 5167 Vide
807 5114 1036 5166 Reimari
1064 5114 1234 5168 Vitam
1269 5113 1513 5179 Fabricii,
1542 5128 1593 5179 p.
1624 5113 1747 5168 206.

536 5184 614 5249 (a)
642 5182 765 5250 Pag.
794 5182 896 5236 205
916 5221 931 5245 ,
960 5184 1045 5234 ubi
1076 5185 1142 5237 de
1170 5182 1538 5235 Commodiani
1570 5182 2028 5237 Instructionibus.

539 5256 610 5321 (ε)
642 5252 887 5305 Bibliotb.
917 5251 1245 5305 Latiu.-tom.
1274 5252 1315 5316 l,
1350 5269 1403 5319 p.
1430 5252 1553 5307 703.

637 5322 962 5446 Ριῗὲἓείυδῐε
1007 5390 1190 5445 amiss.
1232 5391 1396 5463 radic.
1445 5391 1503 5444 L.
1546 5390 1633 5457 L.,
1680 5370 1797 5460 cap.
1842 5391 1934 5455 21,
1967 5388 2032 5442 ad

466 5464 873 5597 mimicam".
935 5531 1141 5587 Subcis.
1179 5530 1274 5587 lib.
1299 5545 1353 5586 ut
1377 5571 1392 5599 ,
1420 5544 1536 5598 cap.
1570 5527 1627 5597 6,
1659 5539 1787 5585 tom.
1825 5528 1860 5593 l,
1902 5526 2023 5581 Fac.

461 5601 695 5663 Gruteru,
721 5617 770 5667 p.
798 5599 952 5654 1:201.
1534 5632 1547 5643 -

2147 4533 2216 4546 α·-
2247 4506 2337 4557 Est
2361 4513 2414 4556 et
2442 4503 2625 4555 Arator
2659 4503 2709 4555 in
2741 4503 2907 4559 veteri
2937 4501 3111 4570 lapide
3136 4499 3495 4564 Narbooensi,
3534 4500 3622 4554 cui
3645 4515 3710 4554 ex

2146 4608 2331 4648 sorore
2370 4607 2532 4660 nepos
2562 4593 2658 4645 fuit
2688 4592 2936 4645 Rusticus
2956 4633 2972 4658 ,
3005 4590 3263 4644 Narbona:
3290 4591 3601 4657 epi~copus;
3633 4591 3711 4643 la-

2145 4686 2319 4754 pidem
2350 4684 2565 4751 pzotulit
2593 4682 2657 4735 ad
2688 4682 2991 4736 Salvianuin
3020 4681 3318 4749 Stephanus
3342 4679 3582 4732 Baluzius
3611 4678 3710 4748 (ο).

2151 4805 2219 4817 --
2246 4776 2491 4830 Proxime
2530 4774 2735 4828 accedit
2780 4774 2997 4837 Arator,
3028 4772 3203 4825 Nostri
3247 4782 3424 4840 pater,
3457 4782 3611 4838 quem
3654 4770 3707 4822 itt

2232 4976 2271 5044 ἱ)
2304 4975 2378 5030 De
2407 4967 2565 5029 Caus.
2599 4974 2781 5027 amiss.
2804 4972 3008 5044 Aradic.,
3038 4986 3155 5044 cap.
3185 4971 3275 5044 at.

2232 4976 2271 5044 ἱ)
2304 4975 2378 5030 De
2407 4975 2565 5029 Caus.
2599 4975 2781 5027 amiss.
2812 4975 3008 5037 radic.,
3038 4986 3155 5040 cap.
3188 4975 3275 5025 21.

2204 4975 2283 5113 ἔῃ
2314 5045 2444 5098 Vide
2472 5053 2648 5097 notata
2686 5044 2751 5096 ad
2802 5042 2894 5097 lib.
2935 5059 2982 5106 ι,
3017 5042 3138 5097 159.
3169 5043 3363 5097 Confer
3394 5038 3445 5093 .l.
3477 5038 3544 5095 ϐ.
3568 5037 3705 5093 Vos-

2134 5115 2269 5167 sium
2300 5113 2470 5167 lnstit.
2502 5122 2637 5167 orat.
2665 5127 2736 5174 tv,
2768 5113 2857 5176 11,
2889 5113 3005 5165 init.

2206 5181 2281 5253 (lt)
2306 5182 2531 5253 lnierius
2561 5184 2624 5235 ad
2656 5182 2747 5253 lib.
2782 5197 2840 5246 ll,
2864 5197 2947 5253 vs.
2974 5181 3098 5253 §9l.

2208 5244 2272 5320 (li
2291 5253 2485 5305 Confer
2500 5250 2651 5304 Joan.
2688 5244 2956 5306 Francisc.
2973 5250 3245 5305 Buddeum
3266 5248 3464 5319 isagog.
3488 5256 3616 5301 tom.
3642 5244 3704 5311 ll,

2139 5335 2192 5388 p.
2226 5320 2361 5373 mo
2386 5329 2440 5373 et
2468 5321 2622 5373 nso.
2692 5331 2696 5335 η
3036 5364 3037 5369 ,

2212 5389 2304 5459 (ιη)
2331 5389 2449 5443 Act.
2474 5390 2629 5442 litter.
2657 5389 2759 5443 vol.
2792 5389 2855 5455 V,
2889 5397 3023 5458 part.
3049 5404 3089 5456 ι,
3120 5403 3172 5457 p.
3204 5387 3290 5442 εΗ.

2236 5460 2291 5528 n)
2318 5458 2433 5513 Lib.
2466 5474 2650 5523 xxvut,
2680 5473 2798 5527 cap.
2827 5460 2883 5511 2.

2236 5462 2291 5528 η)
2318 5462 2433 5513 Lib.
2466 5474 2650 5523 xxvut,
2680 5473 2798 5527 cap.
2827 5462 2883 5511 2.

2208 5462 2282 5598 ἑο)
2316 5529 2369 5582 1η
2399 5533 2535 5582 notis
2560 5529 2629 5583 ad
2647 5528 2738 5583 lib.
2772 5543 2841 5581 vn
2870 5528 2936 5582 de
2960 5526 3192 5582 Gubern.
3229 5526 3342 5593 Dei,
3375 5540 3428 5595 p.
3453 5524 3575 5580 548.
