4100 6194
356 363 427 419 ιο
568 421 577 430 ,
1494 344 1563 400 ll.
1602 342 1651 399 J.
1693 336 1980 398 ARNTZE!

2088 331 2481 391 PREFATIO.
3550 282 3621 375 so.

354 470 570 541 Liguria
605 465 802 522 vixisse
828 461 1071 531 suspicor
1094 498 1108 523 .
1140 456 1407 513 celebrem
1436 466 1565 508 vero
1593 448 1851 505 facundia:
1881 455 1929 501 et
1962 447 2015 508 Α
2041 443 2200 502 Paret
2241 441 2421 510 itaque
2465 437 2594 492 satis
2615 478 2629 501 ,
2678 435 2731 490 ni
2786 434 2969 501 fallor,
3006 449 3036 488 e
3078 433 3290 504 Liguria
3329 431 3616 489 oriundum

354 524 676 619 eriiditionis
711 554 865 610 laude
910 524 1106 615 fuisse,
1149 548 1303 604 testis
1350 556 1431 601 est
1478 542 1831 603 Athalaricus,
1868 537 1935 591 ad
2038 532 2224 600 fuisse,
2252 540 2304 586 et
2350 532 2484 584 forte
2526 543 2633 582 non
2683 527 2823 581 male
2867 526 3220 580 Mediolanum
3252 524 3353 594 ipsi
3391 526 3618 594 patriam

639 626 880 701 scribens
909 640 986 710 (α)
1021 612 1314 693 :Cautoris
1335 634 1457 703 quin
1482 632 1635 686 etiam
1662 628 1936 697 tuifacun-
2040 620 2315 676 constituit
2356 619 2409 672 in
2463 617 2636 672 lexico
2684 615 3098 683 lloogstratenus
3122 653 3137 677 ,
3194 616 3332 679 quod
3374 621 3429 666 et
3479 612 3619 665 idem

359 745 454 796 dia
482 753 527 795 et
555 739 780 793 moribus
808 735 1071 803 adjuvaris
1095 773 1112 799 ,
1154 733 1298 801 cujus
1326 738 1372 783 te
1404 726 1661 798 eloquium
1690 731 1937 777 instruere
2042 710 2341 779 suspicatus
2380 716 2459 762 est
2507 707 2699 762 Saxius
2727 705 2821 776 (j),
2855 703 3006 772 cujus
3046 702 3277 769 suspicio
3306 715 3372 754 eo
3412 700 3623 766 quidem

362 834 558 905 potuit,
587 829 789 884 etiamsi
817 788 957 881 libris
987 788 1333 878 veterum'non
1358 788 1606 872 vocasses.
1638 814 1760 867 Erat
1786 812 1940 876 enim,
2042 799 2104 854 ﬁt
2131 796 2495 862 verisimilior,
2526 796 2570 848 si
2601 793 2959 849 Mediolanum
2988 790 3354 871 adLignt'iam
3400 788 3623 854 referas,

1734 904 1745 905 γ
2208 888 2242 905 .·
2270 903 2303 905 ,_
2334 887 2428 905 I_.4_
2484 887 2511 905 ἔ.
2544 885 2746 905 .-_.J__A__
2805 883 3112 905 μ-.-,...--1ῗ..
3158 882 3362 905 ,Ιῖκιρι-..ι
3551 879 3603 905 Ι..

363 879 424 977 :u
443 922 649 982 scimus,
675 917 870 989 egregie
884 916 1063 968 litteris
1085 912 1333 965 eruditus.
1361 909 1428 963 Et
1457 906 1650 961 deinde
1680 922 1693 960 :
1721 904 1942 958 Paterno

2083 904 2166 943 um
2196 887 2435 957 ejusdem
2484 885 2750 940 interdum
2805 883 3115 951 metropolis
3155 882 3381 936 dicatur.
3433 909 3501 918 --
3551 879 3631 932 ln-

2166 980 2175 989 .
2303 980 2316 989 .
2404 986 2412 989 .
2487 975 2497 986 .
2626 974 2691 989 ..
2752 987 2761 989 -
2816 972 2925 989 .-η
3375 968 3603 989 ,μεμης

2050 978 2268 1032 fantiam
2292 975 2529 1031 Aratoris
2561 973 2854 1029 celebravit
2888 970 3162 1026 Ennodius
3183 1014 3196 1033 ,
3232 970 3331 1037 ipsi
3374 968 3634 1022 amicissi-

2052 1065 2355 1135 mus,cujus
2378 1064 2473 1118 tria
2504 1070 2791 1132 supersunt
2817 1060 2893 1115 De
2918 1060 3129 1129 flagello
3151 1058 3367 1112 infantis
3393 1057 3632 1112 Aratoris

2054 1160 2432 1228 epigrammata
2475 1154 2554 1223 (Ῐί)
2580 1195 2595 1221 ,
2646 1167 2917 1222 unumque
2962 1151 3015 1205 in
3058 1152 3223 1219 ipsius
3279 1149 3506 1203 natalem
3539 1148 3633 1217 tl).

2057 1247 2122 1301 Et
2161 1246 2214 1298 in
2260 1243 2360 1297 bac
2405 1240 2617 1311 quidem
2652 1248 2808 1294 aetate
2834 1279 2849 1304 ,
2890 1238 3059 1301 prima
3104 1248 3249 1291 certe
3286 1236 3527 1304 pueritia,
3558 1238 3634 1287 vi-

2058 1333 2212 1387 detur
2241 1331 2443 1401 optimo
2473 1336 2693 1399 parente
2726 1327 2972 1392 orbatus,
3004 1325 3143 1395 quod
3186 1324 3476 1379 verosimili
3508 1337 3632 1376 cou-

2056 1425 2260 1494 jectura
2288 1421 2409 1476 inde
2430 1420 2721 1486 constituo,
2750 1419 2869 1488 quia
2902 1418 3039 1486 apud
3073 1416 3369 1470 Ennodium
3394 1414 3520 1486 (ιη),
3546 1413 3637 1468 ubi

2061 1516 2129 1572 de
2160 1516 2258 1570 hac
2281 1515 2448 1585 patris
2481 1521 2651 1569 morte
2675 1512 2818 1582 agit,
2848 1519 3127 1578 susceptus
3157 1509 3352 1562 dicitur
3379 1508 3571 1560 Arator
3609 1519 3641 1557 a

2062 1607 2389 1672 Laurentio,
2430 1604 2831 1673 archiepiscopo
2858 1597 3259 1655 Mediolanensi.
3304 1594 3457 1665 Apud
3500 1593 3642 1655 hunc

2064 1701 2241 1769 itaque
2270 1696 2526 1751 educatus
2556 1702 2639 1749 est
2662 1734 2677 1759 ,
2717 1688 2968 1761 tanquam
3002 1700 3262 1750 tutorem;
3295 1703 3353 1742 ea
3389 1686 3530 1741 enim
3561 1692 3646 1738 est

363 1012 525 1080 igitur
543 1004 774 1076 exemplo
800 1003 1058 1073 ingenium
1086 999 1369 1054 extendisse
1393 994 1676 1050 credendus
1706 1009 1779 1048 es.

442 1097 561 1153 Tali
584 1105 735 1165 patre
772 1102 929 1146 natus
959 1090 1056 1145 fuit
1082 1098 1237 1158 poeta
1264 1095 1465 1149 noster.
1496 1092 1727 1138 exeunte
1755 1080 1951 1135 secqu

366 1206 428 1252 ν,
476 1185 613 1256 quod
659 1182 952 1238 nativitatis
982 1190 1191 1249 tempus
1228 1194 1294 1234 eo
1337 1176 1439 1233 erit
1486 1175 1706 1238 certius,
1741 1174 1785 1226 si
1827 1186 1952 1226 vera

375 1275 656 1345 scripserit
684 1273 1107 1341 lloogStratenus
1156 1269 1265 1340 (ιι),
1316 1267 1700 1329 Laurentium,
1750 1262 1954 1330 episco—

376 1383 509 1437 pum
539 1365 1009 1429 Mediolanensem,
1040 1360 1179 1429 apud
1211 1371 1367 1428 quem
1413 1356 1607 1410 Arator
1653 1362 1770 1422 post
1812 1365 1955 1405 mor-

378 1467 496 1511 tem
521 1457 682 1524 patris
707 1454 802 1507 fuit
829 1451 1106 1514 educatus,
1134 1462 1275 1501 anno
1302 1444 1406 1500 504
1431 1443 1755 1511 exspirasse.
1790 1441 1957 1495 Acce-

379 1546 462 1598 dit
501 1552 753 1614 prteterea
796 1540 1043 1595 eumdem
1083 1537 1193 1606 jam
1235 1533 1394 1588 variis
1438 1533 1604 1587 fuisse
1650 1528 1953 1585 muneribus

381 1636 622 1689 functum
646 1644 768 1687 ante
797 1645 991 1685 annum
1021 1627 1148 1694 544,
1172 1640 1276 1697 quo
1298 1639 1513 1680 carmen
1536 1620 1723 1693 Vigilio
1746 1618 1956 1684 obtulit,

384 1738 440 1779 et
471 1724 662 1777 talibus
690 1720 930 1792 quidem,
954 1733 1072 1787 quae
1093 1717 1396 1787 junioribus
1420 1716 1510 1770 vix
1540 1712 1823 1769 commissa
1844 1725 1960 1766 cre-

386 1815 523 1879 das;
551 1811 691 1866 unde
734 1826 840 1864 non
890 1809 1027 1863 male
1072 1808 1202 1863 mibi
1246 1808 1497 1863 videntur
1535 1806 1607 1860 illi
1637 1804 1835 1860 sentire
1871 1801 1959 1871 qui

2065 1795 2158 1844 τοῦ
2187 1788 2439 1856 suscipere
2466 1786 2610 1838 notio
2634 1781 2740 1853 (n);
2763 1783 2900 1853 quod
2935 1796 3038 1834 non
3066 1794 3198 1848 epus
3225 1777 3431 1841 fuisset,
3459 1775 3503 1830 si
3528 1774 3644 1843 ipse

387 1869 534 1959 anno
574 1902 678 1957 490
725 1912 903 1955 natum
947 1899 1219 1955 affirmant
1260 1899 1359 1968 (c).
1407 1898 1517 1952 Hoc
1554 1898 1742 1952 saltem
1769 1869 1965 1963 majori
2001 1869 2044 1930 Β
2072 1902 2165 1956 per
2194 1894 2403 1940 tetatem
2430 1897 2551 1938 sese
2591 1882 2727 1936 tueri
2770 1888 2826 1935 et
2854 1878 3144 1934 defendere
3175 1878 3451 1947 potuisset.
3484 1874 3647 1928 Forte

387 1994 511 2064 jure
529 1991 922 2059 constituerim,
946 2005 1104 2059 quam
1125 1990 1351 2044 alterum
1378 1989 1528 2054 illud,
1558 1986 1698 2055 quod
1728 1984 1966 2040 nonnulli

393 2084 702 2137 Ravennam
736 2083 908 2136 natale
939 2081 1037 2149 ipsi
1066 2081 1238 2135 solum
1267 2079 1536 2134 vindicant
1566 2078 1669 2148 (d).
1701 2077 1967 2130 Ravenna:

395 2173 565 2227 fuisse
596 2188 713 2226 cum
744 2170 1031 2225 Parthenio
1054 2209 1067 2233 ,
1111 2180 1254 2240 patet
1284 2185 1348 2225 cx
1377 2169 1600 2245 epistola
1624 2168 1690 2221 ad
1722 2165 1967 2225 eumdem

394 2264 597 2330 sctipta
628 2261 696 2332 (e)
731 2278 745 2313 :

491 2369 583 2419 llis
605 2370 829 2431 quoniam
850 2368 1053 2418 Laribus
1076 2368 1365 2431 tenebamur
1389 2369 1438 2416 in
1463 2365 1875 2431 urbellaventz,

556 2424 745 2491 Hospes
769 2431 905 2478 hians
923 2431 1139 2490 aderam,
1165 2436 1304 2477 nocte
1328 2424 1532 2489 dieque,
1560 2426 1665 2475 tibi.

402 2511 515 2566 Sed
565 2522 744 2566 natum
802 2512 912 2565 illic
944 2511 1105 2566 fuisse
1149 2510 1277 2565 milii
1334 2509 1569 2563 nondum
1621 2508 1815 2576 liquet,
1846 2504 1975 2574 quin

404 2605 582 2673 potius
605 2617 819 2671 prorsus
847 2617 952 2655 non
980 2600 1035 2654 lit
1060 2599 1385 2662 verosimile,
1421 2598 1679 2668 siquidem
1726 2596 1976 2649 Ravenna

396 2693 664 2747 .reiuotior
692 2693 761 2745 sit
788 2705 818 2744 a
844 2690 1055 2760 Liguria
1079 2730 1094 2755 ,
1141 2689 1228 2743 ubi
1269 2698 1471 2757 patrem
1520 2687 1720 2743 vixisse
1744 2687 1979 2755 suspica-

408 2783 540 2845 bar,
573 2792 885 2850 poetamqne
931 2782 982 2833 in
1010 2780 1181 2834 lucem
1208 2780 1437 2834 arbttror
1463 2778 1682 2833 editum.
1723 2775 1982 2847 Georgius

408 2870 621 2940 quidem
664 2870 939 2924 Fabricius
974 2870 1040 2940 (ι’)
1070 2869 1304 2923 nondum
1339 2869 1535 2923 lectum
1586 2868 1748 2921 fuisse
1776 2866 1980 2933 scribit,

411 2976 512 3029 qua
545 2958 715 3028 patria
743 2959 935 3014 Arator
974 2958 1169 3023 fuerit,
1216 2959 1399 3012 Italum
1434 2966 1608 3012 tamen
1655 2958 1822 3011 fuisse
1853 2956 1984 3009 alios

411 3049 640 3116 epinari.
667 3048 796 3115 Sed,
824 3049 875 3102 ni
906 3048 1074 3112 fallor,
1100 3047 1367 3118 Liguriam
1397 3048 1493 3116 ipsi
1538 3047 1762 3116 patriam
1807 3045 1987 3099 tribuit

413 3141 770 3205 Athalaricus,
812 3140 950 3209 apud
990 3140 1362 3194 Cassiodorum
1413 3137 1488 3212 (ῃ)
1538 3139 1607 3192 ita
1651 3137 1892 3192 scribens
1922 3136 1986 3188 ad

2069 1979 2187 2048 quis
2216 1976 2464 2044 conjiciat
2494 1981 2695 2043 patrem
2719 1973 2893 2027 adhuc
2917 1971 3115 2025 vixisse
3139 1983 3259 2023 cum
3285 1968 3475 2021 Arator
3507 1965 3649 2017 litte-

2070 2082 2251 2122 rarum
2291 2064 2480 2119 studiis
2519 2078 2737 2131 operam
2770 2062 2941 2127 daret,
2986 2075 3053 2115 ex
3088 2060 3170 2113 bis
3212 2055 3502 2117 Athalarjci
3533 2070 3651 2108 vcr-

2070 2158 2153 2213 bis
2178 2156 2253 2228 (ρ)
2291 2173 2304 2208 :
2338 2154 2596 2208 Genitoris
2621 2153 2897 2220 quinetiam
2933 2151 3008 2205 tui
3055 2148 3300 2221 facundia
3339 2157 3385 2200 et
3426 2145 3652 2197 moribus

2072 2244 2358 2311 adiuuaris,
2402 2245 2546 2312 cujus
2577 2251 2622 2292 te
2665 2240 2920 2307 eloquium
2950 2240 3198 2290 instruere
3230 2235 3416 2304 potuit,
3457 2233 3654 2287 etiamsi

2068 2337 2217 2392 libris
2238 2343 2457 2388 veterum
2485 2348 2585 2386 non
2610 2346 2858 2384 vocasses.
2881 2328 3004 2381 Erat
3035 2328 3189 2388 enim.
3208 2334 3260 2387 ut
3290 2326 3495 2386 scimus,
3515 2339 3655 2394 egre-

2074 2426 2155 2496 gie
2180 2425 2363 2478 litteris
2391 2422 2638 2477 eruditus.
2658 2420 2760 2474 Sed
2785 2419 2952 2487 magis
2977 2417 3089 2472 haec
3114 2417 3379 2487 pertinent
3395 2415 3460 2475 ad
3478 2429 3657 2470 exent-

2079 2516 2220 2584 plutn
2249 2529 2313 2568 ex
2346 2512 2534 2582 patris,
2560 2512 2665 2565 vita
2697 2509 2883 2585 functi,
2907 2507 3143 2562 moribus
3168 2516 3325 2574 atque
3355 2505 3657 2574 eloquentia

2080 2604 2421 2674 capiendum,
2444 2602 2583 2671 quod
2606 2601 2794 2655 sedulo
2823 2600 3146 2663 imitaretur;
3172 2597 3226 2651 in
3252 2596 3444 2650 facund
3468 2610 3495 2649 a
3512 2603 3660 2649 certe

2083 2692 2400 2749 addiscenda
2430 2708 2536 2746 non
2565 2706 2721 2744 usum
2754 2689 2917 2743 fuisse
2948 2688 3112 2756 patris
3142 2687 3444 2756 praeceptis,
3475 2701 3537 2738 ex
3570 2699 3658 2739 se-

2084 2784 2369 2854 quentibus
2394 2780 2690 2851 apparebit.
2708 2807 2777 2819 --
2796 2778 2928 2832 Cum
2952 2792 3080 2831 vero
3112 2778 3274 2830 fortes
3293 2783 3541 2829 creentur
3558 2774 3663 2827 for-

2087 2873 2226 2927 tibus
2256 2878 2311 2925 et
2352 2868 2527 2935 bonis,
2574 2870 2652 2923 sic
2680 2880 2893 2936 quoque
2923 2866 3117 2919 Arator
3155 2864 3455 2931 exprimere
3497 2861 3665 2916 voluit

2087 2973 2229 3027 illius
2258 2968 2550 3037 exemplar,
2581 2966 2664 3020 cui
2699 2976 2886 3018 natura
2917 2963 3059 3016 illum
3085 2962 3321 3015 voluerat
3346 2974 3467 3015 esse
3490 2959 3664 3013 simil-

2090 3061 2298 3121 limum.
2329 3066 2387 3111 ut
2412 3056 2479 3111 de
2508 3052 2716 3110 Geniali
2745 3068 2841 3106 suo
2875 3051 3141 3105 scribebat
3168 3049 3365 3103 Plinius
3397 3050 3501 3117 (p).
3537 3049 3669 3101 Eru-

2089 3149 2307 3205 ditionis
2352 3159 2581 3214 namque
2612 3153 2848 3212 paternte
2880 3142 3120 3196 laudibus
3169 3140 3470 3194 stimulatus
3500 3147 3668 3193 totum

413 3231 695 3285 Aratorem
728 3247 742 3283 :
773 3231 1061 3284 Romanum
1095 3232 1310 3302 denique
1346 3231 1599 3297 eloquium
1627 3243 1731 3283 non
1769 3230 1874 3283 suis
1902 3244 1980 3280 re-

2090 3254 2149 3295 se
2176 3240 2469 3292 litterarum
2502 3233 2690 3287 studiis
2710 3231 2943 3296 tradidit,
2966 3245 3090 3285 usus
3108 3230 3384 3299 disciplina
3413 3229 3665 3296 Deuterii,

414 3322 647 3391 g’om’bus
673 3321 925 3388 invenisti,
967 3330 1016 3373 et
1065 3321 1133 3373 ibi
1174 3329 1221 3374 te
1264 3321 1511 3373 Tulliana
1552 3318 1699 3372 lectto
1744 3317 1986 3370 disertum

416 3410 677 3474 reddidit,
708 3408 795 3461 ubi
818 3412 1076 3476 quondam
1124 3408 1324 3463 Gallica
1372 3410 1550 3478 lingua
1600 3408 1870 3461 resonarit.
1918 3433 1989 3444 -—

420 3498 577 3551 Mittit
614 3509 662 3551 et
708 3497 915 3569 Liguria
946 3497 1143 3552 Tullios
1183 3516 1319 3553 suos.
1355 3498 1552 3552 Eodem
1593 3505 1648 3551 et
1676 3504 1989 3565 argumento

418 3602 548 3642 ustis
585 3597 669 3641 est
715 3588 947 3642 Joannes
990 3588 1241 3643 Albertus
1283 3588 1556 3642 Fab.icius
1585 3588 1684 3657 (It).
1717 3585 1822 3640 Sed
1852 3583 1989 3639 forte

416 3694 492 3746 qu
514 3694 539 3732 s
576 3680 827 3745 conjiciat
874 3681 987 3733 hare
1035 3680 1193 3733 verba
1226 3680 1394 3749 magis
1428 3680 1696 3748 pertinere
1720 3676 1785 3731 ad
1814 3677 1991 3730 locum

417 3782 527 3835 quo
562 3767 921 3835 eloquentiam
968 3767 1192 3833 didicit,
1248 3770 1403 3836 quam
1452 3768 1627 3822 natale
1680 3766 1870 3820 solum.
1923 3767 1992 3820 At

417 3871 550 3908 vero
577 3856 685 3909 duo
714 3856 842 3909 mihi
871 3856 1196 3924 significasse
1228 3858 1435 3911 videtur
1465 3856 1818 3921 Athalaricus,
1854 3856 1990 3908 Ara-

422 3954 592 3997 torem
645 3944 858 4013 ingenio
910 3944 1073 3999 fuisse
1132 3945 1266 3999 adeo
1323 3946 1507 4012 felici,
1570 3953 1628 4000 ut
1691 3945 1993 4014 eloquentia

427 4038 748 4101 presliterit,
785 4036 907 4090 licet
937 4038 1117 4090 Romae
1147 4053 1248 4090 non
1279 4037 1534 4091 formatus
1564 4047 1763 4102 orator,
1788 4045 1842 4091 et
1872 4036 1994 4090 inde

426 4137 686 4190 apparere
712 4141 741 4180 e
765 4126 976 4196 Liguria
1006 4144 1213 4197 quoque
1254 4129 1538 4197 provenire
1569 4130 1799 4196 potuisse
1822 4127 1994 4179 homi-

427 4229 526 4267 nes
555 4215 1035 4283 eloqurntissimns.
1065 4219 1237 4286 Ipsum
1264 4219 1389 4273 illud
1420 4219 1641 4272 verbum
1684 4219 1877 4270 mittere
1903 4231 1997 4268 na-

422 4304 544 4356 talis
564 4306 662 4357 soli
694 4305 891 4361 habere
908 4307 1113 4362 videtur
1142 4308 1414 4363 indicium.
1445 4310 1755 4378 Opportune
1778 4321 1996 4361 succur-

421 4386 547 4443 rtlbt
576 4391 746 4445 Latini
780 4394 956 4448 Pacati
996 4396 1158 4450 verba
1204 4397 1264 4465 (i)
1304 4412 1319 4449 :
1370 4396 1496 4450 Here
1541 4393 1858 4465 (Hispania)
1901 4396 1999 4448 du-

416 4480 649 4532 rissimos
704 4482 923 4549 milites,
982 4482 1089 4535 luet:
1137 4485 1591 4554 erperientissimos
1645 4486 1838 4551 duces,
1891 4482 1998 4537 luet:

2092 3326 2423 3399 grammatici
2447 3323 2876 3379 Mediolanensis.
2910 3320 3075 3391 Hujus
3103 3320 3419 3374 auditorium
3443 3334 3563 3370 cum
3591 3318 3672 3372 in-

2094 3416 2428 3488 grederetur,
2454 3411 2748 3478 Ennodius,
2771 3408 2863 3480 qui
2896 3409 3157 3478 praecipue
3189 3409 3397 3462 Aratori
3420 3421 3516 3460 suo
3536 3421 3669 3460 con-

2094 3506 2323 3560 suluisse
2350 3503 2558 3556 videtur
2587 3500 2689 3570 (q),
2729 3497 3091 3567 trmlationem
3121 3497 3326 3562 ltabuit,
3355 3512 3473 3565 qua:
3500 3496 3672 3549 adhuc

2096 3597 2147 3651 in
2174 3594 2336 3667 ipsius
2360 3592 2686 3648 Dictionibus
2703 3604 2841 3645 nona
2857 3598 3101 3659 superest
3121 3586 3211 3660 (r).
3248 3588 3416 3657 Ipsius
3442 3587 3672 3642 Ennodii

2096 3702 2256 3757 opera
2283 3688 2335 3740 in
2365 3695 2479 3740 arte
2505 3682 2714 3738 dicendi
2747 3692 2872 3735 tunc
2893 3694 3104 3751 qunque
3133 3679 3295 3733 fuisse
3322 3678 3671 3735 exercitatum

2096 3776 2255 3831 tradit
2277 3777 2509 3829 Joannes
2538 3772 2785 3827 Nicolans
2818 3771 3080 3828 Funccius
3115 3770 3206 3839 (s).
3230 3798 3299 3809 -—
3329 3769 3527 3822 Tantos
3555 3770 3673 3838 qui-

2098 3865 2242 3928 dem,
2275 3861 2807 3929 ltis.prteceptoribus
2830 3875 2985 3925 ,urus,
3019 3872 3326 3927 progres<us
3356 3859 3497 3921 fecit,
3531 3868 3589 3910 ut
3617 3858 3671 3912 in

2098 3954 2287 4008 studiis
2314 3953 2607 4005 litterarum
2631 3949 2828 4002 habere
2854 3963 3032 4016 parcm
3058 3946 3558 4015 negetAtltalaricus
3584 3947 3670 4016 (t).

2102 4043 2177 4097 De
2209 4040 2466 4110 pangendi
2496 4038 2747 4091 carminis
2780 4036 3028 4089 facultate
3055 4036 3306 4104 deinceps
3335 4039 3438 4091 erit
3459 4036 3669 4091 dicendi

2101 4137 2271 4188 locus.
2296 4132 2612 4199 Eloquentia
2634 4129 2800 4199 ipsius
2824 4128 3052 4182 maxime
3083 4127 3180 4181 fuit
3209 4129 3496 4194 celebrata,
3521 4126 3672 4195 cujus

2102 4222 2314 4292 quidem
2355 4221 2495 4274 vires
2522 4233 2586 4273 eo
2632 4219 2788 4271 latius
2827 4217 3099 4286 explicare
3129 4219 3332 4285 putuit,
3374 4231 3476 4285 quo
3506 4216 3673 4285 magis

2103 4324 2292 4364 causas
2331 4310 2381 4363 iit
2415 4308 2530 4363 foro
2557 4308 2724 4375 egerit
2760 4307 2979 4360 torrenti
3027 4305 3285 4360 facundia:
3314 4306 3528 4360 flumine
3557 4320 3677 4374 pcr-

2106 4399 2276 4454 fusus.
2304 4397 2681 4464 Advocatiom‘s,
2706 4396 2875 4466 inquit
2901 4395 2967 4450 ad
2997 4411 3118 4450 eum
3140 4396 3380 4451 scribens
3411 4395 3677 4452 Athalari-

2108 4502 2200 4542 cus
2224 4488 2322 4557 (u),
2351 4494 2398 4539 te
2415 4502 2623 4554 campus
2647 4486 2886 4551 exercuit,
2910 4494 2957 4538 te
2967 4486 3155 4555 judicii
3185 4487 3343 4539 nostri
3362 4485 3560 4540 culmen
3580 4488 3680 4539 ele-

421 4567 821 4635 facundissimos
861 4581 1104 4638 oratores,
1147 4575 1254 4627 meo
1302 4574 1610 4627 clarissimos
1651 4584 1786 4628 vates
1820 4574 1996 4641 parit;
2022 4574 2079 4641 D
2101 4580 2191 4650 git.
2219 4577 2357 4632 Nam
2384 4578 2454 4629 ita
2479 4577 2617 4628 intra
2639 4586 2686 4628 te
2706 4576 2800 4642 fuit
2822 4577 3052 4643 quamvis
3074 4576 3376 4647 [legendum
3404 4586 3533 4646 puto
3554 4592 3679 4644 qua.

414 4656 534 4709 ιτα
572 4658 799 4721 iudicum
844 4672 1027 4725 mater,
1075 4661 1182 4714 hinc
1223 4663 1666 4732 principumest;
1716 4667 1821 4717 hac
1866 4663 1998 4717 Tra-

407 4744 605 4817 ianum
628 4746 775 4799 illum
797 4788 812 4814 ,
840 4748 949 4802 hac
976 4751 1208 4821 deinceps
1233 4750 1564 4806 Hadrianum
1602 4755 1736 4808 misit
1762 4755 1993 4824 imperio.

494 4860 582 4995 (αξ
606 4860 755 4927 Apud
785 4861 1087 4941 Cassiodor.
1118 4867 1326 4924 Variar.
1359 4884 1471 4933 vni,
1503 4870 1589 4923 12.

501 4933 555 4999 (ὁ
606 4930 668 4999 _ln
694 4932 885 4994 lextco,
921 4948 970 4985 v.
1002 4936 1211 4989 Arator.

501 4971 581 5065 te),
606 4971 846 5052 Luisciu‘s
871 4971 1177 5058 inv
1196 4975 1211 4989 .

501 5067 582 5107 Idl
617 5068 983 5107 "macte-ataui,
1043 5075 1093 5107 in
1123 5074 1224 5107 1ηνς

503 5067 582 5135 id)
616 5068 989 5135 lloogstraten.
1043 5075 1093 5128 iu
1123 5074 1279 5129 lexic.

503 5137 578 5204 (ε)
607 5134 775 5190 Versu
802 5139 890 5191 35.

502 5208 578 5284 (η
610 5204 1043 5284 ln'Comtnentar.
1076 5211 1128 5264 in
1152 5212 1300 5268 Poet.
1330 5215 1547 5283 Cltrist.,
1580 5231 1633 5284 ιι.
1670 5216 1750 5269 ll.

502 5273 585 5343 (ει)
612 5274 812 5329 Vartar.
844 5293 954 5341 vltl,
985 5282 1070 5333 12.

425 5346 598 5472 00%;).
618 5346 865 5401 lbbliuth.
896 5350 1035 5403 med.
1064 5358 1120 5403 et
1149 5350 1239 5404 iul.
1272 5364 1441 5419 mtat.,
1465 5363 1591 5408 tom.
1627 5354 1675 5419 Ι,
1702 5370 1753 5423 p.
1777 5355 1880 5409 516
1903 5399 1916 5423 ,
1953 5357 2004 5411 in

508 5484 579 5564 (ἑ)
604 5482 1013 5564 lianegyr._cap_.
1045 5487 1099 5564 4,
1131 5487 1243 5564 §__5.

505 5558 585 5622 Ul
623 5552 810 5624 Prudr.
857 5553 925 5609 de
963 5552 1397 5624 Studﬂﬂedioln
1436 5576 1486 5615 c.
1516 5562 1580 5624 ὃς
1628 5562 1798 5616 locum
1834 5563 2003 5618 debeo

431 5618 635 5688 Georg.
658 5623 966 5697 Cbristopb.
994 5618 1354 5697 llambergero
1378 5618 1729 5686 Nacltricltten
1774 5648 1875 5687 von
1898 5635 2001 5690 dett

434 5696 822 5749 voruebmsteu
854 5694 1291 5768 Schriltstellerit,
1324 5710 1462 5772 part.
1492 5715 1570 5769 ιιι,
1601 5716 1649 5770 p.
1683 5702 1808 5759 405.

2104 4667 2312 4740 runwis]
2341 4668 2515 4734 ampla
2543 4665 2789 4735 professio
2818 4665 3127 4731 litterarum,
3155 4677 3210 4720 ut
3237 4674 3383 4720 tuum
3404 4667 3471 4718 ibi
3495 4681 3677 4719 conssv

2107 4773 2303 4814 mscere
2344 4773 2443 4811 non
2471 4765 2756 4827 pateremur
2798 4755 3077 4826 ingenium.
3110 4756 3414 4822 Auspicattts
3460 4772 3510 4810 es
3538 4755 3675 4809 mili-

2174 4874 2251 4944 (k)
2277 4874 2391 4927 Lib.
2424 4889 2459 4927 ιι
2488 4887 2678 4937 carm,
2701 4872 2866 4942 epigr.
2902 4874 3019 4938 114,
3056 4873 3172 4937 liii,
3200 4873 3314 4927 116.

2177 4945 2240 5015 (l)
2271 4944 2384 5015 Lib.
2415 4958 2476 5015 ll,
2504 4944 2673 5015 epigr.
2710 4944 2829 4996 105.

2204 5011 2271 5080 iit)
2302 5013 2561 5079 Dictione,
2590 5014 2704 5064 sive
2726 5011 2961 5064 suasoria
2990 5011 3041 5062 9.

2201 5078 2261 5147 it)
2285 5082 2516 5141 Cortins,
2547 5078 2609 5132 ad
2640 5080 2788 5132 Plinii
2812 5082 2964 5145 epist.
2993 5095 3049 5137 ιι,
3075 5080 3128 5136 .l.
3160 5078 3214 5133 Ξ.

2202 5155 2249 5220 o)
2279 5152 2429 5215 Apud
2459 5148 2915 5220 CassiotloraVar.
2952 5163 3063 5212 vnt,
3100 5149 3183 5202 12.

2202 5218 2257 5291 ρ)
2289 5221 2407 5275 Lib.
2437 5234 2547 5291 tut,
2580 5219 2746 5291 epist:
2768 5218 2851 5291 15.

2181 5224 2235 5291 (ρ
2289 5224 2407 5275 Lib.
2437 5234 2547 5282 \lll,
2580 5224 2733 5283 epist.
2768 5224 2851 5270 15.

2181 5224 2257 5359 (qi
2292 5288 2685 5359 Amicissimum
2725 5286 2886 5359 fuisse
2917 5296 3059 5355 patet
3092 5304 3153 5343 ex
3190 5290 3277 5344 lib.
3317 5306 3422 5357 vttt,
3455 5306 3501 5359 e,
3524 5293 3610 5344 ist.
3646 5291 3675 5345 ι

2110 5368 2165 5413 et
2190 5354 2293 5422 ll;
2329 5359 2418 5411 lib.
2454 5372 2525 5421 lx,
2549 5354 2706 5423 epist.
2735 5357 2784 5410 l.

2181 5428 2250 5498 (r)
2286 5427 2431 5498 Adde
2460 5440 2512 5481 et
2542 5426 2882 5498 Dictiomji.
2921 5426 3007 5489 17,
3039 5428 3121 5483 18.

2184 5495 2249 5567 (s)
2284 5498 2356 5551 De
2377 5496 2646 5567 decrepita
2662 5495 2730 5567 _L.
2764 5495 2824 5567 L.
2851 5497 3091 5561 Senect.,
3116 5512 3166 5564 p.
3196 5497 3318 5555 2l3.

2110 5568 2119 5575 ‘
2182 5565 2246 5633 (ι)
2276 5565 2428 5634 Apud
2458 5565 2757 5620 Cassiodor.
2789 5566 2915 5622 Var.
2946 5581 3057 5630 vni,
3093 5569 3177 5622 li.

2183 5638 2263 5705 (ιι)
2291 5636 2621 5706 Cassiodor.,
2657 5635 2708 5691 d.
2734 5636 2771 5691 Ι.
