4030 6198
440 341 500 395 τι
1907 337 2206 397 ARATDR.

3613 352 3681 406 5i

438 461 533 503 tem
554 446 651 517 (ο),
683 462 799 500 cum
834 446 1043 516 implere
1071 449 1293 518 potueris
1321 449 1647 520 cognitorem.
1676 444 1745 499 Et
1773 447 2001 516 quamvis
2025 444 2079 513 Λ
2107 449 2402 515 sustinenti,
2447 464 2562 521 quae
2592 446 2886 520 Ludewigii
2913 457 2996 506 est
3036 454 3299 509 sententia
3339 455 3439 528 (Ιι).
3478 459 3681 532 Sequor

439 536 656 590 traheret
699 545 746 588 te
774 536 1052 605 eloquentia
1089 554 1180 607 pro
1209 538 1501 607 defensione
1540 538 1723 603 dicere,
1754 536 2000 591 suadebat

438 637 603 678 tamen
632 627 839 695 (equites
860 626 1146 696 judicanda
1174 628 1420 697 proferre.
1456 625 1732 679 Probatum
1759 633 1849 689 est,
1878 628 2005 697 quid

437 717 674 771 utilitatis
695 718 871 771 habent
898 720 1118 772 moribus
1142 726 1337 771 armata
1366 718 1631 786 facundia.
1651 715 1883 773 Tantum
1913 734 2008 772 au-

437 818 544 862 tem
575 808 867 863 eruditione
888 818 942 863 et
966 809 1159 877 ingenii
1178 807 1389 862 dotibus
1409 808 1579 862 virum
1607 808 2006 864 ornatissimum

438 900 502 953 ad
525 914 762 955 summos
792 900 1021 955 honores
1047 899 1316 954 admoveri
1342 899 1559 968 jubebat
1585 900 1699 970 ipsa
1721 901 1798 956 rei
1827 902 2007 971 publi-

440 1004 515 1043 eae
544 991 708 1044 salus.
742 990 1055 1043 Primmvum
1094 990 1159 1043 ad
1201 1004 1291 1044 eos
1317 988 1425 1058 jam
1453 993 1764 1061 pervenisse
1787 1000 2009 1046 testatur

440 1079 775 1132 Atlialaricus
815 1079 912 1148 (ὁ).
959 1078 1059 1146 1ρεί
1104 1078 1407 1131 Athalarico
1447 1079 1610 1134 fuisse
1639 1096 1665 1132 a
1699 1080 1889 1134 tabulis
1919 1096 2007 1135 se-

439 1168 752 1222 cretioribus
768 1169 951 1223 scribit
968 1168 1409 1237 Hoogstratentts,
1429 1176 1483 1222 et
1501 1184 1566 1223 ex
1582 1183 1646 1223 eo
1663 1169 1896 1223 Luiseius
1913 1168 2007 1239 (e);

440 1259 532 1312 sed
555 1274 656 1328 qua
683 1258 735 1311 id
759 1258 846 1311 ﬁat
870 1258 1179 1311 auctoritate
1208 1273 1295 1315 me
1322 1261 1566 1329 ignorare
1588 1258 1774 1313 fateor.
1805 1258 2011 1315 Certius

441 1356 522 1399 est
553 1348 865 1415 legationem
910 1361 1002 1414 pro
1034 1346 1289 1402 Dalmatis
1316 1349 1515 1403 obiisse
1544 1349 1606 1402 ad
1634 1363 1810 1416 regem
1839 1348 2012 1404 Theo-

441 1442 697 1505 dericum,
720 1456 880 1513 quam
906 1440 969 1497 ad
992 1455 1188 1496 annum
1212 1442 1315 1496 526
1343 1441 1507 1496 refert
1534 1440 1794 1495 Funccius
1824 1442 1925 1510 (ά),
1958 1450 2014 1495 at

445 1548 575 1587 vero
620 1534 683 1586 ad
730 1549 923 1587 annum
970 1532 1491 1600 527ﬂambergerus
1520 1530 1589 1603 (e)
1616 1571 1630 1595 ,
1664 1539 1885 1598 uterque
1908 1570 1925 1595 ,
1956 1538 2014 1583 ut

445 1625 574 1676 mihi
603 1623 817 1692 quidem
844 1623 1069 1684 videtur,
1101 1635 1166 1677 ex
1196 1620 1524 1689 conjectura,
1552 1636 1651 1677 nec
1676 1629 1852 1675 tamen
1883 1619 2012 1675 satis

443 1721 608 1766 certa.
642 1711 855 1766 Funccii
898 1711 1080 1779 Opinio
1112 1710 1460 1779 probabilior,
1507 1712 1553 1765 si
1596 1710 1667 1765 ad
1693 1710 2011 1780 principium

2111 552 2285 598 tamen
2331 544 2428 598 bac
2473 544 2525 598 in
2555 558 2713 599 causa
2754 545 2928 614 potius
2955 545 3107 601 Joan.
3155 547 3486 607 Fridericum
3534 555 3679 611 Bud-

2108 631 2265 686 deum
2300 633 2382 704 (i),
2413 633 2553 687 circa
2588 647 2784 687 annum
2823 636 2924 689 53l
2956 637 3054 690 boc
3085 636 3279 691 factum
3317 642 3675 714 scribentem;

2108 721 2233 776 licet
2255 723 2426 788 ipsum
2455 724 2591 778 hunc
2616 740 2810 780 annum
2834 726 3118 780 constituat
3147 727 3537 799 Hambergerus
3561 736 3675 806 (j);

2108 813 2248 881 quod
2280 813 2323 866 si
2364 828 2545 867 verum
2574 814 2662 879 sit,
2693 830 2797 868 non
2841 815 2929 869 diu
2967 826 3091 871 ante
3121 828 3345 873 mortem
3387 823 3677 881 Athalarici

2111 900 2210 954 hoc
2249 902 2535 971 contigisse
2563 901 2843 956 dicendum
2884 911 2985 969 est,
3035 905 3122 973 qui
3164 906 3354 962 eodem
3386 924 3525 965 anno
3556 914 3678 969 tabe

2107 990 2379 1045 conlectus
2406 1030 2422 1056 ,
2456 992 2747 1045 octodecim
2791 1001 2992 1047 tantum
3040 1010 3207 1049 annos
3239 1009 3392 1052 natus
3434 996 3697 1070 exspira-'

2106 1080 2181 1133 vit
2207 1079 2301 1147 (It).
2334 1081 2448 1147 Ipsa
2479 1091 2653 1134 autem
2686 1080 2993 1148 Atltalarici,
3024 1085 3127 1150 vel,
3157 1085 3203 1139 si
3245 1091 3432 1153 mavis,
3466 1091 3677 1146 Amala-

2107 1168 2314 1221 sunthae
2353 1171 2451 1222 hac
2488 1168 2554 1223 de
2597 1171 2904 1237 recpistola
2938 1184 3180 1239 superest
3222 1177 3360 1242 apud
3389 1176 3676 1237 Cassiodo-

2113 1274 2228 1313 rum
2260 1257 2345 1330 (ι),
2376 1259 2465 1313 ubi
2506 1261 2644 1313 inter
2667 1261 2800 1314 alia:
2833 1261 2973 1315 Hinc
3002 1273 3091 1329 est,
3138 1265 3328 1333 inquit,
3356 1269 3493 1336 quod
3520 1279 3567 1324 te
3593 1285 3678 1325 co-

2108 1351 2295 1403 mitivw
2322 1351 2707 1404 domesticorum
2730 1351 3041 1405 illustratum
3062 1352 3255 1407 honore
3281 1355 3597 1426 decoramus,
3622 1369 3675 1413 ut

2112 1442 2270 1493 multo
2299 1441 2497 1510 majora
2527 1442 2589 1494 de
2606 1442 2789 1495 nostris
2816 1442 2995 1495 debeas
3023 1459 3229 1510 sperare
3248 1446 3480 1515 judiciis,
3512 1449 3595 1516 qui
3624 1451 3677 1501 in

2114 1541 2160 1586 te
2186 1532 2355 1585 adhuc
2383 1533 2590 1586 meliora
2618 1535 2868 1587 credimus
2912 1535 3141 1589 inueniri.
3174 1536 3378 1591 Grande
3408 1541 3497 1593 tibi
3526 1558 3680 1613 nego-

2114 1622 2239 1674 tium
2263 1621 2398 1675 vides
2425 1639 2530 1677 esse
2559 1624 2896 1677 commissum.
2926 1624 3225 1681 Posteriora
3256 1628 3370 1681 haec
3394 1628 3561 1683 lucem
3590 1645 3680 1685 ac—

2114 1711 2316 1777 cipiunt
2357 1725 2422 1765 ex
2451 1711 2511 1765 iis
2541 1726 2657 1780 quae
2686 1712 2751 1765 de
2793 1713 2893 1767 hoc
2930 1728 3149 1769 munere
3177 1715 3429 1771 disseruit
3453 1719 3681 1775 Jacobus

445 1802 568 1855 anni
598 1802 701 1856 526
723 1801 945 1865 referas;
969 1800 1129 1854 stilla
1150 1800 1491 1869 Hambergeri
1516 1815 1729 1868 prorsus
1762 1814 1865 1854 non
1898 1815 2012 1867 pro-
2043 1794 2087 1853 B
2114 1799 2396 1857 Gutherius
2425 1802 2519 1872 (ηε)
2549 1809 2604 1856 et
2630 1802 2868 1858 Valesius
2893 1801 3000 1873 (n);
3026 1804 3136 1871 ipsa
3166 1814 3340 1860 autem
3366 1809 3523 1862 verba
3557 1824 3681 1877 pro~

445 1894 602 1955 cedit,
636 1907 755 1945 cum
796 1891 1157 1945 Theodericus
1195 1890 1303 1959 jam
1340 1905 1479 1944 anno
1505 1889 1608 1944 526
1638 1890 1777 1944 diem
1820 1884 2043 1943 obierit'

445 2000 769 2054 supremum,
789 1998 969 2039 mense
984 1985 1242 2052 Augusto,
1267 1982 1347 2036 vel
1371 1982 1585 2036 ineunte
1600 1981 1898 2050 Septembri
1918 1980 1981 2051 (ο
1997 2022 2011 2046 ,

445 2062 635 2130 relicto
679 2075 903 2143 imperio
946 2076 1123 2142 nepoti
1153 2072 1458 2127 Atltalirico
1482 2115 1497 2139 ,
1550 2074 1764 2125 tutelam
1796 2082 2015 2138 gerente

451 2163 851 2229 Amalasuntha,
872 2162 1185 2217 Theoderici
1210 2161 1338 2214 ﬁlia.
1361 2161 1595 2226 Quantas
1614 2174 1742 2214 vero
1761 2161 2015 2227 eloquen-

447 2260 535 2308 tite
566 2254 745 2309 laudes
767 2252 890 2306 inde
920 2252 1117 2317 tulerit,
1139 2267 1243 2305 non
1265 2252 1499 2317 apertius
1522 2264 1678 2318 quam
1708 2249 1837 2318 ipsis
1853 2248 2017 2302 Atha-

448 2346 596 2400 larici
625 2345 802 2400 verbis
824 2344 1020 2413 exponi
1052 2350 1254 2411 potest:
1275 2340 1381 2396 Sed
1410 2348 1485 2408 ut,
1512 2339 1697 2408 inquit,
1729 2338 1909 2391 merita
1931 2347 2019 2390 tua

446 2435 688 2504 exemplis
714 2434 879 2504 potius
918 2430 1144 2485 laudabil
1165 2431 1256 2484 bus
1286 2444 1590 2495 asseramus,
1608 2431 1762 2500 juvat
1797 2437 2020 2494 repetere

451 2541 741 2596 pomposam
771 2523 1069 2595 legationem
1093 2564 1109 2587 ,
1140 2538 1411 2591 quamnon
1443 2519 1790 2574 communibus
1816 2518 1978 2574 verbis
2000 2561 2016 2588 ,

447 2616 536 2669 sed
566 2616 771 2668 torrenti
798 2614 1097 2683 eloquentia
1115 2613 1326 2681 ﬂumine
1347 2610 1600 2679 peregisti.
1631 2608 1867 2663 Directus
1888 2610 2020 2662 enim

449 2709 511 2758 tle
542 2706 767 2774 partibus
795 2704 1161 2756 Dalmatiarum
1188 2704 1256 2754 ad
1291 2702 1551 2754 dominum
1595 2717 1745 2754 avum
1771 2710 2017 2765 nostrum,

450 2798 522 2848 sic
549 2796 865 2848 necessitates
891 2792 1297 2861 provincialium,
1328 2790 1401 2841 sic
1426 2791 1670 2843 utilitates
1691 2790 1918 2860 publicas
1945 2791 2023 2843 al-

452 2890 672 2956 lcgabas,
723 2895 783 2939 ut
809 2886 947 2953 apud
986 2884 1151 2948 illum,
1182 2899 1367 2954 magna
1394 2883 1591 2935 cautela
1633 2883 1932 2948 sollicitum,
1974 2890 2023 2934 et

451 2997 479 3032 c
499 2980 684 3049 ipiusus
722 2992 854 3036 esses
884 2986 928 3028 et
959 2976 1164 3044 fastidia
1193 2989 1292 3026 non
1322 2988 1561 3025 moveres.
1593 2972 1915 3024 Abundantia
1954 2974 2024 3025 si-

450 3071 653 3141 quidem
672 3067 817 3124 verba
837 3082 958 3121 cum
970 3065 1263 3121 suavissimo
1294 3063 1461 3136 lepore
1485 3061 1790 3135 tte/luebant,
1815 3070 1883 3123 et,
1908 3076 2021 3112 cum

2118 1889 2235 1954 tuli,
2254 1900 2308 1945 ut
2326 1900 2576 1959 appareat
2591 1906 2694 1945 non
2721 1893 2851 1946 satis
2870 1905 3115 1948 accurate
3132 1894 3291 1949 FUDCt
3310 1896 3416 1950 ium
3438 1899 3610 1968 egisse
3630 1908 3683 1953 et

2116 1976 2272 2030 loan.
2300 1980 2504 2034 Albert.
2544 1980 2876 2035 Fabricium:
2911 1982 3057 2036 illum
3088 1983 3298 2052 quidem
3330 1986 3427 2054 (ο),
3455 2001 3573 2041 cum
3603 1988 3684 2043 bis

2118 2068 2310 2121 litteris
2338 2077 2571 2123 creatum
2619 2070 2782 2126 fuisse
2826 2070 3237 2127 domesticorum
3277 2082 3331 2129 et
3362 2077 3682 2144 privatorum

2118 2158 2367 2212 comitem
2414 2158 2674 2224 allirmet;
2707 2160 2847 2214 hunc
2888 2175 3016 2215 vero
3064 2162 3163 2230 (p),
3194 2177 3314 2217 cum
3363 2164 3683 2233 privatarum

2120 2257 2321 2304 tantum
2367 2252 2617 2305 comitem
2645 2252 2985 2306 constitutum
3027 2251 3276 2307 declaret.
3309 2252 3501 2309 Comes
3543 2257 3684 2310 enim

2122 2341 2488 2408 privatarum,
2543 2342 2681 2411 quod
2738 2358 2929 2397 munus
2984 2344 3213 2397 maxime
3259 2352 3372 2397 erat
3427 2344 3684 2401 honoriﬁ-

2120 2444 2239 2483 cum
2267 2430 2363 2500 (q),
2398 2432 2650 2500 deinceps
2670 2431 2882 2485 demum
2907 2431 3074 2488 factus
3102 2442 3202 2499 est,
3233 2433 3363 2489 forte
3387 2445 3504 2502 post
3524 2437 3687 2490 Aiba-

2124 2519 2278 2574 Iarici
2295 2529 2548 2576 mortem.
2576 2521 2685 2575 Hoc
2707 2534 2832 2575 vero
2855 2536 3075 2576 munere
3095 2532 3338 2576 ornatum
3363 2522 3543 2589 fuisse,
3568 2524 3691 2580 licet

2124 2610 2268 2664 nulla
2298 2610 2427 2665 certi
2457 2611 2731 2678 scriptoris
2753 2610 2923 2665 ﬁrmet
2952 2612 3260 2677 auctoritas,
3284 2613 3589 2666 memoriam
3614 2622 3692 2667 tan

2126 2716 2246 2755 men
2279 2701 2416 2755 illius
2441 2702 2514 2755 rei
2541 2702 2817 2755 commode
2842 2703 3073 2756 servavit
3097 2703 3263 2757 codex
3287 2703 3521 2758 Aratoris
3550 2704 3692 2759 Rhe-

2125 2790 2325 2845 mcnsis
2350 2790 2729 2844 monachorum
2751 2791 2809 2847 S.
2829 2792 3073 2859 Remigii,
3099 2792 3151 2846 in
3175 2795 3323 2861 cujus
3339 2793 3560 2847 exordio
3579 2795 3692 2848 lucc

2124 2879 2230 2948 legi
2264 2888 2523 2934 testantur
2548 2879 2776 2934 Jacobus
2801 2881 3117 2936 Sirmondus
3147 2882 3249 2951 (r)
3276 2922 3292 2947 ,
3332 2892 3387 2936 et
3427 2883 3561 2936 Aub.
3596 2883 3693 2937 Mi-

2126 2983 2265 3022 rteus
2296 2968 2366 3039 (s)
2401 2988 2412 3021 :
2446 2969 2606 3023 Bea’o
2647 2970 2855 3024 domino
2882 2970 3031 3023 Petro
3071 2972 3362 3042 adjuvante,
3393 2973 3587 3026 oblatus
3612 2974 3695 3026 Itie

2127 3058 2287 3110 codex
2315 3060 2377 3111 ab
2413 3060 2622 3112 Aratore
2651 3060 2860 3124 illustri,
2892 3062 3133 3112 excomite
3166 3062 3570 3127 domesticorum,
3603 3078 3693 3114 es:-

452 3164 602 3231 ﬁnent
631 3165 840 3231 faceres,
873 3162 1039 3211 adhuc
1066 3159 1229 3210 dicere
1256 3155 1560 3224 qttazrebaris
1590 3171 1608 3208 :
1640 3150 1901 3218 movendo,
1935 3150 2003 3207 de
2045 3145 2104 3211 Ο
2128 3150 2306 3205 comite
2328 3150 2660 3221 pritatnmm,
2684 3150 2787 3206 rirt;
2811 3150 3198 3225 religioso,-e’¢c.
3223 3180 3289 3193 -η-
3312 3150 3543 3208 Tandem
3566 3166 3695 3209 vero

454 3257 684 3306 lectanrlo
716 3253 952 3322 imp/abas
982 3252 1141 3320 magis
1164 3250 1264 3303 reri
1293 3250 1508 3303 oratoris
1546 3250 1742 3313 nisum,
1772 3264 1885 3300 cum
1909 3249 2023 3316 jam

452 3344 700 3397 causidici
725 3345 1030 3396 dcseruisses
1059 3340 1293 3410 ofﬁcium.
1344 3338 1634 3393 Memorant
1682 3349 1940 3406 praeterea
1971 3345 2025 3391 et

453 3435 567 3497 alii,
592 3434 784 3502 de‘quo
810 3443 983 3486 tnnen
1014 3431 1139 3484 mibi
1169 3430 1400 3483 nondum
1440 3439 1585 3483 certo
1614 3428 1798 3495 liquet,
1831 3426 2025 3480 Arata-

456 3540 568 3578 retn
593 3523 755 3577 fuisse
796 3521 1084 3591 principem
1117 3520 1390 3589 legationis
1419 3518 1485 3571 ab
1514 3516 1817 3571 Athalarico
1840 3515 1904 3568 ad
1926 3513 2023 3569 Ju-

454 3615 743 3668 stinianum
764 3613 963 3679 missze,
992 3626 1149 3680 quam
1166 3609 1232 3663 ad
1254 3624 1450 3663 annum
1475 3609 1575 3663 527
1600 3607 1837 3662 referunt
1854 3605 2026 3673 Hang-

456 3714 726 3756 stratenus
756 3711 808 3755 et
836 3702 1093 3754 Luiscius.
1126 3728 1196 3739 —
1224 3699 1433 3752 Certius
1463 3705 1547 3751 est
1572 3711 1666 3751 sua
1714 3697 1816 3751 sibi
1845 3698 2025 3751 erudi-

458 3794 603 3846 tione
629 3791 874 3847 eumtlem
906 3790 1154 3858 deinceps
1193 3791 1328 3842 viam
1369 3801 1585 3857 parasse
1613 3787 1679 3840 ad
1712 3787 1940 3841 honores
1972 3787 2027 3841 in

459 3884 578 3937 aula
611 3886 750 3951 regia
778 3879 1071 3936 obeundos.
1106 3879 1438 3935 Constitutus
1466 3892 1693 3946 namque
1720 3877 1787 3931 ab
1807 3877 2026 3931 Athala-

458 3974 570 4026 rico
602 3982 682 4025 est
711 3986 889 4026 comes
918 3970 1348 4034 domesticorum,
1383 3968 1525 4036 quod
1550 3982 1674 4031 non
1708 3969 1836 4021 satis
1870 3982 2027 4023 accu-

456 4074 571 4117 rate
596 4062 747 4116 Jom.
777 4061 944 4115 Nicol.
977 4058 1241 4114 anccius
1271 4060 1472 4115 referre
1500 4060 1708 4114 videtur
1737 4059 1802 4113 ad
1832 4075 2027 4114 annum

459 4154 565 4209 526
597 4153 697 4223 (g),
728 4152 973 4204 obstante
1001 4150 1189 4203 minori
1219 4151 1358 4218 regis
1389 4160 1546 4205 aetate
1574 4159 1627 4204 et
1654 4152 1841 4205 matris
1867 4153 2030 4206 Ama-

458 4244 721 4298 lasuntbae
753 4242 947 4304 tutela;
973 4241 1070 4293 nisi
1104 4250 1276 4293 tamen
1303 4240 1555 4307 epistolas
1583 4254 1701 4308 quae
1737 4240 2029 4294 Athalarici

461 4350 653 4389 nomen
679 4334 985 4398 praeterunt,
1009 4332 1162 4381 matri
1193 4328 1367 4396 potius
1398 4316 1705 4382 tribuendas
1732 4327 2028 4394 arbitreris,

460 4427 530 4478 ob
558 4422 1019 4489 corruptissimum
1044 4417 1337 4471 Athalarici
1380 4417 1647 4486 ingenium
1681 4417 1821 4470 vices
1866 4417 2031 4485 ipsius

2126 3246 2339 3310 negotia
2365 3253 2416 3296 et
2446 3244 2717 3298 molestias
2748 3255 3020 3312 pertaesus,
3051 3258 3183 3314 quas
3211 3244 3325 3297 aula
3360 3245 3553 3313 passim
3576 3240 3697 3314 sug-

2124 3334 2284 3402 gerit,
2312 3334 2378 3387 ad
2405 3332 2545 3388 aliud
2573 3334 2693 3387 vitae
2720 3348 2885 3402 genus
2914 3346 3033 3387 sese
3056 3332 3261 3387 confert
3282 3337 3493 3389 Arator.
3518 3334 3698 3387 Mona-

2124 3424 2284 3483 chum
2335 3425 2480 3493 prius
2529 3424 2722 3478 factum
2772 3425 2932 3479 fuisse
2977 3424 3165 3479 scribit
3213 3423 3471 3494 Georgius
3518 3425 3697 3479 Fabri-

2125 3513 2242 3581 cius
2270 3513 2356 3582 (ι).
2386 3512 2543 3567 Certe
2584 3513 2789 3566 militia:
2834 3527 3000 3567 sacrae
3028 3527 3146 3567 sese
3190 3515 3475 3583 accingens
3501 3522 3697 3583 caput,
3778 3570 3782 3575 ,

2126 3606 2350 3658 solemni
2379 3618 2528 3658 more
2557 3604 2880 3659 tondendum
2921 3605 3148 3674 praebuit
3172 3603 3274 3676 (u),
3297 3619 3457 3673 atque
3484 3606 3553 3659 ita
3576 3608 3700 3660 sub-

2126 3696 2385 3751 diaconus
2409 3697 2660 3752 Ecclesite
2676 3699 2926 3751 Romanae
2948 3696 3114 3751 lactus
3132 3705 3233 3765 est,
3256 3699 3393 3765 quod
3414 3700 3480 3752 ad
3503 3715 3698 3753 annum

2128 3787 2228 3841 541
2263 3787 2425 3842 refert
2466 3788 2725 3841 Funccius
2755 3787 2852 3856 (υ),
2884 3802 3004 3840 cum
3032 3787 3231 3841 Totilas
3260 3788 3313 3841 in
3341 3789 3490 3842 Italia
3520 3804 3701 3843 rerum

2129 3876 2408 3951 potiretur,
2430 3889 2599 3943 eoque
2624 3874 2785 3947 refert
2808 3889 2925 3943 qua:
2954 3873 3005 3927 in
3030 3873 3198 3942 elegia
3225 3874 3292 3927 ad
3315 3875 3560 3944 Vigilium
3588 3875 3703 3943 ipse

2129 3967 2323 4021 Arator
2349 3973 2640 4029 memorat;
2670 3962 2764 4018 sed
2787 3963 2853 4019 de
2878 3979 2943 4018 eo
2965 3963 3073 4017 dixi
3105 3964 3155 4017 in
3189 3965 3327 4019 notis
3355 3974 3408 4019 et
3430 3966 3480 4018 in
3503 3965 3703 4020 adden-

2130 4056 2235 4110 dis.
2257 4055 2312 4109 ιιι
2330 4053 2593 4109 Chronico
2616 4062 2789 4109 tamen
2815 4055 3048 4108 auctoris
3069 4054 3256 4109 incerti
3278 4057 3415 4123 apud
3435 4056 3701 4111 Canisium

2132 4147 2317 4223 titulus
2356 4145 2665 4201 subdiaconi
2689 4143 2801 4213 jam
2840 4144 2912 4198 illi
2946 4142 3104 4198 datur
3127 4144 3192 4197 ad
3222 4160 3417 4198 annum
3444 4145 3567 4209 538,
3599 4145 3703 4199 nisi

2131 4236 2239 4306 hoc
2270 4251 2363 4304 per
2407 4235 2677 4303 prolepsin
2710 4236 2899 4289 factum
2929 4243 3101 4302 putes.
3148 4233 3262 4287 Non
3301 4234 3427 4287 satis
3457 4243 3704 4289 accurate

2132 4310 2312 4379 autem
2344 4325 2592 4379 Allonsus
2623 4324 2903 4379 Ciaconius
2938 4325 3037 4394 (ε),
3067 4333 3119 4377 et
3145 4324 3298 4378 Joan.
3328 4323 3560 4377 llildebr.
3592 4322 3705 4377 Wi-

2135 4407 2329 4470 tholius
2353 4414 2426 4485 (ῃ)
2444 4414 2696 4469 Nostrum
2718 4415 2986 4485 appellant
3002 4416 3301 4470 diaconum.
3321 4414 3558 4469 Alterum
3575 4430 3707 4472 con-

536 4555 611 4628 (a)
641 4553 877 4628 Militiam
910 4548 1438 4628 intelligittogatam,
1469 4546 1705 4628 θίγω-ιιι,
1726 4547 2027 4628 moxudicit,
2058 4552 2114 4613 ι)
2210 4548 2310 4628 (in)
2336 4548 2413 4628 _De
2436 4548 2635 4628 Qlliciis
2661 4549 2805 4628 dum:
2835 4549 2967 4628 Aug.
2995 4563 3074 4612 ιιι,
3102 4547 3193 4602 28.

464 4616 725 4682 armatam
756 4616 1363 4677 facundiam.’bli|itibus
1394 4617 1585 4687 passim
1616 4616 1706 4671 leti
1725 4617 1962 4687 similes.
1991 4620 2031 4674 Ι.

467 4699 533 4751 14
575 4695 705 4747 Cod.
753 4691 818 4745 de
856 4692 1045 4744 Advoc.
1093 4688 1195 4739 div.
1230 4685 1468 4753 iudicior.
1501 4686 1572 4739 ita
1617 4685 1764 4739 fortis
1794 4695 1912 4749 est,
1946 4687 2033 4754 qui

465 4762 973 4883 egregie'clientgibus
999 4771 1212 4827 operum
1238 4766 1474 4827 prastat.
1493 4754 1665 4809 Grazv.
1694 4756 1759 4810 ad
1786 4757 2029 4811 Ciceron.

465 4851 563 4883 nm
638 4842 802 4883 tunct.
874 4870 887 4883 .
2012 4862 2013 4865 π

506 4851 563 4890 ro
589 4835 802 4901 Quittcl.

463 4853 563 4907 pro
589 4853 802 4901 uomet.
833 4853 887 4885 z.

538 4907 614 4973 (ιι)
644 4900 945 4973 Cassiodor.
977 4896 1104 4973 _Var_.
1128 4910 1239 4956 vut,
1273 4892 1360 4973 12.

543 4965 617 5041 (ο)
648 4973 879 5039 Uterque
907 4970 961 5023 in
987 4967 1247 5041 l_exi_c.,_v.
1280 4965 1487 5018 Aratar.

540 5030 620 5109 (ti)
649 5041 729 5113 _l_)e
757 5030 970 5113 decrep.
996 5038 1057 5091 L.
1086 5030 1410 5113 L.§enoct..
1440 5046 1493 5113 Ρ)
1519 5030 1644 5113 2‘3”-
1708 5100 1739 5113 ,,
1778 5099 1792 5113 ,
1847 5101 1859 5113 ,

545 5099 617 5180 (ei
646 5099 999 5161 Nachrichten
1020 5122 1132 5180 von
1172 5105 1275 5159 den
1303 5099 1675 5157 vornebmsten
1707 5099 2037 5156 Schr-illato!-

472 5177 609 5240 lern,
641 5186 779 5243 part.
816 5190 889 5235 ut,
916 5190 975 5243 7p.
1006 5177 1133 5230 405.

546 5236 620 5318 (f)
643 5236 861 5318 Confer.
902 5236 1058 5318 loco.
1099 5243 1239 5318 Petr.
1267 5240 1628 5318 Ludewigium
1654 5239 1707 5293 in
1732 5236 1850 5295 Vita
1877 5238 2043 5295 Justi-

475 5311 643 5379 niaiti,
670 5330 719 5367 c.
744 5315 799 5377 8,
826 5328 877 5378 p.
904 5311 1029 5374 401,
1060 5321 1114 5364 et
1140 5312 1191 5364 in
1216 5317 1374 5364 notis.

545 5378 635 5456 (g)
658 5385 732 5456 De
754 5382 1057 5456 de_crep._l..
1072 5379 1143 5456 .L.
1170 5379 1487 5456 senect._,_p.
1508 5378 1636 5456 265.

546 5447 774 5527 (lifVita
806 5450 1108 5527 Justinianj,
1136 5463 1184 5501 c.
1213 5449 1350 5527 gap:
1376 5447 1501 5515 415,
1537 5451 1586 5501 in
1615 5447 1770 5502 notis.

547 5516 620 5595 (‘if
643 5526 1005 5595 lgsagothom.
1042 5519 1114 5595 ll,_
1133 5531 1189 5595 βλ
1218 5516 1373 5571 1629.

548 5587 625 5665 ti)
655 5587 986 5665 Lo'co'aicso.
1011 5605 1073 5665 ρς,
1090 5587 1211 5665 ws

550 5615 625 5716 (ᾖ)
655 5615 796 5647 ιιυου
820 5615 986 5671 uictu,
1012 5615 1211 5669 inqua.
1276 5654 1286 5665 .

550 5670 625 5737 (_)
644 5664 987 5737 _l_.udewngtus
1014 5658 1130 5737 γεω
1157 5657 1375 5723 Justtn.,
1404 5668 1454 5710 c.
1482 5654 1534 5722 8,
1562 5670 1609 5725 p.
1643 5654 1766 5709 “2.

552 5730 614 5804 μ)
644 5730 845 5785 Variar.
876 5730 986 5799 Vm,
1019 5730 1101 5785 l2.
1822 5746 1831 5755 ·

2213 4618 2290 4688 (n)
2320 4619 2399 4673 Ad
2441 4619 2708 4673 Ammian.
2753 4618 2989 4688 Marcell.
3038 4633 3130 4670 xtv
3155 4617 3300 4688 ,__lO.
3335 4617 3409 4688 De
3446 4616 3705 4670 domesti-

2260 4685 2440 4807 corgfer
2466 4688 2758 4742 Buneman.
2788 4686 2855 4741 ad
2902 4687 3143 4741 Lactant.
3184 4685 3339 4741 Mort.
3369 4685 3581 4742 Perseo.
3608 4725 3624 4753 ,
3651 4699 3705 4739 c.

2217 4800 2228 4809 .
2256 4771 2309 4809 n.
2381 4796 2394 4809 .
2786 4784 2789 4787 -

2256 4771 2309 4810 η.
2341 4771 2394 4809 ο.

2233 4826 2283 4891 ο)
2314 4825 2389 4878 De
2408 4827 2622 4895 decrep.
2650 4823 2802 4895 L.AL.
2831 4822 3137 4895 Senectute,
3167 4838 3218 4891 p.
3243 4823 3369 4877 243.

2138 4963 2151 4975 ,
2214 4890 2583 4975 ἰρλβίὺιίοιιιξ
2612 4892 2754 4948 med.
2782 4900 2838 4947 et
2865 4894 3033 4948 inlim.
3062 4890 3233 4946 Latin.
3265 4902 3396 4946 tom.
3432 4891 3473 4958 Ι,
3500 4906 3555 4961 p.
3581 4890 3707 4958 346,

2139 4979 2190 5017 ω
2216 4972 2610 5102 διῗιὲἶιιιιθτξᾳε
2637 5029 2713 5102 de_
2742 5030 2897 5086 Oiﬁc.
2934 5031 3079 5102 dom.
3108 5030 3242 5100 Aug.
3286 5044 3365 5094 tu,
3402 5028 3493 5084 25.
3532 5028 3707 5083 Vales.

2144 5102 2211 5155 ad
2231 5099 2501 5155 Ammian.
2525 5099 2757 5155 Marcell.
2786 5115 2934 5166 xxix,
2966 5101 3015 5153 1.

2216 5170 2291 5236 (r)
2318 5172 2396 5224 Ad
2424 5170 2719 5223 Eunodium
2748 5185 2824 5235 Ix,
2851 5171 3008 5237 epist.
3041 5168 3091 5223 1.

2244 5234 2289 5305 s)
2319 5239 2499 5293 Schol.
2538 5237 2604 5291 ad
2646 5234 2906 5307 Sigebertl
2939 5236 3400 5307 Gemblacensetu,
3425 5235 3492 5289 de
3515 5234 3711 5304 Script.

2152 5303 2361 5373 Ec’cies.
2388 5322 2438 5360 c.
2461 5307 2548 5364 '58.
2583 5303 2731 5361 Adde
2756 5304 3037 5367 Funccium
3059 5307 3114 5361 d.
3143 5306 3205 5366 l..
3235 5321 3285 5373 p.
3313 5303 3439 5360 245.
3516 5332 3529 5347 κ

2248 5377 2288 5446 t)
2318 5377 2373 5432 In
2394 5376 2694 5431 Comment.
2723 5375 2969 5446 ad_Poet.
2994 5376 3307 5446 Christia_n.,
3334 5390 3385 5446 ῃ.
3417 5374 3501 5446 ll.

2195 5444 2305 5529 .(u)
2338 5448 2468 5501 Vide
2492 5447 2649 5526 epist.
2683 5447 2749 5500 ad
2784 5444 3034 5527 Partlten.
3057 5459 3137 5499 vs.
3165 5444 3255 5509 70,
3280 5454 3333 5496 et
3354 5445 3421 5497 dc
3444 5444 3543 5495 ltoc
3568 5454 3717 5494 more

2151 5516 2427 5573 Str.nond.
2455 5518 2518 5567 ad
2549 5515 2732 5570 Sidon.
2764 5530 2832 5573 Iv.
2864 5523 3019 5573 entst.
3049 5514 3145 5569 24.

2194 5531 2427 5571 intona.
2455 5531 2518 5567 aa
2549 5531 2732 5570 btuon.
2764 5531 2832 5579 tv,
2864 5531 3019 5579 eptst.
3049 5531 3145 5569 ιθ.

2252 5531 2427 5570 .nona.
2455 5531 2518 5567 aa
2549 5531 2732 5570 btuon.
2764 5531 2832 5579 tv,
2864 5531 3019 5582 epISI.
3049 5531 3145 5569 ιθ.

2252 5588 2299 5655 υ)
2332 5587 2403 5639 De
2428 5584 2640 5653 decrep.
2665 5586 2725 5638 L.
2758 5583 2817 5638 L.
2843 5585 3082 5655 senect.,
3108 5599 3159 5652 ρ.
3182 5580 3306 5635 246.

2249 5654 2307 5718 τ)
2336 5656 2391 5709 In
2421 5654 2761 5721 Bibliotheca,
2793 5668 2844 5721 p.
2876 5654 3001 5709 259.

2227 5693 3078 5794 2;};§5§t£57€5:;t..11,';37,
3105 5720 3196 5787 92,
3224 5719 3347 5773 157.
