4100 6194
366 308 440 368 53
1519 299 1582 355 II.
1617 299 1666 357 J.
1708 296 2064 355 ARNTZENII
2107 293 2487 350 PBzEFA'I'IO.
3545 297 3611 348 ω

366 434 576 484 stanter
602 431 817 478 tuentur
838 413 1070 486 codices,
1093 428 1148 477 et
1177 419 1463 475 Hermanni
1493 417 1757 474 Contracti
1788 415 1862 485 (a)
1893 422 1948 468 et
1978 416 2026 473 Α
2054 408 2245 479 quibus
2275 414 2513 462 veterum
2545 403 2747 458 fabulas
2775 404 3104 472 expressisse
3133 403 3337 458 videtur
3369 406 3466 476 (ο),
3499 407 3623 459 hor-

366 517 605 571 anctoris
642 514 828 568 incerti
858 513 910 566 in
948 511 1214 566 Chronico
1242 511 1320 579 (b)
1353 511 1746 571 testimonium;
1777 520 1949 573 eoque

367 607 538 674 magis
566 604 666 657 hoc
697 601 1004 666 tenendum,
1047 616 1166 656 cum
1208 600 1552 654 diaconorum
1593 608 1647 652 et
1671 597 1953 654 subdiaco-

369 711 559 751 norum
595 703 770 761 partes
799 693 1030 745 maxime
1075 700 1258 745 essent
1306 691 1569 745 distinctae
1613 687 1738 758 (ε).
1772 685 1951 753 Neque

371 788 574 842 meliori
595 785 718 854 jure
741 783 904 836 Aldus
929 782 1034 850 (tt),
1061 781 1345 834 Ciaconius
1373 781 1463 850 (e),
1489 777 1750 848 Gyraldus
1774 777 1872 845 (f),
1899 782 1953 828 et

372 878 610 929 editores
638 871 876 926 nonnulli
899 871 1147 924 dixerunt
1175 871 1460 923 diaconum
1483 867 1825 931 cardinalem,
1849 878 1949 933 qua

367 967 432 1020 de
457 981 514 1018 re
538 963 605 1017 ad
631 962 922 1030 Epistolam
952 961 1017 1014 ad
1041 960 1348 1015 Florianum
1373 959 1446 1029 (g)
1471 959 1709 1026 exposui.

441 1102 522 1154 Ex
560 1101 709 1155 hisce
739 1108 962 1167 apparet
991 1098 1308 1161 clarissime,
1337 1099 1627 1166 praesertim
1670 1096 1948 1148 Aratorem

367 1202 616 1244 nostrum
654 1190 897 1244 floruisse
927 1188 1026 1242 sub
1066 1187 1273 1243 .Iustino
1305 1187 1512 1241 Thrace
1541 1194 1592 1240 et
1622 1185 1946 1247 Iustiniano,

367 1289 530 1346 atque
563 1278 845 1341 pueritiam
896 1277 1062 1343 ipsius
1103 1277 1167 1329 ad
1201 1276 1466 1330 Anastasii
1515 1275 1794 1342 imperium
1826 1288 1947 1328 esse

368 1369 713 1437 redigendum
750 1367 851 1438 (h).
898 1367 1066 1420 Nimis
1117 1376 1293 1419 tamen
1345 1367 1450 1420 late
1480 1367 1752 1420 ﬂorentem
1786 1367 1949 1434 ipsius

367 1467 582 1511 aetatem
606 1457 981 1510 Taubmannus
1004 1457 1092 1525 (ἱ),
1117 1457 1330 1525 aliique,
1355 1456 1646 1510 extendunt
1667 1456 1730 1507 ad
1752 1470 1947 1508 annum

366 1545 496 1600 560.
547 1545 734 1598 Habita
766 1545 890 1597 vita:
931 1545 1180 1597 humana:
1210 1545 1438 1613 ratione,
1473 1559 1536 1598 eo
1567 1544 1804 1612 potuisse
1835 1559 1952 1611 per~

367 1635 557 1688 venire
602 1634 798 1702 largior
827 1633 981 1686 facile
1023 1633 1275 1686 Ciaconio
1306 1633 1407 1702 (j),
1447 1646 1566 1685 cum
1607 1634 1692 1685 vix
1727 1642 1835 1685 tum
1867 1648 1953 1685 se-

367 1723 724 1793 ptuagenario
754 1723 926 1790 major
952 1723 1140 1785 fuerit;
1172 1723 1264 1777 sed
1297 1722 1438 1776 aliud
1467 1730 1573 1786 est,
1599 1723 1642 1776 si
1675 1721 1951 1790 loquamur

369 1817 443 1870 de
474 1801 732 1882 tempore,
752 1829 857 1882 quo
879 1814 996 1882 quis
1020 1815 1284 1882 praecipue
1313 1813 1472 1867 rebus
1494 1811 1660 1882 gestis
1675 1812 1952 1878 scriptisve

371 1905 706 1964 inclaruerit,
732 1902 896 1966 aliud,
915 1902 957 1956 si
986 1903 1052 1956 de
1075 1904 1193 1956 vitm
1228 1903 1472 1963 termino,
1506 1917 1661 1970 quem
1693 1903 1953 1969 attingere

372 1993 632 2062 potuerit.
657 1993 848 2046 Nescio
872 1993 1046 2060 itaque
1066 2006 1159 2045 cur
1189 1993 1344 2058 Aldo,
1377 1994 1656 2045 Aratorem
1681 2005 1821 2044 anno
1850 1990 1953 2046 544

367 2082 618 2136 ﬂoruisse
647 2081 966 2134 memoranti
993 2113 1022 2147 ,e
1052 2081 1331 2134 oblocutus
1363 2080 1520 2135 fuerit
1550 2080 1812 2148 Gyraldus
1841 2081 1914 2151 (lt)
1934 2119 1951 2146 ,

369 2169 601 2222 Paulum
629 2169 938 2235 Diaconum,
971 2180 1025 2223 et
1056 2169 1372 2222 Palmerium
1413 2168 1575 2222 duces
1600 2179 1834 2234 secutus,
1866 2169 1954 2237 qui

370 2257 440 2310 ad
461 2272 660 2310 annum
686 2257 787 2310 560
807 2257 1066 2310 referunt.
1093 2257 1258 2325 Magis
1288 2259 1496 2323 placent
1526 2272 1644 2324 qua:
1666 2257 1832 2324 addit,
1858 2258 1956 2311 nisi

372 2349 589 2414 fortasse
618 2347 710 2397 hoc
733 2347 991 2414 scripsisse
1013 2355 1233 2413 tempore
1265 2347 1428 2416 (anno
1453 2361 1646 2413 nempe
1686 2345 1834 2415 541i),
1865 2345 1954 2398 illo

373 2435 396 2502 (
422 2449 564 2486 anno
593 2433 695 2487 560
720 2434 737 2501 )
785 2434 1057 2487 decessisse
1086 2435 1447 2504 intelligamus.
1487 2435 1634 2488 Licet
1678 2435 1818 2488 enim
1849 2450 1956 2487 non

372 2531 588 2575 constet
636 2522 934 2576 clarissime
963 2523 1173 2590 quando
1228 2524 1387 2576 fuerit
1417 2523 1523 2578 fato
1553 2523 1762 2578 functus
1810 2525 1952 2592 (l),

375 2620 557 2664 tamen
613 2611 921 2680 conjectura
978 2626 1084 2664 non
1138 2611 1427 2676 reiicienda
1483 2621 1611 2666 actas
1669 2613 1836 2680 ipsius
1889 2612 1955 2665 ad

377 2705 523 2755 hunc
580 2700 882 2755 similemve
943 2714 1136 2754 annum
1202 2703 1414 2757 extendi
1477 2705 1691 2770 poterit.
1760 2702 1954 2769 Vellem

377 2792 577 2862 Georg.
619 2791 928 2858 ChristOph.
971 2791 1361 2862 llambergerus
1402 2794 1770 2846 auctoritatem
1809 2792 1958 2845 addi-

378 2884 570 2944 disset,
601 2896 700 2950 qua
731 2890 997 2935 mortuum
1026 2881 1188 2937 fuisse
1211 2883 1490 2937 Aratorem
1518 2896 1658 2936 anno
1683 2882 1785 2937 555
1815 2882 1958 2935 affir-

381 2974 608 3027 maverit
638 2971 756 3041 (in).

2055 511 2164 553 tatu
2191 497 2460 553 Parthenii
2487 497 2551 550 ad
2582 509 2787 550 sacram
2815 496 2997 563 poesin
3016 509 3136 548 sesc
3162 496 3446 560 convertit,
3466 504 3626 562 atquc

2053 591 2176 643 hinc
2201 587 2515 657 exponenda
2544 594 2669 639 sunt
2697 600 2813 652 qua:
2842 585 2892 636 in
2921 583 3143 648 epistola
3174 583 3238 634 ad
3273 583 3514 650 Vigilium
3547 583 3625 650 (ρ)

2054 687 2434 733 memorantur.
2468 676 2645 743 Itaque
2662 675 2740 727 vel
2763 673 2972 726 Davidis
3003 672 3258 734 Psalmos,
3293 673 3370 723 vel
3390 672 3624 725 Genesiu

2054 769 2292 824 versibus
2316 781 2586 834 exponere
2619 766 2668 817 in
2694 765 2926 816 animum
2963 763 3162 816 induxit
3194 763 3288 830 (η).
3322 764 3500 830 Neque
3531 764 3628 815 mi-

2055 876 2168 912 rum
2193 869 2274 913 est
2303 856 2640 910 Parthenium
2664 855 2836 908 eidem
2863 853 3016 921 hujus
3039 855 3112 906 rei
3142 863 3410 906 auctorem
3439 851 3622 917 fuisse,

2053 947 2312 1015 siquidem
2343 944 2603 1013 pangendi
2633 943 2884 997 carminis
2915 943 3164 996 facultate
3211 943 3345 995 inter
3376 957 3501 995 suos
3530 958 3630 996 ex-

2052 1037 2286 1092 cellenti.
2310 1036 2416 1089 Ilac
2447 1033 2601 1088 laude
2623 1049 2796 1103 neque
2826 1033 3069 1087 eumdem
3098 1034 3418 1100 posteriores
3435 1033 3628 1086 eruditi

2052 1114 2372 1180 censuerunt
2399 1125 2692 1192 indignum.
2719 1122 2923 1175 Danieli
2947 1120 3162 1174 IIeiusio
3189 1119 3466 1174 videbatur
3486 1135 3513 1171 a
3538 1137 3632 1171 na-

2053 1225 2167 1268 tura
2209 1216 2274 1267 ad
2307 1214 2486 1281 poesin
2533 1214 2742 1277 factus,
2785 1211 2885 1264 nisi
2915 1221 3173 1279 quatenus
3216 1225 3319 1262 non
3354 1224 3515 1276 pauca
3563 1210 3630 1260 ab

2053 1313 2210 1358 nitate
2234 1320 2325 1358 sua
2352 1305 2594 1359 trahebat
2613 1305 2703 1372 (ν),
2731 1317 2835 1358 non
2854 1303 3138 1371 ignobilem
3173 1308 3379 1369 poetam
3398 1301 3632 1369 appellat

2053 1397 2206 1450 Joan.
2250 1397 2452 1451 Luduv.
2485 1397 2549 1450 de
2581 1397 2648 1451 La
2681 1396 2851 1449 Cerda
2883 1395 2974 1463 (ε),
3018 1404 3225 1463 poetam
3255 1410 3358 1446 non
3401 1394 3630 1448 infelicis

2053 1487 2249 1554 ingenii
2276 1487 2518 1540 Maderus
2547 1485 2631 1555 (t),
2653 1494 2827 1539 vatem
2859 1483 3034 1552 magni
3063 1484 3280 1552 ingenii,
3299 1491 3356 1536 et
3376 1484 3631 1536 Christia-

2058 1593 2245 1630 norum
2281 1592 2385 1631 non
2436 1587 2758 1644 postremum
2793 1575 3038 1630 Barthius
3068 1574 3168 1645 (ιι).
3203 1574 3402 1629 Mutato
3449 1585 3629 1627 autem

2053 1668 2300 1732 consilio,
2336 1668 2510 1736 potius
2539 1669 2729 1721 Aralor
2769 1665 2833 1718 ad
2874 1664 3218 1718 celeberrima
3266 1665 3626 1732 apostolorum

1981 1775 2028 1836 Β
2060 1762 2190 1810 Acta
2214 1759 2448 1810 animum
2477 1757 2753 1824 applicuit,
2780 1755 2970 1809 ducem
2992 1765 3204 1808 secutus
3229 1755 3448 1818 Lucam,
3471 1762 3630 1821 atque

2055 1850 2123 1903 ita
2145 1849 2356 1903 tandem
2377 1849 2542 1903 edidit
2558 1863 2773 1902 carmen
2793 1849 2912 1908 hoc,
2937 1849 3010 1901 De
3026 1848 3232 1900 Actibus
3261 1849 3628 1917 apostolorum;

2057 1941 2197 1995 hanc
2237 1941 2378 1994 enim
2421 1941 2598 2010 potius
2627 1940 2803 2008 operis
2834 1939 2997 1994 fuisse
3023 1940 3444 2007 inscriptionem,
3474 1955 3632 2008 quam

2058 2028 2632 2098 mstoriwapostolicw,
2666 2029 2855 2084 utaliis
2885 2029 3181 2092 videbatur,
3218 2029 3436 2082 inferius
3456 2040 3633 2082 osten-

2055 2121 2176 2174 dam
2209 2122 2304 2190 (υ).
2335 2120 2598 2174 Imitatum
2631 2121 2728 2173 hac
2756 2120 2807 2172 in
2836 2135 2895 2172 re
2922 2119 3084 2172 fuisse
3106 2118 3324 2172 Juveuci
3352 2129 3404 2172 et
3431 2117 3633 2172 Sedulii

2057 2209 2301 2278 exempla
2328 2208 2516 2262 scribit
2555 2209 2605 2261 in
2635 2207 2813 2261 Nostri
2837 2207 2955 2261 Vita
2980 2208 3166 2270 Aldus,
3195 2222 3310 2274 quae
3337 2207 3504 2274 ipsius
3524 2207 3636 2260 edi-

2061 2299 2191 2352 tioni
2212 2297 2427 2368 praefixa
2451 2307 2551 2352 est.
2583 2295 2882 2351 Perfectum
2901 2306 3074 2350 autem
3105 2295 3202 2349 fuit
3221 2295 3319 2349 hoc
3344 2310 3478 2363 opus
3494 2310 3632 2348 anno

2055 2389 2252 2443 Christi
2279 2388 2405 2454 544,
2427 2399 2572 2442 ut'ex
2601 2388 2784 2442 codice
2810 2387 3063 2439 Vaticano
3087 2394 3229 2440 recte
3266 2387 3470 2438 monuit
3501 2385 3636 2438 Lah-

2060 2480 2189 2532 beus
2221 2479 2297 2548 (π)
2323 2519 2341 2544 ,
2373 2489 2424 2532 et
2452 2493 2571 2532 mox
2600 2478 2796 2531 clarius
2835 2477 3149 2546 apparebit,
3183 2477 3322 2531 unde
3360 2492 3464 2530 non
3505 2478 3635 2530 satis

2057 2577 2305 2622 accurate
2333 2567 2500 2622 Aldus
2521 2568 2572 2621 in
2596 2567 2840 2622 Aratoris
2869 2567 2985 2620 Vita
3019 2584 3032 2620 :
3068 2567 3194 2620 Cum
3222 2583 3336 2620 vero
3366 2568 3456 2621 hos
3485 2569 3637 2621 libros

2059 2669 2400 2726 componeret,
2430 2659 2549 2711 urbs
2581 2657 2744 2710 Roma
2771 2675 2802 2710 a
2832 2657 3012 2711 Gothis
3059 2669 3104 2710 et
3141 2657 3391 2712 Vandalis
3439 2659 3638 2711 obside-

2059 2747 2228 2809 batur,
2256 2756 2459 2812 eratque
2487 2747 2539 2798 in
2573 2746 2705 2799 Urbe
2735 2747 2797 2799 de
2825 2746 3054 2815 eligendo
3087 2746 3322 2813 pontiﬁce
3350 2763 3452 2799 non
3480 2763 3637 2816 parva

2065 2837 2338 2888 contentio.
2370 2834 2617 2900 Tandem,
2665 2835 2835 2890 divina
2864 2834 3129 2887 clementia
3161 2833 3298 2888 Urbe
3323 2836 3384 2887 ab
3414 2836 3638 2889 hostibus

2061 2922 2298 2991 liberata,
2336 2923 2626 2993 Vigilioque
2648 2935 2815 2977 creato
2845 2924 3102 2993 pontiﬁce,
3133 2941 3232 2992 pax
3257 2925 3498 2980 Ecclesia:
3527 2929 3637 2979 rett-

2064 3023 2170 3074 dita
2199 3031 2271 3075 est
2297 3037 2431 3074 anno
2463 3020 2670 3074 Domini
2712 3023 2872 3075 nostri
2900 3021 3024 3075 Jesu
3054 3023 3241 3077 Christi
3267 3025 3390 3078 507.
3435 3025 3543 3078 Nisi
3574 3027 3639 3078 sit

458 3112 629 3178 Atque
654 3112 767 3165 haec
797 3111 1007 3180 quidem
1031 3119 1156 3166 sunt
1182 3126 1300 3180 quas
1325 3120 1391 3166 ex'
1419 3113 1616 3167 veteris
1646 3113 1744 3168 aevi
1773 3127 1958 3169 monu-
1990 3121 2034 3183 ρ
2066 3111 2117 3163 in
2148 3111 2382 3165 numeris
2425 3111 2738 3180 typographi
2767 3112 2974 3178 vitium,
3022 3114 3368 3182 gravissimus
3407 3123 3488 3168 est
3516 3115 3638 3168 Aldi

385 3199 580 3254 mentis
625 3208 680 3254 et
723 3200 993 3254 hominum
1043 3200 1521 3255 eruditissimorum
1563 3204 1961 3258 commentariis

385 3292 640 3360 colligere
673 3292 931 3360 potuerim
959 3291 1024 3345 ad
1050 3290 1292 3354 Aratoris
1318 3293 1479 3345 vitam
1504 3293 1840 3361 pertinentia.
1873 3293 1964 3346 Pe-

389 3382 514 3434 dem
540 3395 831 3449 promoveo
852 3381 916 3434 ad
935 3394 1156 3450 poeseos
1176 3381 1555 3450 cognitionem,
1572 3383 1848 3452 ipsumque
1865 3383 1964 3438 hoc

389 3484 628 3533 carmen,
658 3469 810 3538 cujus
848 3481 1007 3522 causa
1034 3468 1210 3523 omnis
1251 3469 1363 3523 haec
1393 3469 1631 3538 praefatio
1659 3481 1964 3540 comparata

388 3570 494 3614 est.
528 3559 598 3615 Ut
625 3561 801 3628 itaque
831 3559 1136 3613 liberalibus
1166 3561 1460 3628 disciplinis
1488 3564 1764 3617 Aratorem
1796 3563 1962 3616 tradi-

389 3659 503 3704 tum
526 3661 583 3704 et
611 3651 868 3704 imbutum
903 3651 1063 3706 fuisse
1091 3654 1336 3720 superius
1351 3653 1579 3720 ostendi,
1603 3653 1676 3706 ita
1703 3655 1755 3707 in
1776 3653 1961 3708 iisdem

389 3740 702 3794 excolendis
730 3739 917 3793 ducem
965 3740 1149 3794 habuit
1197 3739 1559 3796 Parthenium.
1589 3743 1722 3796 Cum
1772 3741 1960 3796 eodem

391 3828 659 3883 Ravenna:
690 3837 924 3884 moratus
967 3831 1196 3898 primum
1229 3830 1338 3886 illic
1375 3832 1502 3900 legit
1527 3832 1750 3887 Caesaris
1780 3832 1958 3888 Histo-

389 3918 520 3982 rias,
549 3919 660 3971 sive
689 3917 1069 3986 Ephemeridas
1095 3918 1197 3989 (η).
1220 3919 1296 3974 Ex
1323 3935 1417 3975 sua
1447 3929 1623 3977 autem
1647 3924 1960 3980 eruditionis

392 4021 537 4073 penu
566 4007 702 4060 varia
749 4017 859 4061 tum
887 4007 1215 4077 deprompsit
1261 4009 1598 4076 Parthenius,
1647 4013 1840 4082 quibus
1868 4012 1963 4068 do-

391 4099 534 4150 ctior
572 4099 709 4152 fieret
741 4101 965 4166 Arator;
994 4115 1222 4172 cumque
1255 4104 1369 4171 ipse
1410 4114 1684 4172 poetarum
1712 4107 1962 4176 legendo—

389 4202 512 4241 rum
544 4188 675 4242 miro
717 4203 899 4243 amore
926 4202 1226 4259 caperetur,
1270 4204 1369 4245 suo
1397 4192 1461 4246 ad
1494 4195 1676 4261 poesin
1715 4198 1965 4265 exemplo

385 4276 636 4330 Nosrum
665 4278 973 4344 stimulavit,
997 4281 1082 4347 qui
1111 4295 1229 4334 cum
1259 4279 1368 4350 jam
1399 4282 1521 4336 inde
1552 4299 1582 4336 a
1612 4283 1783 4352 prima
1806 4291 1962 4338 aetate

384 4368 682 4422 scribendis
710 4368 1030 4424 carminibus
1059 4383 1279 4438 operam
1316 4370 1569 4437 dedisset,
1604 4374 1867 4442 praecipue
1895 4373 1960 4428 iis

460 4521 827 4590 (a)'Thcsaur.
863 4523 1039 4577 Canis.
1066 4533 1196 4577 tom.
1226 4521 1317 4586 IIl,
1348 4528 1483 4590 part.
1514 4537 1549 4584 r,
1581 4536 1633 4589 p.
1655 4520 1782 4574 225.

377 4591 534 4713 24διν)
564 4591 717 4658 Apud
747 4591 1015 4646 Canisium
1047 4592 1102 4646 in
1133 4592 1295 4646 Thes.
1331 4601 1460 4644 tom.
1493 4591 1556 4646 Ill
1583 4631 1598 4657 ,
1628 4599 1764 4660 part.
1795 4604 1830 4643 ιι
1855 4631 1870 4657 ,
1903 4605 1953 4657 p.

460 4727 534 4796 (c)
565 4727 694 4782 Vide
719 4744 836 4795 qua:
865 4729 1070 4794 notavi,
1099 4744 1150 4798 p.
1179 4731 1234 4784 2.

457 4797 542 4878 ῳ.)
563 4797 625 4878 _In
645 4798 772 4878 Vita
793 4800 1056 4878 Aratoris,
1081 4798 1490 4878 editionijipsius
1513 4797 1747 4869 praefixa.

481 4865 531 4933 τ)
563 4866 616 4918 1η
645 4866 990 4932 Bibliotheca,
1021 4883 1073 4935 p.
1096 4867 1223 4922 239.

483 4936 536 5007 ι’)
565 4935 760 5007 histor.
786 4946 952 5006 poet.,
981 4939 1107 4992 dial.
1136 4939 1188 5004 5,
1214 4953 1266 5007 p.
1291 4937 1418 4992 297.

457 5003 537 5073 (9)
563 5003 815 5076 mimus,
844 5023 897 5076 p.
924 5010 960 5060 2
980 5017 1033 5061 et
1059 5009 1111 5060 5.

375 5135 393 5148 ,
459 5072 540 5148 th)
563 5072 694 5148 Vide
718 5072 983 5148 Vossium,
1005 5077 1121 5130 Art.
1145 5075 1439 5131 Grammat.
1463 5092 1518 5142 ιι,
1534 5076 1691 5142 39,et
1711 5090 1828 5145 qua:
1846 5075 1954 5129 dixi

375 5142 435 5194 in
467 5142 710 5204 Miscell.,
733 5159 780 5198 ε.
809 5147 862 5198 Δ.

415 5280 427 5296 ‘
461 5210 648 5296 (“Hild
687 5211 889 5296 Virgilii
935 5215 1167 5296 gulicem
1207 5230 1287 5270 vs.
1323 5217 1411 5282 78,
1443 5226 1660 5296 e_t.q_uos
1697 5222 1958 5272 memorat

381 5280 650 5334 Funccius
674 5279 742 5334 de
762 5279 906 5336 decr.
941 5284 999 5337 L.
1027 5285 1089 5339 L.
1120 5285 1358 5354 Senect.,
1385 5279 1437 5354 p.
1463 5279 1585 5340 246.

456 5351 475 5422 (
488 5349 538 5422 j)
654 5348 998 5416 Bibliotheca,
1029 5370 1080 5422 p.
1107 5353 1234 5407 259.
1397 5421 1406 5422 7

1301 5437 1354 5492 p.
1383 5421 1508 5476 298.

457 5417 537 5486 (lt)
559 5417 765 5487 Ilistor.
801 5417 1182 5486 poetar.,’dial.
1213 5424 1266 5487 5,

380 5487 526 5610 ﬁt!)
558 5486 691 5540 Vide
721 5487 1032 5556 Funccium,
1066 5492 1133 5546 dc
1163 5486 1379 5562 dcerép.
1414 5493 1473 5544 L.
1506 5494 1563 5546 L.
1599 5493 1810 5546 Seuect.
1840 5533 1852 5555 ,
1899 5507 1951 5559 p.

458 5623 554 5692 (m)
585 5623 936 5688 Nachrichten
966 5644 1066 5684 von
1097 5629 1198 5685 den
1229 5633 1602 5688 vornchmsten
1635 5629 1958 5688 Schriftstcl-

383 5695 525 5760 Iern,
559 5703 691 5764 part.
727 5711 804 5766 tu,
840 5714 889 5768 p.
923 5700 1046 5755 405.

1989 4526 2039 4585 D

2059 5275 2198 5334 bric.
2221 5278 2356 5332 Bibl.
2385 5277 2502 5330 Lat.
2545 5285 2674 5330 tom.
2708 5275 2724 5327 l
2749 5315 2764 5339 ,

2060 5349 2230 5403 Latin.
2261 5357 2389 5400 tom.
2423 5346 2462 5411 I,
2493 5360 2545 5413 p.
2572 5345 2698 5398 546.
2728 5346 2804 5397 ΑιΙ
2833 5349 3074 5398 eumdem
3098 5361 3294 5399 annum
3319 5349 3477 5398 refert
3503 5361 3634 5407 quo-

2059 5434 2162 5485 que
2191 5418 2522 5485 llermannus
2542 5413 2854 5469 Contractus
2895 5416 2946 5468 in
2969 5417 3230 5470 Thesaur.
3259 5415 3459 5476 Cunis.,
3499 5425 3628 5464 tom.

2065 3215 2257 3264 error,
2304 3214 2423 3254 cum
2469 3201 2760 3254 secundum
2810 3202 3133 3269 vulgatiores
3179 3203 3366 3256 Fastos
3417 3203 3638 3272 Vigilius

2068 3287 2303 3357 pontifex
2348 3288 2508 3342 fuerit
2533 3298 2744 3343 creatus
2780 3303 2916 3343 anno
2959 3291 3062 3345 557
3092 3291 3178 3345 vel
3218 3291 3498 3360 sequenti,
3533 3308 3638 3362 quo

2068 3389 2308 3447 tempore
2337 3386 2390 3432 et
2435 3377 2538 3431 illae
2566 3379 2933 3434 contentiones
2976 3379 3228 3443 fuerunt,
3276 3383 3541 3449 prmcipne
3568 3383 3638 3435 ob

2067 3468 2372 3534 Sillim-rium,
2397 3469 2524 3522 sede
2549 3469 2813 3538 pontiﬁcia
2841 3470 3066 3538 ejectum
3097 3470 3196 3540 (y).
3235 3501 3306 3511 —
3337 3472 3636 3526 Perfectum

2069 3575 2196 3615 vero
2221 3575 2444 3614 carmen
2463 3561 2691 3629 primum
2720 3561 2909 3614 obtulit
2935 3550 3334 3615 Antor-abbati
3366 3561 3440 3614 Fit
3463 3561 3637 3629 riano,

2069 3651 2320 3719 deinceps
2349 3650 2540 3720 Vigilio
2583 3666 2766 3720 papm;
2800 3653 3007 3722 utrique
3044 3653 3433 3708 commendavit
3464 3655 3640 3708 addita

2067 3742 2334 3810 epistola,
2383 3755 2540 3809 quam
2587 3741 2721 3796 alios
2763 3751 2976 3797 secutus
3022 3745 3170 3811 operi
3217 3743 3640 3810 pra-mittendam

2066 3833 2271 3887 censui.
2316 3831 2559 3886 Oblatum
2605 3847 2733 3886 vero
2759 3832 2952 3900 Vigilio
2993 3842 3087 3886 est.
3120 3848 3210 3886 vnt
3242 3834 3358 3887 idus
3388 3835 3596 3900 Apriles
3624 3877 3638 3900 ,

2066 3924 2402 3989 maximeque
2440 3921 2657 3989 placuit,
2698 3923 2768 3974 ita
2798 3929 2987 3974 utnon
3017 3931 3215 3974 tantum
3263 3922 3470 3989 publice
3501 3937 3638 3990 pra:-

2062 4011 2280 4077 Ieclum,
2309 4009 2402 4064 sed
2427 4019 2481 4064 et
2511 4007 2748 4063 omnium
2778 4007 2935 4062 laude
2975 4007 3290 4062 honoratum
3323 4008 3502 4062 fuerit.
3531 4010 3637 4075 Ap-

2061 4117 2252 4172 ponam
2286 4101 2424 4154 hanc
2455 4102 2506 4153 in
2547 4115 2683 4166 rem,
2714 4114 2820 4170 quo
2846 4101 3013 4168 magis
3055 4101 3160 4154 fata
3188 4101 3345 4171 hujus
3385 4102 3638 4156 carminis

2061 4198 2472 4260 Cognoscantur,
2518 4203 2579 4243 ea
2606 4203 2726 4257 qua:
2767 4190 2818 4242 in
2859 4189 2980 4243 cod.
3015 4190 3272 4246 \‘ossiano
3311 4191 3545 4244 secundo
3569 4190 3636 4242 ad

2066 4281 2225 4334 tinem
2243 4287 2396 4334 erant
2411 4279 2660 4346 ascripta,
2691 4281 2760 4331 ita
2779 4288 2834 4331 ut
2850 4277 3040 4334 addam
3064 4280 3240 4334 varias
3257 4295 3317 4334 ex
3336 4279 3457 4334 cod.
3481 4278 3633 4352 Voss.

2065 4370 2099 4424 3
2124 4379 2180 4425 ut
2203 4379 2258 4424 et
2283 4369 2536 4424 Vaticano
2565 4369 2636 4439 (κ)
2666 4368 2940 4423 lectiones.

2159 4519 2212 4587 n)
2247 4519 2416 4587 Epist.
2449 4518 2512 4571 ad
2545 4515 2817 4581 Parthen.,
2851 4515 2938 4570 59.

2162 4587 2210 4654 ο)
2243 4589 2410 4656 Epist.
2433 4588 2500 4640 ad
2532 4587 2780 4656 Parthen.
2802 4599 2882 4639 vs.
2912 4587 3002 4640 51.

2157 4660 2213 4725 p)
2246 4655 2410 4712 Versu
2434 4657 2522 4718 I6,
2550 4655 2640 4709 ubi
2663 4656 2848 4708 confer
2875 4664 3048 4709 notas.

2157 4728 2212 4795 q)
2242 4727 2409 4794 Epist.
2441 4725 2506 4778 ad
2540 4725 2812 4795 Parthen.,
2844 4726 3044 4795 vs_.773.

2159 4791 2205 4864 ν)
2235 4791 2542 4864 Aristarcho
2567 4791 2742 4864 S.icrr.,
2773 4808 2825 4864 p.
2851 4793 2977 4864 529.

2137 4862 2207 4934 (εν)
2237 4865 2314 4916 Ad
2330 4863 2644 4934 Virgilium,
2672 4862 2887 4934 Alneid.
2919 4876 2958 4924 ι,
2987 4862 3076 4934 39.

2159 4928 2199 5002 ι)
2221 4935 2301 4988 Ad
2327 4928 2665 5002 Panvinium,
2686 4932 2756 5002 de
2773 4931 3064 5002 Triumpho
3084 4928 3359 5002 cap._7_,_iu
3391 4928 3514 5002 line.

2133 4941 2197 5073 2t)
2221 4941 2301 4988 Ad
2327 4941 2658 5012 Panvmium,
2686 4941 2751 4984 de
2773 4941 3064 4996 'lrtutnpno
3084 4943 3203 4996 cap.
3229 4941 3279 4988 7,
3309 4943 3359 4980 ιιι
3391 4941 3514 5007 nne.

2159 5004 2214 5073 ιι)
2243 5003 2324 5073 A_d
2369 5000 2799 5073 Stattum_Tlieb.
2836 5015 2914 5073 ιι,
2966 4999 3106 5063 706;
3149 4997 3215 5051 ad
3245 4997 3521 5052 Claudian.
3557 5014 3633 5053 ιη.

2059 5069 2222 5127 Cons.
2253 5071 2452 5124 Honor.
2479 5069 2690 5137 pra:fat.
2719 5084 2798 5122 vs.
2828 5069 2880 5122 I.

2131 5142 2200 5278 ἓν)
2234 5141 2359 5209 Pag.
2390 5138 2479 5193 52.
3404 5207 3414 5217 ·

2153 5211 2208 5278 :r)
2243 5210 2487 5278 Biblioth.
2521 5205 2652 5260 Nov.
2684 5220 2838 5278 mss.,
2868 5205 3071 5278 tonui,
3104 5221 3175 5278 ρ.
3201 5205 3324 5262 088.
3358 5207 3414 5259 Vi

2153 5205 2208 5278 τέ)
2243 5205 2487 5278 Biblioth.
2521 5205 2652 5260 Nov.
2684 5220 2838 5278 mss.,
2868 5205 3071 5278 tonui,
3104 5221 3175 5278 ρ.
3201 5205 3324 5262 088.
3358 5207 3487 5260 Vide
3529 5206 3630 5278 Fa-

2814 5291 2864 5343 p.
2914 5275 3055 5340 705;
3105 5277 3236 5330 Bibl.
3282 5279 3423 5330 med.
3454 5287 3504 5328 et
3535 5275 3629 5326 inf.

2062 5484 2144 5552 Ill,
2181 5496 2313 5548 part.
2345 5499 2378 5544 t,
2414 5499 2463 5550 p.
2495 5484 2620 5537 225.

2130 5557 2210 5624 (υ)
2255 5553 2385 5606 Vide
2414 5554 2638 5624 I’latina,
2672 5553 2776 5607 Vit.
2814 5554 3031 5616 PontiI'.,
3064 5569 3117 5619 ιι.
3153 5552 3239 5606 75.

2133 5621 2210 5692 (Ξ.)
2247 5625 2373 5688 Quae
2408 5625 2460 5676 in
2491 5623 2678 5677 eodem
2709 5625 2936 5690 ascripta
2970 5634 3140 5686 crant,
3161 5630 3376 5677 exetant
3407 5622 3454 5675 in
3491 5621 3623 5676 Bibl.

2064 5697 2276 5752 I‘atrum
2308 5692 2496 5761 Lugd.,
2534 5703 2662 5750 tom.
2700 5692 2757 5758 Χ,
2793 5709 2840 5762 p.
2884 5693 2998 5748 I25.
