4030 6198
423 201 491 253 55
1893 196 2169 254 ABATOR
2180 234 2194 251 .
3605 198 3687 253 δα

490 314 558 369 In
586 315 785 368 nomine
812 312 985 367 Patris
1003 353 1017 379 ,
1049 321 1099 366 et
1128 310 1287 377 Filii,
1319 321 1366 365 et
1399 313 1627 382 Spiritus
1652 314 1813 366 sancti
1840 312 1984 385 [hzee
2013 314 2063 374 Α
2091 310 2213 368 huic
2236 311 2431 367 addere
2456 312 2678 367 carmini
2704 319 2952 383 poterat,
2980 320 3145 382 atque
3168 314 3305 370 adeo
3327 314 3430 386 ipsi
3450 317 3521 372 ab
3539 319 3676 372 Ara-

423 407 598 472 trriora
626 405 833 474 ignorat
861 402 1075 474 Vatic.]
1101 422 1113 455 :
1147 402 1306 458 Beato
1336 403 1525 457 domno
1555 404 1856 474 [posterior
1884 419 1988 459 vox

418 495 569 550 abest
596 514 627 548 ει
660 492 800 563 Vat.]
835 493 988 547 Petro
1017 493 1296 559 adiuvante
1345 492 1546 546 oblatus
1582 495 1989 565 estoltujusmodi

422 588 586 641 codex
613 589 675 641 ab
705 588 916 640 Aratore
943 585 1254 639 subdiacono
1283 584 1443 656 [Vat.
1472 584 1621 639 addit
1648 586 1721 654 (a)
1743 624 1758 650 ,
1799 594 1990 638 sancta:

420 675 664 729 Ecclesite
721 676 961 729 Romam:
1014 674 1097 743 et]
1157 683 1332 727 sancto
1378 682 1529 743 atque
1566 676 1845 742 apostolico
1882 677 1990 728 viro

416 764 788 835 ραριείνίςίιὶο
809 809 823 831 ,
855 774 902 819 et
931 774 1191 834 susceptus
1220 765 1281 817 ab
1304 764 1373 818 'eo
1400 764 1483 819 die
1510 779 1603 818 vttt
1632 766 1806 819 iduum
1836 767 1991 834 Apri-

415 857 478 910 lis
506 858 559 909 in
593 857 898 925 presbyterio
924 865 1041 910 ante
1071 857 1438 924 confessionem
1467 857 1629 910 sancti
1656 855 1819 926 [Cod.
1845 856 1985 922 Vat.,

415 944 587 1016 beati]
620 945 804 1015 Petri,
837 962 952 999 cum
977 945 1162 999 ibidem
1190 944 1363 1015 plures
1390 946 1614 1013 episcopi
1655 945 1811 1017 [γει.
1844 947 1988 1001 addit

413 1035 764 1107 presbyteri],
806 1036 1051 1100 diaconi,
1093 1043 1138 1088 et
1176 1036 1340 1089 clerus
1381 1034 1540 1107 [lege
1577 1050 1642 1090 ex
1675 1034 1791 1089 Vat.
1824 1034 1987 1105 cieri]

412 1141 533 1194 pars
562 1140 784 1177 maxima
810 1124 1002 1194 pariter
1032 1124 1328 1187 interesset,
1359 1139 1503 1191 quem
1531 1138 1646 1176 cum
1675 1123 1862 1176 ibidem
1888 1124 1987 1193 legi

412 1228 533 1265 mea:
562 1229 654 1281 pro
682 1212 856 1281 aliqua
884 1222 1032 1280 parte
1057 1213 1293 1281 fecisset,
1338 1212 1613 1281 Surgentio
1638 1251 1652 1277 ,
1690 1214 1797 1266 viro
1835 1228 1983 1267 vene-

411 1300 599 1367 rabili,
634 1301 923 1369 primicerio
953 1301 1150 1373 [Vatic.
1185 1300 1345 1355 habet
1374 1300 1676 1372 Surgentius
1697 1341 1711 1366 ,
1740 1307 1816 1356 vir
1843 1319 1986 1356 vene-

411 1392 613 1457 rabilis,
636 1393 979 1458 -prtmicerius,
1008 1400 1063 1447 et
1086 1393 1157 1446 ita
1200 1391 1367 1445 Aldus
1398 1392 1450 1445 in
1473 1392 1647 1447 Nostri
1672 1392 1811 1462 Vita]
1840 1394 1987 1447 scito-

411 1482 478 1533 Ιω
511 1482 831 1537 notariorum
863 1483 915 1533 in
951 1481 1135 1534 scrinio
1177 1480 1317 1532 dedit
1343 1489 1476 1533 recte
1503 1480 1517 1551 Ι
1543 1480 1659 1549 lege
1687 1494 1751 1535 es
1781 1482 1900 1536 Vat.
1931 1489 1987 1537 et

412 1567 568 1623 Voss.
600 1568 632 1621 5
651 1610 665 1635 ,
697 1567 979 1639 Ecclesia]
1010 1567 1389 1622 collocandum.
1421 1567 1583 1639 Cujus
1622 1568 1981 1624 beatitudinem

2095 412 2210 457 tore
2233 402 2655 458 commendatum
2685 409 2769 457 est
2796 388 2992 470 insigni
3021 403 3268 471 epistola,
3292 420 3356 460 ex
3382 421 3485 475 qua
3510 407 3673 464 sicuti

2093 492 2361 563 pleraeque
2387 491 2659 546 Parthenii
2685 490 2843 545 dotes
2869 491 3180 569 etinsignia
3208 495 3398 548 merita
3422 498 3674 565 cognosci

2092 590 2349 651 possunt,
2382 581 2453 635 ita
2483 580 2726 635 eamdem
2769 579 2977 634 doctior
3022 582 3169 635 orbis
3210 581 3371 638 debet
3410 596 3673 643 accurata:

2090 671 2272 726 Jacobi
2300 672 2567 727 Sirmondi
2592 670 2903 741 diligentiae,
2932 671 3020 739 qui
3049 672 3249 740 primus
3274 673 3441 729 edidit
3459 692 3525 729 ex
3545 678 3669 734 cod.

2091 758 2377 814 Rhemensi
2394 760 2772 814 monachorum
2796 756 2853 814 S.
2876 758 3121 829 Remigii,
3150 761 3203 815 in
3231 763 3371 816 notis
3396 762 3462 818 ad
3489 764 3671 821 Enno-

2089 846 2234 900 dium
2278 848 2388 917 (g),
2436 849 2576 903 unde
2613 848 2865 918 deinceps
2896 848 3246 905 Biblimheca:
3276 849 3494 908 Patrum
3524 856 3668 926 Lug-

2088 934 2342 990 dunensis
2373 935 2605 992 editores
2637 947 3023 1006 expresserunt
3052 937 3134 1008 (It)
3155 978 3170 1003 ,
3203 940 3449 1011 idemque
3488 948 3668 1001 consi-

2089 1026 2215 1081 lium
2245 1035 2458 1083 secutus
2487 1044 2602 1083 sum
2623 1069 2638 1095 ,
2673 1029 2799 1085 licet
2841 1031 2893 1084 in
2935 1031 3131 1087 nostris
3171 1033 3329 1087 codd.
3371 1050 3475 1090 non
3504 1052 3659 1107 repe-

2090 1119 2273 1175 riatur.
2317 1120 2567 1177 Barthius
2598 1124 2814 1193 quidem
2846 1124 2908 1195 (i)
2939 1125 3164 1181 Aratore
3201 1128 3440 1183 eamdem
3473 1134 3656 1187 statuit

2090 1210 2360 1280 indignam
2386 1253 2401 1277 ,
2443 1211 2537 1268 sed
2576 1225 2888 1283 argumenta
2927 1216 3044 1283 ejus
3089 1218 3216 1271 tanti
3257 1232 3363 1273 non
3398 1226 3541 1283 sunt,
3588 1226 3646 1272 ut

2089 1314 2314 1369 Operose
2354 1300 2685 1369 refellantur,
2729 1303 2867 1371 quod
2908 1319 2971 1357 ex
3010 1302 3115 1358 illis
3155 1306 3313 1359 etiam
3351 1307 3647 1377 apparebit,

2086 1403 2205 1457 quae
2237 1388 2303 1442 ad
2336 1388 2472 1444 hanc
2502 1390 2781 1458 epistolam
2811 1398 2937 1445 sunt
2966 1399 3165 1445 notata.
3191 1422 3261 1433 —
3282 1393 3398 1447 Alia
3424 1396 3666 1450 Aratoris

2086 1477 2283 1546 scripta
2309 1479 2437 1532 mihi
2467 1478 2886 1534 noninnotuercl
2908 1482 2982 1534 Ex
3006 1479 3655 1543 ThomasiniBibliotlteca
3718 1527 3725 1533 -

2086 1570 2334 1626 Patatina
2367 1582 2539 1628 tamen
2569 1573 2842 1628 Fabricius
2864 1574 2931 1644 lj)
2961 1585 3221 1629 memorat
3247 1577 3499 1644 epistolas
3528 1580 3659 1633 Ara-

412 1656 623 1711 litterati
655 1674 828 1712 omnes
857 1659 1139 1712 doctissimi
1170 1656 1307 1729 [iege
1336 1658 1716 1727 doctissimique
1741 1673 1807 1714 ex
1838 1658 1931 1712 Vat
1946 1660 1984 1731 .]
2014 1665 2063 1725 Β
2091 1663 2223 1716 toris
2262 1677 2429 1727 mss.;
2471 1661 2566 1717 sed
2605 1677 2724 1716 cum
2767 1662 2888 1715 libri
2927 1662 3240 1731 inspiciendi
3279 1664 3405 1717 mihi
3444 1679 3551 1719 non
3588 1666 3659 1719 sit

410 1746 649 1799 continuo
678 1757 983 1816 rogaverunt
1005 1788 1019 1813 ,
1049 1754 1107 1799 ut
1135 1763 1249 1800 eum
1267 1747 1474 1818 juberet
1512 1748 1709 1818 publice
1744 1750 1982 1819 recitari,

410 1836 546 1901 quod
574 1852 687 1888 cum
714 1838 826 1904 ﬁeri
851 1839 1169 1907 prorupisset
1199 1838 1251 1891 in
1298 1839 1509 1893 ecclesia
1545 1840 1678 1894 beati
1704 1837 1849 1893 Petri
1872 1855 1987 1909 qute

410 1939 621 1981 vocatur
652 1930 731 1982 Ad
767 1929 983 1983 Vincula
1003 1971 1017 1995 ,
1058 1930 1150 1983 sub
1188 1929 1342 2001 [dele
1369 1930 1471 1985 hoc
1499 1945 1564 1986 ex
1596 1928 1751 2002 Vat.]
1782 1932 1985 2000 religio-

410 2032 579 2069 sorum
618 2018 771 2069 simul
810 2033 871 2069 ac
910 2018 1161 2071 [uicorum
1200 2018 1478 2084 nobilium,
1520 2020 1608 2072 sed
1646 2029 1694 2072 et
1732 2036 1759 2073 e
1794 2019 1984 2089 populo

411 2108 729 2159 dicersorum
755 2106 982 2177 [novem
1015 2110 1378 2177 praecedentes
1410 2123 1571 2163 voces
1595 2110 1801 2178 ignorat
1831 2108 1983 2179 Vat.]

408 2198 551 2248 turba
582 2199 842 2265 convenit,
873 2209 1024 2268 atque
1049 2200 1224 2253 eodem
1247 2200 1461 2253 Aratore
1483 2200 1792 2254 subdiacono
1815 2200 1986 2271 [abest

370 2286 437 2339 ‘a
474 2283 613 2355 Vat.]
646 2287 920 2352 recitante,
962 2289 1210 2342 distinctis
1241 2289 1415 2343 diebus
1440 2290 1588 2343 ambo
1618 2289 1737 2343 libri
1765 2301 1984 2360 quatuor

410 2373 583 2445 lCod.
626 2376 783 2437 Vat.,
823 2386 1054 2445 septem;
1094 2380 1187 2432 scd
1227 2378 1398 2444 male,
1440 2389 1495 2433 ut
1534 2394 1599 2434 ex
1638 2379 1983 2450 sequentibus

409 2462 591 2532 patet]
617 2462 808 2520 uicibus
833 2474 950 2517 sunt
971 2466 1139 2518 auditi
1156 2507 1170 2529 ,
1198 2483 1310 2519 cum
1333 2469 1390 2519 iri
1410 2484 1512 2519 una
1537 2468 1618 2521 die
1643 2469 1843 2521 modica
1863 2485 1983 2539 pars

409 2553 526 2606 libri
579 2552 741 2625 [Vat.
787 2554 980 2617 habet.
1022 2572 1136 2609 cum
1176 2558 1329 2610 unius
1367 2558 1609 2612 medietas
1646 2557 1800 2625 libri,
1839 2560 1982 2627 quod

407 2642 622 2713 malim]
648 2646 998 2696 tantummodo
1024 2647 1293 2713 legeretur,
1325 2656 1534 2714 prapter
1560 2648 1875 2714 repetitiones
1899 2664 1982 2700 as-

405 2730 605 2795 s.'duas,
631 2746 759 2799 quas
783 2747 896 2782 cum
926 2735 1100 2800 favore
1122 2734 1397 2800 multiplici
1418 2736 1759 2802 postulabant.
1787 2734 1981 2788 Eadem

402 2840 523 2892 ergo
552 2824 784 2876 recitatio
814 2823 966 2895 [Vah
998 2814 1162 2879 codex
1186 2866 1199 2888 ,
1228 2826 1401 2878 eadem
1427 2827 1536 2879 ἠως
1564 2826 1816 2897 repetitio]
1846 2830 1981 2897 facta

403 2925 477 2968 est
531 2914 610 2967 liis
666 2915 871 2976 diebus,
930 2915 1095 2984 prima
1145 2917 1220 2968 id.
1278 2917 1441 2985 Apr.,
1480 2917 1703 2970 secunda
1753 2933 1820 2971 xv
1874 2919 1976 2971 cal.

2087 1752 2238 1819 copia
2259 1792 2273 1817 ,
2322 1766 2427 1805 non
2481 1752 2650 1806 ausim
2682 1749 2902 1806 delinire
2951 1760 3126 1805 utrum
3157 1751 3513 1821 intelligantur
3539 1754 3655 1822 cpi-

2088 1840 2237 1894 stola:
2265 1840 2329 1893 ad
2360 1839 2661 1893 Florlanum
2684 1880 2699 1905 ,
2730 1839 2980 1909 Virgilium
3011 1848 3065 1894 et
3091 1839 3339 1895 Partheni
3365 1858 3430 1895 :m
3462 1842 3620 1899 datae.

2155 1929 2234 1983 Ad
2275 1928 2447 1997 ipsum
2486 1943 2699 1982 carmen
2738 1929 2879 1997 quod
2914 1929 3135 1993 attinet,
3176 1931 3252 1983 uti
3294 1930 3424 1984 illud
3469 1930 3659 1999 Vigiiio

2088 2017 2318 2085 placuit,
2358 2018 2435 2070 sic
2472 2032 2577 2071 non
2617 2017 2791 2071 minus
2829 2017 3053 2071 aliorum
3106 2018 3387 2084 laudibus,
3442 2029 3659 2088 ριοριιι·

2084 2111 2436 2181 eloquentiam
2457 2154 2469 2173 .
2502 2111 2599 2167 fuit
2627 2112 2971 2167 celebratum.
3007 2114 3080 2167 lta
3109 2128 3336 2184 namque
3374 2116 3655 2171 Venantius

2086 2203 2405 2258 Fortunatus
2436 2203 2509 2275 (k)
2535 2220 2550 2258 :
2934 2198 2941 2203 ’

2176 2317 2334 2376 Sortis
2352 2316 2628 2376 apostolicae
2649 2327 2757 2376 quae
2782 2320 2921 2375 gesta
2944 2319 3190 2376 vocantur,
3219 2321 3269 2362 et
3292 2316 3457 2373 Aetus,

2177 2375 2403 2425 Facundo
2430 2376 2621 2437 eloquio
2646 2375 2785 2424 vates
2806 2377 3007 2423 suleavit
3028 2375 3220 2423 Arator.
3480 2386 3483 2387 '

2084 2465 2151 2519 Et
2178 2464 2515 2520 Eberhardus
2540 2464 2915 2519 Bethuniensis
2946 2463 3007 2533 (I)
3038 2481 3050 2516 :

2206 2564 2311 2613 Non
2336 2572 2442 2613 aret
2459 2566 2589 2612 serie
2614 2566 2781 2622 metri,
2806 2565 2896 2612 sed
2918 2564 3062 2612 ﬂoret
3085 2563 3279 2611 Arator.

2265 2624 2463 2683 Doctus,
2488 2624 2745 2685 apostolica
2772 2625 2891 2673 facta
2912 2625 3156 2673 decenter
3177 2631 3299 2672 arat.
3378 2640 3381 2643 ·

2028 2712 2039 2729 ’
2082 2725 2442 2794 Eamdemque
2470 2726 2681 2781 laudem
2715 2739 2820 2779 non
2851 2725 3024 2779 minus
3053 2739 3082 2778 a
3115 2725 3496 2793 posterioribus
3531 2740 3655 2779 ern-

2081 2818 2205 2871 ditis
2244 2817 2379 2871 tulit.
2423 2816 2822 2871 Disertissimum
2862 2817 3127 2871 Aratorem
3163 2817 3216 2869 in
3254 2818 3503 2885 perpolita
3534 2833 3649 2869 rar-

2080 2910 2214 2961 mine
2241 2908 2472 2977 appellat
2498 2908 2800 2976 Alexander
2828 2922 2858 2960 a
2890 2907 3058 2961 Turre
3084 2907 3175 2977 (m)
3203 2924 3217 2971 ;
3262 2907 3400 2959 acuti
3437 2910 3653 2975 scriptor

408 3003 539 3056 Mai.
571 3003 759 3074 [Aldus
788 3006 840 3058 in
872 3005 986 3060 Vita
1016 3006 1228 3071 Nostri,
1257 3023 1346 3061 χιιι
1375 3009 1473 3061 cal.
1503 3007 1681 3079 Mat],
1713 3010 1861 3064 tertia
1883 3025 1973 3062 vm

2084 2998 2269 3069 ingenii
2307 2997 2529 3052 habetur
2544 2996 2715 3067 .Casp.
2748 2997 2964 3052 Barthio
2994 2997 3103 3068 (n),
3126 3007 3182 3052 et
3216 2996 3338 3050 bene
3363 2998 3573 3062 doctus,
3603 3005 3652 3048 et

406 3094 483 3147 id.
542 3092 672 3147 Mai.
709 3095 819 3165 (b),
862 3106 1045 3164 quarta
1081 3113 1198 3151 vero
1256 3100 1338 3151 die
1374 3114 1429 3175 ιιι
1467 3100 1572 3153 cal.
1621 3099 1773 3163 Jun.,
1831 3102 1975 3155 tertio

404 3182 556 3252 {Vah
583 3181 734 3238 addit
766 3185 941 3255 anno]
982 3195 1093 3257 post
1122 3187 1441 3241 consulatum
1460 3187 1647 3242 Basilii
1685 3189 1745 3243 ν.
1773 3190 1830 3243 C.
1853 3232 1868 3256 ,
1897 3192 1977 3243 in-

404 3274 629 3328 dictione
651 3277 888 3343 septima.

479 3361 780 3417 Posteriora
821 3364 933 3419 hate
961 3365 1091 3419 satis
1121 3366 1355 3422 indicant
1384 3382 1579 3422 annum
1613 3368 1717 3422 541
1736 3411 1751 3436 ,
1782 3369 1849 3423 de
1870 3383 1980 3437 quo

408 3453 652 3521 superius
678 3456 878 3507 monui.
906 3455 1160 3511 Videatur
1180 3458 1450 3512 Belandus
1473 3460 1524 3512 in
1553 3460 1757 3521 Fastis;
1787 3459 1983 3512 Biblio-

322 3580 339 3587 ..
410 3548 582 3598 theca:
610 3546 825 3600 Patrum
852 3546 1087 3601 edi'ores
1114 3547 1184 3617 (r)
1212 3549 1277 3602 ad
1306 3563 1503 3603 annum
1552 3549 1727 3618 Vigilii
1760 3551 1793 3605 5
1817 3560 1867 3603 et
1891 3549 1982 3604 Jo-

409 3636 627 3690 stiniani
657 3638 722 3692 19
753 3652 857 3691 non
886 3638 1015 3691 satis
1043 3646 1288 3693 accurate
1316 3638 1571 3692 referunt.

482 3723 557 3778 lta
580 3739 699 3779 cum
734 3726 1000 3780 laudatum
1025 3736 1080 3781 et
1103 3729 1153 3782 in
1181 3729 1393 3783 scriniis
1414 3718 1666 3785 Ecclesiae
1693 3731 1980 3799 repositum

409 3812 597 3869 fuisset
628 3815 730 3869 hoc
756 3818 824 3870 de
849 3817 1068 3872 Actibus
1093 3820 1455 3887 apostolorum
1481 3834 1617 3889 opus
1636 3860 1653 3886 ,
1683 3823 1825 3875 misit
1857 3823 1982 3877 illud

410 3905 608 3955 Arator
631 3904 684 3956 in
707 3904 934 3959 Galliam
961 3906 1027 3960 ad
1048 3906 1394 3963 Parthenium
1412 3949 1427 3974 ,
1452 3908 1550 3975 ipsi
1572 3909 1981 3977 amicissimum,

412 3991 688 4059 liliumque
707 3997 911 4050 sororis
930 3996 1174 4059 Ennodii.
1192 3999 1377 4067 dequo
1391 3999 1862 4068 pluraSirmondus
1882 4001 1981 4069 (Δ).

410 4081 653 4134 Aratnris
702 4081 867 4137 fuisse
913 4086 1335 4141 commilitonem
1381 4089 1537 4145 docet
1582 4086 1847 4142 Funccius
1891 4089 1981 4159 (ε).

2081 3087 2280 3153 facilior
2312 3087 2462 3140 etiam
2493 3087 2547 3140 in
2580 3095 2652 3139 tot
2690 3086 3097 3155 diﬂicultatibus,
3139 3102 3290 3155 quant
3317 3087 3485 3139 swculi
3511 3087 3651 3140 illius

2080 3175 2221 3227 tricte
2256 3176 2361 3244 fere
2388 3176 2614 3243 [erebant
2655 3175 2732 3243 (oi
2759 3189 2774 3238 ;
2803 3175 3081 3227 admodum
3109 3174 3290 3227 doctus
3319 3172 3398 3241 (p)
3423 3190 3438 3238 ;
3474 3174 3649 3226 erudi-

2077 3275 2161 3318 tus
2191 3265 2265 3337 (ᾳ)
2294 3282 2307 3331 ;
2336 3267 2542 3319 minime
2571 3265 2966 3318 contemnendus
3006 3263 3076 3331 (r)
3103 3280 3116 3327 ;
3145 3263 3423 3331 ipsumque
3461 3276 3649 3332 poema

2080 3356 2247 3409 nobile
2294 3356 2491 3411 dicitur
2536 3355 2709 3410 eidem
2750 3354 2820 3424 (s)
2845 3395 2860 3418 ,
2900 3354 3025 3407 adeo
3064 3363 3120 3406 ut
3156 3354 3278 3406 satis
3315 3352 3562 3405 admirari
3594 3351 3649 3404 id

2082 3447 2243 3500 multa
2271 3446 2457 3500 scecula
2483 3461 2581 3500 non
2608 3446 2859 3515 potuerint
2881 3463 2900 3511 ;
2930 3451 2984 3498 et
3010 3458 3141 3498 sane
3178 3451 3326 3512 plura
3361 3442 3532 3496 eidem
3569 3442 3651 3496 in-

2082 3546 2209 3592 sunt
2237 3536 2499 3604 elegantia
2521 3578 2536 3602 ,
2567 3536 2832 3605 praecipue
2862 3549 2983 3589 cum
3023 3534 3251 3601 optimos
3292 3547 3528 3600 quosque
3564 3546 3651 3587 sc-

2083 3635 2237 3682 cutus
2267 3626 2425 3681 fuerit
2454 3627 2617 3681 duces
2639 3668 2653 3692 ,
2685 3625 2824 3695 quod
2866 3624 2973 3691 jam
3015 3623 3187 3693 attigit
3226 3622 3513 3677 Witholius
3552 3624 3651 3693 (t),

2084 3726 2139 3771 et
2166 3731 2230 3770 ex
2263 3715 2527 3770 veteribus
2553 3715 2813 3783 praecipue
2841 3712 3111 3766 Lucanum
3129 3752 3144 3775 ,
3174 3711 3312 3780 quod
3339 3710 3653 3779 quibusdam

2084 3804 2344 3872 exemplis
2383 3805 2434 3857 in
2463 3802 2937 3858 Observationibus
2973 3801 3130 3855 docui
3172 3801 3289 3872 (u):
3332 3808 3490 3869 atque
3534 3799 3656 3854 hinc

2080 3894 2440 3963 gratissimam
2467 3892 2697 3961 quodam
2739 3892 2858 3946 loco
2886 3906 3134 3946 versuum
3165 3890 3651 3945 concatenationem

2087 3985 2324 4041 laudavit
2354 3985 2494 4040 Beda
2519 3986 2593 4054 (υ)
2614 4025 2631 4049 ,
2660 3993 2717 4040 et
2748 3984 2995 4045 acumine
3033 3997 3165 4048 suo,
3208 3983 3261 4036 in
3301 3979 3651 4036 describenda

2090 4077 2240 4132 Pauli
2280 4076 2559 4140 discessu,
2602 4074 2942 4128 Latinitatem
2982 4060 3125 4127 illius
3163 4072 3335 4124 artatis
3374 4083 3653 4137 superasse

408 4166 462 4222 ls
512 4169 702 4225 illustri
749 4174 965 4228 nomine
1015 4173 1257 4243 insignis,
1303 4175 1554 4243 magister
1599 4174 1896 4229 οηίεὶοηιω
1934 4185 1988 4231 et
2087 4184 2218 4224 vere
2248 4168 2461 4237 scripsit
2488 4166 2733 4220 Barthius
2754 4165 2861 4234 (π).
2894 4164 3073 4232 Neque
3105 4171 3281 4215 tamen
3304 4160 3539 4214 dilliteor
3576 4160 3649 4213 ni-

366 4282 367 4285 η
412 4260 667 4324 patricius
709 4261 819 4329 (r),
860 4275 954 4314 sua
993 4263 1315 4316 auctoritate
1350 4262 1641 4329 plurimum
1678 4266 1977 4318 ornamenti

2090 4259 2197 4314 mio
2234 4256 2599 4327 allegoriarunt
2632 4252 2811 4309 studio
2844 4251 3111 4307 interdum
3135 4248 3299 4304 luisse
3338 4250 3638 4319 abreptum,

488 4456 565 4541 (γα)
584 4456 658 4541 λιι
696 4456 1129 4541 cod._llhem‘ensi
1177 4456 1558 4541 monachorum
1715 4458 1976 4541 Remigii,
2008 4467 2061 4524 1)
2262 4449 3120 4541 Biblioth..medget‘iqlzzlftin.,
3154 4454 3283 4501 tom.
3318 4446 3369 4541 l,
3400 4462 3452 4516 p.
3483 4446 3608 4504 318.

414 4528 551 4589 apud
584 4524 923 4579 Sirmondum
952 4526 1017 4579 ad
1050 4527 1257 4581 Ennod.
1291 4542 1341 4580 Ix
1363 4566 1375 4589 ,
1406 4530 1561 4595 epist.
1597 4527 1647 4589 1,
1680 4524 1896 4596 legitur,
1918 4531 1981 4584 ab

414 4595 631 4647 Aratore
656 4596 877 4659 illustri,
903 4598 1143 4649 excomite
1166 4597 1586 4666 domesticorum,
1610 4595 1854 4666 excomite
1880 4601 1984 4666 pri-

417 4671 684 4727 tatarum,
727 4667 835 4718 viro
875 4666 1147 4732 religioso,
1187 4664 1499 4718 sul/diacono
1541 4664 1601 4719 S.
1646 4663 1711 4718 E.
1744 4665 1810 4719 ll.
1850 4663 1984 4721 sedis
2087 4663 2215 4720 toni.
2248 4664 2322 4725 ll,

416 4736 740 4800 apostolicae,
773 4745 949 4789 sancto
976 4744 1128 4803 atque
1155 4734 1434 4801 apostolico
1452 4774 1468 4799 ,
1499 4744 1600 4786 etc.

487 4803 563 4873 (ὁ)
604 4804 751 4858 Hunc
776 4806 920 4860 diem
952 4820 1041 4858 vm
1086 4804 1203 4859 idus
1248 4803 1412 4857 Maias
1456 4803 1650 4856 omittt
1692 4803 1850 4868 Vat.,
1891 4806 1979 4872 qtti

422 4879 531 4940 tres
556 4875 906 4940 repetitiones
936 4882 1229 4938 memorat,
1276 4873 1591 4938 tertiamque
1620 4874 1894 4928 constituit
1925 4888 1981 4927 tu

418 4939 520 4992 cal.
568 4939 729 5008 Jun;
778 4945 870 4998 sed
914 4944 957 4999 is
998 4960 1152 5000 error
1192 4953 1274 4996 cst
1318 4941 1554 5004 librarii,
1601 4941 1775 4996 media
1819 4944 1981 4996 omit-

420 5009 580 5061 tentis
604 5015 677 5079 ob
707 5015 948 5067 eamdem
976 5015 1121 5068 vocis
1161 5014 1340 5065 tertius
1382 5010 1787 5079 repetitionem,
1824 5011 1895 5064 ila
1928 5020 1983 5065 ut

310 5112 311 5115 η
419 5080 566 5152 tertia
594 5078 832 5152 jpnxerit
861 5084 1034 5136 statim
1066 5078 1453 5152 sequentibus,
1478 5080 1625 5133 tertio
1647 5080 1747 5132 cal.
1776 5081 1906 5133 Jun.

478 5146 565 5211 .(c)
605 5145 757 5199 Tom.
789 5145 865 5211 Χ,
899 5165 952 5215 p.
988 5152 1107 5204 125.

489 5215 570 5278 id)
610 5215 689 5286 Ad
724 5214 927 5270 Ennod.
958 5214 991 5268 6
1017 5221 1168 5286 epist.
1191 5260 1204 5281 ,
1240 5236 1290 5286 p.
1328 5220 1483 5276 “9b.
1518 5258 1525 5261 -

492 5286 564 5347 (ε)
607 5283 681 5355 [)e
709 5286 922 5353 decrep.
956 5286 1015 5339 L.
1048 5283 1109 5340 L.
1142 5283 1352 5341 Sen—eet.
1376 5329 1391 5353 ,
1425 5305 1473 5355 p.
1506 5287 1631 5344 2-16.

498 5354 577 5422 (f)
616 5353 749 5424 Vide
779 5356 1177 5423 inscriptionem
1209 5353 1445 5424 epistolae
1485 5359 1549 5413 ad
1580 5356 1961 5415 Parthenium-

495 5421 569 5490 (ς)
615 5421 731 5479 Lib.
765 5441 847 5490 ιι,
878 5421 1035 5491 epist.
1068 5426 1119 5479 1.

495 5497 575 5559 Ut)
608 5494 762 5547 Tom.
798 5495 874 5561 Χ,
910 5494 1114 5561 ρ.1Η.

380 5596 384 5600 ~
496 5566 556 5631 ti)
600 5565 822 5620 Advcrs.
856 5582 975 5621 xxxx
1000 5609 1012 5633 ,
1044 5565 1096 5617 '2.

2156 4520 2231 4594 l7")
2270 4520 3044 4597 νίωμὲτῑίηὲιίηΡέηρὲνίοο
3101 4587 3112 4597 .
3224 4594 3233 4597 _
3288 4586 3299 4597 .

2157 4584 2411 4666 (ἦρι)υά
2446 4584 2781 4666 ΔΙσξιιιιιῆιέὶιιιιις
2814 4584 2951 4644 Bibl.
2996 4587 3137 4642 med.
3187 4594 3242 4640 et
3286 4584 3385 4643 inl.
3440 4585 3646 4641 Latin..

2110 4663 2215 4720 om.
2248 4664 2287 4717 ll
2309 4704 2322 4725 ,
2355 4679 2407 4733 p.
2438 4663 2563 4716 2'25.

2110 4734 2249 4815 “(m)
2286 4733 2365 4787 De
2397 4730 2614 4815 luis-cuti
2659 4727 2809 4783 radio
2852 4725 3061 4781 Eccles.
3111 4723 3400 4786 ltierarch.,
3436 4732 3566 4793 part.
3603 4739 3619 4781 ι

2084 4802 2179 4859 lib.
2212 4817 2295 4864 tv,
2328 4817 2381 4868 p.
2412 4802 2537 4855 225.

2158 4872 2232 4940 (η)
2276 4871 2353 4940 Ad
2385 4871 2533 4923 Statii
2563 4868 2819 4940 Silvas_tn
2840 4907 2856 4940 _,
2884 4865 2920 4917 2
2943 4864 3077 4940 ,Δεξ8.

2182 4873 2232 4940 n)
2276 4873 2353 4926 Ad
2385 4873 2533 4923 Statii
2563 4873 2735 4924 Silvas
2765 4880 2819 4919 ut
2841 4907 2856 4930 ,
2884 4873 2920 4917 2
2943 4906 2956 4929 ,
2989 4873 3077 4917 58.

2158 4873 2211 5073 ἕο
2276 4939 2353 4994 Ad
2384 4939 2609 4992 Statium
2641 4952 2692 4990 tv
2720 4936 2890 5013 Theb.
2913 4974 2927 4998 ,
2963 4933 3048 5009 19.

2188 4945 2241 5079 pg
2283 5008 2360 5079 Ad
2390 5008 2611 5079 Statium
2639 5004 2926 5079 vr_'lhe_b._,

2160 5027 2241 5079 (ρ)
2283 5027 2360 5061 AG
2390 5027 2611 5062 multum
2640 5027 2691 5058 γι
2734 5027 2888 5057 IIICI).
2911 5043 2926 5065 ,
2958 5027 3079 5057 ῦυυ.
3330 5074 3335 5077 Ι

2181 5082 2235 5147 q)
2272 5078 2354 5132 ad
2386 5076 2659 5130 Claudian.
2692 5072 2861 5129 Laud.
2893 5072 3135 5126 Stilicon.
3166 5085 3257 5135 ιιι,
3291 5069 3412 5123 122.

2184 5165 2208 5200 r
2271 5148 2492 5200 Advers.
2523 5160 2651 5211 mi,
2686 5143 2769 5195 12.

2182 5148 2229 5282 sl
2267 5216 2346 5269 Ad
2379 5215 2601 5282 Statium
2630 5227 2682 5264 Iv
2710 5212 2880 5267 Theb.
2903 5255 2917 5279 ,
2951 5210 3037 5282 i9.

2184 5143 2229 5211 ἐ)
2271 5148 2492 5200 Advers.
2523 5160 2651 5211 mt,
2686 5143 2769 5195 12.

2182 5210 2227 5279 s]
2267 5216 2346 5269 Ad
2379 5215 2601 5268 Statium
2630 5227 2682 5264 Iv
2710 5212 2880 5267 Theb.
2903 5255 2917 5279 ,
2954 5210 3037 5264 19.

2157 5280 2220 5354 (ι)
2258 5281 2822 5354 Specint._G_t_tuthcr_._,
2855 5296 2907 5349 ιι.
2940 5280 3062 5354 illi}.

2185 5348 2240 5421 it)
2283 5348 2412 5407 Vide
2441 5352 2506 5405 ad
2536 5350 2628 5405 lib.
2662 5368 2713 5415 ι,
2744 5350 2843 5403 49.
2878 5358 2932 5421 et
2961 5348 3258 5421 aliislocts.

2185 5356 2240 5421 ιι)
2283 5356 2412 5407 Vide
2441 5356 2506 5405 ad
2536 5356 2628 5405 lib.
2662 5368 2713 5415 ι,
2744 5356 2843 5403 49.
2878 5358 2932 5402 et
2961 5356 3080 5401 aliis
3109 5356 3258 5401 locis.

2159 5356 2229 5563 ἓν)
2275 5423 2348 5477 De
2376 5421 2585 5502 Metris,
2618 5435 2671 5488 p.
2698 5421 2858 5480 2567.
2888 5419 3026 5500 inter
3053 5418 3297 5473 Gramm.
3332 5414 3585 5470 Putschii.

2187 5496 2241 5563 ε)
2282 5491 2359 5546 Ad
2387 5490 2614 5547 Statium
2642 5506 2690 5545 tv
2717 5488 2883 5544 Theb.
2908 5527 2921 5553 ,
2954 5486 3042 5539 2ο.
3458 5530 3467 5553 ,

2187 5486 2241 5563 τέ)
2282 5491 2359 5546 Ad
2387 5486 2690 5547 Statiumtv
2717 5488 2883 5544 Theb.
2908 5527 2921 5553 ,
2954 5486 3042 5539 25.
3179 5563 3230 5617 ,
