  <div class='ocr_page' id='page_1' title='image "/cluster/home/n/w/nwhite01/storage/ocr_20150623/68/hvd.32044054758719/036.png"; bbox 0 0 4100 6194; ppageno 0'>
   <div class='ocr_carea' id='block_1_1' title="bbox 430 208 3689 275">
    <p class='ocr_par' dir='ltr' id='par_1_1' title="bbox 430 208 3689 275">
     <span class='ocr_line' id='line_1_1' title="bbox 430 208 3689 275; baseline 0.002 -8"><span class='ocrx_word' id='word_1_1' title='bbox 430 211 499 267; x_wconf 76' lang='lat'><strong>57</strong></span> <span class='ocrx_word' id='word_1_2' title='bbox 1568 211 1629 266; x_wconf 88' lang='lat' dir='ltr'><strong>II.</strong></span> <span class='ocrx_word' id='word_1_3' title='bbox 1670 211 1719 266; x_wconf 83' lang='lat' dir='ltr'><strong>J.</strong></span> <span class='ocrx_word' id='word_1_4' title='bbox 1764 208 2129 268; x_wconf 75' lang='lat' dir='ltr'><strong>ARNTZENII</strong></span> <span class='ocrx_word' id='word_1_5' title='bbox 2170 212 2564 271; x_wconf 69' lang='lat' dir='ltr'><strong>PIIASFATIO.</strong></span> <span class='ocrx_word' id='word_1_6' title='bbox 3564 226 3573 235; x_wconf 84' lang='lat'><strong>‘</strong></span> <span class='ocrx_word' id='word_1_7' title='bbox 3619 220 3689 275; x_wconf 79' lang='lat'><strong>58</strong></span> 
     </span>
    </p>
   </div>
   <div class='ocr_carea' id='block_1_2' title="bbox 428 317 3686 399">
    <p class='ocr_par' dir='ltr' id='par_1_2' title="bbox 428 317 3686 399">
     <span class='ocr_line' id='line_1_2' title="bbox 428 317 3686 399; baseline 0.002 -21"><span class='ocrx_word' id='word_1_8' title='bbox 428 325 645 393; x_wconf 76' lang='lat' dir='ltr'><strong>illisque</strong></span> <span class='ocrx_word' id='word_1_9' title='bbox 676 319 920 377; x_wconf 83' lang='lat' dir='ltr'><strong>eumdem</strong></span> <span class='ocrx_word' id='word_1_10' title='bbox 962 317 1185 375; x_wconf 83' lang='lat' dir='ltr'><strong>carmini</strong></span> <span class='ocrx_word' id='word_1_11' title='bbox 1226 318 1624 389; x_wconf 78' lang='lat' dir='ltr'><strong>elegantissimo</strong></span> <span class='ocrx_word' id='word_1_12' title='bbox 1661 337 1768 376; x_wconf 89' lang='lat' dir='ltr'><strong>non</strong></span> <span class='ocrx_word' id='word_1_13' title='bbox 1812 337 2007 391; x_wconf 86' lang='lat' dir='ltr'><strong>paucas</strong></span> <span class='ocrx_word' id='word_1_14' title='bbox 2033 324 2535 390; x_wconf 74' lang='lat' dir='ltr'><strong>Aconlrahebaut,</strong></span> <span class='ocrx_word' id='word_1_15' title='bbox 2578 325 2659 382; x_wconf 86' lang='lat' dir='ltr'><strong>vel</strong></span> <span class='ocrx_word' id='word_1_16' title='bbox 2720 326 3075 382; x_wconf 85' lang='lat' dir='ltr'><strong>extendebant</strong></span> <span class='ocrx_word' id='word_1_17' title='bbox 3118 327 3213 398; x_wconf 85' lang='lat' dir='ltr'><strong>(k).</strong></span> <span class='ocrx_word' id='word_1_18' title='bbox 3254 329 3324 385; x_wconf 88' lang='lat' dir='ltr'><strong>Ut</strong></span> <span class='ocrx_word' id='word_1_19' title='bbox 3370 336 3546 386; x_wconf 81' lang='lat' dir='ltr'><strong>tamen</strong></span> <span class='ocrx_word' id='word_1_20' title='bbox 3588 345 3686 399; x_wconf 83' lang='lat' dir='ltr'><strong>ap-</strong></span> 
     </span>
    </p>
   </div>
   <div class='ocr_carea' id='block_1_3' title="bbox 430 409 2008 477">
    <p class='ocr_par' dir='ltr' id='par_1_3' title="bbox 430 409 2008 477">
     <span class='ocr_line' id='line_1_3' title="bbox 430 409 2008 477; baseline -0.001 -8"><span class='ocrx_word' id='word_1_21' title='bbox 430 414 693 469; x_wconf 86' lang='lat' dir='ltr'><strong>inussisse</strong></span> <span class='ocrx_word' id='word_1_22' title='bbox 722 411 987 475; x_wconf 74' lang='lat' dir='ltr'><strong>maculas,</strong></span> <span class='ocrx_word' id='word_1_23' title='bbox 1017 409 1082 462; x_wconf 87' lang='lat' dir='ltr'><strong>iis</strong></span> <span class='ocrx_word' id='word_1_24' title='bbox 1114 410 1375 477; x_wconf 76' lang='lat' dir='ltr'><strong>praecipue</strong></span> <span class='ocrx_word' id='word_1_25' title='bbox 1404 410 1534 465; x_wconf 88' lang='lat' dir='ltr'><strong>locis</strong></span> <span class='ocrx_word' id='word_1_26' title='bbox 1575 411 1663 466; x_wconf 91' lang='lat' dir='ltr'><strong>ubi</strong></span> <span class='ocrx_word' id='word_1_27' title='bbox 1704 426 1860 467; x_wconf 90' lang='lat' dir='ltr'><strong>voces</strong></span> <span class='ocrx_word' id='word_1_28' title='bbox 1901 411 2008 467; x_wconf 83' lang='lat' dir='ltr'><strong>lle-</strong></span> 
     </span>
    </p>
   </div>
   <div class='ocr_carea' id='block_1_4' title="bbox 428 499 2009 571">
    <p class='ocr_par' dir='ltr' id='par_1_4' title="bbox 428 499 2009 571">
     <span class='ocr_line' id='line_1_4' title="bbox 428 499 2009 571; baseline 0.001 -16"><span class='ocrx_word' id='word_1_29' title='bbox 428 501 641 559; x_wconf 84' lang='lat' dir='ltr'><strong>braicas</strong></span> <span class='ocrx_word' id='word_1_30' title='bbox 672 499 810 553; x_wconf 87' lang='lat' dir='ltr'><strong>male</strong></span> <span class='ocrx_word' id='word_1_31' title='bbox 841 499 936 552; x_wconf 80' lang='lat' dir='ltr'><strong>fuit</strong></span> <span class='ocrx_word' id='word_1_32' title='bbox 966 499 1347 566; x_wconf 79' lang='lat' dir='ltr'><strong>interpretatus</strong></span> <span class='ocrx_word' id='word_1_33' title='bbox 1369 539 1383 563; x_wconf 89' lang='lat'><strong>,</strong></span> <span class='ocrx_word' id='word_1_34' title='bbox 1417 509 1576 571; x_wconf 81' lang='lat' dir='ltr'><strong>atque</strong></span> <span class='ocrx_word' id='word_1_35' title='bbox 1606 514 1669 555; x_wconf 85' lang='lat' dir='ltr'><strong>ex</strong></span> <span class='ocrx_word' id='word_1_36' title='bbox 1703 500 2009 561; x_wconf 69' lang='lat' dir='ltr'><strong>iis,allusio-</strong></span> 
     </span>
    </p>
   </div>
   <div class='ocr_carea' id='block_1_5' title="bbox 431 583 2039 657">
    <p class='ocr_par' dir='ltr' id='par_1_5' title="bbox 431 583 2039 657">
     <span class='ocr_line' id='line_1_5' title="bbox 431 583 2039 657; baseline 0.001 -13"><span class='ocrx_word' id='word_1_37' title='bbox 431 606 548 652; x_wconf 88' lang='lat' dir='ltr'><strong>nes,</strong></span> <span class='ocrx_word' id='word_1_38' title='bbox 586 583 901 657; x_wconf 71' lang='lat' dir='ltr'><strong>plerumque</strong></span> <span class='ocrx_word' id='word_1_39' title='bbox 930 589 1239 656; x_wconf 78' lang='lat' dir='ltr'><strong>languidas,</strong></span> <span class='ocrx_word' id='word_1_40' title='bbox 1269 586 1553 642; x_wconf 78' lang='lat' dir='ltr'><strong>derivavit.</strong></span> <span class='ocrx_word' id='word_1_41' title='bbox 1586 588 1642 643; x_wconf 90' lang='lat' dir='ltr'><strong>ln</strong></span> <span class='ocrx_word' id='word_1_42' title='bbox 1676 590 1866 646; x_wconf 87' lang='lat' dir='ltr'><strong>talibus</strong></span> <span class='ocrx_word' id='word_1_43' title='bbox 1912 590 2039 651; x_wconf 69' lang='lat' dir='ltr'><strong>bos,</strong></span> 
     </span>
    </p>
   </div>
   <div class='ocr_carea' id='block_1_6' title="bbox 432 678 2006 749">
    <p class='ocr_par' dir='ltr' id='par_1_6' title="bbox 432 678 2006 749">
     <span class='ocr_line' id='line_1_6' title="bbox 432 678 2006 749; baseline 0.001 -15"><span class='ocrx_word' id='word_1_44' title='bbox 432 683 724 748; x_wconf 86' lang='lat' dir='ltr'><strong>scriptores</strong></span> <span class='ocrx_word' id='word_1_45' title='bbox 772 694 937 749; x_wconf 78' lang='lat' dir='ltr'><strong>nugas</strong></span> <span class='ocrx_word' id='word_1_46' title='bbox 988 678 1184 745; x_wconf 74' lang='lat' dir='ltr'><strong>saepius</strong></span> <span class='ocrx_word' id='word_1_47' title='bbox 1214 678 1385 747; x_wconf 81' lang='lat' dir='ltr'><strong>egisse</strong></span> <span class='ocrx_word' id='word_1_48' title='bbox 1427 689 1573 734; x_wconf 85' lang='lat' dir='ltr'><strong>recte</strong></span> <span class='ocrx_word' id='word_1_49' title='bbox 1612 682 1864 736; x_wconf 73' lang='lat' dir='ltr'><strong>censebat</strong></span> <span class='ocrx_word' id='word_1_50' title='bbox 1904 682 2006 735; x_wconf 89' lang='lat' dir='ltr'><strong>Da-</strong></span> 
     </span>
    </p>
   </div>
   <div class='ocr_carea' id='block_1_7' title="bbox 430 763 2003 837">
    <p class='ocr_par' dir='ltr' id='par_1_7' title="bbox 430 763 2003 837">
     <span class='ocr_line' id='line_1_7' title="bbox 430 763 2003 837; baseline 0.003 -16"><span class='ocrx_word' id='word_1_51' title='bbox 430 770 535 822; x_wconf 87' lang='lat' dir='ltr'><strong>niel</strong></span> <span class='ocrx_word' id='word_1_52' title='bbox 573 768 822 822; x_wconf 86' lang='lat' dir='ltr'><strong>lleinsius</strong></span> <span class='ocrx_word' id='word_1_53' title='bbox 848 766 922 836; x_wconf 89' lang='lat' dir='ltr'><strong>(a)</strong></span> <span class='ocrx_word' id='word_1_54' title='bbox 946 806 961 831; x_wconf 98' lang='lat'><strong>,</strong></span> <span class='ocrx_word' id='word_1_55' title='bbox 993 775 1047 819; x_wconf 91' lang='lat' dir='ltr'><strong>et</strong></span> <span class='ocrx_word' id='word_1_56' title='bbox 1072 781 1197 820; x_wconf 92' lang='lat' dir='ltr'><strong>vere</strong></span> <span class='ocrx_word' id='word_1_57' title='bbox 1224 763 1378 821; x_wconf 86' lang='lat' dir='ltr'><strong>Joan.</strong></span> <span class='ocrx_word' id='word_1_58' title='bbox 1408 769 1541 836; x_wconf 81' lang='lat' dir='ltr'><strong>Aug.</strong></span> <span class='ocrx_word' id='word_1_59' title='bbox 1568 770 1814 837; x_wconf 89' lang='lat' dir='ltr'><strong>Ernesti,</strong></span> <span class='ocrx_word' id='word_1_60' title='bbox 1850 769 1912 823; x_wconf 82' lang='lat' dir='ltr'><strong>V.</strong></span> <span class='ocrx_word' id='word_1_61' title='bbox 1939 768 2003 826; x_wconf 91' lang='lat' dir='ltr'><strong>C.</strong></span> 
     </span>
    </p>
   </div>
   <div class='ocr_carea' id='block_1_8' title="bbox 429 852 2007 926">
    <p class='ocr_par' dir='ltr' id='par_1_8' title="bbox 429 852 2007 926">
     <span class='ocr_line' id='line_1_8' title="bbox 429 852 2007 926; baseline 0.003 -17"><span class='ocrx_word' id='word_1_62' title='bbox 429 856 573 909; x_wconf 79' lang='lat' dir='ltr'><strong>Nam</strong></span> <span class='ocrx_word' id='word_1_63' title='bbox 604 872 721 907; x_wconf 90' lang='lat' dir='ltr'><strong>cum</strong></span> <span class='ocrx_word' id='word_1_64' title='bbox 742 895 756 918; x_wconf 88' lang='lat'><strong>,</strong></span> <span class='ocrx_word' id='word_1_65' title='bbox 790 855 959 924; x_wconf 88' lang='lat' dir='ltr'><strong>inquit</strong></span> <span class='ocrx_word' id='word_1_66' title='bbox 988 855 1094 926; x_wconf 86' lang='lat' dir='ltr'><strong>(b),</strong></span> <span class='ocrx_word' id='word_1_67' title='bbox 1126 856 1306 926; x_wconf 81' lang='lat' dir='ltr'><strong>religio</strong></span> <span class='ocrx_word' id='word_1_68' title='bbox 1355 852 1648 910; x_wconf 83' lang='lat' dir='ltr'><strong>Christiana</strong></span> <span class='ocrx_word' id='word_1_69' title='bbox 1692 859 1759 910; x_wconf 85' lang='lat' dir='ltr'><strong>ad</strong></span> <span class='ocrx_word' id='word_1_70' title='bbox 1807 857 2007 914; x_wconf 68' lang='lat' dir='ltr'><strong>Graecos</strong></span> 
     </span>
    </p>
   </div>
   <div class='ocr_carea' id='block_1_9' title="bbox 429 944 2007 1017">
    <p class='ocr_par' dir='ltr' id='par_1_9' title="bbox 429 944 2007 1017">
     <span class='ocr_line' id='line_1_9' title="bbox 429 944 2007 1017; baseline 0.003 -20"><span class='ocrx_word' id='word_1_71' title='bbox 429 956 554 997; x_wconf 75' lang='lat' dir='ltr'><strong>esset</strong></span> <span class='ocrx_word' id='word_1_72' title='bbox 588 954 900 1014; x_wconf 77' lang='lat' dir='ltr'><strong>propagata,</strong></span> <span class='ocrx_word' id='word_1_73' title='bbox 932 945 1160 997; x_wconf 83' lang='lat' dir='ltr'><strong>doctores</strong></span> <span class='ocrx_word' id='word_1_74' title='bbox 1192 944 1464 1013; x_wconf 79' lang='lat' dir='ltr'><strong>Ecclesite,</strong></span> <span class='ocrx_word' id='word_1_75' title='bbox 1496 949 1579 1016; x_wconf 85' lang='lat' dir='ltr'><strong>qui</strong></span> <span class='ocrx_word' id='word_1_76' title='bbox 1610 948 1662 1000; x_wconf 89' lang='lat' dir='ltr'><strong>in</strong></span> <span class='ocrx_word' id='word_1_77' title='bbox 1691 947 2007 1017; x_wconf 73' lang='lat' dir='ltr'><strong>explicandis</strong></span> 
     </span>
    </p>
   </div>
   <div class='ocr_carea' id='block_1_10' title="bbox 429 1033 2005 1105">
    <p class='ocr_par' dir='ltr' id='par_1_10' title="bbox 429 1033 2005 1105">
     <span class='ocr_line' id='line_1_10' title="bbox 429 1033 2005 1105; baseline 0.003 -19"><span class='ocrx_word' id='word_1_78' title='bbox 429 1035 615 1086; x_wconf 77' lang='lat' dir='ltr'><strong>diuinis</strong></span> <span class='ocrx_word' id='word_1_79' title='bbox 635 1034 983 1098; x_wconf 74' lang='lat' dir='ltr'><strong>versabantur,</strong></span> <span class='ocrx_word' id='word_1_80' title='bbox 1011 1033 1235 1101; x_wconf 79' lang='lat' dir='ltr'><strong>plerique</strong></span> <span class='ocrx_word' id='word_1_81' title='bbox 1250 1062 1318 1071; x_wconf 91' lang='lat'><strong>—</strong></span> <span class='ocrx_word' id='word_1_82' title='bbox 1332 1034 1629 1103; x_wconf 78' lang='lat' dir='ltr'><strong>ignorabant</strong></span> <span class='ocrx_word' id='word_1_83' title='bbox 1649 1036 1876 1105; x_wconf 82' lang='lat' dir='ltr'><strong>linguam</strong></span> <span class='ocrx_word' id='word_1_84' title='bbox 1900 1036 2005 1090; x_wconf 81' lang='lat' dir='ltr'><strong>He-</strong></span> 
     </span>
    </p>
   </div>
   <div class='ocr_carea' id='block_1_11' title="bbox 429 1114 2005 1193">
    <p class='ocr_par' dir='ltr' id='par_1_11' title="bbox 429 1114 2005 1193">
     <span class='ocr_line' id='line_1_11' title="bbox 429 1114 2005 1193; baseline 0.004 -18"><span class='ocrx_word' id='word_1_85' title='bbox 429 1124 652 1175; x_wconf 78' lang='lat' dir='ltr'><strong>braicam</strong></span> <span class='ocrx_word' id='word_1_86' title='bbox 672 1166 687 1190; x_wconf 90' lang='lat'><strong>,</strong></span> <span class='ocrx_word' id='word_1_87' title='bbox 716 1123 921 1188; x_wconf 86' lang='lat' dir='ltr'><strong>solaque</strong></span> <span class='ocrx_word' id='word_1_88' title='bbox 946 1120 1124 1175; x_wconf 65' lang='lat' dir='ltr'><strong>Graeca</strong></span> <span class='ocrx_word' id='word_1_89' title='bbox 1148 1124 1201 1176; x_wconf 87' lang='lat' dir='ltr'><strong>in</strong></span> <span class='ocrx_word' id='word_1_90' title='bbox 1228 1123 1604 1193; x_wconf 82' lang='lat' dir='ltr'><strong>interpretando</strong></span> <span class='ocrx_word' id='word_1_91' title='bbox 1626 1114 1911 1181; x_wconf 76' lang='lat' dir='ltr'><strong>utebantur.</strong></span> <span class='ocrx_word' id='word_1_92' title='bbox 1936 1157 2005 1168; x_wconf 95' lang='lat'><strong>—</strong></span> 
     </span>
    </p>
   </div>
   <div class='ocr_carea' id='block_1_12' title="bbox 430 1212 2001 1285">
    <p class='ocr_par' dir='ltr' id='par_1_12' title="bbox 430 1212 2001 1285">
     <span class='ocr_line' id='line_1_12' title="bbox 430 1212 2001 1285; baseline 0.005 -19"><span class='ocrx_word' id='word_1_93' title='bbox 430 1212 574 1267; x_wconf 84' lang='lat' dir='ltr'><strong>Hinc</strong></span> <span class='ocrx_word' id='word_1_94' title='bbox 602 1224 725 1266; x_wconf 71' lang='lat' dir='ltr'><strong>orta</strong></span> <span class='ocrx_word' id='word_1_95' title='bbox 748 1222 864 1267; x_wconf 84' lang='lat' dir='ltr'><strong>sunt</strong></span> <span class='ocrx_word' id='word_1_96' title='bbox 891 1214 1065 1270; x_wconf 78' lang='lat' dir='ltr'><strong>multa:</strong></span> <span class='ocrx_word' id='word_1_97' title='bbox 1085 1215 1523 1285; x_wconf 84' lang='lat' dir='ltr'><strong>interpretationes</strong></span> <span class='ocrx_word' id='word_1_98' title='bbox 1552 1217 1796 1273; x_wconf 87' lang='lat' dir='ltr'><strong>librorum</strong></span> <span class='ocrx_word' id='word_1_99' title='bbox 1824 1237 2001 1274; x_wconf 90' lang='lat' dir='ltr'><strong>sacro-</strong></span> 
     </span>
    </p>
   </div>
   <div class='ocr_carea' id='block_1_13' title="bbox 430 1303 2005 1380">
    <p class='ocr_par' dir='ltr' id='par_1_13' title="bbox 430 1303 2005 1380">
     <span class='ocr_line' id='line_1_13' title="bbox 430 1303 2005 1380; baseline 0.008 -25"><span class='ocrx_word' id='word_1_100' title='bbox 430 1319 564 1371; x_wconf 80' lang='lat' dir='ltr'><strong>rum,</strong></span> <span class='ocrx_word' id='word_1_101' title='bbox 592 1314 639 1356; x_wconf 86' lang='lat' dir='ltr'><strong>et</strong></span> <span class='ocrx_word' id='word_1_102' title='bbox 665 1304 870 1356; x_wconf 76' lang='lat' dir='ltr'><strong>invecta:</strong></span> <span class='ocrx_word' id='word_1_103' title='bbox 891 1304 943 1356; x_wconf 91' lang='lat' dir='ltr'><strong>in</strong></span> <span class='ocrx_word' id='word_1_104' title='bbox 965 1303 1265 1371; x_wconf 80' lang='lat' dir='ltr'><strong>Ecclesium,</strong></span> <span class='ocrx_word' id='word_1_105' title='bbox 1288 1324 1380 1375; x_wconf 90' lang='lat' dir='ltr'><strong>pro</strong></span> <span class='ocrx_word' id='word_1_106' title='bbox 1402 1308 1627 1377; x_wconf 74' lang='lat' dir='ltr'><strong>verisque</strong></span> <span class='ocrx_word' id='word_1_107' title='bbox 1646 1310 1888 1380; x_wconf 77' lang='lat' dir='ltr'><strong>probatte,</strong></span> <span class='ocrx_word' id='word_1_108' title='bbox 1909 1314 2005 1367; x_wconf 83' lang='lat' dir='ltr'><strong>etsi</strong></span> 
     </span>
    </p>
   </div>
   <div class='ocr_carea' id='block_1_14' title="bbox 336 1398 2003 1473">
    <p class='ocr_par' dir='ltr' id='par_1_14' title="bbox 336 1398 2003 1473">
     <span class='ocr_line' id='line_1_14' title="bbox 336 1398 2003 1473; baseline 0.007 -28"><span class='ocrx_word' id='word_1_109' title='bbox 336 1410 339 1411; x_wconf 65' lang='lat'><strong><em>&#39;</em></strong></span> <span class='ocrx_word' id='word_1_110' title='bbox 429 1412 534 1447; x_wconf 85' lang='lat' dir='ltr'><strong>non</strong></span> <span class='ocrx_word' id='word_1_111' title='bbox 560 1406 842 1464; x_wconf 85' lang='lat' dir='ltr'><strong>pugnantes</strong></span> <span class='ocrx_word' id='word_1_112' title='bbox 868 1411 982 1447; x_wconf 90' lang='lat' dir='ltr'><strong>cum</strong></span> <span class='ocrx_word' id='word_1_113' title='bbox 1004 1412 1205 1448; x_wconf 88' lang='lat' dir='ltr'><strong>summa</strong></span> <span class='ocrx_word' id='word_1_114' title='bbox 1230 1398 1473 1452; x_wconf 76' lang='lat' dir='ltr'><strong>doctrina:</strong></span> <span class='ocrx_word' id='word_1_115' title='bbox 1494 1398 1811 1469; x_wconf 59' lang='lat' dir='ltr'><strong>Christianas,</strong></span> <span class='ocrx_word' id='word_1_116' title='bbox 1841 1420 2003 1473; x_wconf 53' lang='lat' dir='ltr'><strong>quanp</strong></span> 
     </span>
    </p>
   </div>
   <div class='ocr_carea' id='block_1_15' title="bbox 430 1483 2002 1564">
    <p class='ocr_par' dir='ltr' id='par_1_15' title="bbox 430 1483 2002 1564">
     <span class='ocr_line' id='line_1_15' title="bbox 430 1483 2002 1564; baseline 0.01 -30"><span class='ocrx_word' id='word_1_117' title='bbox 430 1500 587 1550; x_wconf 77' lang='lat' dir='ltr'><strong>quam</strong></span> <span class='ocrx_word' id='word_1_118' title='bbox 613 1483 737 1535; x_wconf 86' lang='lat' dir='ltr'><strong>tales</strong></span> <span class='ocrx_word' id='word_1_119' title='bbox 762 1500 978 1553; x_wconf 82' lang='lat' dir='ltr'><strong>quoque,</strong></span> <span class='ocrx_word' id='word_1_120' title='bbox 1003 1493 1048 1537; x_wconf 91' lang='lat' dir='ltr'><strong>et</strong></span> <span class='ocrx_word' id='word_1_121' title='bbox 1072 1486 1217 1552; x_wconf 67' lang='lat' dir='ltr'><strong>falsa</strong></span> <span class='ocrx_word' id='word_1_122' title='bbox 1238 1486 1539 1558; x_wconf 83' lang='lat' dir='ltr'><strong>minimeque</strong></span> <span class='ocrx_word' id='word_1_123' title='bbox 1559 1502 1833 1560; x_wconf 62' lang='lat' dir='ltr'><strong>accuratae,</strong></span> <span class='ocrx_word' id='word_1_124' title='bbox 1858 1510 2002 1564; x_wconf 64' lang='lat' dir='ltr'><strong>qua:-</strong></span> 
     </span>
    </p>
   </div>
   <div class='ocr_carea' id='block_1_16' title="bbox 426 1574 1999 1652">
    <p class='ocr_par' dir='ltr' id='par_1_16' title="bbox 426 1574 1999 1652">
     <span class='ocr_line' id='line_1_16' title="bbox 426 1574 1999 1652; baseline 0.011 -28"><span class='ocrx_word' id='word_1_125' title='bbox 426 1588 532 1642; x_wconf 83' lang='lat' dir='ltr'><strong>que</strong></span> <span class='ocrx_word' id='word_1_126' title='bbox 564 1574 712 1638; x_wconf 80' lang='lat' dir='ltr'><strong>plura</strong></span> <span class='ocrx_word' id='word_1_127' title='bbox 745 1574 881 1627; x_wconf 86' lang='lat' dir='ltr'><strong>hanc</strong></span> <span class='ocrx_word' id='word_1_128' title='bbox 919 1576 968 1628; x_wconf 92' lang='lat' dir='ltr'><strong>in</strong></span> <span class='ocrx_word' id='word_1_129' title='bbox 1002 1591 1112 1629; x_wconf 88' lang='lat' dir='ltr'><strong>rem</strong></span> <span class='ocrx_word' id='word_1_130' title='bbox 1144 1587 1458 1644; x_wconf 88' lang='lat' dir='ltr'><strong>sequuntur,</strong></span> <span class='ocrx_word' id='word_1_131' title='bbox 1490 1581 1625 1635; x_wconf 89' lang='lat' dir='ltr'><strong>lectu</strong></span> <span class='ocrx_word' id='word_1_132' title='bbox 1662 1598 1883 1652; x_wconf 88' lang='lat' dir='ltr'><strong>prorsus</strong></span> <span class='ocrx_word' id='word_1_133' title='bbox 1913 1587 1999 1641; x_wconf 89' lang='lat' dir='ltr'><strong>di-</strong></span> 
     </span>
    </p>
   </div>
   <div class='ocr_carea' id='block_1_17' title="bbox 2112 415 3681 487">
    <p class='ocr_par' dir='ltr' id='par_1_17' title="bbox 2112 415 3681 487">
     <span class='ocr_line' id='line_1_17' title="bbox 2112 415 3681 487; baseline 0.006 -23"><span class='ocrx_word' id='word_1_134' title='bbox 2112 422 2293 482; x_wconf 86' lang='lat' dir='ltr'><strong>pareat</strong></span> <span class='ocrx_word' id='word_1_135' title='bbox 2332 425 2584 483; x_wconf 88' lang='lat' dir='ltr'><strong>quantum</strong></span> <span class='ocrx_word' id='word_1_136' title='bbox 2627 415 2725 468; x_wconf 90' lang='lat' dir='ltr'><strong>sibi</strong></span> <span class='ocrx_word' id='word_1_137' title='bbox 2769 416 2821 468; x_wconf 90' lang='lat' dir='ltr'><strong>in</strong></span> <span class='ocrx_word' id='word_1_138' title='bbox 2863 415 3007 471; x_wconf 87' lang='lat' dir='ltr'><strong>hisco</strong></span> <span class='ocrx_word' id='word_1_139' title='bbox 3034 416 3269 472; x_wconf 85' lang='lat' dir='ltr'><strong>editores</strong></span> <span class='ocrx_word' id='word_1_140' title='bbox 3316 419 3681 487; x_wconf 85' lang='lat' dir='ltr'><strong>permiserint,</strong></span> 
     </span>
    </p>
   </div>
   <div class='ocr_carea' id='block_1_18' title="bbox 2109 503 3684 572">
    <p class='ocr_par' dir='ltr' id='par_1_18' title="bbox 2109 503 3684 572">
     <span class='ocr_line' id='line_1_18' title="bbox 2109 503 3684 572; baseline 0.004 -16"><span class='ocrx_word' id='word_1_141' title='bbox 2109 503 2297 557; x_wconf 85' lang='lat' dir='ltr'><strong>addam</strong></span> <span class='ocrx_word' id='word_1_142' title='bbox 2330 504 2418 557; x_wconf 91' lang='lat' dir='ltr'><strong>hic</strong></span> <span class='ocrx_word' id='word_1_143' title='bbox 2444 519 2505 558; x_wconf 85' lang='lat' dir='ltr'><strong>ea</strong></span> <span class='ocrx_word' id='word_1_144' title='bbox 2536 519 2653 572; x_wconf 64' lang='lat' dir='ltr'><strong>qua!</strong></span> <span class='ocrx_word' id='word_1_145' title='bbox 2680 520 2741 559; x_wconf 81' lang='lat' dir='ltr'><strong>ex</strong></span> <span class='ocrx_word' id='word_1_146' title='bbox 2775 505 2960 559; x_wconf 88' lang='lat' dir='ltr'><strong>codice</strong></span> <span class='ocrx_word' id='word_1_147' title='bbox 3002 505 3324 559; x_wconf 87' lang='lat' dir='ltr'><strong>Balthasaris</strong></span> <span class='ocrx_word' id='word_1_148' title='bbox 3365 508 3547 561; x_wconf 83' lang='lat' dir='ltr'><strong>Moreti</strong></span> <span class='ocrx_word' id='word_1_149' title='bbox 3590 524 3684 563; x_wconf 85' lang='lat' dir='ltr'><strong>ex-</strong></span> 
     </span>
    </p>
   </div>
   <div class='ocr_carea' id='block_1_19' title="bbox 2110 593 3685 668">
    <p class='ocr_par' dir='ltr' id='par_1_19' title="bbox 2110 593 3685 668">
     <span class='ocr_line' id='line_1_19' title="bbox 2110 593 3685 668; baseline 0.002 -20"><span class='ocrx_word' id='word_1_150' title='bbox 2110 593 2306 661; x_wconf 82' lang='lat' dir='ltr'><strong>cerpsit</strong></span> <span class='ocrx_word' id='word_1_151' title='bbox 2358 594 2529 648; x_wconf 86' lang='lat' dir='ltr'><strong>Nicol.</strong></span> <span class='ocrx_word' id='word_1_152' title='bbox 2574 595 2854 662; x_wconf 79' lang='lat' dir='ltr'><strong>Heinsius,</strong></span> <span class='ocrx_word' id='word_1_153' title='bbox 2912 595 3107 651; x_wconf 88' lang='lat' dir='ltr'><strong>additis</strong></span> <span class='ocrx_word' id='word_1_154' title='bbox 3147 596 3388 651; x_wconf 83' lang='lat' dir='ltr'><strong>versibus</strong></span> <span class='ocrx_word' id='word_1_155' title='bbox 3441 598 3507 652; x_wconf 88' lang='lat' dir='ltr'><strong>ad</strong></span> <span class='ocrx_word' id='word_1_156' title='bbox 3549 604 3685 668; x_wconf 75' lang='lat' dir='ltr'><strong>quos</strong></span> 
     </span>
    </p>
   </div>
   <div class='ocr_carea' id='block_1_20' title="bbox 2110 682 2545 738">
    <p class='ocr_par' dir='ltr' id='par_1_20' title="bbox 2110 682 2545 738">
     <span class='ocr_line' id='line_1_20' title="bbox 2110 682 2545 738; baseline 0 -1"><span class='ocrx_word' id='word_1_157' title='bbox 2110 682 2218 737; x_wconf 88' lang='lat' dir='ltr'><strong>sint</strong></span> <span class='ocrx_word' id='word_1_158' title='bbox 2247 684 2545 738; x_wconf 79' lang='lat' dir='ltr'><strong>referenda.</strong></span> 
     </span>
    </p>
   </div>
   <div class='ocr_carea' id='block_1_21' title="bbox 2435 817 3352 875">
    <p class='ocr_par' dir='ltr' id='par_1_21' title="bbox 2435 817 3352 875">
     <span class='ocr_line' id='line_1_21' title="bbox 2435 817 3352 875; baseline -0.001 -3"><span class='ocrx_word' id='word_1_159' title='bbox 2435 817 2895 873; x_wconf 82' lang='lat' dir='ltr'><strong>CAPITULATIO</strong></span> <span class='ocrx_word' id='word_1_160' title='bbox 2924 818 3102 874; x_wconf 80' lang='lat' dir='ltr'><strong>LIBRI</strong></span> <span class='ocrx_word' id='word_1_161' title='bbox 3145 818 3352 875; x_wconf 64' lang='lat' dir='ltr'><strong>Plinii.</strong></span> 
     </span>
    </p>
   </div>
   <div class='ocr_carea' id='block_1_22' title="bbox 2108 947 3011 1016">
    <p class='ocr_par' dir='ltr' id='par_1_22' title="bbox 2108 947 3011 1016">
     <span class='ocr_line' id='line_1_22' title="bbox 2108 947 3011 1016; baseline 0.002 -15"><span class='ocrx_word' id='word_1_162' title='bbox 2108 947 2187 1002; x_wconf 88' lang='lat' dir='ltr'><strong>De</strong></span> <span class='ocrx_word' id='word_1_163' title='bbox 2211 949 2514 1002; x_wconf 70' lang='lat' dir='ltr'><strong>Ascensione</strong></span> <span class='ocrx_word' id='word_1_164' title='bbox 2547 948 2777 1016; x_wconf 86' lang='lat' dir='ltr'><strong>Domini,</strong></span> <span class='ocrx_word' id='word_1_165' title='bbox 2809 964 2889 1003; x_wconf 79' lang='lat' dir='ltr'><strong>vs.</strong></span> <span class='ocrx_word' id='word_1_166' title='bbox 2920 950 3011 1004; x_wconf 78' lang='grc'><strong>21.</strong></span> 
     </span>
    </p>
   </div>
   <div class='ocr_carea' id='block_1_23' title="bbox 2108 1036 3681 1113">
    <p class='ocr_par' dir='ltr' id='par_1_23' title="bbox 2108 1036 3681 1113">
     <span class='ocr_line' id='line_1_23' title="bbox 2108 1036 3681 1113; baseline 0.004 -24"><span class='ocrx_word' id='word_1_167' title='bbox 2108 1036 2187 1091; x_wconf 90' lang='lat' dir='ltr'><strong>De</strong></span> <span class='ocrx_word' id='word_1_168' title='bbox 2236 1038 2540 1091; x_wconf 82' lang='lat' dir='ltr'><strong>allocutione</strong></span> <span class='ocrx_word' id='word_1_169' title='bbox 2578 1039 2739 1090; x_wconf 83' lang='lat' dir='ltr'><strong>sancti</strong></span> <span class='ocrx_word' id='word_1_170' title='bbox 2780 1038 2943 1103; x_wconf 86' lang='lat' dir='ltr'><strong>Petri,</strong></span> <span class='ocrx_word' id='word_1_171' title='bbox 2973 1056 3036 1093; x_wconf 79' lang='lat' dir='ltr'><strong>ea:</strong></span> <span class='ocrx_word' id='word_1_172' title='bbox 3079 1038 3300 1093; x_wconf 79' lang='lat' dir='ltr'><strong>Matt/tia</strong></span> <span class='ocrx_word' id='word_1_173' title='bbox 3345 1056 3416 1094; x_wconf 80' lang='lat' dir='ltr'><strong>xu</strong></span> <span class='ocrx_word' id='word_1_174' title='bbox 3461 1042 3603 1113; x_wconf 83' lang='lat' dir='ltr'><strong>(lege</strong></span> <span class='ocrx_word' id='word_1_175' title='bbox 3632 1052 3681 1097; x_wconf 87' lang='lat' dir='ltr'><strong>et</strong></span> 
     </span>
    </p>
   </div>
   <div class='ocr_carea' id='block_1_24' title="bbox 2178 1126 2965 1198">
    <p class='ocr_par' dir='ltr' id='par_1_24' title="bbox 2178 1126 2965 1198">
     <span class='ocr_line' id='line_1_24' title="bbox 2178 1126 2965 1198; baseline 0.005 -19"><span class='ocrx_word' id='word_1_176' title='bbox 2178 1126 2400 1180; x_wconf 75' lang='lat' dir='ltr'><strong>Matthia</strong></span> <span class='ocrx_word' id='word_1_177' title='bbox 2425 1128 2501 1198; x_wconf 79' lang='lat' dir='ltr'><strong>in)</strong></span> <span class='ocrx_word' id='word_1_178' title='bbox 2542 1128 2722 1192; x_wconf 88' lang='lat' dir='ltr'><strong>relato,</strong></span> <span class='ocrx_word' id='word_1_179' title='bbox 2756 1143 2843 1182; x_wconf 77' lang='lat' dir='ltr'><strong>vs.</strong></span> <span class='ocrx_word' id='word_1_180' title='bbox 2877 1129 2965 1183; x_wconf 86' lang='lat'><strong>69.</strong></span> 
     </span>
    </p>
   </div>
   <div class='ocr_carea' id='block_1_25' title="bbox 2105 1213 3677 1290">
    <p class='ocr_par' dir='ltr' id='par_1_25' title="bbox 2105 1213 3677 1290">
     <span class='ocr_line' id='line_1_25' title="bbox 2105 1213 3677 1290; baseline 0.006 -23"><span class='ocrx_word' id='word_1_181' title='bbox 2105 1213 2184 1270; x_wconf 88' lang='lat' dir='ltr'><strong>De</strong></span> <span class='ocrx_word' id='word_1_182' title='bbox 2210 1216 2431 1270; x_wconf 86' lang='lat' dir='ltr'><strong>adventu</strong></span> <span class='ocrx_word' id='word_1_183' title='bbox 2466 1217 2630 1270; x_wconf 80' lang='lat' dir='ltr'><strong>sancti</strong></span> <span class='ocrx_word' id='word_1_184' title='bbox 2682 1217 2906 1287; x_wconf 80' lang='lat' dir='ltr'><strong>Spiritus</strong></span> <span class='ocrx_word' id='word_1_185' title='bbox 2945 1218 2997 1271; x_wconf 86' lang='lat' dir='ltr'><strong>in</strong></span> <span class='ocrx_word' id='word_1_186' title='bbox 3043 1218 3158 1288; x_wconf 91' lang='lat' dir='ltr'><strong>igne</strong></span> <span class='ocrx_word' id='word_1_187' title='bbox 3183 1235 3335 1290; x_wconf 78' lang='lat' dir='ltr'><strong>super</strong></span> <span class='ocrx_word' id='word_1_188' title='bbox 3377 1222 3636 1290; x_wconf 81' lang='lat' dir='ltr'><strong>apostolos</strong></span> <span class='ocrx_word' id='word_1_189' title='bbox 3661 1263 3677 1289; x_wconf 94' lang='lat'><strong>,</strong></span> 
     </span>
    </p>
   </div>
   <div class='ocr_carea' id='block_1_26' title="bbox 2176 1305 2400 1359">
    <p class='ocr_par' dir='ltr' id='par_1_26' title="bbox 2176 1305 2400 1359">
     <span class='ocr_line' id='line_1_26' title="bbox 2176 1305 2400 1359; baseline -0.004 -1"><span class='ocrx_word' id='word_1_190' title='bbox 2176 1320 2254 1359; x_wconf 92' lang='lat' dir='ltr'><strong>vs.</strong></span> <span class='ocrx_word' id='word_1_191' title='bbox 2284 1305 2400 1359; x_wconf 80' lang='lat' dir='ltr'><strong>U9.</strong></span> 
     </span>
    </p>
   </div>
   <div class='ocr_carea' id='block_1_27' title="bbox 2103 1391 3599 1467">
    <p class='ocr_par' dir='ltr' id='par_1_27' title="bbox 2103 1391 3599 1467">
     <span class='ocr_line' id='line_1_27' title="bbox 2103 1391 3599 1467; baseline 0.008 -21"><span class='ocrx_word' id='word_1_192' title='bbox 2103 1391 2182 1446; x_wconf 87' lang='lat' dir='ltr'><strong>De</strong></span> <span class='ocrx_word' id='word_1_193' title='bbox 2205 1408 2435 1447; x_wconf 73' lang='lat' dir='ltr'><strong>sermone</strong></span> <span class='ocrx_word' id='word_1_194' title='bbox 2461 1392 2606 1446; x_wconf 82' lang='lat' dir='ltr'><strong>Petri</strong></span> <span class='ocrx_word' id='word_1_195' title='bbox 2634 1393 2702 1448; x_wconf 83' lang='lat' dir='ltr'><strong>ad</strong></span> <span class='ocrx_word' id='word_1_196' title='bbox 2732 1395 3034 1467; x_wconf 71' lang='lat' dir='ltr'><strong>baptismum</strong></span> <span class='ocrx_word' id='word_1_197' title='bbox 3061 1395 3332 1464; x_wconf 83' lang='lat' dir='ltr'><strong>hortantis,</strong></span> <span class='ocrx_word' id='word_1_198' title='bbox 3364 1414 3443 1454; x_wconf 93' lang='lat' dir='ltr'><strong>vs.</strong></span> <span class='ocrx_word' id='word_1_199' title='bbox 3478 1399 3599 1457; x_wconf 77' lang='grc'><strong>160.</strong></span> 
     </span>
    </p>
   </div>
   <div class='ocr_carea' id='block_1_28' title="bbox 2102 1479 3459 1552">
    <p class='ocr_par' dir='ltr' id='par_1_28' title="bbox 2102 1479 3459 1552">
     <span class='ocr_line' id='line_1_28' title="bbox 2102 1479 3459 1552; baseline 0.007 -20"><span class='ocrx_word' id='word_1_200' title='bbox 2102 1479 2182 1533; x_wconf 86' lang='lat' dir='ltr'><strong>De</strong></span> <span class='ocrx_word' id='word_1_201' title='bbox 2208 1497 2265 1535; x_wconf 92' lang='lat' dir='ltr'><strong>eo</strong></span> <span class='ocrx_word' id='word_1_202' title='bbox 2288 1482 2373 1534; x_wconf 82' lang='lat' dir='ltr'><strong>ubi</strong></span> <span class='ocrx_word' id='word_1_203' title='bbox 2402 1483 2503 1535; x_wconf 85' lang='lat' dir='ltr'><strong>illis</strong></span> <span class='ocrx_word' id='word_1_204' title='bbox 2523 1492 2664 1536; x_wconf 89' lang='lat' dir='ltr'><strong>erant</strong></span> <span class='ocrx_word' id='word_1_205' title='bbox 2693 1486 2862 1537; x_wconf 83' lang='lat' dir='ltr'><strong>omnia</strong></span> <span class='ocrx_word' id='word_1_206' title='bbox 2884 1487 3194 1552; x_wconf 87' lang='lat' dir='ltr'><strong>communia,</strong></span> <span class='ocrx_word' id='word_1_207' title='bbox 3223 1501 3305 1540; x_wconf 93' lang='lat' dir='ltr'><strong>vs.</strong></span> <span class='ocrx_word' id='word_1_208' title='bbox 3330 1486 3459 1541; x_wconf 73' lang='grc'><strong>211.</strong></span> 
     </span>
    </p>
   </div>
   <div class='ocr_carea' id='block_1_29' title="bbox 2102 1565 3672 1648">
    <p class='ocr_par' dir='ltr' id='par_1_29' title="bbox 2102 1565 3672 1648">
     <span class='ocr_line' id='line_1_29' title="bbox 2102 1565 3672 1648; baseline 0.004 -24"><span class='ocrx_word' id='word_1_209' title='bbox 2102 1570 2180 1627; x_wconf 88' lang='lat' dir='ltr'><strong>De</strong></span> <span class='ocrx_word' id='word_1_210' title='bbox 2206 1574 2390 1627; x_wconf 79' lang='lat' dir='ltr'><strong>claudo</strong></span> <span class='ocrx_word' id='word_1_211' title='bbox 2414 1565 2446 1626; x_wconf 78' lang='grc' dir='ltr'><em>ὰ</em></span> <span class='ocrx_word' id='word_1_212' title='bbox 2482 1585 2657 1628; x_wconf 88' lang='lat' dir='ltr'><strong>sancto</strong></span> <span class='ocrx_word' id='word_1_213' title='bbox 2687 1575 2840 1629; x_wconf 87' lang='lat' dir='ltr'><strong>Petro</strong></span> <span class='ocrx_word' id='word_1_214' title='bbox 2869 1576 2937 1629; x_wconf 87' lang='lat' dir='ltr'><strong>ad</strong></span> <span class='ocrx_word' id='word_1_215' title='bbox 2978 1576 3185 1629; x_wconf 86' lang='lat' dir='ltr'><strong>Portam</strong></span> <span class='ocrx_word' id='word_1_216' title='bbox 3213 1578 3493 1648; x_wconf 77' lang='lat' dir='ltr'><strong>speciosam</strong></span> <span class='ocrx_word' id='word_1_217' title='bbox 3520 1596 3672 1631; x_wconf 79' lang='lat' dir='ltr'><strong>cura-</strong></span> 
     </span>
    </p>
   </div>
   <div class='ocr_carea' id='block_1_30' title="bbox 424 1662 2528 1745">
    <p class='ocr_par' dir='ltr' id='par_1_30' title="bbox 424 1662 2528 1745">
     <span class='ocr_line' id='line_1_30' title="bbox 424 1662 2528 1745; baseline 0.01 -32"><span class='ocrx_word' id='word_1_218' title='bbox 424 1662 707 1731; x_wconf 54' lang='lat' dir='ltr'><strong>gniasirna.</strong></span> <span class='ocrx_word' id='word_1_219' title='bbox 747 1670 920 1733; x_wconf 80' lang='lat' dir='ltr'><strong>Atque</strong></span> <span class='ocrx_word' id='word_1_220' title='bbox 954 1665 1067 1719; x_wconf 69' lang='lat' dir='ltr'><strong>haec</strong></span> <span class='ocrx_word' id='word_1_221' title='bbox 1098 1667 1234 1720; x_wconf 86' lang='lat' dir='ltr'><strong>ratio</strong></span> <span class='ocrx_word' id='word_1_222' title='bbox 1266 1670 1509 1737; x_wconf 76' lang='lat' dir='ltr'><strong>estquod</strong></span> <span class='ocrx_word' id='word_1_223' title='bbox 1533 1671 1794 1728; x_wconf 84' lang='lat' dir='ltr'><strong>Aratorem</strong></span> <span class='ocrx_word' id='word_1_224' title='bbox 1814 1678 2001 1732; x_wconf 88' lang='lat' dir='ltr'><strong>turbati</strong></span> <span class='ocrx_word' id='word_1_225' title='bbox 2030 1685 2080 1745; x_wconf 80' lang='grc' dir='ltr'>Β</span> <span class='ocrx_word' id='word_1_226' title='bbox 2175 1675 2224 1718; x_wconf 79' lang='grc' dir='ltr'><strong>ιο</strong></span> <span class='ocrx_word' id='word_1_227' title='bbox 2244 1706 2257 1731; x_wconf 76' lang='grc' dir='ltr'><strong>ι</strong></span> <span class='ocrx_word' id='word_1_228' title='bbox 2286 1681 2366 1720; x_wconf 72' lang='grc' dir='ltr'><strong>νε·</strong></span> <span class='ocrx_word' id='word_1_229' title='bbox 2404 1666 2528 1720; x_wconf 63' lang='lat'><strong>2“-</strong></span> 
     </span>
    </p>
   </div>
   <div class='ocr_carea' id='block_1_31' title="bbox 423 1752 2001 1836">
    <p class='ocr_par' dir='ltr' id='par_1_31' title="bbox 423 1752 2001 1836">
     <span class='ocr_line' id='line_1_31' title="bbox 423 1752 2001 1836; baseline 0.011 -34"><span class='ocrx_word' id='word_1_230' title='bbox 423 1752 675 1804; x_wconf 80' lang='lat' dir='ltr'><strong>sermonis</strong></span> <span class='ocrx_word' id='word_1_231' title='bbox 703 1754 993 1823; x_wconf 84' lang='lat' dir='ltr'><strong>scriptorem</strong></span> <span class='ocrx_word' id='word_1_232' title='bbox 1024 1755 1255 1822; x_wconf 80' lang='lat' dir='ltr'><strong>appellat</strong></span> <span class='ocrx_word' id='word_1_233' title='bbox 1281 1754 1521 1812; x_wconf 68' lang='lat' dir='ltr'><strong>Barthius</strong></span> <span class='ocrx_word' id='word_1_234' title='bbox 1549 1762 1617 1830; x_wconf 79' lang='grc' dir='ltr'><strong>(ε)</strong></span> <span class='ocrx_word' id='word_1_235' title='bbox 1636 1802 1652 1828; x_wconf 85' lang='grc'><em>,</em></span> <span class='ocrx_word' id='word_1_236' title='bbox 1680 1777 1839 1818; x_wconf 87' lang='lat' dir='ltr'><strong>vatem</strong></span> <span class='ocrx_word' id='word_1_237' title='bbox 1869 1766 2001 1836; x_wconf 76' lang='lat' dir='ltr'><strong>difﬁ-</strong></span> 
     </span>
    </p>
   </div>
   <div class='ocr_carea' id='block_1_32' title="bbox 425 1841 1997 1929">
    <p class='ocr_par' dir='ltr' id='par_1_32' title="bbox 425 1841 1997 1929">
     <span class='ocr_line' id='line_1_32' title="bbox 425 1841 1997 1929; baseline 0.015 -39"><span class='ocrx_word' id='word_1_238' title='bbox 425 1841 623 1892; x_wconf 83' lang='lat' dir='ltr'><strong>cilioris</strong></span> <span class='ocrx_word' id='word_1_239' title='bbox 652 1844 841 1911; x_wconf 89' lang='lat' dir='ltr'><strong>eloquii</strong></span> <span class='ocrx_word' id='word_1_240' title='bbox 865 1842 947 1914; x_wconf 87' lang='lat' dir='ltr'><strong>(d)</strong></span> <span class='ocrx_word' id='word_1_241' title='bbox 966 1883 980 1907; x_wconf 93' lang='lat'><strong>,</strong></span> <span class='ocrx_word' id='word_1_242' title='bbox 1014 1844 1311 1913; x_wconf 71' lang='lat' dir='ltr'><strong>scriptorem</strong></span> <span class='ocrx_word' id='word_1_243' title='bbox 1336 1848 1596 1914; x_wconf 76' lang='lat' dir='ltr'><strong>a/i&#39;ectibus</strong></span> <span class='ocrx_word' id='word_1_244' title='bbox 1628 1858 1880 1910; x_wconf 81' lang='lat' dir='ltr'><strong>movendis</strong></span> <span class='ocrx_word' id='word_1_245' title='bbox 1904 1876 1997 1929; x_wconf 89' lang='lat' dir='ltr'><strong>pa-</strong></span> 
     </span>
    </p>
   </div>
   <div class='ocr_carea' id='block_1_33' title="bbox 428 1932 1997 2009">
    <p class='ocr_par' dir='ltr' id='par_1_33' title="bbox 428 1932 1997 2009">
     <span class='ocr_line' id='line_1_33' title="bbox 428 1932 1997 2009; baseline 0.013 -28"><span class='ocrx_word' id='word_1_246' title='bbox 428 1946 543 1982; x_wconf 82' lang='lat' dir='ltr'><strong>rum</strong></span> <span class='ocrx_word' id='word_1_247' title='bbox 576 1932 749 1984; x_wconf 86' lang='lat' dir='ltr'><strong>utilem</strong></span> <span class='ocrx_word' id='word_1_248' title='bbox 776 1934 850 2000; x_wconf 88' lang='lat' dir='ltr'><strong>(e)</strong></span> <span class='ocrx_word' id='word_1_249' title='bbox 870 1975 885 1998; x_wconf 97' lang='lat'><strong>,</strong></span> <span class='ocrx_word' id='word_1_250' title='bbox 915 1941 968 1986; x_wconf 88' lang='lat' dir='ltr'><strong>et</strong></span> <span class='ocrx_word' id='word_1_251' title='bbox 993 1933 1356 1990; x_wconf 87' lang='lat' dir='ltr'><strong>intricatiorem</strong></span> <span class='ocrx_word' id='word_1_252' title='bbox 1384 1938 1459 2009; x_wconf 80' lang='lat' dir='ltr'><strong>(f)</strong></span> <span class='ocrx_word' id='word_1_253' title='bbox 1482 1980 1497 2004; x_wconf 89' lang='lat'><strong>,</strong></span> <span class='ocrx_word' id='word_1_254' title='bbox 1528 1955 1709 2008; x_wconf 85' lang='lat' dir='ltr'><strong>parum</strong></span> <span class='ocrx_word' id='word_1_255' title='bbox 1741 1954 1912 2001; x_wconf 86' lang='lat' dir='ltr'><strong>tamen</strong></span> <span class='ocrx_word' id='word_1_256' title='bbox 1944 1948 1997 2003; x_wconf 86' lang='lat' dir='ltr'><strong>in</strong></span> 
     </span>
    </p>
   </div>
   <div class='ocr_carea' id='block_1_34' title="bbox 430 2020 1999 2092">
    <p class='ocr_par' dir='ltr' id='par_1_34' title="bbox 430 2020 1999 2092">
     <span class='ocr_line' id='line_1_34' title="bbox 430 2020 1999 2092; baseline 0.013 -21"><span class='ocrx_word' id='word_1_257' title='bbox 430 2020 581 2074; x_wconf 84' lang='lat' dir='ltr'><strong>hisce</strong></span> <span class='ocrx_word' id='word_1_258' title='bbox 609 2029 863 2075; x_wconf 85' lang='lat' dir='ltr'><strong>constans</strong></span> <span class='ocrx_word' id='word_1_259' title='bbox 888 2038 902 2086; x_wconf 91' lang='lat'><strong>;</strong></span> <span class='ocrx_word' id='word_1_260' title='bbox 932 2037 1103 2092; x_wconf 87' lang='lat' dir='ltr'><strong>neque</strong></span> <span class='ocrx_word' id='word_1_261' title='bbox 1134 2026 1275 2080; x_wconf 90' lang='lat' dir='ltr'><strong>enim</strong></span> <span class='ocrx_word' id='word_1_262' title='bbox 1307 2027 1393 2080; x_wconf 86' lang='lat' dir='ltr'><strong>illa</strong></span> <span class='ocrx_word' id='word_1_263' title='bbox 1423 2030 1552 2084; x_wconf 86' lang='lat' dir='ltr'><strong>satis</strong></span> <span class='ocrx_word' id='word_1_264' title='bbox 1580 2036 1901 2089; x_wconf 82' lang='lat' dir='ltr'><strong>conveniunt</strong></span> <span class='ocrx_word' id='word_1_265' title='bbox 1932 2037 1999 2092; x_wconf 91' lang='lat' dir='ltr'><strong>iis</strong></span> 
     </span>
    </p>
   </div>
   <div class='ocr_carea' id='block_1_35' title="bbox 426 2112 1995 2192">
    <p class='ocr_par' dir='ltr' id='par_1_35' title="bbox 426 2112 1995 2192">
     <span class='ocr_line' id='line_1_35' title="bbox 426 2112 1995 2192; baseline 0.012 -30"><span class='ocrx_word' id='word_1_266' title='bbox 426 2126 545 2180; x_wconf 75' lang='lat' dir='ltr'><strong>quae</strong></span> <span class='ocrx_word' id='word_1_267' title='bbox 596 2126 664 2165; x_wconf 85' lang='lat' dir='ltr'><strong>ex</strong></span> <span class='ocrx_word' id='word_1_268' title='bbox 715 2112 899 2166; x_wconf 88' lang='lat' dir='ltr'><strong>eodem</strong></span> <span class='ocrx_word' id='word_1_269' title='bbox 950 2115 1197 2183; x_wconf 83' lang='lat' dir='ltr'><strong>superius</strong></span> <span class='ocrx_word' id='word_1_270' title='bbox 1247 2120 1561 2173; x_wconf 85' lang='lat' dir='ltr'><strong>memoravi.</strong></span> <span class='ocrx_word' id='word_1_271' title='bbox 1614 2123 1717 2176; x_wconf 90' lang='lat' dir='ltr'><strong>Sed</strong></span> <span class='ocrx_word' id='word_1_272' title='bbox 1752 2124 1863 2192; x_wconf 88' lang='lat' dir='ltr'><strong>jam</strong></span> <span class='ocrx_word' id='word_1_273' title='bbox 1906 2127 1995 2182; x_wconf 83' lang='lat' dir='ltr'><strong>alii</strong></span> 
     </span>
    </p>
   </div>
   <div class='ocr_carea' id='block_1_36' title="bbox 424 2201 1999 2285">
    <p class='ocr_par' dir='ltr' id='par_1_36' title="bbox 424 2201 1999 2285">
     <span class='ocr_line' id='line_1_36' title="bbox 424 2201 1999 2285; baseline 0.01 -29"><span class='ocrx_word' id='word_1_274' title='bbox 424 2201 670 2280; x_wconf 78' lang='lat' dir='ltr'><strong>eamdem</strong></span> <span class='ocrx_word' id='word_1_275' title='bbox 702 2213 879 2256; x_wconf 82' lang='lat' dir='ltr'><strong>notam</strong></span> <span class='ocrx_word' id='word_1_276' title='bbox 908 2206 1224 2272; x_wconf 83' lang='lat' dir='ltr'><strong>quibusdam</strong></span> <span class='ocrx_word' id='word_1_277' title='bbox 1255 2206 1455 2263; x_wconf 83' lang='lat' dir='ltr'><strong>Barthii</strong></span> <span class='ocrx_word' id='word_1_278' title='bbox 1487 2212 1805 2269; x_wconf 88' lang='lat' dir='ltr'><strong>testimoniis</strong></span> <span class='ocrx_word' id='word_1_279' title='bbox 1831 2231 1999 2285; x_wconf 78' lang='lat' dir='ltr'><strong>appo-</strong></span> 
     </span>
    </p>
   </div>
   <div class='ocr_carea' id='block_1_37' title="bbox 422 2292 1996 2377">
    <p class='ocr_par' dir='ltr' id='par_1_37' title="bbox 422 2292 1996 2377">
     <span class='ocr_line' id='line_1_37' title="bbox 422 2292 1996 2377; baseline 0.011 -32"><span class='ocrx_word' id='word_1_280' title='bbox 422 2301 668 2348; x_wconf 84' lang='lat' dir='ltr'><strong>suerunt.</strong></span> <span class='ocrx_word' id='word_1_281' title='bbox 698 2292 1013 2348; x_wconf 87' lang='lat' dir='ltr'><strong>Accurativs</strong></span> <span class='ocrx_word' id='word_1_282' title='bbox 1043 2304 1123 2349; x_wconf 85' lang='lat' dir='ltr'><strong>est</strong></span> <span class='ocrx_word' id='word_1_283' title='bbox 1148 2297 1406 2364; x_wconf 85' lang='lat' dir='ltr'><strong>judicium</strong></span> <span class='ocrx_word' id='word_1_284' title='bbox 1438 2299 1653 2357; x_wconf 84' lang='lat' dir='ltr'><strong>Funccii</strong></span> <span class='ocrx_word' id='word_1_285' title='bbox 1687 2306 1761 2375; x_wconf 90' lang='lat' dir='ltr'><strong>(g)</strong></span> <span class='ocrx_word' id='word_1_286' title='bbox 1793 2324 1805 2360; x_wconf 90' lang='lat'><strong>:</strong></span> <span class='ocrx_word' id='word_1_287' title='bbox 1837 2308 1996 2377; x_wconf 62' lang='lat' dir='ltr'><strong>Suni—</strong></span> 
     </span>
    </p>
   </div>
   <div class='ocr_carea' id='block_1_38' title="bbox 424 2383 1991 2467">
    <p class='ocr_par' dir='ltr' id='par_1_38' title="bbox 424 2383 1991 2467">
     <span class='ocr_line' id='line_1_38' title="bbox 424 2383 1991 2467; baseline 0.013 -35"><span class='ocrx_word' id='word_1_288' title='bbox 424 2383 489 2433; x_wconf 87' lang='lat' dir='ltr'><strong>cit</strong></span> <span class='ocrx_word' id='word_1_289' title='bbox 523 2398 650 2452; x_wconf 89' lang='lat' dir='ltr'><strong>opus</strong></span> <span class='ocrx_word' id='word_1_290' title='bbox 678 2399 784 2437; x_wconf 84' lang='lat' dir='ltr'><strong>esse</strong></span> <span class='ocrx_word' id='word_1_291' title='bbox 806 2386 979 2454; x_wconf 82' lang='lat' dir='ltr'><strong>piunt,</strong></span> <span class='ocrx_word' id='word_1_292' title='bbox 1010 2386 1207 2439; x_wconf 81' lang='lat' dir='ltr'><strong>etiamsi</strong></span> <span class='ocrx_word' id='word_1_293' title='bbox 1226 2405 1325 2441; x_wconf 86' lang='lat' dir='ltr'><strong>non</strong></span> <span class='ocrx_word' id='word_1_294' title='bbox 1348 2392 1470 2445; x_wconf 84' lang='lat' dir='ltr'><strong>satis</strong></span> <span class='ocrx_word' id='word_1_295' title='bbox 1500 2394 1785 2462; x_wconf 83' lang='lat' dir='ltr'><strong>eruditum;</strong></span> <span class='ocrx_word' id='word_1_296' title='bbox 1815 2414 1991 2467; x_wconf 70' lang='lat' dir='ltr'><strong>neque,</strong></span> 
     </span>
    </p>
   </div>
   <div class='ocr_carea' id='block_1_39' title="bbox 422 2474 1993 2557">
    <p class='ocr_par' dir='ltr' id='par_1_39' title="bbox 422 2474 1993 2557">
     <span class='ocr_line' id='line_1_39' title="bbox 422 2474 1993 2557; baseline 0.013 -34"><span class='ocrx_word' id='word_1_297' title='bbox 422 2480 479 2523; x_wconf 85' lang='lat' dir='ltr'><strong>ut</strong></span> <span class='ocrx_word' id='word_1_298' title='bbox 506 2475 747 2525; x_wconf 60' lang='lat' dir='ltr'><strong>secutum</strong></span> <span class='ocrx_word' id='word_1_299' title='bbox 774 2474 962 2541; x_wconf 62' lang='lat' dir='ltr'><strong>furebat</strong></span> <span class='ocrx_word' id='word_1_300' title='bbox 984 2516 1000 2541; x_wconf 96' lang='lat'><strong>,</strong></span> <span class='ocrx_word' id='word_1_301' title='bbox 1031 2476 1083 2529; x_wconf 90' lang='lat' dir='ltr'><strong>in</strong></span> <span class='ocrx_word' id='word_1_302' title='bbox 1113 2493 1172 2529; x_wconf 90' lang='lat' dir='ltr'><strong>eo</strong></span> <span class='ocrx_word' id='word_1_303' title='bbox 1210 2482 1469 2534; x_wconf 75' lang='lat' dir='ltr'><strong>exorando</strong></span> <span class='ocrx_word' id='word_1_304' title='bbox 1506 2486 1741 2555; x_wconf 80' lang='lat' dir='ltr'><strong>scriptori</strong></span> <span class='ocrx_word' id='word_1_305' title='bbox 1779 2488 1993 2557; x_wconf 85' lang='lat' dir='ltr'><strong>spiritus</strong></span> 
     </span>
    </p>
   </div>
   <div class='ocr_carea' id='block_1_40' title="bbox 422 2560 1991 2640">
    <p class='ocr_par' dir='ltr' id='par_1_40' title="bbox 422 2560 1991 2640">
     <span class='ocr_line' id='line_1_40' title="bbox 422 2560 1991 2640; baseline 0.013 -30"><span class='ocrx_word' id='word_1_306' title='bbox 422 2560 586 2629; x_wconf 76' lang='lat' dir='ltr'><strong>defuit</strong></span> <span class='ocrx_word' id='word_1_307' title='bbox 612 2562 859 2628; x_wconf 88' lang='lat' dir='ltr'><strong>poeticus,</strong></span> <span class='ocrx_word' id='word_1_308' title='bbox 888 2564 1002 2616; x_wconf 87' lang='lat' dir='ltr'><strong>licet</strong></span> <span class='ocrx_word' id='word_1_309' title='bbox 1031 2566 1300 2621; x_wconf 85' lang='lat' dir='ltr'><strong>nonnullos</strong></span> <span class='ocrx_word' id='word_1_310' title='bbox 1318 2610 1332 2635; x_wconf 90' lang='lat'><strong>,</strong></span> <span class='ocrx_word' id='word_1_311' title='bbox 1362 2569 1439 2622; x_wconf 87' lang='lat' dir='ltr'><strong>vel</strong></span> <span class='ocrx_word' id='word_1_312' title='bbox 1467 2569 1784 2640; x_wconf 81' lang='lat' dir='ltr'><strong>imprudens,</strong></span> <span class='ocrx_word' id='word_1_313' title='bbox 1816 2588 1991 2630; x_wconf 89' lang='lat' dir='ltr'><strong>contra</strong></span> 
     </span>
    </p>
   </div>
   <div class='ocr_carea' id='block_1_41' title="bbox 419 2646 1991 2736">
    <p class='ocr_par' dir='ltr' id='par_1_41' title="bbox 419 2646 1991 2736">
     <span class='ocr_line' id='line_1_41' title="bbox 419 2646 1991 2736; baseline 0.016 -39"><span class='ocrx_word' id='word_1_314' title='bbox 419 2646 556 2718; x_wconf 78' lang='lat' dir='ltr'><strong>leges</strong></span> <span class='ocrx_word' id='word_1_315' title='bbox 582 2652 727 2702; x_wconf 79' lang='lat' dir='ltr'><strong>metri</strong></span> <span class='ocrx_word' id='word_1_316' title='bbox 756 2666 951 2705; x_wconf 83' lang='lat' dir='ltr'><strong>severas</strong></span> <span class='ocrx_word' id='word_1_317' title='bbox 977 2655 1223 2708; x_wconf 83' lang='lat' dir='ltr'><strong>commisit</strong></span> <span class='ocrx_word' id='word_1_318' title='bbox 1249 2673 1464 2711; x_wconf 86' lang='lat' dir='ltr'><strong>errores.</strong></span> <span class='ocrx_word' id='word_1_319' title='bbox 1488 2659 1805 2719; x_wconf 75' lang='lat' dir='ltr'><strong>Posterior-is</strong></span> <span class='ocrx_word' id='word_1_320' title='bbox 1831 2682 1991 2736; x_wconf 79' lang='lat' dir='ltr'><strong>gene-</strong></span> 
     </span>
    </p>
   </div>
   <div class='ocr_carea' id='block_1_42' title="bbox 418 2730 1988 2815">
    <p class='ocr_par' dir='ltr' id='par_1_42' title="bbox 418 2730 1988 2815">
     <span class='ocr_line' id='line_1_42' title="bbox 418 2730 1988 2815; baseline 0.016 -27"><span class='ocrx_word' id='word_1_321' title='bbox 418 2737 494 2788; x_wconf 80' lang='lat' dir='ltr'><strong>ris</strong></span> <span class='ocrx_word' id='word_1_322' title='bbox 521 2740 764 2807; x_wconf 75' lang='lat' dir='ltr'><strong>exernpla</strong></span> <span class='ocrx_word' id='word_1_323' title='bbox 803 2738 855 2791; x_wconf 93' lang='lat' dir='ltr'><strong>in</strong></span> <span class='ocrx_word' id='word_1_324' title='bbox 898 2742 1038 2795; x_wconf 84' lang='lat' dir='ltr'><strong>notis</strong></span> <span class='ocrx_word' id='word_1_325' title='bbox 1076 2730 1273 2811; x_wconf 86' lang='lat' dir='ltr'><strong>passim</strong></span> <span class='ocrx_word' id='word_1_326' title='bbox 1316 2749 1542 2815; x_wconf 91' lang='lat' dir='ltr'><strong>protuli,</strong></span> <span class='ocrx_word' id='word_1_327' title='bbox 1586 2752 1636 2805; x_wconf 90' lang='lat' dir='ltr'><strong>in</strong></span> <span class='ocrx_word' id='word_1_328' title='bbox 1679 2755 1852 2810; x_wconf 89' lang='lat' dir='ltr'><strong>indice</strong></span> <span class='ocrx_word' id='word_1_329' title='bbox 1890 2760 1988 2813; x_wconf 89' lang='lat' dir='ltr'><strong>sub</strong></span> 
     </span>
    </p>
   </div>
   <div class='ocr_carea' id='block_1_43' title="bbox 418 2820 1990 2913">
    <p class='ocr_par' dir='ltr' id='par_1_43' title="bbox 418 2820 1990 2913">
     <span class='ocr_line' id='line_1_43' title="bbox 418 2820 1990 2913; baseline 0.017 -40"><span class='ocrx_word' id='word_1_330' title='bbox 418 2820 751 2877; x_wconf 78' lang='lat' dir='ltr'><strong>Prosod‘iacis</strong></span> <span class='ocrx_word' id='word_1_331' title='bbox 796 2827 1028 2891; x_wconf 66' lang='lat' dir='ltr'><strong>coltata;</strong></span> <span class='ocrx_word' id='word_1_332' title='bbox 1077 2832 1171 2885; x_wconf 88' lang='lat' dir='ltr'><strong>sed</strong></span> <span class='ocrx_word' id='word_1_333' title='bbox 1217 2832 1319 2889; x_wconf 86' lang='lat' dir='ltr'><strong>hoc</strong></span> <span class='ocrx_word' id='word_1_334' title='bbox 1368 2838 1561 2892; x_wconf 85' lang='lat' dir='ltr'><strong>Arator</strong></span> <span class='ocrx_word' id='word_1_335' title='bbox 1609 2856 1728 2895; x_wconf 87' lang='lat' dir='ltr'><strong>cum</strong></span> <span class='ocrx_word' id='word_1_336' title='bbox 1771 2845 1990 2913; x_wconf 77' lang='lat' dir='ltr'><strong>reliquis</strong></span> 
     </span>
    </p>
   </div>
   <div class='ocr_carea' id='block_1_44' title="bbox 423 2915 1990 3002">
    <p class='ocr_par' dir='ltr' id='par_1_44' title="bbox 423 2915 1990 3002">
     <span class='ocr_line' id='line_1_44' title="bbox 423 2915 1990 3002; baseline 0.017 -38"><span class='ocrx_word' id='word_1_337' title='bbox 423 2915 601 2981; x_wconf 87' lang='lat' dir='ltr'><strong>poetis</strong></span> <span class='ocrx_word' id='word_1_338' title='bbox 642 2915 1067 2973; x_wconf 80' lang='lat' dir='ltr'><strong>Christianorum</strong></span> <span class='ocrx_word' id='word_1_339' title='bbox 1111 2921 1272 2976; x_wconf 83' lang='lat' dir='ltr'><strong>habet</strong></span> <span class='ocrx_word' id='word_1_340' title='bbox 1314 2938 1630 2995; x_wconf 90' lang='lat' dir='ltr'><strong>commune,</strong></span> <span class='ocrx_word' id='word_1_341' title='bbox 1672 2922 1870 3002; x_wconf 72' lang='lat' dir='ltr'><strong>expia</strong></span> <span class='ocrx_word' id='word_1_342' title='bbox 1899 2951 1990 2989; x_wconf 50' lang='lat' dir='ltr'><strong>eo.</strong></span> 
     </span>
    </p>
   </div>
   <div class='ocr_carea' id='block_1_45' title="bbox 2102 1755 3673 1832">
    <p class='ocr_par' dir='ltr' id='par_1_45' title="bbox 2102 1755 3673 1832">
     <span class='ocr_line' id='line_1_45' title="bbox 2102 1755 3673 1832; baseline 0.003 -22"><span class='ocrx_word' id='word_1_343' title='bbox 2102 1755 2181 1811; x_wconf 85' lang='lat' dir='ltr'><strong>De</strong></span> <span class='ocrx_word' id='word_1_344' title='bbox 2218 1758 2626 1811; x_wconf 87' lang='lat' dir='ltr'><strong>interminatione</strong></span> <span class='ocrx_word' id='word_1_345' title='bbox 2664 1757 2990 1827; x_wconf 79' lang='lat' dir='ltr'><strong>Judteorum,</strong></span> <span class='ocrx_word' id='word_1_346' title='bbox 3033 1762 3121 1828; x_wconf 77' lang='lat' dir='ltr'><strong>qui</strong></span> <span class='ocrx_word' id='word_1_347' title='bbox 3150 1759 3306 1815; x_wconf 84' lang='lat' dir='ltr'><strong>Petro</strong></span> <span class='ocrx_word' id='word_1_348' title='bbox 3341 1762 3673 1832; x_wconf 82' lang='lat' dir='ltr'><strong>respondente</strong></span> 
     </span>
    </p>
   </div>
   <div class='ocr_carea' id='block_1_46' title="bbox 2169 1850 2863 1920">
    <p class='ocr_par' dir='ltr' id='par_1_46' title="bbox 2169 1850 2863 1920">
     <span class='ocr_line' id='line_1_46' title="bbox 2169 1850 2863 1920; baseline 0.003 -17"><span class='ocrx_word' id='word_1_349' title='bbox 2169 1860 2285 1904; x_wconf 86' lang='lat' dir='ltr'><strong>sunt</strong></span> <span class='ocrx_word' id='word_1_350' title='bbox 2307 1852 2597 1920; x_wconf 76' lang='grc' dir='ltr'><strong>εοηιεηιριὶ,</strong></span> <span class='ocrx_word' id='word_1_351' title='bbox 2623 1865 2703 1904; x_wconf 87' lang='lat' dir='ltr'><strong>vs.</strong></span> <span class='ocrx_word' id='word_1_352' title='bbox 2739 1850 2863 1905; x_wconf 74' lang='grc'><strong>295.</strong></span> 
     </span>
    </p>
   </div>
   <div class='ocr_carea' id='block_1_47' title="bbox 2099 1939 3670 2013">
    <p class='ocr_par' dir='ltr' id='par_1_47' title="bbox 2099 1939 3670 2013">
     <span class='ocr_line' id='line_1_47' title="bbox 2099 1939 3670 2013; baseline 0.005 -19"><span class='ocrx_word' id='word_1_353' title='bbox 2099 1939 2178 1995; x_wconf 86' lang='lat' dir='ltr'><strong>De</strong></span> <span class='ocrx_word' id='word_1_354' title='bbox 2217 1958 2273 1995; x_wconf 93' lang='lat' dir='ltr'><strong>eo</strong></span> <span class='ocrx_word' id='word_1_355' title='bbox 2303 1942 2387 1995; x_wconf 91' lang='lat' dir='ltr'><strong>ubi</strong></span> <span class='ocrx_word' id='word_1_356' title='bbox 2416 1958 2587 1997; x_wconf 89' lang='lat' dir='ltr'><strong>omnes</strong></span> <span class='ocrx_word' id='word_1_357' title='bbox 2628 1941 2845 2012; x_wconf 85' lang='lat' dir='ltr'><strong>apostoli</strong></span> <span class='ocrx_word' id='word_1_358' title='bbox 2883 1945 3074 2013; x_wconf 88' lang='lat' dir='ltr'><strong>gratias</strong></span> <span class='ocrx_word' id='word_1_359' title='bbox 3116 1942 3222 1998; x_wconf 88' lang='lat' dir='ltr'><strong>Deo</strong></span> <span class='ocrx_word' id='word_1_360' title='bbox 3251 1946 3559 2012; x_wconf 85' lang='lat' dir='ltr'><strong>retulerunt,</strong></span> <span class='ocrx_word' id='word_1_361' title='bbox 3589 1961 3670 2002; x_wconf 85' lang='lat' dir='ltr'><strong>vs.</strong></span> 
     </span>
    </p>
   </div>
   <div class='ocr_carea' id='block_1_48' title="bbox 2168 2033 2292 2089">
    <p class='ocr_par' dir='ltr' id='par_1_48' title="bbox 2168 2033 2292 2089">
     <span class='ocr_line' id='line_1_48' title="bbox 2168 2033 2292 2089; baseline 0.008 -1"><span class='ocrx_word' id='word_1_362' title='bbox 2168 2033 2292 2089; x_wconf 74' lang='lat'><strong>335.</strong></span> 
     </span>
    </p>
   </div>
   <div class='ocr_carea' id='block_1_49' title="bbox 2100 2121 3667 2196">
    <p class='ocr_par' dir='ltr' id='par_1_49' title="bbox 2100 2121 3667 2196">
     <span class='ocr_line' id='line_1_49' title="bbox 2100 2121 3667 2196; baseline 0.005 -22"><span class='ocrx_word' id='word_1_363' title='bbox 2100 2121 2175 2175; x_wconf 88' lang='lat' dir='ltr'><strong>De</strong></span> <span class='ocrx_word' id='word_1_364' title='bbox 2220 2139 2280 2177; x_wconf 92' lang='lat' dir='ltr'><strong>eo</strong></span> <span class='ocrx_word' id='word_1_365' title='bbox 2318 2125 2403 2177; x_wconf 89' lang='lat' dir='ltr'><strong>ubi</strong></span> <span class='ocrx_word' id='word_1_366' title='bbox 2430 2135 2536 2178; x_wconf 88' lang='lat' dir='ltr'><strong>erat</strong></span> <span class='ocrx_word' id='word_1_367' title='bbox 2565 2125 2875 2180; x_wconf 86' lang='lat' dir='ltr'><strong>credentium</strong></span> <span class='ocrx_word' id='word_1_368' title='bbox 2920 2141 3007 2179; x_wconf 91' lang='lat' dir='ltr'><strong>cor</strong></span> <span class='ocrx_word' id='word_1_369' title='bbox 3046 2143 3204 2179; x_wconf 87' lang='lat' dir='ltr'><strong>unum</strong></span> <span class='ocrx_word' id='word_1_370' title='bbox 3230 2136 3277 2179; x_wconf 91' lang='lat' dir='ltr'><strong>et</strong></span> <span class='ocrx_word' id='word_1_371' title='bbox 3320 2129 3492 2182; x_wconf 89' lang='lat' dir='ltr'><strong>anima</strong></span> <span class='ocrx_word' id='word_1_372' title='bbox 3524 2145 3625 2181; x_wconf 90' lang='lat' dir='ltr'><strong>una</strong></span> <span class='ocrx_word' id='word_1_373' title='bbox 3650 2171 3667 2196; x_wconf 94' lang='lat'><strong>,</strong></span> 
     </span>
    </p>
   </div>
   <div class='ocr_carea' id='block_1_50' title="bbox 2168 2214 2402 2269">
    <p class='ocr_par' dir='ltr' id='par_1_50' title="bbox 2168 2214 2402 2269">
     <span class='ocr_line' id='line_1_50' title="bbox 2168 2214 2402 2269; baseline 0.009 -2"><span class='ocrx_word' id='word_1_374' title='bbox 2168 2229 2247 2268; x_wconf 89' lang='lat' dir='ltr'><strong>vs.</strong></span> <span class='ocrx_word' id='word_1_375' title='bbox 2281 2214 2402 2269; x_wconf 77' lang='grc'><strong>585.</strong></span> 
     </span>
    </p>
   </div>
   <div class='ocr_carea' id='block_1_51' title="bbox 2096 2301 3014 2373">
    <p class='ocr_par' dir='ltr' id='par_1_51' title="bbox 2096 2301 3014 2373">
     <span class='ocr_line' id='line_1_51' title="bbox 2096 2301 3014 2373; baseline 0.003 -18"><span class='ocrx_word' id='word_1_376' title='bbox 2096 2301 2175 2356; x_wconf 88' lang='lat' dir='ltr'><strong>De</strong></span> <span class='ocrx_word' id='word_1_377' title='bbox 2205 2304 2404 2356; x_wconf 88' lang='lat' dir='ltr'><strong>Anania</strong></span> <span class='ocrx_word' id='word_1_378' title='bbox 2427 2312 2472 2358; x_wconf 88' lang='lat' dir='ltr'><strong>et</strong></span> <span class='ocrx_word' id='word_1_379' title='bbox 2498 2303 2745 2373; x_wconf 86' lang='lat' dir='ltr'><strong>Saphira,</strong></span> <span class='ocrx_word' id='word_1_380' title='bbox 2772 2312 2852 2359; x_wconf 85' lang='lat' dir='ltr'><strong>&#39;vs.</strong></span> <span class='ocrx_word' id='word_1_381' title='bbox 2889 2306 3014 2360; x_wconf 78' lang='grc'><strong>417.</strong></span> 
     </span>
    </p>
   </div>
   <div class='ocr_carea' id='block_1_52' title="bbox 2098 2388 3573 2463">
    <p class='ocr_par' dir='ltr' id='par_1_52' title="bbox 2098 2388 3573 2463">
     <span class='ocr_line' id='line_1_52' title="bbox 2098 2388 3573 2463; baseline 0.003 -18"><span class='ocrx_word' id='word_1_382' title='bbox 2098 2388 2175 2445; x_wconf 90' lang='lat' dir='ltr'><strong>De</strong></span> <span class='ocrx_word' id='word_1_383' title='bbox 2193 2407 2249 2445; x_wconf 87' lang='lat' dir='ltr'><strong>eo</strong></span> <span class='ocrx_word' id='word_1_384' title='bbox 2275 2393 2360 2445; x_wconf 87' lang='lat' dir='ltr'><strong>ubi</strong></span> <span class='ocrx_word' id='word_1_385' title='bbox 2389 2393 2564 2446; x_wconf 88' lang='lat' dir='ltr'><strong>umbra</strong></span> <span class='ocrx_word' id='word_1_386' title='bbox 2593 2393 2734 2448; x_wconf 82' lang='lat' dir='ltr'><strong>Petri</strong></span> <span class='ocrx_word' id='word_1_387' title='bbox 2754 2397 3068 2448; x_wconf 77' lang='lat' dir='ltr'><strong>sanabuntur</strong></span> <span class='ocrx_word' id='word_1_388' title='bbox 3091 2396 3302 2463; x_wconf 76' lang='lat' dir='ltr'><strong>inﬁrmi,</strong></span> <span class='ocrx_word' id='word_1_389' title='bbox 3334 2412 3412 2451; x_wconf 88' lang='lat' dir='ltr'><strong>vs.</strong></span> <span class='ocrx_word' id='word_1_390' title='bbox 3447 2398 3573 2453; x_wconf 71' lang='grc'><strong>455.</strong></span> 
     </span>
    </p>
   </div>
   <div class='ocr_carea' id='block_1_53' title="bbox 2096 2478 3667 2557">
    <p class='ocr_par' dir='ltr' id='par_1_53' title="bbox 2096 2478 3667 2557">
     <span class='ocr_line' id='line_1_53' title="bbox 2096 2478 3667 2557; baseline 0.008 -27"><span class='ocrx_word' id='word_1_391' title='bbox 2096 2478 2174 2533; x_wconf 88' lang='lat' dir='ltr'><strong>De</strong></span> <span class='ocrx_word' id='word_1_392' title='bbox 2198 2497 2254 2534; x_wconf 90' lang='lat' dir='ltr'><strong>eo</strong></span> <span class='ocrx_word' id='word_1_393' title='bbox 2291 2481 2375 2534; x_wconf 89' lang='lat' dir='ltr'><strong>ubi</strong></span> <span class='ocrx_word' id='word_1_394' title='bbox 2399 2483 2452 2534; x_wconf 88' lang='lat' dir='ltr'><strong>in</strong></span> <span class='ocrx_word' id='word_1_395' title='bbox 2490 2487 2676 2557; x_wconf 88' lang='lat' dir='ltr'><strong>templo</strong></span> <span class='ocrx_word' id='word_1_396' title='bbox 2707 2484 2928 2552; x_wconf 81' lang='lat' dir='ltr'><strong>apostoli</strong></span> <span class='ocrx_word' id='word_1_397' title='bbox 2956 2485 3040 2554; x_wconf 86' lang='lat' dir='ltr'><strong>qui</strong></span> <span class='ocrx_word' id='word_1_398' title='bbox 3070 2485 3123 2537; x_wconf 88' lang='lat' dir='ltr'><strong>in</strong></span> <span class='ocrx_word' id='word_1_399' title='bbox 3155 2500 3356 2539; x_wconf 81' lang='lat' dir='ltr'><strong>carcere</strong></span> <span class='ocrx_word' id='word_1_400' title='bbox 3386 2488 3524 2540; x_wconf 78' lang='lat' dir='ltr'><strong>missi</strong></span> <span class='ocrx_word' id='word_1_401' title='bbox 3555 2491 3667 2557; x_wconf 77' lang='lat' dir='ltr'><strong>[ue-</strong></span> 
     </span>
    </p>
   </div>
   <div class='ocr_carea' id='block_1_54' title="bbox 2164 2574 2951 2641">
    <p class='ocr_par' dir='ltr' id='par_1_54' title="bbox 2164 2574 2951 2641">
     <span class='ocr_line' id='line_1_54' title="bbox 2164 2574 2951 2641; baseline 0.005 -18"><span class='ocrx_word' id='word_1_402' title='bbox 2164 2581 2282 2625; x_wconf 87' lang='lat' dir='ltr'><strong>rant</strong></span> <span class='ocrx_word' id='word_1_403' title='bbox 2311 2574 2497 2641; x_wconf 80' lang='lat' dir='ltr'><strong>reperti</strong></span> <span class='ocrx_word' id='word_1_404' title='bbox 2524 2582 2663 2638; x_wconf 87' lang='lat' dir='ltr'><strong>sunt,</strong></span> <span class='ocrx_word' id='word_1_405' title='bbox 2693 2591 2770 2628; x_wconf 88' lang='lat' dir='ltr'><strong>vs.</strong></span> <span class='ocrx_word' id='word_1_406' title='bbox 2802 2575 2925 2629; x_wconf 84' lang='grc'><strong>515.</strong></span> <span class='ocrx_word' id='word_1_407' title='bbox 2950 2624 2951 2627; x_wconf 45' lang='grc' dir='ltr'><strong>η</strong></span> 
     </span>
    </p>
   </div>
   <div class='ocr_carea' id='block_1_55' title="bbox 2093 2648 3663 2745">
    <p class='ocr_par' dir='ltr' id='par_1_55' title="bbox 2093 2648 3663 2745">
     <span class='ocr_line' id='line_1_55' title="bbox 2093 2648 3663 2745; baseline 0.005 -31"><span class='ocrx_word' id='word_1_408' title='bbox 2093 2660 2174 2715; x_wconf 89' lang='lat' dir='ltr'><strong>De</strong></span> <span class='ocrx_word' id='word_1_409' title='bbox 2201 2678 2258 2715; x_wconf 91' lang='lat' dir='ltr'><strong>eo</strong></span> <span class='ocrx_word' id='word_1_410' title='bbox 2297 2648 2382 2716; x_wconf 87' lang='lat' dir='ltr'><strong>ubi</strong></span> <span class='ocrx_word' id='word_1_411' title='bbox 2428 2664 2489 2716; x_wconf 88' lang='lat' dir='ltr'><strong>ab</strong></span> <span class='ocrx_word' id='word_1_412' title='bbox 2531 2665 2776 2734; x_wconf 83' lang='lat' dir='ltr'><strong>apostolis</strong></span> <span class='ocrx_word' id='word_1_413' title='bbox 2822 2666 2853 2718; x_wconf 86' lang='lat' dir='ltr'><strong>&#39;l</strong></span> <span class='ocrx_word' id='word_1_414' title='bbox 2886 2665 3091 2718; x_wconf 85' lang='lat' dir='ltr'><strong>diaconi</strong></span> <span class='ocrx_word' id='word_1_415' title='bbox 3137 2665 3360 2719; x_wconf 84' lang='lat' dir='ltr'><strong>ordinati</strong></span> <span class='ocrx_word' id='word_1_416' title='bbox 3388 2677 3535 2745; x_wconf 77' lang='lat' dir='ltr'><strong>sunt,</strong></span> <span class='ocrx_word' id='word_1_417' title='bbox 3583 2683 3663 2722; x_wconf 89' lang='lat' dir='ltr'><strong>vs.</strong></span> 
     </span>
    </p>
   </div>
   <div class='ocr_carea' id='block_1_56' title="bbox 2164 2754 3205 2808">
    <p class='ocr_par' dir='ltr' id='par_1_56' title="bbox 2164 2754 3205 2808">
     <span class='ocr_line' id='line_1_56' title="bbox 2164 2754 3205 2808; baseline 0.006 -1"><span class='ocrx_word' id='word_1_418' title='bbox 2164 2754 2288 2808; x_wconf 76' lang='lat'><strong>552.</strong></span> <span class='ocrx_word' id='word_1_419' title='bbox 3202 2760 3205 2761; x_wconf 54' lang='grc'><strong><em>⁷</em></strong></span> 
     </span>
    </p>
   </div>
   <div class='ocr_carea' id='block_1_57' title="bbox 2093 2842 3180 2915">
    <p class='ocr_par' dir='ltr' id='par_1_57' title="bbox 2093 2842 3180 2915">
     <span class='ocr_line' id='line_1_57' title="bbox 2093 2842 3180 2915; baseline 0.004 -19"><span class='ocrx_word' id='word_1_420' title='bbox 2093 2842 2170 2897; x_wconf 83' lang='lat' dir='ltr'><strong>De</strong></span> <span class='ocrx_word' id='word_1_421' title='bbox 2190 2845 2423 2914; x_wconf 79' lang='lat' dir='ltr'><strong>passione</strong></span> <span class='ocrx_word' id='word_1_422' title='bbox 2449 2848 2612 2900; x_wconf 88' lang='lat' dir='ltr'><strong>sancti</strong></span> <span class='ocrx_word' id='word_1_423' title='bbox 2643 2846 2914 2915; x_wconf 84' lang='lat' dir='ltr'><strong>Stephani,</strong></span> <span class='ocrx_word' id='word_1_424' title='bbox 2939 2862 3020 2901; x_wconf 82' lang='lat' dir='ltr'><strong>vs.</strong></span> <span class='ocrx_word' id='word_1_425' title='bbox 3053 2848 3180 2903; x_wconf 83' lang='lat'><strong>586.</strong></span> 
     </span>
    </p>
   </div>
   <div class='ocr_carea' id='block_1_58' title="bbox 2093 2932 3667 3007">
    <p class='ocr_par' dir='ltr' id='par_1_58' title="bbox 2093 2932 3667 3007">
     <span class='ocr_line' id='line_1_58' title="bbox 2093 2932 3667 3007; baseline 0.008 -22"><span class='ocrx_word' id='word_1_426' title='bbox 2093 2932 2172 2985; x_wconf 84' lang='lat' dir='ltr'><strong>De</strong></span> <span class='ocrx_word' id='word_1_427' title='bbox 2226 2951 2283 2987; x_wconf 90' lang='lat' dir='ltr'><strong>eo</strong></span> <span class='ocrx_word' id='word_1_428' title='bbox 2330 2935 2413 2987; x_wconf 86' lang='lat' dir='ltr'><strong>ubi</strong></span> <span class='ocrx_word' id='word_1_429' title='bbox 2464 2936 2642 2991; x_wconf 88' lang='lat' dir='ltr'><strong>Simon</strong></span> <span class='ocrx_word' id='word_1_430' title='bbox 2723 2940 2991 3007; x_wconf 86' lang='lat' dir='ltr'><strong>pecuniam</strong></span> <span class='ocrx_word' id='word_1_431' title='bbox 3034 2940 3273 3006; x_wconf 72' lang='lat' dir='ltr'><strong>offerens,</strong></span> <span class='ocrx_word' id='word_1_432' title='bbox 3309 2939 3461 2995; x_wconf 85' lang='lat' dir='ltr'><strong>Pctro</strong></span> <span class='ocrx_word' id='word_1_433' title='bbox 3503 2941 3667 2998; x_wconf 61' lang='lat' dir='ltr'><strong>increc</strong></span> 
     </span>
    </p>
   </div>
   <div class='ocr_carea' id='block_1_59' title="bbox 421 3002 2988 3102">
    <p class='ocr_par' dir='ltr' id='par_1_59' title="bbox 421 3002 2988 3102">
     <span class='ocr_line' id='line_1_59' title="bbox 421 3002 2988 3102; baseline 0.013 -49"><span class='ocrx_word' id='word_1_434' title='bbox 421 3002 668 3102; x_wconf 70' lang='lat' dir='ltr'><strong>rumdem</strong></span> <span class='ocrx_word' id='word_1_435' title='bbox 709 3005 953 3069; x_wconf 89' lang='lat' dir='ltr'><strong>consilio,</strong></span> <span class='ocrx_word' id='word_1_436' title='bbox 995 3008 1136 3076; x_wconf 88' lang='lat' dir='ltr'><strong>quod</strong></span> <span class='ocrx_word' id='word_1_437' title='bbox 1179 3012 1355 3081; x_wconf 76' lang='lat' dir='ltr'><strong>attigit</strong></span> <span class='ocrx_word' id='word_1_438' title='bbox 1394 3013 1554 3071; x_wconf 89' lang='lat' dir='ltr'><strong>Corn.</strong></span> <span class='ocrx_word' id='word_1_439' title='bbox 1603 3017 1782 3077; x_wconf 83' lang='lat' dir='ltr'><strong>Valer.</strong></span> <span class='ocrx_word' id='word_1_440' title='bbox 1818 3023 1991 3078; x_wconf 85' lang='lat' dir='ltr'><strong>Vonc-</strong></span> <span class='ocrx_word' id='word_1_441' title='bbox 2019 3042 2064 3102; x_wconf 72' lang='grc' dir='ltr'><strong>ρ</strong></span> <span class='ocrx_word' id='word_1_442' title='bbox 2161 3035 2331 3094; x_wconf 79' lang='lat' dir='ltr'><strong>psate,</strong></span> <span class='ocrx_word' id='word_1_443' title='bbox 2361 3030 2602 3096; x_wconf 82' lang='lat' dir='ltr'><strong>confusus</strong></span> <span class='ocrx_word' id='word_1_444' title='bbox 2631 3002 2825 3093; x_wconf 36' lang='lat' dir='ltr'><strong>esu-vs.</strong></span> <span class='ocrx_word' id='word_1_445' title='bbox 2860 3031 2988 3086; x_wconf 73' lang='grc'><strong>624.</strong></span> 
     </span>
    </p>
   </div>
   <div class='ocr_carea' id='block_1_60' title="bbox 422 3089 1990 3171">
    <p class='ocr_par' dir='ltr' id='par_1_60' title="bbox 422 3089 1990 3171">
     <span class='ocr_line' id='line_1_60' title="bbox 422 3089 1990 3171; baseline 0.015 -27"><span class='ocrx_word' id='word_1_446' title='bbox 422 3089 545 3144; x_wconf 77' lang='lat' dir='ltr'><strong>kius</strong></span> <span class='ocrx_word' id='word_1_447' title='bbox 575 3092 677 3162; x_wconf 61' lang='lat' dir='ltr'><strong>th).</strong></span> <span class='ocrx_word' id='word_1_448' title='bbox 716 3123 786 3134; x_wconf 93' lang='lat'><strong><em>—</em></strong></span> <span class='ocrx_word' id='word_1_449' title='bbox 825 3096 957 3149; x_wconf 89' lang='lat' dir='ltr'><strong>Cum</strong></span> <span class='ocrx_word' id='word_1_450' title='bbox 988 3112 1117 3165; x_wconf 80' lang='lat' dir='ltr'><strong>vero</strong></span> <span class='ocrx_word' id='word_1_451' title='bbox 1138 3098 1248 3167; x_wconf 87' lang='lat' dir='ltr'><strong>jam</strong></span> <span class='ocrx_word' id='word_1_452' title='bbox 1281 3102 1331 3154; x_wconf 91' lang='lat' dir='ltr'><strong>in</strong></span> <span class='ocrx_word' id='word_1_453' title='bbox 1361 3118 1427 3157; x_wconf 93' lang='lat' dir='ltr'><strong>eo</strong></span> <span class='ocrx_word' id='word_1_454' title='bbox 1464 3104 1599 3171; x_wconf 84' lang='lat' dir='ltr'><strong>sim,</strong></span> <span class='ocrx_word' id='word_1_455' title='bbox 1645 3119 1701 3163; x_wconf 87' lang='lat' dir='ltr'><strong>ut</strong></span> <span class='ocrx_word' id='word_1_456' title='bbox 1738 3112 1990 3167; x_wconf 89' lang='lat' dir='ltr'><strong>carminis</strong></span> 
     </span>
    </p>
   </div>
   <div class='ocr_carea' id='block_1_61' title="bbox 422 3180 1989 3267">
    <p class='ocr_par' dir='ltr' id='par_1_61' title="bbox 422 3180 1989 3267">
     <span class='ocr_line' id='line_1_61' title="bbox 422 3180 1989 3267; baseline 0.017 -35"><span class='ocrx_word' id='word_1_457' title='bbox 422 3180 583 3247; x_wconf 83' lang='lat' dir='ltr'><strong>hujus</strong></span> <span class='ocrx_word' id='word_1_458' title='bbox 614 3183 799 3237; x_wconf 90' lang='lat' dir='ltr'><strong>merita</strong></span> <span class='ocrx_word' id='word_1_459' title='bbox 830 3185 1141 3256; x_wconf 80' lang='lat' dir='ltr'><strong>investigem</strong></span> <span class='ocrx_word' id='word_1_460' title='bbox 1164 3228 1179 3254; x_wconf 93' lang='lat'><strong>,</strong></span> <span class='ocrx_word' id='word_1_461' title='bbox 1212 3205 1317 3244; x_wconf 90' lang='lat' dir='ltr'><strong>non</strong></span> <span class='ocrx_word' id='word_1_462' title='bbox 1346 3196 1615 3250; x_wconf 88' lang='lat' dir='ltr'><strong>omiserim</strong></span> <span class='ocrx_word' id='word_1_463' title='bbox 1650 3212 1855 3267; x_wconf 85' lang='lat' dir='ltr'><strong>poetam</strong></span> <span class='ocrx_word' id='word_1_464' title='bbox 1888 3204 1989 3259; x_wconf 88' lang='lat' dir='ltr'><strong>sibi</strong></span> 
     </span>
    </p>
   </div>
   <div class='ocr_carea' id='block_1_62' title="bbox 419 3268 1995 3347">
    <p class='ocr_par' dir='ltr' id='par_1_62' title="bbox 419 3268 1995 3347">
     <span class='ocr_line' id='line_1_62' title="bbox 419 3268 1995 3347; baseline 0.019 -29"><span class='ocrx_word' id='word_1_465' title='bbox 419 3268 633 3334; x_wconf 78' lang='lat' dir='ltr'><strong>quidem</strong></span> <span class='ocrx_word' id='word_1_466' title='bbox 681 3270 846 3326; x_wconf 84' lang='lat' dir='ltr'><strong>Actus</strong></span> <span class='ocrx_word' id='word_1_467' title='bbox 877 3276 1196 3341; x_wconf 71' lang='lat' dir='ltr'><strong>apostolicos</strong></span> <span class='ocrx_word' id='word_1_468' title='bbox 1222 3285 1569 3347; x_wconf 88' lang='lat' dir='ltr'><strong>proposuisse</strong></span> <span class='ocrx_word' id='word_1_469' title='bbox 1598 3290 1833 3345; x_wconf 87' lang='lat' dir='ltr'><strong>carmine</strong></span> <span class='ocrx_word' id='word_1_470' title='bbox 1862 3290 1995 3347; x_wconf 52' lang='lat' dir='ltr'><strong>coné</strong></span> 
     </span>
    </p>
   </div>
   <div class='ocr_carea' id='block_1_63' title="bbox 420 3358 1989 3451">
    <p class='ocr_par' dir='ltr' id='par_1_63' title="bbox 420 3358 1989 3451">
     <span class='ocr_line' id='line_1_63' title="bbox 420 3358 1989 3451; baseline 0.018 -42"><span class='ocrx_word' id='word_1_471' title='bbox 420 3358 766 3425; x_wconf 69' lang='lat' dir='ltr'><strong>scribendos,</strong></span> <span class='ocrx_word' id='word_1_472' title='bbox 800 3364 894 3415; x_wconf 87' lang='lat' dir='ltr'><strong>sed</strong></span> <span class='ocrx_word' id='word_1_473' title='bbox 926 3378 1015 3417; x_wconf 89' lang='lat' dir='ltr'><strong>res</strong></span> <span class='ocrx_word' id='word_1_474' title='bbox 1056 3366 1196 3434; x_wconf 76' lang='lat' dir='ltr'><strong>ipsns</strong></span> <span class='ocrx_word' id='word_1_475' title='bbox 1239 3370 1421 3437; x_wconf 90' lang='lat' dir='ltr'><strong>primis</strong></span> <span class='ocrx_word' id='word_1_476' title='bbox 1462 3375 1771 3446; x_wconf 85' lang='lat' dir='ltr'><strong>plerumque</strong></span> <span class='ocrx_word' id='word_1_477' title='bbox 1809 3382 1989 3451; x_wconf 84' lang='lat' dir='ltr'><strong>digitis</strong></span> 
     </span>
    </p>
   </div>
   <div class='ocr_carea' id='block_1_64' title="bbox 420 3444 1985 3524">
    <p class='ocr_par' dir='ltr' id='par_1_64' title="bbox 420 3444 1985 3524">
     <span class='ocr_line' id='line_1_64' title="bbox 420 3444 1985 3524; baseline 0.019 -29"><span class='ocrx_word' id='word_1_478' title='bbox 420 3444 685 3513; x_wconf 70' lang='lat' dir='ltr'><strong>attigisse,</strong></span> <span class='ocrx_word' id='word_1_479' title='bbox 727 3458 909 3516; x_wconf 65' lang='lat' dir='ltr'><strong>atque,</strong></span> <span class='ocrx_word' id='word_1_480' title='bbox 944 3456 1057 3519; x_wconf 86' lang='lat' dir='ltr'><strong>suis</strong></span> <span class='ocrx_word' id='word_1_481' title='bbox 1086 3455 1301 3521; x_wconf 89' lang='lat' dir='ltr'><strong>additis,</strong></span> <span class='ocrx_word' id='word_1_482' title='bbox 1338 3460 1557 3515; x_wconf 89' lang='lat' dir='ltr'><strong>liberius</strong></span> <span class='ocrx_word' id='word_1_483' title='bbox 1579 3444 1812 3521; x_wconf 77' lang='lat' dir='ltr'><strong>Juvenco</strong></span> <span class='ocrx_word' id='word_1_484' title='bbox 1841 3444 1985 3524; x_wconf 77' lang='lat' dir='ltr'><strong>aliis-</strong></span> 
     </span>
    </p>
   </div>
   <div class='ocr_carea' id='block_1_65' title="bbox 417 3530 1988 3615">
    <p class='ocr_par' dir='ltr' id='par_1_65' title="bbox 417 3530 1988 3615">
     <span class='ocr_line' id='line_1_65' title="bbox 417 3530 1988 3615; baseline 0.018 -28"><span class='ocrx_word' id='word_1_485' title='bbox 417 3551 525 3604; x_wconf 88' lang='lat' dir='ltr'><strong>que</strong></span> <span class='ocrx_word' id='word_1_486' title='bbox 552 3530 713 3591; x_wconf 42' lang='lat' dir='ltr'><strong>l&#39;uiss&#39;e</strong></span> <span class='ocrx_word' id='word_1_487' title='bbox 737 3551 1017 3609; x_wconf 80' lang='lat' dir='ltr'><strong>evagatam</strong></span> <span class='ocrx_word' id='word_1_488' title='bbox 1041 3560 1204 3613; x_wconf 17' lang='lat' dir='ltr'><strong>,Aquze</strong></span> <span class='ocrx_word' id='word_1_489' title='bbox 1235 3562 1358 3602; x_wconf 78' lang='lat' dir='ltr'><strong>vera</strong></span> <span class='ocrx_word' id='word_1_490' title='bbox 1407 3563 1487 3605; x_wconf 87' lang='lat' dir='ltr'><strong>est</strong></span> <span class='ocrx_word' id='word_1_491' title='bbox 1528 3554 1775 3611; x_wconf 79' lang='lat' dir='ltr'><strong>Ricltardi</strong></span> <span class='ocrx_word' id='word_1_492' title='bbox 1814 3558 1988 3615; x_wconf 88' lang='lat' dir='ltr'><strong>Simo-</strong></span> 
     </span>
    </p>
   </div>
   <div class='ocr_carea' id='block_1_66' title="bbox 416 3624 1989 3710">
    <p class='ocr_par' dir='ltr' id='par_1_66' title="bbox 416 3624 1989 3710">
     <span class='ocr_line' id='line_1_66' title="bbox 416 3624 1989 3710; baseline 0.018 -34"><span class='ocrx_word' id='word_1_493' title='bbox 416 3627 500 3678; x_wconf 84' lang='lat' dir='ltr'><strong>nis</strong></span> <span class='ocrx_word' id='word_1_494' title='bbox 540 3624 604 3696; x_wconf 80' lang='lat' dir='ltr'><strong>(i)</strong></span> <span class='ocrx_word' id='word_1_495' title='bbox 645 3632 905 3683; x_wconf 87' lang='lat' dir='ltr'><strong>sententia</strong></span> <span class='ocrx_word' id='word_1_496' title='bbox 929 3672 943 3694; x_wconf 92' lang='lat'><strong>,</strong></span> <span class='ocrx_word' id='word_1_497' title='bbox 985 3634 1127 3687; x_wconf 89' lang='lat' dir='ltr'><strong>unde</strong></span> <span class='ocrx_word' id='word_1_498' title='bbox 1168 3638 1355 3692; x_wconf 86' lang='lat' dir='ltr'><strong>nescio</strong></span> <span class='ocrx_word' id='word_1_499' title='bbox 1388 3653 1454 3693; x_wconf 91' lang='lat' dir='ltr'><strong>an</strong></span> <span class='ocrx_word' id='word_1_500' title='bbox 1496 3645 1614 3710; x_wconf 74' lang='lat' dir='ltr'><strong>quis</strong></span> <span class='ocrx_word' id='word_1_501' title='bbox 1643 3658 1856 3701; x_wconf 88' lang='lat' dir='ltr'><strong>carmen</strong></span> <span class='ocrx_word' id='word_1_502' title='bbox 1889 3650 1989 3705; x_wconf 86' lang='lat' dir='ltr'><strong>hoc</strong></span> 
     </span>
    </p>
   </div>
   <div class='ocr_carea' id='block_1_67' title="bbox 417 3716 1985 3797">
    <p class='ocr_par' dir='ltr' id='par_1_67' title="bbox 417 3716 1985 3797">
     <span class='ocr_line' id='line_1_67' title="bbox 417 3716 1985 3797; baseline 0.019 -30"><span class='ocrx_word' id='word_1_503' title='bbox 417 3716 774 3784; x_wconf 74' lang='lat' dir='ltr'><strong>Metaphrasin</strong></span> <span class='ocrx_word' id='word_1_504' title='bbox 815 3724 1060 3787; x_wconf 84' lang='lat' dir='ltr'><strong>poeticam</strong></span> <span class='ocrx_word' id='word_1_505' title='bbox 1088 3725 1327 3781; x_wconf 84' lang='lat' dir='ltr'><strong>Actorum</strong></span> <span class='ocrx_word' id='word_1_506' title='bbox 1353 3743 1495 3787; x_wconf 91' lang='lat' dir='ltr'><strong>recte</strong></span> <span class='ocrx_word' id='word_1_507' title='bbox 1524 3748 1643 3789; x_wconf 89' lang='lat' dir='ltr'><strong>cum</strong></span> <span class='ocrx_word' id='word_1_508' title='bbox 1671 3737 1751 3791; x_wconf 89' lang='lat' dir='ltr'><strong>Cl.</strong></span> <span class='ocrx_word' id='word_1_509' title='bbox 1783 3738 1985 3797; x_wconf 75' lang='lat' dir='ltr'><strong>Joanne</strong></span> 
     </span>
    </p>
   </div>
   <div class='ocr_carea' id='block_1_68' title="bbox 418 3808 1985 3892">
    <p class='ocr_par' dir='ltr' id='par_1_68' title="bbox 418 3808 1985 3892">
     <span class='ocr_line' id='line_1_68' title="bbox 418 3808 1985 3892; baseline 0.017 -31"><span class='ocrx_word' id='word_1_510' title='bbox 418 3808 661 3865; x_wconf 79' lang='lat' dir='ltr'><strong>Albertio</strong></span> <span class='ocrx_word' id='word_1_511' title='bbox 691 3812 885 3867; x_wconf 77' lang='lat' dir='ltr'><strong>dixerit</strong></span> <span class='ocrx_word' id='word_1_512' title='bbox 916 3817 1004 3887; x_wconf 86' lang='lat' dir='ltr'><strong>(j).</strong></span> <span class='ocrx_word' id='word_1_513' title='bbox 1029 3845 1100 3857; x_wconf 89' lang='lat'><strong>-—</strong></span> <span class='ocrx_word' id='word_1_514' title='bbox 1124 3819 1300 3888; x_wconf 84' lang='lat' dir='ltr'><strong>Atque</strong></span> <span class='ocrx_word' id='word_1_515' title='bbox 1328 3824 1396 3876; x_wconf 87' lang='lat' dir='ltr'><strong>ita</strong></span> <span class='ocrx_word' id='word_1_516' title='bbox 1434 3824 1545 3892; x_wconf 82' lang='lat' dir='ltr'><strong>jam</strong></span> <span class='ocrx_word' id='word_1_517' title='bbox 1588 3828 1866 3887; x_wconf 73' lang='lat' dir='ltr'><strong>defunctus</strong></span> <span class='ocrx_word' id='word_1_518' title='bbox 1907 3835 1985 3887; x_wconf 87' lang='lat' dir='ltr'><strong>vi-</strong></span> 
     </span>
    </p>
   </div>
   <div class='ocr_carea' id='block_1_69' title="bbox 416 3900 1986 3994">
    <p class='ocr_par' dir='ltr' id='par_1_69' title="bbox 416 3900 1986 3994">
     <span class='ocr_line' id='line_1_69' title="bbox 416 3900 1986 3994; baseline 0.018 -42"><span class='ocrx_word' id='word_1_519' title='bbox 416 3900 549 3954; x_wconf 87' lang='lat' dir='ltr'><strong>deor</strong></span> <span class='ocrx_word' id='word_1_520' title='bbox 587 3903 691 3957; x_wconf 88' lang='lat' dir='ltr'><strong>illis</strong></span> <span class='ocrx_word' id='word_1_521' title='bbox 730 3921 851 3974; x_wconf 70' lang='lat' dir='ltr'><strong>quae</strong></span> <span class='ocrx_word' id='word_1_522' title='bbox 889 3908 955 3961; x_wconf 90' lang='lat' dir='ltr'><strong>ad</strong></span> <span class='ocrx_word' id='word_1_523' title='bbox 1000 3919 1207 3977; x_wconf 88' lang='lat' dir='ltr'><strong>poetam</strong></span> <span class='ocrx_word' id='word_1_524' title='bbox 1249 3913 1527 3986; x_wconf 85' lang='lat' dir='ltr'><strong>ipsumque</strong></span> <span class='ocrx_word' id='word_1_525' title='bbox 1567 3935 1781 3979; x_wconf 81' lang='lat' dir='ltr'><strong>carmen</strong></span> <span class='ocrx_word' id='word_1_526' title='bbox 1826 3931 1986 3994; x_wconf 61' lang='lat' dir='ltr'><strong>perti-</strong></span> 
     </span>
    </p>
   </div>
   <div class='ocr_carea' id='block_1_70' title="bbox 418 3993 1984 4074">
    <p class='ocr_par' dir='ltr' id='par_1_70' title="bbox 418 3993 1984 4074">
     <span class='ocr_line' id='line_1_70' title="bbox 418 3993 1984 4074; baseline 0.021 -32"><span class='ocrx_word' id='word_1_527' title='bbox 418 4001 587 4057; x_wconf 86' lang='lat' dir='ltr'><strong>nent,</strong></span> <span class='ocrx_word' id='word_1_528' title='bbox 617 3993 700 4047; x_wconf 87' lang='lat' dir='ltr'><strong>ubi</strong></span> <span class='ocrx_word' id='word_1_529' title='bbox 741 3995 842 4049; x_wconf 82' lang='lat' dir='ltr'><strong>hoc</strong></span> <span class='ocrx_word' id='word_1_530' title='bbox 882 3998 1210 4070; x_wconf 74' lang='lat' dir='ltr'><strong>addiderim,</strong></span> <span class='ocrx_word' id='word_1_531' title='bbox 1245 4004 1413 4059; x_wconf 91' lang='lat' dir='ltr'><strong>videri</strong></span> <span class='ocrx_word' id='word_1_532' title='bbox 1455 4010 1584 4063; x_wconf 83' lang='lat' dir='ltr'><strong>mihi</strong></span> <span class='ocrx_word' id='word_1_533' title='bbox 1625 3993 1840 4068; x_wconf 81' lang='lat' dir='ltr'><strong>carmen</strong></span> <span class='ocrx_word' id='word_1_534' title='bbox 1884 4018 1984 4074; x_wconf 84' lang='lat' dir='ltr'><strong>hoc</strong></span> 
     </span>
    </p>
   </div>
   <div class='ocr_carea' id='block_1_71' title="bbox 416 4080 1983 4167">
    <p class='ocr_par' dir='ltr' id='par_1_71' title="bbox 416 4080 1983 4167">
     <span class='ocr_line' id='line_1_71' title="bbox 416 4080 1983 4167; baseline 0.02 -37"><span class='ocrx_word' id='word_1_535' title='bbox 416 4080 665 4134; x_wconf 82' lang='lat' dir='ltr'><strong>cantinua</strong></span> <span class='ocrx_word' id='word_1_536' title='bbox 692 4086 829 4138; x_wconf 90' lang='lat' dir='ltr'><strong>serie</strong></span> <span class='ocrx_word' id='word_1_537' title='bbox 859 4088 1243 4157; x_wconf 61' lang='lat' dir='ltr'><strong>conscripsiSse</strong></span> <span class='ocrx_word' id='word_1_538' title='bbox 1282 4109 1348 4147; x_wconf 92' lang='lat' dir='ltr'><strong>eo</strong></span> <span class='ocrx_word' id='word_1_539' title='bbox 1389 4097 1546 4151; x_wconf 92' lang='lat' dir='ltr'><strong>modo</strong></span> <span class='ocrx_word' id='word_1_540' title='bbox 1575 4115 1680 4167; x_wconf 89' lang='lat' dir='ltr'><strong>quo</strong></span> <span class='ocrx_word' id='word_1_541' title='bbox 1710 4101 1983 4161; x_wconf 88' lang='lat' dir='ltr'><strong>Fabricius</strong></span> 
     </span>
    </p>
   </div>
   <div class='ocr_carea' id='block_1_72' title="bbox 413 4169 1979 4254">
    <p class='ocr_par' dir='ltr' id='par_1_72' title="bbox 413 4169 1979 4254">
     <span class='ocr_line' id='line_1_72' title="bbox 413 4169 1979 4254; baseline 0.019 -33"><span class='ocrx_word' id='word_1_542' title='bbox 413 4169 610 4239; x_wconf 75' lang='lat' dir='ltr'><strong>eddit,</strong></span> <span class='ocrx_word' id='word_1_543' title='bbox 643 4188 746 4226; x_wconf 92' lang='lat' dir='ltr'><strong>non</strong></span> <span class='ocrx_word' id='word_1_544' title='bbox 775 4190 903 4229; x_wconf 86' lang='lat' dir='ltr'><strong>vero</strong></span> <span class='ocrx_word' id='word_1_545' title='bbox 930 4177 987 4231; x_wconf 90' lang='lat' dir='ltr'><strong>in</strong></span> <span class='ocrx_word' id='word_1_546' title='bbox 1014 4180 1182 4247; x_wconf 85' lang='lat' dir='ltr'><strong>capita</strong></span> <span class='ocrx_word' id='word_1_547' title='bbox 1210 4181 1547 4254; x_wconf 75' lang='lat' dir='ltr'><strong>dissecuisse,</strong></span> <span class='ocrx_word' id='word_1_548' title='bbox 1578 4190 1736 4246; x_wconf 89' lang='lat' dir='ltr'><strong>veluti</strong></span> <span class='ocrx_word' id='word_1_549' title='bbox 1766 4193 1816 4247; x_wconf 88' lang='lat' dir='ltr'><strong>in</strong></span> <span class='ocrx_word' id='word_1_550' title='bbox 1845 4200 1979 4249; x_wconf 86' lang='lat' dir='ltr'><strong>Ant-</strong></span> 
     </span>
    </p>
   </div>
   <div class='ocr_carea' id='block_1_73' title="bbox 414 4262 1981 4343">
    <p class='ocr_par' dir='ltr' id='par_1_73' title="bbox 414 4262 1981 4343">
     <span class='ocr_line' id='line_1_73' title="bbox 414 4262 1981 4343; baseline 0.018 -31"><span class='ocrx_word' id='word_1_551' title='bbox 414 4262 687 4328; x_wconf 78' lang='lat' dir='ltr'><strong>verpiensi</strong></span> <span class='ocrx_word' id='word_1_552' title='bbox 717 4265 950 4321; x_wconf 88' lang='lat' dir='ltr'><strong>editione</strong></span> <span class='ocrx_word' id='word_1_553' title='bbox 979 4272 1321 4340; x_wconf 88' lang='lat' dir='ltr'><strong>conspicitur,</strong></span> <span class='ocrx_word' id='word_1_554' title='bbox 1354 4276 1405 4328; x_wconf 91' lang='lat' dir='ltr'><strong>in</strong></span> <span class='ocrx_word' id='word_1_555' title='bbox 1436 4292 1536 4343; x_wconf 78' lang='lat' dir='ltr'><strong>qua</strong></span> <span class='ocrx_word' id='word_1_556' title='bbox 1566 4280 1770 4336; x_wconf 90' lang='lat' dir='ltr'><strong>initium</strong></span> <span class='ocrx_word' id='word_1_557' title='bbox 1801 4284 1915 4339; x_wconf 84' lang='lat' dir='ltr'><strong>libri</strong></span> <span class='ocrx_word' id='word_1_558' title='bbox 1944 4302 1981 4341; x_wconf 92' lang='lat' dir='ltr'><strong>u</strong></span> 
     </span>
    </p>
   </div>
   <div class='ocr_carea' id='block_1_74' title="bbox 410 4353 2060 4456">
    <p class='ocr_par' dir='ltr' id='par_1_74' title="bbox 410 4353 2060 4456">
     <span class='ocr_line' id='line_1_74' title="bbox 410 4353 2060 4456; baseline 0.018 -53"><span class='ocrx_word' id='word_1_559' title='bbox 410 4353 688 4406; x_wconf 73' lang='lat' dir='ltr'><strong>ounszituit</strong></span> <span class='ocrx_word' id='word_1_560' title='bbox 726 4367 883 4424; x_wconf 87' lang='lat' dir='ltr'><strong>caput</strong></span> <span class='ocrx_word' id='word_1_561' title='bbox 910 4357 1003 4412; x_wconf 82' lang='grc'><strong>25.</strong></span> <span class='ocrx_word' id='word_1_562' title='bbox 1035 4358 1197 4427; x_wconf 80' lang='lat' dir='ltr'><strong>Igitur</strong></span> <span class='ocrx_word' id='word_1_563' title='bbox 1223 4366 1449 4432; x_wconf 81' lang='lat' dir='ltr'><strong>capitula</strong></span> <span class='ocrx_word' id='word_1_564' title='bbox 1480 4369 1639 4437; x_wconf 86' lang='lat' dir='ltr'><strong>rejeci</strong></span> <span class='ocrx_word' id='word_1_565' title='bbox 1660 4411 1675 4436; x_wconf 93' lang='lat'><strong>,</strong></span> <span class='ocrx_word' id='word_1_566' title='bbox 1707 4387 1772 4429; x_wconf 83' lang='lat' dir='ltr'><strong>ex</strong></span> <span class='ocrx_word' id='word_1_567' title='bbox 1802 4375 1976 4430; x_wconf 88' lang='lat' dir='ltr'><strong>edito-</strong></span> <span class='ocrx_word' id='word_1_568' title='bbox 2007 4397 2060 4456; x_wconf 66' lang='grc' dir='ltr'>ι)</span> 
     </span>
    </p>
   </div>
   <div class='ocr_carea' id='block_1_75' title="bbox 408 4447 1976 4532">
    <p class='ocr_par' dir='ltr' id='par_1_75' title="bbox 408 4447 1976 4532">
     <span class='ocr_line' id='line_1_75' title="bbox 408 4447 1976 4532; baseline 0.02 -37"><span class='ocrx_word' id='word_1_569' title='bbox 408 4458 528 4496; x_wconf 85' lang='lat' dir='ltr'><strong>rum</strong></span> <span class='ocrx_word' id='word_1_570' title='bbox 558 4447 775 4502; x_wconf 87' lang='lat' dir='ltr'><strong>arbitrio</strong></span> <span class='ocrx_word' id='word_1_571' title='bbox 808 4464 947 4506; x_wconf 87' lang='lat' dir='ltr'><strong>nunc</strong></span> <span class='ocrx_word' id='word_1_572' title='bbox 976 4452 1214 4523; x_wconf 84' lang='lat' dir='ltr'><strong>longiora</strong></span> <span class='ocrx_word' id='word_1_573' title='bbox 1238 4498 1253 4523; x_wconf 95' lang='lat'><strong>,</strong></span> <span class='ocrx_word' id='word_1_574' title='bbox 1284 4473 1422 4514; x_wconf 87' lang='lat' dir='ltr'><strong>nunc</strong></span> <span class='ocrx_word' id='word_1_575' title='bbox 1452 4461 1695 4520; x_wconf 85' lang='lat' dir='ltr'><strong>breviora</strong></span> <span class='ocrx_word' id='word_1_576' title='bbox 1718 4507 1732 4532; x_wconf 93' lang='lat'><strong>,</strong></span> <span class='ocrx_word' id='word_1_577' title='bbox 1768 4469 1891 4524; x_wconf 89' lang='lat' dir='ltr'><strong>licet</strong></span> <span class='ocrx_word' id='word_1_578' title='bbox 1920 4482 1976 4527; x_wconf 89' lang='lat' dir='ltr'><strong>et</strong></span> 
     </span>
    </p>
   </div>
   <div class='ocr_carea' id='block_1_76' title="bbox 406 4532 1973 4618">
    <p class='ocr_par' dir='ltr' id='par_1_76' title="bbox 406 4532 1973 4618">
     <span class='ocr_line' id='line_1_76' title="bbox 406 4532 1973 4618; baseline 0.021 -34"><span class='ocrx_word' id='word_1_579' title='bbox 406 4532 570 4587; x_wconf 87' lang='lat' dir='ltr'><strong>codd.</strong></span> <span class='ocrx_word' id='word_1_580' title='bbox 604 4536 790 4591; x_wconf 86' lang='lat' dir='ltr'><strong>eadem</strong></span> <span class='ocrx_word' id='word_1_581' title='bbox 823 4540 1073 4609; x_wconf 82' lang='lat' dir='ltr'><strong>habeant,</strong></span> <span class='ocrx_word' id='word_1_582' title='bbox 1096 4546 1190 4600; x_wconf 89' lang='lat' dir='ltr'><strong>sed</strong></span> <span class='ocrx_word' id='word_1_583' title='bbox 1219 4564 1335 4618; x_wconf 73' lang='lat' dir='ltr'><strong>quae</strong></span> <span class='ocrx_word' id='word_1_584' title='bbox 1362 4559 1561 4618; x_wconf 83' lang='lat' dir='ltr'><strong>tamen,</strong></span> <span class='ocrx_word' id='word_1_585' title='bbox 1590 4564 1647 4610; x_wconf 91' lang='lat' dir='ltr'><strong>ut</strong></span> <span class='ocrx_word' id='word_1_586' title='bbox 1676 4558 1726 4612; x_wconf 91' lang='lat' dir='ltr'><strong>in</strong></span> <span class='ocrx_word' id='word_1_587' title='bbox 1750 4560 1973 4618; x_wconf 48' lang='lat' dir='ltr'><strong>*Scdulio</strong></span> 
     </span>
    </p>
   </div>
   <div class='ocr_carea' id='block_1_77' title="bbox 404 4623 1972 4721">
    <p class='ocr_par' dir='ltr' id='par_1_77' title="bbox 404 4623 1972 4721">
     <span class='ocr_line' id='line_1_77' title="bbox 404 4623 1972 4721; baseline 0.024 -50"><span class='ocrx_word' id='word_1_588' title='bbox 404 4623 772 4693; x_wconf 70' lang='lat' dir='ltr'><strong>deprehendi,</strong></span> <span class='ocrx_word' id='word_1_589' title='bbox 816 4630 1079 4687; x_wconf 77' lang='lat' dir='ltr'><strong>debentur</strong></span> <span class='ocrx_word' id='word_1_590' title='bbox 1122 4636 1387 4706; x_wconf 84' lang='lat' dir='ltr'><strong>librariis,</strong></span> <span class='ocrx_word' id='word_1_591' title='bbox 1434 4642 1499 4696; x_wconf 88' lang='lat' dir='ltr'><strong>iis</strong></span> <span class='ocrx_word' id='word_1_592' title='bbox 1541 4649 1833 4713; x_wconf 79' lang='lat' dir='ltr'><strong>praesertim</strong></span> <span class='ocrx_word' id='word_1_593' title='bbox 1880 4653 1972 4721; x_wconf 92' lang='lat' dir='ltr'><strong>qui</strong></span> 
     </span>
    </p>
   </div>
   <div class='ocr_carea' id='block_1_78' title="bbox 403 4716 1973 4802">
    <p class='ocr_par' dir='ltr' id='par_1_78' title="bbox 403 4716 1973 4802">
     <span class='ocr_line' id='line_1_78' title="bbox 403 4716 1973 4802; baseline 0.021 -34"><span class='ocrx_word' id='word_1_594' title='bbox 403 4716 730 4791; x_wconf 71' lang='grc' dir='ltr'><strong>καλλιγράφοι</strong></span> <span class='ocrx_word' id='word_1_595' title='bbox 754 4723 835 4776; x_wconf 89' lang='lat' dir='ltr'><strong>vel</strong></span> <span class='ocrx_word' id='word_1_596' title='bbox 852 4728 1522 4802; x_wconf 59' lang='lat' dir='ltr'><strong>zpnooqpaqotornamenta</strong></span> <span class='ocrx_word' id='word_1_597' title='bbox 1554 4740 1819 4797; x_wconf 87' lang='lat' dir='ltr'><strong>addebant</strong></span> <span class='ocrx_word' id='word_1_598' title='bbox 1849 4716 1973 4800; x_wconf 76' lang='lat' dir='ltr'><strong>titu-</strong></span> 
     </span>
    </p>
   </div>
   <div class='ocr_carea' id='block_1_79' title="bbox 401 4805 1972 4904">
    <p class='ocr_par' dir='ltr' id='par_1_79' title="bbox 401 4805 1972 4904">
     <span class='ocr_line' id='line_1_79' title="bbox 401 4805 1972 4904; baseline 0.022 -48"><span class='ocrx_word' id='word_1_599' title='bbox 401 4806 470 4858; x_wconf 84' lang='lat' dir='ltr'><strong>lis</strong></span> <span class='ocrx_word' id='word_1_600' title='bbox 504 4805 755 4863; x_wconf 85' lang='lat' dir='ltr'><strong>librorum</strong></span> <span class='ocrx_word' id='word_1_601' title='bbox 775 4855 790 4879; x_wconf 93' lang='lat'><strong>,</strong></span> <span class='ocrx_word' id='word_1_602' title='bbox 816 4815 1157 4888; x_wconf 83' lang='lat' dir='ltr'><strong>capitumque</strong></span> <span class='ocrx_word' id='word_1_603' title='bbox 1183 4822 1348 4877; x_wconf 80' lang='lat' dir='ltr'><strong>tnttiis</strong></span> <span class='ocrx_word' id='word_1_604' title='bbox 1365 4863 1383 4889; x_wconf 91' lang='lat'><strong>,</strong></span> <span class='ocrx_word' id='word_1_605' title='bbox 1407 4836 1564 4895; x_wconf 84' lang='lat' dir='ltr'><strong>atque</strong></span> <span class='ocrx_word' id='word_1_606' title='bbox 1589 4829 1723 4885; x_wconf 88' lang='lat' dir='ltr'><strong>adeo</strong></span> <span class='ocrx_word' id='word_1_607' title='bbox 1752 4833 1817 4886; x_wconf 86' lang='lat' dir='ltr'><strong>ad</strong></span> <span class='ocrx_word' id='word_1_608' title='bbox 1848 4849 1972 4904; x_wconf 84' lang='lat' dir='ltr'><strong>spa-</strong></span> 
     </span>
    </p>
   </div>
   <div class='ocr_carea' id='block_1_80' title="bbox 400 4902 1977 4980">
    <p class='ocr_par' dir='ltr' id='par_1_80' title="bbox 400 4902 1977 4980">
     <span class='ocr_line' id='line_1_80' title="bbox 400 4902 1977 4980; baseline 0.021 -33"><span class='ocrx_word' id='word_1_609' title='bbox 400 4904 423 4948; x_wconf 88' lang='lat' dir='ltr'><strong>t</strong></span> <span class='ocrx_word' id='word_1_610' title='bbox 444 4910 479 4947; x_wconf 83' lang='lat' dir='ltr'><strong>a</strong></span> <span class='ocrx_word' id='word_1_611' title='bbox 512 4910 632 4965; x_wconf 67' lang='lat' dir='ltr'><strong>qua:</strong></span> <span class='ocrx_word' id='word_1_612' title='bbox 657 4913 687 4952; x_wconf 88' lang='lat' dir='ltr'><strong>a</strong></span> <span class='ocrx_word' id='word_1_613' title='bbox 717 4902 880 4967; x_wconf 90' lang='lat' dir='ltr'><strong>priori</strong></span> <span class='ocrx_word' id='word_1_614' title='bbox 907 4905 1123 4962; x_wconf 88' lang='lat' dir='ltr'><strong>librario</strong></span> <span class='ocrx_word' id='word_1_615' title='bbox 1155 4910 1239 4965; x_wconf 89' lang='lat' dir='ltr'><strong>bis</strong></span> <span class='ocrx_word' id='word_1_616' title='bbox 1268 4919 1593 4973; x_wconf 90' lang='lat' dir='ltr'><strong>ornamentis</strong></span> <span class='ocrx_word' id='word_1_617' title='bbox 1628 4924 1787 4977; x_wconf 78' lang='lat' dir='ltr'><strong>vacua</strong></span> <span class='ocrx_word' id='word_1_618' title='bbox 1825 4902 1977 4980; x_wconf 80' lang='lat' dir='ltr'><strong>erant</strong></span> 
     </span>
    </p>
   </div>
   <div class='ocr_carea' id='block_1_81' title="bbox 396 4985 1978 5081">
    <p class='ocr_par' dir='ltr' id='par_1_81' title="bbox 396 4985 1978 5081">
     <span class='ocr_line' id='line_1_81' title="bbox 396 4985 1978 5081; baseline 0.023 -44"><span class='ocrx_word' id='word_1_619' title='bbox 396 4985 594 5039; x_wconf 83' lang='lat' dir='ltr'><strong>relicta</strong></span> <span class='ocrx_word' id='word_1_620' title='bbox 633 5002 754 5067; x_wconf 73' lang='lat' dir='ltr'><strong>sese</strong></span> <span class='ocrx_word' id='word_1_621' title='bbox 792 4997 1290 5067; x_wconf 85' lang='lat' dir='ltr'><strong>accommodantes,</strong></span> <span class='ocrx_word' id='word_1_622' title='bbox 1334 5005 1467 5060; x_wconf 90' lang='lat' dir='ltr'><strong>tales</strong></span> <span class='ocrx_word' id='word_1_623' title='bbox 1504 5009 1875 5081; x_wconf 86' lang='lat' dir='ltr'><strong>inscriptiones</strong></span> <span class='ocrx_word' id='word_1_624' title='bbox 1896 5018 1978 5072; x_wconf 89' lang='lat' dir='ltr'><strong>vel</strong></span> 
     </span>
    </p>
   </div>
   <div class='ocr_carea' id='block_1_82' title="bbox 472 5160 1342 5242">
    <p class='ocr_par' dir='ltr' id='par_1_82' title="bbox 472 5160 1342 5242">
     <span class='ocr_line' id='line_1_82' title="bbox 472 5160 1342 5242; baseline 0.02 -28"><span class='ocrx_word' id='word_1_625' title='bbox 472 5160 553 5242; x_wconf 70' lang='lat' dir='ltr'><strong>(a)</strong></span> <span class='ocrx_word' id='word_1_626' title='bbox 592 5164 883 5242; x_wconf 49' lang='lat' dir='ltr'><strong>hr&#39;starch.</strong></span> <span class='ocrx_word' id='word_1_627' title='bbox 913 5169 1103 5242; x_wconf 81' lang='lat' dir='ltr'><strong>Sacro,</strong></span> <span class='ocrx_word' id='word_1_628' title='bbox 1136 5190 1188 5242; x_wconf 87' lang='lat' dir='ltr'><strong>p.</strong></span> <span class='ocrx_word' id='word_1_629' title='bbox 1217 5176 1342 5231; x_wconf 79' lang='grc'><strong>529.</strong></span> 
     </span>
    </p>
   </div>
   <div class='ocr_carea' id='block_1_83' title="bbox 468 5233 1597 5314">
    <p class='ocr_par' dir='ltr' id='par_1_83' title="bbox 468 5233 1597 5314">
     <span class='ocr_line' id='line_1_83' title="bbox 468 5233 1597 5314; baseline 0.022 -32"><span class='ocrx_word' id='word_1_630' title='bbox 468 5233 547 5314; x_wconf 64' lang='grc' dir='ltr'><strong>ςὸ)</strong></span> <span class='ocrx_word' id='word_1_631' title='bbox 586 5235 839 5314; x_wconf 58' lang='lat' dir='ltr'><strong>()puscul.</strong></span> <span class='ocrx_word' id='word_1_632' title='bbox 875 5240 1055 5314; x_wconf 80' lang='lat' dir='ltr'><strong>philol.</strong></span> <span class='ocrx_word' id='word_1_633' title='bbox 1090 5233 1364 5314; x_wconf 49' lang='grc' dir='ltr'><strong>ἀοι-1ης..</strong></span> <span class='ocrx_word' id='word_1_634' title='bbox 1393 5265 1445 5314; x_wconf 83' lang='lat' dir='ltr'><strong>p.</strong></span> <span class='ocrx_word' id='word_1_635' title='bbox 1472 5252 1597 5307; x_wconf 70' lang='grc'><strong>213.</strong></span> 
     </span>
    </p>
   </div>
   <div class='ocr_carea' id='block_1_84' title="bbox 470 5304 1423 5379">
    <p class='ocr_par' dir='ltr' id='par_1_84' title="bbox 470 5304 1423 5379">
     <span class='ocr_line' id='line_1_84' title="bbox 470 5304 1423 5379; baseline 0.024 -29"><span class='ocrx_word' id='word_1_636' title='bbox 470 5305 546 5379; x_wconf 61' lang='grc' dir='ltr'><strong>(τ)</strong></span> <span class='ocrx_word' id='word_1_637' title='bbox 586 5305 669 5379; x_wconf 62' lang='lat' dir='ltr'><strong>ad</strong></span> <span class='ocrx_word' id='word_1_638' title='bbox 692 5304 917 5379; x_wconf 68' lang='lat' dir='ltr'><strong>statim</strong></span> <span class='ocrx_word' id='word_1_639' title='bbox 948 5326 1002 5363; x_wconf 92' lang='grc' dir='ltr'><strong>ιιι</strong></span> <span class='ocrx_word' id='word_1_640' title='bbox 1032 5313 1199 5379; x_wconf 69' lang='lat' dir='ltr'><strong>Salv.,</strong></span> <span class='ocrx_word' id='word_1_641' title='bbox 1232 5316 1299 5379; x_wconf 74' lang='lat'><strong>2,</strong></span> <span class='ocrx_word' id='word_1_642' title='bbox 1332 5304 1423 5373; x_wconf 77' lang='lat'><strong>5&#39;3&#39;.</strong></span> 
     </span>
    </p>
   </div>
   <div class='ocr_carea' id='block_1_85' title="bbox 468 5370 1382 5441">
    <p class='ocr_par' dir='ltr' id='par_1_85' title="bbox 468 5370 1382 5441">
     <span class='ocr_line' id='line_1_85' title="bbox 468 5370 1382 5441; baseline 0.022 -20"><span class='ocrx_word' id='word_1_643' title='bbox 468 5370 553 5439; x_wconf 76' lang='lat' dir='ltr'><strong>(a)</strong></span> <span class='ocrx_word' id='word_1_644' title='bbox 595 5373 670 5441; x_wconf 62' lang='lat' dir='ltr'><strong>ad</strong></span> <span class='ocrx_word' id='word_1_645' title='bbox 702 5375 928 5430; x_wconf 81' lang='lat' dir='ltr'><strong>Statium</strong></span> <span class='ocrx_word' id='word_1_646' title='bbox 958 5394 993 5431; x_wconf 93' lang='grc' dir='ltr'><strong>ιι</strong></span> <span class='ocrx_word' id='word_1_647' title='bbox 1023 5370 1225 5440; x_wconf 70' lang='grc' dir='ltr'>Τιιειιὶ.</span> <span class='ocrx_word' id='word_1_648' title='bbox 1261 5370 1382 5441; x_wconf 67' lang='grc' dir='ltr'><strong>τὀξς.</strong></span> 
     </span>
    </p>
   </div>
   <div class='ocr_carea' id='block_1_86' title="bbox 469 5439 1279 5516">
    <p class='ocr_par' dir='ltr' id='par_1_86' title="bbox 469 5439 1279 5516">
     <span class='ocr_line' id='line_1_86' title="bbox 469 5439 1279 5516; baseline 0.023 -30"><span class='ocrx_word' id='word_1_649' title='bbox 469 5441 543 5516; x_wconf 62' lang='grc' dir='ltr'><strong>(ς)</strong></span> <span class='ocrx_word' id='word_1_650' title='bbox 780 5448 844 5516; x_wconf 86' lang='lat' dir='ltr'><strong>ad</strong></span> <span class='ocrx_word' id='word_1_651' title='bbox 876 5462 926 5499; x_wconf 85' lang='lat' dir='ltr'><strong>tv</strong></span> <span class='ocrx_word' id='word_1_652' title='bbox 955 5448 1159 5516; x_wconf 84' lang='lat' dir='ltr'><strong>Tlteb.,</strong></span> <span class='ocrx_word' id='word_1_653' title='bbox 1193 5451 1279 5506; x_wconf 79' lang='lat' dir='ltr'><strong>i9.</strong></span> 
     </span>
    </p>
   </div>
   <div class='ocr_carea' id='block_1_87' title="bbox 464 5507 1319 5584">
    <p class='ocr_par' dir='ltr' id='par_1_87' title="bbox 464 5507 1319 5584">
     <span class='ocr_line' id='line_1_87' title="bbox 464 5507 1319 5584; baseline 0.001 -8"><span class='ocrx_word' id='word_1_654' title='bbox 464 5507 545 5584; x_wconf 66' lang='grc' dir='ltr'><strong>(Ι)</strong></span> <span class='ocrx_word' id='word_1_655' title='bbox 590 5507 753 5584; x_wconf 61' lang='grc' dir='ltr'><strong>μνία..</strong></span> <span class='ocrx_word' id='word_1_656' title='bbox 784 5515 849 5571; x_wconf 85' lang='lat' dir='ltr'><strong>ad</strong></span> <span class='ocrx_word' id='word_1_657' title='bbox 879 5531 931 5570; x_wconf 76' lang='grc' dir='ltr'>νι</span> <span class='ocrx_word' id='word_1_658' title='bbox 959 5507 1162 5584; x_wconf 61' lang='lat' dir='ltr'><strong>Theb,</strong></span> <span class='ocrx_word' id='word_1_659' title='bbox 1193 5522 1319 5581; x_wconf 74' lang='lat'><strong>550.</strong></span> 
     </span>
    </p>
   </div>
   <div class='ocr_carea' id='block_1_88' title="bbox 532 5580 1621 5665">
    <p class='ocr_par' dir='ltr' id='par_1_88' title="bbox 532 5580 1621 5665">
     <span class='ocr_line' id='line_1_88' title="bbox 532 5580 1621 5665; baseline 0.017 -33"><span class='ocrx_word' id='word_1_660' title='bbox 532 5580 550 5647; x_wconf 85' lang='lat'><strong>)</strong></span> <span class='ocrx_word' id='word_1_661' title='bbox 597 5580 671 5635; x_wconf 86' lang='lat' dir='ltr'><strong>De</strong></span> <span class='ocrx_word' id='word_1_662' title='bbox 695 5583 910 5655; x_wconf 84' lang='lat' dir='ltr'><strong>decrep.</strong></span> <span class='ocrx_word' id='word_1_663' title='bbox 946 5585 1004 5641; x_wconf 77' lang='grc' dir='ltr'><strong>[ι.</strong></span> <span class='ocrx_word' id='word_1_664' title='bbox 1038 5587 1099 5644; x_wconf 86' lang='lat' dir='ltr'><strong>L.</strong></span> <span class='ocrx_word' id='word_1_665' title='bbox 1132 5580 1344 5649; x_wconf 84' lang='lat' dir='ltr'><strong>Senect.</strong></span> <span class='ocrx_word' id='word_1_666' title='bbox 1367 5633 1384 5660; x_wconf 91' lang='lat'><strong>,</strong></span> <span class='ocrx_word' id='word_1_667' title='bbox 1417 5610 1464 5665; x_wconf 83' lang='lat' dir='ltr'><strong>p.</strong></span> <span class='ocrx_word' id='word_1_668' title='bbox 1496 5596 1621 5654; x_wconf 69' lang='grc'><strong>216.</strong></span> 
     </span>
    </p>
   </div>
   <div class='ocr_carea' id='block_1_89' title="bbox 2094 3116 3087 3187">
    <p class='ocr_par' dir='ltr' id='par_1_89' title="bbox 2094 3116 3087 3187">
     <span class='ocr_line' id='line_1_89' title="bbox 2094 3116 3087 3187; baseline 0.008 -19"><span class='ocrx_word' id='word_1_669' title='bbox 2094 3116 2173 3170; x_wconf 90' lang='lat' dir='ltr'><strong>De</strong></span> <span class='ocrx_word' id='word_1_670' title='bbox 2196 3117 2437 3187; x_wconf 83' lang='lat' dir='ltr'><strong>Philippo</strong></span> <span class='ocrx_word' id='word_1_671' title='bbox 2460 3128 2505 3171; x_wconf 88' lang='lat' dir='ltr'><strong>et</strong></span> <span class='ocrx_word' id='word_1_672' title='bbox 2543 3118 2814 3186; x_wconf 81' lang='lat' dir='ltr'><strong>Eunucho,</strong></span> <span class='ocrx_word' id='word_1_673' title='bbox 2847 3137 2927 3177; x_wconf 88' lang='lat' dir='ltr'><strong>vs.</strong></span> <span class='ocrx_word' id='word_1_674' title='bbox 2963 3122 3087 3178; x_wconf 80' lang='grc'><strong>672.</strong></span> 
     </span>
    </p>
   </div>
   <div class='ocr_carea' id='block_1_90' title="bbox 2091 3207 3663 3289">
    <p class='ocr_par' dir='ltr' id='par_1_90' title="bbox 2091 3207 3663 3289">
     <span class='ocr_line' id='line_1_90' title="bbox 2091 3207 3663 3289; baseline 0.01 -30"><span class='ocrx_word' id='word_1_675' title='bbox 2091 3207 2168 3260; x_wconf 82' lang='lat' dir='ltr'><strong>De</strong></span> <span class='ocrx_word' id='word_1_676' title='bbox 2195 3207 2356 3260; x_wconf 87' lang='lat' dir='ltr'><strong>Saulo</strong></span> <span class='ocrx_word' id='word_1_677' title='bbox 2399 3225 2514 3260; x_wconf 89' lang='lat' dir='ltr'><strong>cum</strong></span> <span class='ocrx_word' id='word_1_678' title='bbox 2558 3218 2744 3277; x_wconf 86' lang='lat' dir='ltr'><strong>peteret</strong></span> <span class='ocrx_word' id='word_1_679' title='bbox 2786 3210 3094 3267; x_wconf 86' lang='lat' dir='ltr'><strong>Damascum</strong></span> <span class='ocrx_word' id='word_1_680' title='bbox 3138 3216 3362 3269; x_wconf 75' lang='lat' dir='ltr'><strong>cwcitate</strong></span> <span class='ocrx_word' id='word_1_681' title='bbox 3404 3234 3663 3289; x_wconf 81' lang='lat' dir='ltr'><strong>percusso,</strong></span> 
     </span>
    </p>
   </div>
   <div class='ocr_carea' id='block_1_91' title="bbox 2162 3298 3311 3355">
    <p class='ocr_par' dir='ltr' id='par_1_91' title="bbox 2162 3298 3311 3355">
     <span class='ocr_line' id='line_1_91' title="bbox 2162 3298 3311 3355; baseline -0.005 -1"><span class='ocrx_word' id='word_1_682' title='bbox 2162 3315 2239 3354; x_wconf 89' lang='lat' dir='ltr'><strong>vs.</strong></span> <span class='ocrx_word' id='word_1_683' title='bbox 2272 3301 2394 3355; x_wconf 84' lang='lat'><strong>708.</strong></span> <span class='ocrx_word' id='word_1_684' title='bbox 3298 3298 3311 3307; x_wconf 80' lang='lat'><strong>‘</strong></span> 
     </span>
    </p>
   </div>
   <div class='ocr_carea' id='block_1_92' title="bbox 2088 3388 3659 3469">
    <p class='ocr_par' dir='ltr' id='par_1_92' title="bbox 2088 3388 3659 3469">
     <span class='ocr_line' id='line_1_92' title="bbox 2088 3388 3659 3469; baseline 0.01 -28"><span class='ocrx_word' id='word_1_685' title='bbox 2088 3388 2167 3442; x_wconf 89' lang='lat' dir='ltr'><strong>De</strong></span> <span class='ocrx_word' id='word_1_686' title='bbox 2215 3388 2567 3460; x_wconf 83' lang='lat' dir='ltr'><strong>Paralyticoa</strong></span> <span class='ocrx_word' id='word_1_687' title='bbox 2611 3403 2788 3448; x_wconf 91' lang='lat' dir='ltr'><strong>sancto</strong></span> <span class='ocrx_word' id='word_1_688' title='bbox 2829 3394 2985 3449; x_wconf 90' lang='lat' dir='ltr'><strong>Petro</strong></span> <span class='ocrx_word' id='word_1_689' title='bbox 3013 3396 3069 3450; x_wconf 90' lang='lat' dir='ltr'><strong>in</strong></span> <span class='ocrx_word' id='word_1_690' title='bbox 3116 3396 3286 3453; x_wconf 80' lang='lat' dir='ltr'><strong>Lidda</strong></span> <span class='ocrx_word' id='word_1_691' title='bbox 3316 3412 3491 3455; x_wconf 87' lang='lat' dir='ltr'><strong>curato</strong></span> <span class='ocrx_word' id='word_1_692' title='bbox 3518 3444 3532 3469; x_wconf 96' lang='lat'><strong>,</strong></span> <span class='ocrx_word' id='word_1_693' title='bbox 3580 3418 3659 3457; x_wconf 79' lang='lat' dir='ltr'><strong>vs.</strong></span> 
     </span>
    </p>
   </div>
   <div class='ocr_carea' id='block_1_93' title="bbox 2157 3480 2282 3534">
    <p class='ocr_par' dir='ltr' id='par_1_93' title="bbox 2157 3480 2282 3534">
     <span class='ocr_line' id='line_1_93' title="bbox 2157 3480 2282 3534; baseline 0 -1"><span class='ocrx_word' id='word_1_694' title='bbox 2157 3480 2282 3534; x_wconf 67' lang='lat' dir='ltr'><strong>751i.</strong></span> 
     </span>
    </p>
   </div>
   <div class='ocr_carea' id='block_1_94' title="bbox 2092 3567 3379 3647">
    <p class='ocr_par' dir='ltr' id='par_1_94' title="bbox 2092 3567 3379 3647">
     <span class='ocr_line' id='line_1_94' title="bbox 2092 3567 3379 3647; baseline 0.009 -26"><span class='ocrx_word' id='word_1_695' title='bbox 2092 3567 2167 3622; x_wconf 83' lang='lat' dir='ltr'><strong>De</strong></span> <span class='ocrx_word' id='word_1_696' title='bbox 2196 3568 2375 3624; x_wconf 82' lang='lat' dir='ltr'><strong>Tabita</strong></span> <span class='ocrx_word' id='word_1_697' title='bbox 2404 3587 2435 3623; x_wconf 89' lang='lat' dir='ltr'><strong>a</strong></span> <span class='ocrx_word' id='word_1_698' title='bbox 2464 3581 2638 3626; x_wconf 88' lang='lat' dir='ltr'><strong>sancto</strong></span> <span class='ocrx_word' id='word_1_699' title='bbox 2670 3571 2826 3627; x_wconf 85' lang='lat' dir='ltr'><strong>Petro</strong></span> <span class='ocrx_word' id='word_1_700' title='bbox 2854 3575 3119 3647; x_wconf 57' lang='lat' dir='ltr'><strong>suscitata,</strong></span> <span class='ocrx_word' id='word_1_701' title='bbox 3153 3592 3215 3632; x_wconf 84' lang='lat' dir='ltr'><strong>vs</strong></span> <span class='ocrx_word' id='word_1_702' title='bbox 3255 3579 3379 3634; x_wconf 74' lang='lat'><strong>801.</strong></span> 
     </span>
    </p>
   </div>
   <div class='ocr_carea' id='block_1_95' title="bbox 2087 3655 3229 3733">
    <p class='ocr_par' dir='ltr' id='par_1_95' title="bbox 2087 3655 3229 3733">
     <span class='ocr_line' id='line_1_95' title="bbox 2087 3655 3229 3733; baseline 0.013 -25"><span class='ocrx_word' id='word_1_703' title='bbox 2087 3655 2166 3710; x_wconf 85' lang='lat' dir='ltr'><strong>De</strong></span> <span class='ocrx_word' id='word_1_704' title='bbox 2192 3657 2425 3714; x_wconf 85' lang='lat' dir='ltr'><strong>Cornelio</strong></span> <span class='ocrx_word' id='word_1_705' title='bbox 2450 3662 2511 3713; x_wconf 90' lang='lat' dir='ltr'><strong>ab</strong></span> <span class='ocrx_word' id='word_1_706' title='bbox 2540 3663 2719 3733; x_wconf 82' lang='lat' dir='ltr'><strong>angelo</strong></span> <span class='ocrx_word' id='word_1_707' title='bbox 2746 3666 2968 3730; x_wconf 85' lang='lat' dir='ltr'><strong>visitata,</strong></span> <span class='ocrx_word' id='word_1_708' title='bbox 2996 3682 3078 3721; x_wconf 89' lang='lat' dir='ltr'><strong>vs.</strong></span> <span class='ocrx_word' id='word_1_709' title='bbox 3104 3668 3229 3723; x_wconf 66' lang='grc'><strong>846.</strong></span> 
     </span>
    </p>
   </div>
   <div class='ocr_carea' id='block_1_96' title="bbox 2091 3746 3657 3824">
    <p class='ocr_par' dir='ltr' id='par_1_96' title="bbox 2091 3746 3657 3824">
     <span class='ocr_line' id='line_1_96' title="bbox 2091 3746 3657 3824; baseline 0.011 -25"><span class='ocrx_word' id='word_1_710' title='bbox 2091 3746 2163 3800; x_wconf 93' lang='lat' dir='ltr'><strong>De</strong></span> <span class='ocrx_word' id='word_1_711' title='bbox 2191 3750 2380 3802; x_wconf 86' lang='lat' dir='ltr'><strong>visione</strong></span> <span class='ocrx_word' id='word_1_712' title='bbox 2410 3750 2569 3814; x_wconf 82' lang='lat' dir='ltr'><strong>Petri,</strong></span> <span class='ocrx_word' id='word_1_713' title='bbox 2600 3769 2714 3805; x_wconf 86' lang='lat' dir='ltr'><strong>cum</strong></span> <span class='ocrx_word' id='word_1_714' title='bbox 2737 3755 2783 3807; x_wconf 91' lang='lat' dir='ltr'><strong>ei</strong></span> <span class='ocrx_word' id='word_1_715' title='bbox 2816 3755 2877 3808; x_wconf 85' lang='lat' dir='ltr'><strong>de</strong></span> <span class='ocrx_word' id='word_1_716' title='bbox 2908 3756 3032 3809; x_wconf 69' lang='lat' dir='ltr'><strong>caelo</strong></span> <span class='ocrx_word' id='word_1_717' title='bbox 3054 3758 3260 3824; x_wconf 81' lang='lat' dir='ltr'><strong>plenum</strong></span> <span class='ocrx_word' id='word_1_718' title='bbox 3288 3777 3375 3813; x_wconf 89' lang='lat' dir='ltr'><strong>vas</strong></span> <span class='ocrx_word' id='word_1_719' title='bbox 3398 3772 3657 3817; x_wconf 71' lang='lat' dir='ltr'><strong>ostensum</strong></span> 
     </span>
    </p>
   </div>
   <div class='ocr_carea' id='block_1_97' title="bbox 2156 3838 2571 3902">
    <p class='ocr_par' dir='ltr' id='par_1_97' title="bbox 2156 3838 2571 3902">
     <span class='ocr_line' id='line_1_97' title="bbox 2156 3838 2571 3902; baseline 0.007 -13"><span class='ocrx_word' id='word_1_720' title='bbox 2156 3847 2303 3902; x_wconf 85' lang='lat' dir='ltr'><strong>esset,</strong></span> <span class='ocrx_word' id='word_1_721' title='bbox 2329 3853 2409 3893; x_wconf 90' lang='lat' dir='ltr'><strong>vs.</strong></span> <span class='ocrx_word' id='word_1_722' title='bbox 2445 3838 2571 3892; x_wconf 88' lang='lat'><strong>878.</strong></span> 
     </span>
    </p>
   </div>
   <div class='ocr_carea' id='block_1_98' title="bbox 2087 3925 3656 4009">
    <p class='ocr_par' dir='ltr' id='par_1_98' title="bbox 2087 3925 3656 4009">
     <span class='ocr_line' id='line_1_98' title="bbox 2087 3925 3656 4009; baseline 0.01 -31"><span class='ocrx_word' id='word_1_723' title='bbox 2087 3925 2166 3979; x_wconf 83' lang='lat' dir='ltr'><strong>De</strong></span> <span class='ocrx_word' id='word_1_724' title='bbox 2185 3941 2245 3979; x_wconf 92' lang='lat' dir='ltr'><strong>eo</strong></span> <span class='ocrx_word' id='word_1_725' title='bbox 2265 3927 2350 3979; x_wconf 82' lang='lat' dir='ltr'><strong>ubi</strong></span> <span class='ocrx_word' id='word_1_726' title='bbox 2373 3936 2580 3980; x_wconf 81' lang='lat' dir='ltr'><strong>sanctus</strong></span> <span class='ocrx_word' id='word_1_727' title='bbox 2609 3927 2796 3981; x_wconf 84' lang='lat' dir='ltr'><strong>Petrus</strong></span> <span class='ocrx_word' id='word_1_728' title='bbox 2822 3928 3192 4001; x_wconf 81' lang='lat' dir='ltr'><strong>Hierosolymis</strong></span> <span class='ocrx_word' id='word_1_729' title='bbox 3216 3936 3388 3990; x_wconf 77' lang='lat' dir='ltr'><strong>retulit</strong></span> <span class='ocrx_word' id='word_1_730' title='bbox 3416 3928 3507 3991; x_wconf 80' lang='lat' dir='ltr'><strong>cur</strong></span> <span class='ocrx_word' id='word_1_731' title='bbox 3534 3954 3656 4009; x_wconf 81' lang='lat' dir='ltr'><strong>gen-</strong></span> 
     </span>
    </p>
   </div>
   <div class='ocr_carea' id='block_1_99' title="bbox 2158 4017 2954 4087">
    <p class='ocr_par' dir='ltr' id='par_1_99' title="bbox 2158 4017 2954 4087">
     <span class='ocr_line' id='line_1_99' title="bbox 2158 4017 2954 4087; baseline 0.006 -17"><span class='ocrx_word' id='word_1_732' title='bbox 2158 4017 2291 4071; x_wconf 88' lang='lat' dir='ltr'><strong>tibus</strong></span> <span class='ocrx_word' id='word_1_733' title='bbox 2327 4020 2681 4087; x_wconf 78' lang='lat' dir='ltr'><strong>prtcdicassct,</strong></span> <span class='ocrx_word' id='word_1_734' title='bbox 2708 4034 2791 4072; x_wconf 87' lang='lat' dir='ltr'><strong>vs.</strong></span> <span class='ocrx_word' id='word_1_735' title='bbox 2824 4020 2954 4075; x_wconf 81' lang='lat'><strong>966.</strong></span> 
     </span>
    </p>
   </div>
   <div class='ocr_carea' id='block_1_100' title="bbox 2084 4107 3659 4189">
    <p class='ocr_par' dir='ltr' id='par_1_100' title="bbox 2084 4107 3659 4189">
     <span class='ocr_line' id='line_1_100' title="bbox 2084 4107 3659 4189; baseline 0.008 -28"><span class='ocrx_word' id='word_1_736' title='bbox 2084 4107 2161 4161; x_wconf 81' lang='lat' dir='ltr'><strong>Bc</strong></span> <span class='ocrx_word' id='word_1_737' title='bbox 2182 4124 2238 4161; x_wconf 90' lang='lat' dir='ltr'><strong>eo</strong></span> <span class='ocrx_word' id='word_1_738' title='bbox 2259 4108 2342 4160; x_wconf 90' lang='lat' dir='ltr'><strong>ubi</strong></span> <span class='ocrx_word' id='word_1_739' title='bbox 2369 4118 2513 4163; x_wconf 90' lang='lat' dir='ltr'><strong>nocte</strong></span> <span class='ocrx_word' id='word_1_740' title='bbox 2532 4114 2742 4179; x_wconf 86' lang='lat' dir='ltr'><strong>angelus</strong></span> <span class='ocrx_word' id='word_1_741' title='bbox 2768 4108 2983 4164; x_wconf 87' lang='lat' dir='ltr'><strong>Petrum</strong></span> <span class='ocrx_word' id='word_1_742' title='bbox 3014 4113 3215 4169; x_wconf 84' lang='lat' dir='ltr'><strong>solvens</strong></span> <span class='ocrx_word' id='word_1_743' title='bbox 3255 4132 3282 4170; x_wconf 89' lang='lat' dir='ltr'><strong>e</strong></span> <span class='ocrx_word' id='word_1_744' title='bbox 3311 4133 3512 4173; x_wconf 83' lang='lat' dir='ltr'><strong>carcere</strong></span> <span class='ocrx_word' id='word_1_745' title='bbox 3538 4136 3659 4189; x_wconf 86' lang='lat' dir='ltr'><strong>per-</strong></span> 
     </span>
    </p>
   </div>
   <div class='ocr_carea' id='block_1_101' title="bbox 2153 4200 2621 4269">
    <p class='ocr_par' dir='ltr' id='par_1_101' title="bbox 2153 4200 2621 4269">
     <span class='ocr_line' id='line_1_101' title="bbox 2153 4200 2621 4269; baseline 0.002 -17"><span class='ocrx_word' id='word_1_746' title='bbox 2153 4200 2319 4269; x_wconf 63' lang='lat' dir='ltr'><strong>duxit,</strong></span> <span class='ocrx_word' id='word_1_747' title='bbox 2348 4214 2430 4254; x_wconf 75' lang='lat' dir='ltr'><strong>vs.</strong></span> <span class='ocrx_word' id='word_1_748' title='bbox 2462 4201 2621 4256; x_wconf 67' lang='lat'><strong>4007.</strong></span> 
     </span>
    </p>
   </div>
   <div class='ocr_carea' id='block_1_102' title="bbox 2359 4341 3373 4403">
    <p class='ocr_par' dir='ltr' id='par_1_102' title="bbox 2359 4341 3373 4403">
     <span class='ocr_line' id='line_1_102' title="bbox 2359 4341 3373 4403; baseline 0.005 -7"><span class='ocrx_word' id='word_1_749' title='bbox 2359 4341 2810 4398; x_wconf 83' lang='lat' dir='ltr'><strong>CAPITULATIO</strong></span> <span class='ocrx_word' id='word_1_750' title='bbox 2849 4343 3030 4399; x_wconf 82' lang='lat' dir='ltr'><strong>LIBRI</strong></span> <span class='ocrx_word' id='word_1_751' title='bbox 3065 4343 3373 4403; x_wconf 83' lang='lat' dir='ltr'><strong>SECUNDI.</strong></span> 
     </span>
    </p>
   </div>
   <div class='ocr_carea' id='block_1_103' title="bbox 2081 4465 3659 4558">
    <p class='ocr_par' dir='ltr' id='par_1_103' title="bbox 2081 4465 3659 4558">
     <span class='ocr_line' id='line_1_103' title="bbox 2081 4465 3659 4558; baseline 0.007 -25"><span class='ocrx_word' id='word_1_752' title='bbox 2081 4465 2157 4534; x_wconf 61' lang='lat' dir='ltr'><strong>lie</strong></span> <span class='ocrx_word' id='word_1_753' title='bbox 2184 4496 2245 4533; x_wconf 92' lang='lat' dir='ltr'><strong>eo</strong></span> <span class='ocrx_word' id='word_1_754' title='bbox 2273 4481 2358 4534; x_wconf 87' lang='lat' dir='ltr'><strong>ubi</strong></span> <span class='ocrx_word' id='word_1_755' title='bbox 2386 4480 2605 4548; x_wconf 86' lang='lat' dir='ltr'><strong>Saulus,</strong></span> <span class='ocrx_word' id='word_1_756' title='bbox 2631 4483 2721 4550; x_wconf 86' lang='lat' dir='ltr'><strong>qui</strong></span> <span class='ocrx_word' id='word_1_757' title='bbox 2742 4490 2788 4536; x_wconf 90' lang='lat' dir='ltr'><strong>et</strong></span> <span class='ocrx_word' id='word_1_758' title='bbox 2813 4484 3033 4551; x_wconf 84' lang='lat' dir='ltr'><strong>Paulus,</strong></span> <span class='ocrx_word' id='word_1_759' title='bbox 3058 4487 3195 4558; x_wconf 85' lang='lat' dir='ltr'><strong>apud</strong></span> <span class='ocrx_word' id='word_1_760' title='bbox 3221 4488 3482 4542; x_wconf 83' lang='lat' dir='ltr'><strong>consulem</strong></span> <span class='ocrx_word' id='word_1_761' title='bbox 3519 4489 3659 4544; x_wconf 84' lang='lat' dir='ltr'><strong>Pau-</strong></span> 
     </span>
    </p>
   </div>
   <div class='ocr_carea' id='block_1_104' title="bbox 2152 4570 3550 4648">
    <p class='ocr_par' dir='ltr' id='par_1_104' title="bbox 2152 4570 3550 4648">
     <span class='ocr_line' id='line_1_104' title="bbox 2152 4570 3550 4648; baseline 0.009 -27"><span class='ocrx_word' id='word_1_762' title='bbox 2152 4570 2258 4623; x_wconf 88' lang='lat' dir='ltr'><strong>lum</strong></span> <span class='ocrx_word' id='word_1_763' title='bbox 2301 4571 2599 4635; x_wconf 72' lang='lat' dir='ltr'><strong>praedicavit</strong></span> <span class='ocrx_word' id='word_1_764' title='bbox 2625 4571 2680 4625; x_wconf 87' lang='lat' dir='ltr'><strong>in</strong></span> <span class='ocrx_word' id='word_1_765' title='bbox 2710 4572 2843 4627; x_wconf 84' lang='lat' dir='ltr'><strong>Pasa</strong></span> <span class='ocrx_word' id='word_1_766' title='bbox 2875 4575 3013 4646; x_wconf 84' lang='lat' dir='ltr'><strong>[lege</strong></span> <span class='ocrx_word' id='word_1_767' title='bbox 3042 4578 3094 4629; x_wconf 85' lang='lat' dir='ltr'><strong>in</strong></span> <span class='ocrx_word' id='word_1_768' title='bbox 3131 4577 3351 4648; x_wconf 87' lang='lat' dir='ltr'><strong>Papho],</strong></span> <span class='ocrx_word' id='word_1_769' title='bbox 3384 4594 3461 4633; x_wconf 88' lang='lat' dir='ltr'><strong>vs.</strong></span> <span class='ocrx_word' id='word_1_770' title='bbox 3496 4582 3550 4634; x_wconf 78' lang='grc'><strong>1.</strong></span> 
     </span>
    </p>
   </div>
   <div class='ocr_carea' id='block_1_105' title="bbox 2084 4659 3659 4738">
    <p class='ocr_par' dir='ltr' id='par_1_105' title="bbox 2084 4659 3659 4738">
     <span class='ocr_line' id='line_1_105' title="bbox 2084 4659 3659 4738; baseline 0.008 -25"><span class='ocrx_word' id='word_1_771' title='bbox 2084 4660 2159 4714; x_wconf 88' lang='lat' dir='ltr'><strong>De</strong></span> <span class='ocrx_word' id='word_1_772' title='bbox 2189 4677 2246 4713; x_wconf 89' lang='lat' dir='ltr'><strong>eo</strong></span> <span class='ocrx_word' id='word_1_773' title='bbox 2279 4663 2361 4714; x_wconf 87' lang='lat' dir='ltr'><strong>ubi</strong></span> <span class='ocrx_word' id='word_1_774' title='bbox 2384 4659 2583 4715; x_wconf 88' lang='lat' dir='ltr'><strong>Paulus</strong></span> <span class='ocrx_word' id='word_1_775' title='bbox 2625 4665 2907 4718; x_wconf 79' lang='lat' dir='ltr'><strong>Antiochia:</strong></span> <span class='ocrx_word' id='word_1_776' title='bbox 2936 4668 2989 4719; x_wconf 83' lang='lat' dir='ltr'><strong>in</strong></span> <span class='ocrx_word' id='word_1_777' title='bbox 3019 4683 3332 4738; x_wconf 85' lang='lat' dir='ltr'><strong>synagogam</strong></span> <span class='ocrx_word' id='word_1_778' title='bbox 3372 4672 3659 4737; x_wconf 73' lang='lat' dir='ltr'><strong>pra&#39;dicans</strong></span> 
     </span>
    </p>
   </div>
   <div class='ocr_carea' id='block_1_106' title="bbox 2152 4749 3652 4824">
    <p class='ocr_par' dir='ltr' id='par_1_106' title="bbox 2152 4749 3652 4824">
     <span class='ocr_line' id='line_1_106' title="bbox 2152 4749 3652 4824; baseline 0.007 -23"><span class='ocrx_word' id='word_1_779' title='bbox 2152 4750 2213 4803; x_wconf 85' lang='lat' dir='ltr'><strong>de</strong></span> <span class='ocrx_word' id='word_1_780' title='bbox 2262 4765 2465 4819; x_wconf 83' lang='lat' dir='ltr'><strong>egressu</strong></span> <span class='ocrx_word' id='word_1_781' title='bbox 2520 4749 2798 4805; x_wconf 84' lang='lat' dir='ltr'><strong>Israelitici</strong></span> <span class='ocrx_word' id='word_1_782' title='bbox 2854 4756 3031 4823; x_wconf 90' lang='lat' dir='ltr'><strong>populi</strong></span> <span class='ocrx_word' id='word_1_783' title='bbox 3092 4758 3260 4810; x_wconf 73' lang='lat' dir='ltr'><strong>attulit</strong></span> <span class='ocrx_word' id='word_1_784' title='bbox 3325 4759 3652 4824; x_wconf 81' lang='lat' dir='ltr'><strong>mentionem,</strong></span> 
     </span>
    </p>
   </div>
   <div class='ocr_carea' id='block_1_107' title="bbox 2151 4841 2351 4895">
    <p class='ocr_par' dir='ltr' id='par_1_107' title="bbox 2151 4841 2351 4895">
     <span class='ocr_line' id='line_1_107' title="bbox 2151 4841 2351 4895; baseline 0.005 -3"><span class='ocrx_word' id='word_1_785' title='bbox 2151 4856 2232 4895; x_wconf 87' lang='lat' dir='ltr'><strong>vs.</strong></span> <span class='ocrx_word' id='word_1_786' title='bbox 2262 4841 2351 4895; x_wconf 74' lang='grc'><strong>40.</strong></span> 
     </span>
    </p>
   </div>
   <div class='ocr_carea' id='block_1_108' title="bbox 2083 4928 3657 5005">
    <p class='ocr_par' dir='ltr' id='par_1_108' title="bbox 2083 4928 3657 5005">
     <span class='ocr_line' id='line_1_108' title="bbox 2083 4928 3657 5005; baseline 0.009 -24"><span class='ocrx_word' id='word_1_787' title='bbox 2083 4928 2159 4983; x_wconf 89' lang='lat' dir='ltr'><strong>De</strong></span> <span class='ocrx_word' id='word_1_788' title='bbox 2186 4945 2242 4983; x_wconf 90' lang='lat' dir='ltr'><strong>eo</strong></span> <span class='ocrx_word' id='word_1_789' title='bbox 2269 4929 2352 4981; x_wconf 88' lang='lat' dir='ltr'><strong>ubi</strong></span> <span class='ocrx_word' id='word_1_790' title='bbox 2381 4931 2568 4983; x_wconf 57' lang='lat' dir='ltr'><strong>iterum</strong></span> <span class='ocrx_word' id='word_1_791' title='bbox 2597 4932 2651 4983; x_wconf 84' lang='lat' dir='ltr'><strong>in</strong></span> <span class='ocrx_word' id='word_1_792' title='bbox 2677 4934 2849 4985; x_wconf 86' lang='lat' dir='ltr'><strong>eadem</strong></span> <span class='ocrx_word' id='word_1_793' title='bbox 2893 4950 3154 5005; x_wconf 82' lang='lat' dir='ltr'><strong>synagoga</strong></span> <span class='ocrx_word' id='word_1_794' title='bbox 3194 4936 3256 4988; x_wconf 88' lang='lat' dir='ltr'><strong>de</strong></span> <span class='ocrx_word' id='word_1_795' title='bbox 3283 4941 3657 4996; x_wconf 78' lang='lat' dir='ltr'><strong>resurrectione</strong></span> 
     </span>
    </p>
   </div>
   <div class='ocr_carea' id='block_1_109' title="bbox 2150 5020 3278 5105">
    <p class='ocr_par' dir='ltr' id='par_1_109' title="bbox 2150 5020 3278 5105">
     <span class='ocr_line' id='line_1_109' title="bbox 2150 5020 3278 5105; baseline 0.007 -31"><span class='ocrx_word' id='word_1_796' title='bbox 2150 5030 2197 5074; x_wconf 86' lang='lat' dir='ltr'><strong>et</strong></span> <span class='ocrx_word' id='word_1_797' title='bbox 2224 5021 2471 5089; x_wconf 84' lang='lat' dir='ltr'><strong>passione</strong></span> <span class='ocrx_word' id='word_1_798' title='bbox 2497 5020 2700 5075; x_wconf 82' lang='lat' dir='ltr'><strong>Domini</strong></span> <span class='ocrx_word' id='word_1_799' title='bbox 2723 5024 3041 5091; x_wconf 73' lang='lat' dir='ltr'><strong>prtedicavit,</strong></span> <span class='ocrx_word' id='word_1_800' title='bbox 3074 5040 3153 5079; x_wconf 83' lang='lat' dir='ltr'><strong>vs.</strong></span> <span class='ocrx_word' id='word_1_801' title='bbox 3188 5026 3278 5105; x_wconf 49' lang='lat'><strong>99&#39;.</strong></span> 
     </span>
    </p>
   </div>
   <div class='ocr_carea' id='block_1_110' title="bbox 2147 5190 3058 5262">
    <p class='ocr_par' dir='ltr' id='par_1_110' title="bbox 2147 5190 3058 5262">
     <span class='ocr_line' id='line_1_110' title="bbox 2147 5190 3058 5262; baseline 0.01 -19"><span class='ocrx_word' id='word_1_802' title='bbox 2147 5190 2228 5261; x_wconf 77' lang='lat' dir='ltr'><strong>(lt)</strong></span> <span class='ocrx_word' id='word_1_803' title='bbox 2270 5192 2506 5247; x_wconf 86' lang='lat' dir='ltr'><strong>Lection.</strong></span> <span class='ocrx_word' id='word_1_804' title='bbox 2543 5193 2657 5247; x_wconf 89' lang='lat' dir='ltr'><strong>Lat.</strong></span> <span class='ocrx_word' id='word_1_805' title='bbox 2691 5194 2785 5249; x_wconf 79' lang='lat' dir='ltr'><strong>lib.</strong></span> <span class='ocrx_word' id='word_1_806' title='bbox 2819 5211 2890 5262; x_wconf 86' lang='lat' dir='ltr'><strong>tt,</strong></span> <span class='ocrx_word' id='word_1_807' title='bbox 2921 5211 2973 5251; x_wconf 90' lang='lat' dir='ltr'><strong>c.</strong></span> <span class='ocrx_word' id='word_1_808' title='bbox 3002 5198 3058 5253; x_wconf 79' lang='lat'><strong>2.</strong></span> 
     </span>
    </p>
   </div>
   <div class='ocr_carea' id='block_1_111' title="bbox 2147 5262 3657 5341">
    <p class='ocr_par' dir='ltr' id='par_1_111' title="bbox 2147 5262 3657 5341">
     <span class='ocr_line' id='line_1_111' title="bbox 2147 5262 3657 5341; baseline 0.014 -29"><span class='ocrx_word' id='word_1_809' title='bbox 2147 5262 2210 5332; x_wconf 71' lang='grc' dir='ltr'><strong>(ἑ)</strong></span> <span class='ocrx_word' id='word_1_810' title='bbox 2247 5262 2444 5341; x_wconf 65' lang='lat' dir='ltr'><strong>Hister.</strong></span> <span class='ocrx_word' id='word_1_811' title='bbox 2485 5265 2614 5341; x_wconf 56' lang='lat' dir='ltr'><strong>erit.</strong></span> <span class='ocrx_word' id='word_1_812' title='bbox 2638 5277 2941 5341; x_wconf 62' lang='lat' dir='ltr'><strong>comment.</strong></span> <span class='ocrx_word' id='word_1_813' title='bbox 2984 5269 3049 5325; x_wconf 89' lang='lat' dir='ltr'><strong>N.</strong></span> <span class='ocrx_word' id='word_1_814' title='bbox 3079 5272 3144 5326; x_wconf 87' lang='grc' dir='ltr'><strong>Τ.</strong></span> <span class='ocrx_word' id='word_1_815' title='bbox 3169 5314 3185 5339; x_wconf 82' lang='grc'><strong><em>,</em></strong></span> <span class='ocrx_word' id='word_1_816' title='bbox 3216 5289 3265 5329; x_wconf 91' lang='lat' dir='ltr'><strong>c.</strong></span> <span class='ocrx_word' id='word_1_817' title='bbox 3296 5274 3399 5341; x_wconf 79' lang='grc'><strong>25,</strong></span> <span class='ocrx_word' id='word_1_818' title='bbox 3434 5292 3485 5338; x_wconf 82' lang='lat' dir='ltr'><strong>n.</strong></span> <span class='ocrx_word' id='word_1_819' title='bbox 3516 5280 3657 5335; x_wconf 73' lang='lat'><strong>335..</strong></span> 
     </span>
    </p>
   </div>
   <div class='ocr_carea' id='block_1_112' title="bbox 2074 5330 3535 5413">
    <p class='ocr_par' dir='ltr' id='par_1_112' title="bbox 2074 5330 3535 5413">
     <span class='ocr_line' id='line_1_112' title="bbox 2074 5330 3535 5413; baseline 0.011 -30"><span class='ocrx_word' id='word_1_820' title='bbox 2074 5330 2281 5413; x_wconf 42' lang='lat' dir='ltr'><strong>Luc-ith</strong></span> <span class='ocrx_word' id='word_1_821' title='bbox 2305 5331 2475 5413; x_wconf 60' lang='lat' dir='ltr'><strong>debeo</strong></span> <span class='ocrx_word' id='word_1_822' title='bbox 2507 5330 3150 5413; x_wconf 56' lang='lat' dir='ltr'><strong>lluddeoLlsagogJom.</strong></span> <span class='ocrx_word' id='word_1_823' title='bbox 3172 5330 3221 5397; x_wconf 72' lang='lat' dir='ltr'><strong>Il</strong></span> <span class='ocrx_word' id='word_1_824' title='bbox 3244 5388 3257 5409; x_wconf 93' lang='lat'><strong>,</strong></span> <span class='ocrx_word' id='word_1_825' title='bbox 3293 5361 3344 5413; x_wconf 89' lang='lat' dir='ltr'><strong>p.</strong></span> <span class='ocrx_word' id='word_1_826' title='bbox 3380 5330 3535 5402; x_wconf 62' lang='lat' dir='ltr'><strong>i629.</strong></span> 
     </span>
    </p>
   </div>
   <div class='ocr_carea' id='block_1_113' title="bbox 2142 5400 3032 5474">
    <p class='ocr_par' dir='ltr' id='par_1_113' title="bbox 2142 5400 3032 5474">
     <span class='ocr_line' id='line_1_113' title="bbox 2142 5400 3032 5474; baseline 0.004 -15"><span class='ocrx_word' id='word_1_827' title='bbox 2142 5403 2213 5474; x_wconf 83' lang='lat' dir='ltr'><strong>(j)</strong></span> <span class='ocrx_word' id='word_1_828' title='bbox 2252 5400 2598 5474; x_wconf 54' lang='lat' dir='ltr'><strong>[IdGlossan</strong></span> <span class='ocrx_word' id='word_1_829' title='bbox 2634 5404 2696 5456; x_wconf 85' lang='lat' dir='ltr'><strong>N.</strong></span> <span class='ocrx_word' id='word_1_830' title='bbox 2733 5400 2827 5466; x_wconf 84' lang='lat' dir='ltr'><strong>T.,</strong></span> <span class='ocrx_word' id='word_1_831' title='bbox 2859 5400 2909 5474; x_wconf 75' lang='grc' dir='ltr'><strong>ιῖ.</strong></span> <span class='ocrx_word' id='word_1_832' title='bbox 2935 5400 3032 5463; x_wconf 62' lang='grc'><strong>“78.</strong></span> 
     </span>
    </p>
   </div>
   <div class='ocr_carea' id='block_1_114' title="bbox 2143 5469 3657 5544">
    <p class='ocr_par' dir='ltr' id='par_1_114' title="bbox 2143 5469 3657 5544">
     <span class='ocr_line' id='line_1_114' title="bbox 2143 5469 3657 5544; baseline 0.012 -23"><span class='ocrx_word' id='word_1_833' title='bbox 2143 5469 2383 5544; x_wconf 46' lang='lat' dir='ltr'><strong>(lilﬁfide</strong></span> <span class='ocrx_word' id='word_1_834' title='bbox 2420 5470 2717 5544; x_wconf 20' lang='lat' dir='ltr'><strong>‘Cltristian.</strong></span> <span class='ocrx_word' id='word_1_835' title='bbox 2750 5469 2950 5531; x_wconf 76' lang='lat' dir='ltr'><strong>Gotltb.</strong></span> <span class='ocrx_word' id='word_1_836' title='bbox 2986 5481 3343 5538; x_wconf 75' lang='lat' dir='ltr'><strong>Schwarzium</strong></span> <span class='ocrx_word' id='word_1_837' title='bbox 3391 5487 3441 5541; x_wconf 85' lang='lat' dir='ltr'><strong>iu</strong></span> <span class='ocrx_word' id='word_1_838' title='bbox 3474 5489 3657 5544; x_wconf 55' lang='lat' dir='ltr'><strong>Scitus.</strong></span> 
     </span>
    </p>
   </div>
   <div class='ocr_carea' id='block_1_115' title="bbox 2077 5537 3129 5615">
    <p class='ocr_par' dir='ltr' id='par_1_115' title="bbox 2077 5537 3129 5615">
     <span class='ocr_line' id='line_1_115' title="bbox 2077 5537 3129 5615; baseline 0.009 -23"><span class='ocrx_word' id='word_1_839' title='bbox 2077 5537 2165 5594; x_wconf 84' lang='lat' dir='ltr'><strong>liis</strong></span> <span class='ocrx_word' id='word_1_840' title='bbox 2196 5537 2334 5595; x_wconf 85' lang='lat' dir='ltr'><strong>Phil.</strong></span> <span class='ocrx_word' id='word_1_841' title='bbox 2367 5540 2431 5595; x_wconf 87' lang='lat' dir='ltr'><strong>ad</strong></span> <span class='ocrx_word' id='word_1_842' title='bbox 2465 5556 2685 5610; x_wconf 72' lang='lat' dir='ltr'><strong>procem.</strong></span> <span class='ocrx_word' id='word_1_843' title='bbox 2722 5544 2922 5614; x_wconf 78' lang='lat' dir='ltr'><strong>lnstit.,</strong></span> <span class='ocrx_word' id='word_1_844' title='bbox 2958 5566 3006 5615; x_wconf 79' lang='grc' dir='ltr'>ιι.</span> <span class='ocrx_word' id='word_1_845' title='bbox 3041 5552 3129 5606; x_wconf 74' lang='lat'><strong>25.</strong></span> 
     </span>
    </p>
   </div>
  </div>
