  <div class='ocr_page' id='page_1' title='image "/cluster/home/n/w/nwhite01/storage/ocr_20150623/68/hvd.32044054758719/037.png"; bbox 0 0 4100 6194; ppageno 0'>
   <div class='ocr_carea' id='block_1_1' title="bbox 452 312 2049 377">
    <p class='ocr_par' dir='ltr' id='par_1_1' title="bbox 452 313 2049 370">
     <span class='ocr_line' id='line_1_1' title="bbox 452 313 2049 370; baseline 0.002 -3"><span class='ocrx_word' id='word_1_1' title='bbox 452 313 519 367; x_wconf 74' lang='grc'><strong><em>5⁸)</em></strong></span> <span class='ocrx_word' id='word_1_2' title='bbox 1921 314 2049 370; x_wconf 73' lang='grc' dir='ltr'><strong><em>ΔΒΑ</em></strong></span> 
     </span>
    </p>
   </div>
   <div class='ocr_carea' id='block_1_2' title="bbox 2145 312 3700 377">
    <p class='ocr_par' dir='ltr' id='par_1_2' title="bbox 2145 312 3700 377">
     <span class='ocr_line' id='line_1_2' title="bbox 2145 312 3700 377; baseline 0.005 -8"><span class='ocrx_word' id='word_1_3' title='bbox 2145 312 2226 372; x_wconf 65' lang='lat'><strong><em>&gt;3.</em></strong></span> <span class='ocrx_word' id='word_1_4' title='bbox 3633 321 3700 377; x_wconf 65' lang='grc' dir='ltr'><strong><em>οὐ</em></strong></span> 
     </span>
    </p>
   </div>
   <div class='ocr_carea' id='block_1_3' title="bbox 449 421 3705 509">
    <p class='ocr_par' dir='ltr' id='par_1_3' title="bbox 449 421 3705 509">
     <span class='ocr_line' id='line_1_3' title="bbox 449 421 3705 509; baseline 0.002 -29"><span class='ocrx_word' id='word_1_5' title='bbox 449 427 526 480; x_wconf 89' lang='lat' dir='ltr'><strong><em>De</em></strong></span> <span class='ocrx_word' id='word_1_6' title='bbox 547 442 605 479; x_wconf 78' lang='lat' dir='ltr'><strong><em>eo</em></strong></span> <span class='ocrx_word' id='word_1_7' title='bbox 637 426 715 479; x_wconf 58' lang='lat' dir='ltr'><strong><em>tibi</em></strong></span> <span class='ocrx_word' id='word_1_8' title='bbox 746 422 939 481; x_wconf 75' lang='lat' dir='ltr'><strong><em>Paulus</em></strong></span> <span class='ocrx_word' id='word_1_9' title='bbox 963 428 1219 495; x_wconf 73' lang='lat' dir='ltr'><strong><em>inﬁrmum</em></strong></span> <span class='ocrx_word' id='word_1_10' title='bbox 1246 429 1455 499; x_wconf 75' lang='lat' dir='ltr'><strong><em>pedibus</em></strong></span> <span class='ocrx_word' id='word_1_11' title='bbox 1490 426 1688 482; x_wconf 79' lang='lat' dir='ltr'><strong><em>curavit</em></strong></span> <span class='ocrx_word' id='word_1_12' title='bbox 1729 428 1779 481; x_wconf 89' lang='lat' dir='ltr'><strong><em>in</em></strong></span> <span class='ocrx_word' id='word_1_13' title='bbox 1803 426 2096 493; x_wconf 77' lang='lat' dir='ltr'><strong><em>Lystris,A</em></strong></span> <span class='ocrx_word' id='word_1_14' title='bbox 2118 438 2268 492; x_wconf 84' lang='lat' dir='ltr'><strong><em>Spem</em></strong></span> <span class='ocrx_word' id='word_1_15' title='bbox 2309 421 2547 477; x_wconf 88' lang='lat' dir='ltr'><strong><em>omnium</em></strong></span> <span class='ocrx_word' id='word_1_16' title='bbox 2585 422 2863 509; x_wconf 69' lang='lat' dir='ltr'><strong><em>implevit,</em></strong></span> <span class='ocrx_word' id='word_1_17' title='bbox 2892 424 3119 496; x_wconf 74' lang='lat' dir='ltr'><strong><em>insigne,</em></strong></span> <span class='ocrx_word' id='word_1_18' title='bbox 3169 426 3549 495; x_wconf 79' lang='lat' dir='ltr'><strong><em>quoddudum</em></strong></span> <span class='ocrx_word' id='word_1_19' title='bbox 3587 433 3705 488; x_wconf 74' lang='lat' dir='ltr'><strong><em>fore</em></strong></span> 
     </span>
    </p>
   </div>
   <div class='ocr_carea' id='block_1_4' title="bbox 520 511 751 572">
    <p class='ocr_par' dir='ltr' id='par_1_4' title="bbox 520 511 751 572">
     <span class='ocr_line' id='line_1_4' title="bbox 520 511 751 572; baseline 0.017 -4"><span class='ocrx_word' id='word_1_20' title='bbox 520 533 597 570; x_wconf 88' lang='lat' dir='ltr'><strong><em>vs.</em></strong></span> <span class='ocrx_word' id='word_1_21' title='bbox 617 511 751 572; x_wconf 82' lang='grc'><strong>156.</strong></span> 
     </span>
    </p>
   </div>
   <div class='ocr_carea' id='block_1_5' title="bbox 448 604 2015 681">
    <p class='ocr_par' dir='ltr' id='par_1_5' title="bbox 448 604 2015 681">
     <span class='ocr_line' id='line_1_5' title="bbox 448 604 2015 681; baseline 0.006 -22"><span class='ocrx_word' id='word_1_22' title='bbox 448 604 525 660; x_wconf 83' lang='lat' dir='ltr'><strong><em>De</em></strong></span> <span class='ocrx_word' id='word_1_23' title='bbox 549 623 607 660; x_wconf 85' lang='lat' dir='ltr'><strong><em>eo</em></strong></span> <span class='ocrx_word' id='word_1_24' title='bbox 654 609 738 660; x_wconf 76' lang='lat' dir='ltr'><strong><em>ubi</em></strong></span> <span class='ocrx_word' id='word_1_25' title='bbox 798 606 991 662; x_wconf 86' lang='lat' dir='ltr'><strong><em>Paulus</em></strong></span> <span class='ocrx_word' id='word_1_26' title='bbox 1042 608 1452 681; x_wconf 80' lang='lat' dir='ltr'><strong><em>Hierosolymam</em></strong></span> <span class='ocrx_word' id='word_1_27' title='bbox 1501 611 1658 667; x_wconf 86' lang='lat' dir='ltr'><strong><em>Petro</em></strong></span> <span class='ocrx_word' id='word_1_28' title='bbox 1689 618 1760 668; x_wconf 74' lang='lat' dir='ltr'><strong><em>vel</em></strong></span> <span class='ocrx_word' id='word_1_29' title='bbox 1821 616 2015 668; x_wconf 88' lang='lat' dir='ltr'><strong><em>cunctis</em></strong></span> 
     </span>
    </p>
   </div>
   <div class='ocr_carea' id='block_1_6' title="bbox 516 698 2015 772">
    <p class='ocr_par' dir='ltr' id='par_1_6' title="bbox 516 698 2015 772">
     <span class='ocr_line' id='line_1_6' title="bbox 516 698 2015 772; baseline 0.005 -22"><span class='ocrx_word' id='word_1_30' title='bbox 516 698 774 767; x_wconf 80' lang='lat' dir='ltr'><strong><em>Apostolis</em></strong></span> <span class='ocrx_word' id='word_1_31' title='bbox 815 698 878 752; x_wconf 87' lang='lat' dir='ltr'><strong><em>de</em></strong></span> <span class='ocrx_word' id='word_1_32' title='bbox 916 702 1319 768; x_wconf 66' lang='lat' dir='ltr'><strong><em>circumcisione,</em></strong></span> <span class='ocrx_word' id='word_1_33' title='bbox 1348 720 1503 772; x_wconf 90' lang='lat' dir='ltr'><strong><em>quam</em></strong></span> <span class='ocrx_word' id='word_1_34' title='bbox 1530 703 1701 759; x_wconf 69' lang='lat' dir='ltr'><strong><em>Judaei</em></strong></span> <span class='ocrx_word' id='word_1_35' title='bbox 1734 715 2015 771; x_wconf 85' lang='lat' dir='ltr'><strong><em>moverant,</em></strong></span> 
     </span>
    </p>
   </div>
   <div class='ocr_carea' id='block_1_7' title="bbox 515 789 1330 858">
    <p class='ocr_par' dir='ltr' id='par_1_7' title="bbox 515 789 1330 858">
     <span class='ocr_line' id='line_1_7' title="bbox 515 789 1330 858; baseline 0.007 -19"><span class='ocrx_word' id='word_1_36' title='bbox 515 789 684 841; x_wconf 86' lang='lat' dir='ltr'><strong><em>intulit</em></strong></span> <span class='ocrx_word' id='word_1_37' title='bbox 709 791 1061 858; x_wconf 77' lang='lat' dir='ltr'><strong><em>quazstionem,</em></strong></span> <span class='ocrx_word' id='word_1_38' title='bbox 1089 805 1168 846; x_wconf 90' lang='lat' dir='ltr'><strong><em>vs.</em></strong></span> <span class='ocrx_word' id='word_1_39' title='bbox 1202 791 1330 845; x_wconf 59' lang='lat'><strong>242.</strong></span> 
     </span>
    </p>
   </div>
   <div class='ocr_carea' id='block_1_8' title="bbox 447 862 2015 957">
    <p class='ocr_par' dir='ltr' id='par_1_8' title="bbox 447 862 2015 957">
     <span class='ocr_line' id='line_1_8' title="bbox 447 862 2015 957; baseline 0.006 -26"><span class='ocrx_word' id='word_1_40' title='bbox 447 877 524 931; x_wconf 86' lang='lat' dir='ltr'><strong><em>De</em></strong></span> <span class='ocrx_word' id='word_1_41' title='bbox 550 895 607 932; x_wconf 90' lang='lat' dir='ltr'><strong><em>eo</em></strong></span> <span class='ocrx_word' id='word_1_42' title='bbox 631 879 714 931; x_wconf 85' lang='lat' dir='ltr'><strong><em>ubi</em></strong></span> <span class='ocrx_word' id='word_1_43' title='bbox 736 878 931 933; x_wconf 80' lang='lat' dir='ltr'><strong><em>Paulus</em></strong></span> <span class='ocrx_word' id='word_1_44' title='bbox 962 897 995 933; x_wconf 90' lang='lat' dir='ltr'><strong><em>a</em></strong></span> <span class='ocrx_word' id='word_1_45' title='bbox 1027 880 1221 948; x_wconf 76' lang='lat' dir='ltr'><strong><em>Spiritu</em></strong></span> <span class='ocrx_word' id='word_1_46' title='bbox 1250 882 1545 951; x_wconf 74' lang='lat' dir='ltr'><strong><em>prohibetur</em></strong></span> <span class='ocrx_word' id='word_1_47' title='bbox 1568 884 1621 938; x_wconf 85' lang='lat' dir='ltr'><strong><em>in</em></strong></span> <span class='ocrx_word' id='word_1_48' title='bbox 1649 862 2015 957; x_wconf 55' lang='lat' dir='ltr'><strong><em>Achaiailege</em></strong></span> 
     </span>
    </p>
   </div>
   <div class='ocr_carea' id='block_1_9' title="bbox 519 969 1257 1042">
    <p class='ocr_par' dir='ltr' id='par_1_9' title="bbox 519 969 1257 1042">
     <span class='ocr_line' id='line_1_9' title="bbox 519 969 1257 1042; baseline 0.001 -17"><span class='ocrx_word' id='word_1_49' title='bbox 519 969 661 1042; x_wconf 79' lang='lat' dir='ltr'><strong><em>Asia]</em></strong></span> <span class='ocrx_word' id='word_1_50' title='bbox 691 973 993 1041; x_wconf 73' lang='lat' dir='ltr'><strong><em>prmdicare,</em></strong></span> <span class='ocrx_word' id='word_1_51' title='bbox 1021 988 1101 1028; x_wconf 89' lang='lat' dir='ltr'><strong><em>vs.</em></strong></span> <span class='ocrx_word' id='word_1_52' title='bbox 1133 976 1257 1029; x_wconf 79' lang='lat'><strong>507.</strong></span> 
     </span>
    </p>
   </div>
   <div class='ocr_carea' id='block_1_10' title="bbox 448 1059 2017 1140">
    <p class='ocr_par' dir='ltr' id='par_1_10' title="bbox 448 1059 2017 1140">
     <span class='ocr_line' id='line_1_10' title="bbox 448 1059 2017 1140; baseline 0.006 -25"><span class='ocrx_word' id='word_1_53' title='bbox 448 1060 527 1115; x_wconf 86' lang='lat' dir='ltr'><strong><em>De</em></strong></span> <span class='ocrx_word' id='word_1_54' title='bbox 551 1077 612 1116; x_wconf 80' lang='grc' dir='ltr'><strong><em>ε)</em></strong></span> <span class='ocrx_word' id='word_1_55' title='bbox 640 1062 723 1114; x_wconf 88' lang='lat' dir='ltr'><strong><em>ubi</em></strong></span> <span class='ocrx_word' id='word_1_56' title='bbox 753 1061 951 1117; x_wconf 88' lang='lat' dir='ltr'><strong><em>Paulus</em></strong></span> <span class='ocrx_word' id='word_1_57' title='bbox 981 1064 1032 1117; x_wconf 89' lang='lat' dir='ltr'><strong><em>in</em></strong></span> <span class='ocrx_word' id='word_1_58' title='bbox 1060 1062 1318 1134; x_wconf 88' lang='lat' dir='ltr'><strong><em>Philippis</em></strong></span> <span class='ocrx_word' id='word_1_59' title='bbox 1348 1082 1381 1119; x_wconf 89' lang='lat' dir='ltr'><strong><em>a</em></strong></span> <span class='ocrx_word' id='word_1_60' title='bbox 1406 1059 1577 1137; x_wconf 86' lang='lat' dir='ltr'><strong><em>puella</em></strong></span> <span class='ocrx_word' id='word_1_61' title='bbox 1607 1067 2017 1140; x_wconf 86' lang='lat' dir='ltr'><strong><em>Pithonemjus-</em></strong></span> 
     </span>
    </p>
   </div>
   <div class='ocr_carea' id='block_1_11' title="bbox 516 1153 1027 1221">
    <p class='ocr_par' dir='ltr' id='par_1_11' title="bbox 516 1153 1027 1221">
     <span class='ocr_line' id='line_1_11' title="bbox 516 1153 1027 1221; baseline 0.006 -17"><span class='ocrx_word' id='word_1_62' title='bbox 516 1153 581 1205; x_wconf 90' lang='lat' dir='ltr'><strong><em>sit</em></strong></span> <span class='ocrx_word' id='word_1_63' title='bbox 610 1153 766 1221; x_wconf 65' lang='lat' dir='ltr'><strong><em>exire,</em></strong></span> <span class='ocrx_word' id='word_1_64' title='bbox 791 1167 872 1206; x_wconf 87' lang='lat' dir='ltr'><strong><em>vs.</em></strong></span> <span class='ocrx_word' id='word_1_65' title='bbox 904 1154 1027 1209; x_wconf 75' lang='lat'><strong><em>585.</em></strong></span> 
     </span>
    </p>
   </div>
   <div class='ocr_carea' id='block_1_12' title="bbox 448 1242 2023 1321">
    <p class='ocr_par' dir='ltr' id='par_1_12' title="bbox 448 1242 2023 1321">
     <span class='ocr_line' id='line_1_12' title="bbox 448 1242 2023 1321; baseline 0.006 -27"><span class='ocrx_word' id='word_1_66' title='bbox 448 1242 525 1295; x_wconf 85' lang='lat' dir='ltr'><strong><em>De</em></strong></span> <span class='ocrx_word' id='word_1_67' title='bbox 554 1258 612 1295; x_wconf 91' lang='lat' dir='ltr'><strong><em>eo</em></strong></span> <span class='ocrx_word' id='word_1_68' title='bbox 643 1242 728 1296; x_wconf 86' lang='lat' dir='ltr'><strong><em>ubi</em></strong></span> <span class='ocrx_word' id='word_1_69' title='bbox 771 1242 969 1296; x_wconf 83' lang='lat' dir='ltr'><strong><em>Paulus</em></strong></span> <span class='ocrx_word' id='word_1_70' title='bbox 1004 1260 1119 1298; x_wconf 90' lang='lat' dir='ltr'><strong><em>cum</em></strong></span> <span class='ocrx_word' id='word_1_71' title='bbox 1147 1243 1456 1318; x_wconf 71' lang='lat' dir='ltr'><strong><em>Epicuraeis,</em></strong></span> <span class='ocrx_word' id='word_1_72' title='bbox 1489 1247 1679 1304; x_wconf 86' lang='lat' dir='ltr'><strong><em>Stoicis</em></strong></span> <span class='ocrx_word' id='word_1_73' title='bbox 1705 1249 2023 1321; x_wconf 81' lang='lat' dir='ltr'><strong><em>philosOphis</em></strong></span> 
     </span>
    </p>
   </div>
   <div class='ocr_carea' id='block_1_13' title="bbox 519 1335 1071 1402">
    <p class='ocr_par' dir='ltr' id='par_1_13' title="bbox 519 1335 1071 1402">
     <span class='ocr_line' id='line_1_13' title="bbox 519 1335 1071 1402; baseline 0.011 -17"><span class='ocrx_word' id='word_1_74' title='bbox 519 1336 809 1402; x_wconf 81' lang='lat' dir='ltr'><strong><em>decertarit,</em></strong></span> <span class='ocrx_word' id='word_1_75' title='bbox 838 1350 916 1390; x_wconf 89' lang='lat' dir='ltr'><strong><em>vs.</em></strong></span> <span class='ocrx_word' id='word_1_76' title='bbox 945 1335 1071 1391; x_wconf 67' lang='grc'><strong>415.</strong></span> 
     </span>
    </p>
   </div>
   <div class='ocr_carea' id='block_1_14' title="bbox 448 1422 2022 1507">
    <p class='ocr_par' dir='ltr' id='par_1_14' title="bbox 448 1422 2022 1507">
     <span class='ocr_line' id='line_1_14' title="bbox 448 1422 2022 1507; baseline 0.01 -31"><span class='ocrx_word' id='word_1_77' title='bbox 448 1422 526 1476; x_wconf 83' lang='lat' dir='ltr'><strong><em>De</em></strong></span> <span class='ocrx_word' id='word_1_78' title='bbox 547 1441 603 1477; x_wconf 88' lang='lat' dir='ltr'><strong><em>eo</em></strong></span> <span class='ocrx_word' id='word_1_79' title='bbox 631 1425 717 1477; x_wconf 85' lang='lat' dir='ltr'><strong><em>ubi</em></strong></span> <span class='ocrx_word' id='word_1_80' title='bbox 747 1424 947 1493; x_wconf 80' lang='lat' dir='ltr'><strong><em>Pau.’us</em></strong></span> <span class='ocrx_word' id='word_1_81' title='bbox 973 1426 1203 1482; x_wconf 81' lang='lat' dir='ltr'><strong><em>Corinthi</em></strong></span> <span class='ocrx_word' id='word_1_82' title='bbox 1230 1432 1372 1500; x_wconf 86' lang='lat' dir='ltr'><strong><em>apud</em></strong></span> <span class='ocrx_word' id='word_1_83' title='bbox 1407 1431 1646 1502; x_wconf 78' lang='lat' dir='ltr'><strong><em>Aquilam</em></strong></span> <span class='ocrx_word' id='word_1_84' title='bbox 1692 1451 1899 1490; x_wconf 86' lang='lat' dir='ltr'><strong><em>manens</em></strong></span> <span class='ocrx_word' id='word_1_85' title='bbox 1930 1452 2022 1507; x_wconf 88' lang='lat' dir='ltr'><strong><em>po-</em></strong></span> 
     </span>
    </p>
   </div>
   <div class='ocr_carea' id='block_1_15' title="bbox 518 1515 1634 1589">
    <p class='ocr_par' dir='ltr' id='par_1_15' title="bbox 518 1515 1634 1589">
     <span class='ocr_line' id='line_1_15' title="bbox 518 1515 1634 1589; baseline 0.01 -20"><span class='ocrx_word' id='word_1_86' title='bbox 518 1517 695 1586; x_wconf 88' lang='lat' dir='ltr'><strong><em>pulum</em></strong></span> <span class='ocrx_word' id='word_1_87' title='bbox 722 1515 962 1571; x_wconf 71' lang='lat' dir='ltr'><strong><em>donvcrtit</em></strong></span> <span class='ocrx_word' id='word_1_88' title='bbox 987 1519 1055 1570; x_wconf 85' lang='lat' dir='ltr'><strong><em>ad</em></strong></span> <span class='ocrx_word' id='word_1_89' title='bbox 1085 1519 1360 1589; x_wconf 70' lang='lat' dir='ltr'><strong><em>Christum,</em></strong></span> <span class='ocrx_word' id='word_1_90' title='bbox 1395 1537 1474 1577; x_wconf 90' lang='lat' dir='ltr'><strong><em>vs.</em></strong></span> <span class='ocrx_word' id='word_1_91' title='bbox 1507 1524 1634 1580; x_wconf 81' lang='lat'><strong>506.</strong></span> 
     </span>
    </p>
   </div>
   <div class='ocr_carea' id='block_1_16' title="bbox 451 1606 2029 1685">
    <p class='ocr_par' dir='ltr' id='par_1_16' title="bbox 451 1606 2029 1685">
     <span class='ocr_line' id='line_1_16' title="bbox 451 1606 2029 1685; baseline 0.007 -27"><span class='ocrx_word' id='word_1_92' title='bbox 451 1607 528 1677; x_wconf 69' lang='lat' dir='ltr'><strong><em>pe</em></strong></span> <span class='ocrx_word' id='word_1_93' title='bbox 551 1623 608 1659; x_wconf 86' lang='lat' dir='ltr'><strong><em>eo</em></strong></span> <span class='ocrx_word' id='word_1_94' title='bbox 632 1606 717 1660; x_wconf 87' lang='lat' dir='ltr'><strong><em>ubi</em></strong></span> <span class='ocrx_word' id='word_1_95' title='bbox 746 1606 947 1662; x_wconf 90' lang='lat' dir='ltr'><strong><em>Paulus</em></strong></span> <span class='ocrx_word' id='word_1_96' title='bbox 968 1608 1160 1679; x_wconf 78' lang='lat' dir='ltr'><strong><em>Ephesi</em></strong></span> <span class='ocrx_word' id='word_1_97' title='bbox 1188 1613 1253 1667; x_wconf 77' lang='grc'><strong>12</strong></span> <span class='ocrx_word' id='word_1_98' title='bbox 1276 1614 1434 1680; x_wconf 86' lang='lat' dir='ltr'><strong><em>viros,</em></strong></span> <span class='ocrx_word' id='word_1_99' title='bbox 1459 1615 1545 1683; x_wconf 91' lang='lat' dir='ltr'><strong><em>qui</em></strong></span> <span class='ocrx_word' id='word_1_100' title='bbox 1582 1631 1614 1668; x_wconf 91' lang='lat' dir='ltr'><strong><em>a</em></strong></span> <span class='ocrx_word' id='word_1_101' title='bbox 1643 1613 1843 1669; x_wconf 81' lang='lat' dir='ltr'><strong><em>Joanne</em></strong></span> <span class='ocrx_word' id='word_1_102' title='bbox 1863 1615 2029 1685; x_wconf 85' lang='lat' dir='ltr'><strong><em>bapti-</em></strong></span> 
     </span>
    </p>
   </div>
   <div class='ocr_carea' id='block_1_17' title="bbox 518 1698 1675 1771">
    <p class='ocr_par' dir='ltr' id='par_1_17' title="bbox 518 1698 1675 1771">
     <span class='ocr_line' id='line_1_17' title="bbox 518 1698 1675 1771; baseline 0.006 -20"><span class='ocrx_word' id='word_1_103' title='bbox 518 1700 621 1751; x_wconf 75' lang='lat' dir='ltr'><strong><em>sati</em></strong></span> <span class='ocrx_word' id='word_1_104' title='bbox 648 1709 786 1769; x_wconf 86' lang='lat' dir='ltr'><strong><em>sunt,</em></strong></span> <span class='ocrx_word' id='word_1_105' title='bbox 815 1700 869 1752; x_wconf 86' lang='lat' dir='ltr'><strong><em>in</em></strong></span> <span class='ocrx_word' id='word_1_106' title='bbox 890 1698 1091 1754; x_wconf 79' lang='lat' dir='ltr'><strong><em>Christo</em></strong></span> <span class='ocrx_word' id='word_1_107' title='bbox 1111 1701 1407 1771; x_wconf 73' lang='lat' dir='ltr'><strong><em>baptizavit,</em></strong></span> <span class='ocrx_word' id='word_1_108' title='bbox 1434 1719 1515 1759; x_wconf 87' lang='lat' dir='ltr'><strong>vs.</strong></span> <span class='ocrx_word' id='word_1_109' title='bbox 1548 1704 1675 1760; x_wconf 84' lang='lat'><strong>569.</strong></span> 
     </span>
    </p>
   </div>
   <div class='ocr_carea' id='block_1_18' title="bbox 2122 514 3684 589">
    <p class='ocr_par' dir='ltr' id='par_1_18' title="bbox 2122 514 3684 589">
     <span class='ocr_line' id='line_1_18' title="bbox 2122 514 3684 589; baseline 0.006 -20"><span class='ocrx_word' id='word_1_110' title='bbox 2122 514 2438 584; x_wconf 80' lang='lat' dir='ltr'><strong><em>augurabar,</em></strong></span> <span class='ocrx_word' id='word_1_111' title='bbox 2470 530 2737 572; x_wconf 84' lang='lat' dir='ltr'><strong><em>musarum</em></strong></span> <span class='ocrx_word' id='word_1_112' title='bbox 2780 529 3081 573; x_wconf 90' lang='lat' dir='ltr'><strong><em>nostrarum</em></strong></span> <span class='ocrx_word' id='word_1_113' title='bbox 3114 519 3278 574; x_wconf 85' lang='lat' dir='ltr'><strong><em>decus</em></strong></span> <span class='ocrx_word' id='word_1_114' title='bbox 3322 529 3375 575; x_wconf 90' lang='lat' dir='ltr'><strong><em>et</em></strong></span> <span class='ocrx_word' id='word_1_115' title='bbox 3416 538 3684 589; x_wconf 71' lang='lat' dir='ltr'><strong><em>ornatnen</em></strong></span> 
     </span>
    </p>
   </div>
   <div class='ocr_carea' id='block_1_19' title="bbox 2124 604 3700 685">
    <p class='ocr_par' dir='ltr' id='par_1_19' title="bbox 2124 604 3700 685">
     <span class='ocr_line' id='line_1_19' title="bbox 2124 604 3700 685; baseline 0.009 -28"><span class='ocrx_word' id='word_1_116' title='bbox 2124 614 2255 659; x_wconf 90' lang='lat' dir='ltr'><strong><em>tum.</em></strong></span> <span class='ocrx_word' id='word_1_117' title='bbox 2288 604 2549 661; x_wconf 76' lang='lat' dir='ltr'><strong><em>Caeterum</em></strong></span> <span class='ocrx_word' id='word_1_118' title='bbox 2571 607 2737 663; x_wconf 84' lang='lat' dir='ltr'><strong><em>codex</em></strong></span> <span class='ocrx_word' id='word_1_119' title='bbox 2764 611 2981 676; x_wconf 83' lang='lat' dir='ltr'><strong><em>primus,</em></strong></span> <span class='ocrx_word' id='word_1_120' title='bbox 3006 611 3078 663; x_wconf 88' lang='lat' dir='ltr'><strong><em>ita</em></strong></span> <span class='ocrx_word' id='word_1_121' title='bbox 3112 610 3287 665; x_wconf 87' lang='lat' dir='ltr'><strong><em>dietus</em></strong></span> <span class='ocrx_word' id='word_1_122' title='bbox 3318 613 3439 680; x_wconf 83' lang='lat' dir='ltr'><strong><em>quia</em></strong></span> <span class='ocrx_word' id='word_1_123' title='bbox 3472 616 3700 685; x_wconf 73' lang='lat' dir='ltr'><strong><em>reliquis</em></strong></span> 
     </span>
    </p>
   </div>
   <div class='ocr_carea' id='block_1_20' title="bbox 2123 697 3699 772">
    <p class='ocr_par' dir='ltr' id='par_1_20' title="bbox 2123 697 3699 772">
     <span class='ocr_line' id='line_1_20' title="bbox 2123 697 3699 772; baseline 0.009 -26"><span class='ocrx_word' id='word_1_124' title='bbox 2123 705 2379 762; x_wconf 59' lang='lat' dir='ltr'><strong><em>praestare</em></strong></span> <span class='ocrx_word' id='word_1_125' title='bbox 2406 697 2703 764; x_wconf 80' lang='lat' dir='ltr'><strong><em>videbatur,</em></strong></span> <span class='ocrx_word' id='word_1_126' title='bbox 2729 698 2898 752; x_wconf 77' lang='lat' dir='ltr'><strong><em>forma</em></strong></span> <span class='ocrx_word' id='word_1_127' title='bbox 2945 706 3026 753; x_wconf 88' lang='lat' dir='ltr'><strong><em>est</em></strong></span> <span class='ocrx_word' id='word_1_128' title='bbox 3054 710 3263 765; x_wconf 89' lang='lat' dir='ltr'><strong><em>octava,</em></strong></span> <span class='ocrx_word' id='word_1_129' title='bbox 3301 703 3489 772; x_wconf 84' lang='lat' dir='ltr'><strong><em>reliqui</em></strong></span> <span class='ocrx_word' id='word_1_130' title='bbox 3520 715 3699 760; x_wconf 82' lang='lat' dir='ltr'><strong><em>autem</em></strong></span> 
     </span>
    </p>
   </div>
   <div class='ocr_carea' id='block_1_21' title="bbox 2124 786 3701 861">
    <p class='ocr_par' dir='ltr' id='par_1_21' title="bbox 2124 786 3701 861">
     <span class='ocr_line' id='line_1_21' title="bbox 2124 786 3701 861; baseline 0.01 -24"><span class='ocrx_word' id='word_1_131' title='bbox 2124 796 2332 855; x_wconf 90' lang='lat' dir='ltr'><strong><em>quarta.</em></strong></span> <span class='ocrx_word' id='word_1_132' title='bbox 2358 786 2620 856; x_wconf 77' lang='lat' dir='ltr'><strong><em>lntegrum</em></strong></span> <span class='ocrx_word' id='word_1_133' title='bbox 2645 792 2922 844; x_wconf 78' lang='lat' dir='ltr'><strong><em>Aratorem</em></strong></span> <span class='ocrx_word' id='word_1_134' title='bbox 2964 792 3339 859; x_wconf 84' lang='lat' dir='ltr'><strong><em>complectitur</em></strong></span> <span class='ocrx_word' id='word_1_135' title='bbox 3358 797 3627 861; x_wconf 86' lang='lat' dir='ltr'><strong><em>secundus,</em></strong></span> <span class='ocrx_word' id='word_1_136' title='bbox 3653 800 3701 853; x_wconf 89' lang='lat' dir='ltr'><strong><em>si</em></strong></span> 
     </span>
    </p>
   </div>
   <div class='ocr_carea' id='block_1_22' title="bbox 2124 868 3699 951">
    <p class='ocr_par' dir='ltr' id='par_1_22' title="bbox 2124 868 3699 951">
     <span class='ocr_line' id='line_1_22' title="bbox 2124 868 3699 951; baseline 0.007 -21"><span class='ocrx_word' id='word_1_137' title='bbox 2124 878 2192 931; x_wconf 90' lang='lat' dir='ltr'><strong><em>ab</em></strong></span> <span class='ocrx_word' id='word_1_138' title='bbox 2219 879 2442 945; x_wconf 86' lang='lat' dir='ltr'><strong><em>epistola</em></strong></span> <span class='ocrx_word' id='word_1_139' title='bbox 2472 881 2539 933; x_wconf 89' lang='lat' dir='ltr'><strong><em>ad</em></strong></span> <span class='ocrx_word' id='word_1_140' title='bbox 2571 880 2877 935; x_wconf 85' lang='lat' dir='ltr'><strong><em>Florianum</em></strong></span> <span class='ocrx_word' id='word_1_141' title='bbox 2910 880 3253 948; x_wconf 85' lang='lat' dir='ltr'><strong><em>discesseris;</em></strong></span> <span class='ocrx_word' id='word_1_142' title='bbox 3290 868 3485 951; x_wconf 80' lang='lat' dir='ltr'><strong><em>primus</em></strong></span> <span class='ocrx_word' id='word_1_143' title='bbox 3521 896 3699 942; x_wconf 87' lang='lat' dir='ltr'><strong><em>autem</em></strong></span> 
     </span>
    </p>
   </div>
   <div class='ocr_carea' id='block_1_23' title="bbox 2127 966 3698 1040">
    <p class='ocr_par' dir='ltr' id='par_1_23' title="bbox 2127 966 3698 1040">
     <span class='ocr_line' id='line_1_23' title="bbox 2127 966 3698 1040; baseline 0.004 -19"><span class='ocrx_word' id='word_1_144' title='bbox 2127 966 2312 1035; x_wconf 86' lang='lat' dir='ltr'><strong><em>incipit</em></strong></span> <span class='ocrx_word' id='word_1_145' title='bbox 2340 966 2553 1021; x_wconf 87' lang='lat' dir='ltr'><strong><em>demum</em></strong></span> <span class='ocrx_word' id='word_1_146' title='bbox 2582 968 2679 1022; x_wconf 88' lang='lat' dir='ltr'><strong><em>lib.</em></strong></span> <span class='ocrx_word' id='word_1_147' title='bbox 2721 984 2758 1035; x_wconf 86' lang='grc' dir='ltr'>ι,</span> <span class='ocrx_word' id='word_1_148' title='bbox 2795 984 2949 1024; x_wconf 90' lang='lat' dir='ltr'><strong><em>versu</em></strong></span> <span class='ocrx_word' id='word_1_149' title='bbox 2975 969 3110 1035; x_wconf 67' lang='lat'><strong><em>427;</em></strong></span> <span class='ocrx_word' id='word_1_150' title='bbox 3145 971 3322 1024; x_wconf 86' lang='lat' dir='ltr'><strong><em>tertius</em></strong></span> <span class='ocrx_word' id='word_1_151' title='bbox 3354 985 3481 1025; x_wconf 87' lang='lat' dir='ltr'><strong><em>vero</em></strong></span> <span class='ocrx_word' id='word_1_152' title='bbox 3521 973 3612 1026; x_wconf 85' lang='lat' dir='ltr'><strong><em>lib.</em></strong></span> <span class='ocrx_word' id='word_1_153' title='bbox 3639 988 3698 1040; x_wconf 90' lang='lat' dir='ltr'><strong><em>tt,</em></strong></span> 
     </span>
    </p>
   </div>
   <div class='ocr_carea' id='block_1_24' title="bbox 2125 1053 3705 1126">
    <p class='ocr_par' dir='ltr' id='par_1_24' title="bbox 2125 1053 3705 1126">
     <span class='ocr_line' id='line_1_24' title="bbox 2125 1053 3705 1126; baseline 0.005 -19"><span class='ocrx_word' id='word_1_154' title='bbox 2125 1069 2205 1107; x_wconf 88' lang='lat' dir='ltr'><strong><em>vs.</em></strong></span> <span class='ocrx_word' id='word_1_155' title='bbox 2239 1053 2363 1113; x_wconf 62' lang='lat'><strong>704.</strong></span> <span class='ocrx_word' id='word_1_156' title='bbox 2396 1055 2493 1111; x_wconf 85' lang='lat' dir='ltr'><strong><em>Hic</em></strong></span> <span class='ocrx_word' id='word_1_157' title='bbox 2515 1065 2596 1110; x_wconf 88' lang='lat' dir='ltr'><strong><em>est</em></strong></span> <span class='ocrx_word' id='word_1_158' title='bbox 2619 1055 2857 1110; x_wconf 91' lang='lat' dir='ltr'><strong><em>omnium</em></strong></span> <span class='ocrx_word' id='word_1_159' title='bbox 2880 1058 3329 1126; x_wconf 89' lang='lat' dir='ltr'><strong><em>corruptissimus,</em></strong></span> <span class='ocrx_word' id='word_1_160' title='bbox 3357 1060 3424 1113; x_wconf 89' lang='lat' dir='ltr'><strong><em>ita</em></strong></span> <span class='ocrx_word' id='word_1_161' title='bbox 3456 1068 3515 1113; x_wconf 90' lang='lat' dir='ltr'><strong><em>ut</em></strong></span> <span class='ocrx_word' id='word_1_162' title='bbox 3540 1061 3705 1115; x_wconf 89' lang='lat' dir='ltr'><strong><em>libra-</em></strong></span> 
     </span>
    </p>
   </div>
   <div class='ocr_carea' id='block_1_25' title="bbox 2126 1146 3701 1219">
    <p class='ocr_par' dir='ltr' id='par_1_25' title="bbox 2126 1146 3701 1219">
     <span class='ocr_line' id='line_1_25' title="bbox 2126 1146 3701 1219; baseline 0.004 -20"><span class='ocrx_word' id='word_1_163' title='bbox 2126 1148 2261 1200; x_wconf 88' lang='lat' dir='ltr'><strong><em>rium</em></strong></span> <span class='ocrx_word' id='word_1_164' title='bbox 2300 1149 2387 1201; x_wconf 84' lang='lat' dir='ltr'><strong><em>vix</em></strong></span> <span class='ocrx_word' id='word_1_165' title='bbox 2435 1148 2619 1202; x_wconf 77' lang='lat' dir='ltr'><strong><em>Latine</em></strong></span> <span class='ocrx_word' id='word_1_166' title='bbox 2666 1148 2886 1203; x_wconf 87' lang='lat' dir='ltr'><strong><em>scivisse</em></strong></span> <span class='ocrx_word' id='word_1_167' title='bbox 2931 1146 3162 1213; x_wconf 87' lang='lat' dir='ltr'><strong><em>diceres,</em></strong></span> <span class='ocrx_word' id='word_1_168' title='bbox 3213 1164 3381 1219; x_wconf 89' lang='lat' dir='ltr'><strong><em>eaque</em></strong></span> <span class='ocrx_word' id='word_1_169' title='bbox 3426 1161 3509 1204; x_wconf 91' lang='lat' dir='ltr'><strong><em>est</em></strong></span> <span class='ocrx_word' id='word_1_170' title='bbox 3562 1154 3701 1206; x_wconf 84' lang='lat' dir='ltr'><strong><em>ratio</em></strong></span> 
     </span>
    </p>
   </div>
   <div class='ocr_carea' id='block_1_26' title="bbox 2128 1237 3695 1317">
    <p class='ocr_par' dir='ltr' id='par_1_26' title="bbox 2128 1237 3695 1317">
     <span class='ocr_line' id='line_1_26' title="bbox 2128 1237 3695 1317; baseline 0.003 -27"><span class='ocrx_word' id='word_1_171' title='bbox 2128 1237 2269 1305; x_wconf 92' lang='lat' dir='ltr'><strong><em>quod</em></strong></span> <span class='ocrx_word' id='word_1_172' title='bbox 2297 1237 2574 1307; x_wconf 89' lang='lat' dir='ltr'><strong><em>plerasque</em></strong></span> <span class='ocrx_word' id='word_1_173' title='bbox 2607 1253 2675 1293; x_wconf 91' lang='lat' dir='ltr'><strong><em>ex</em></strong></span> <span class='ocrx_word' id='word_1_174' title='bbox 2708 1252 2772 1292; x_wconf 88' lang='lat' dir='ltr'><strong><em>eo</em></strong></span> <span class='ocrx_word' id='word_1_175' title='bbox 2800 1238 3067 1317; x_wconf 83' lang='lat' dir='ltr'><strong><em>variantes</em></strong></span> <span class='ocrx_word' id='word_1_176' title='bbox 3098 1240 3286 1293; x_wconf 89' lang='lat' dir='ltr'><strong><em>tacitus</em></strong></span> <span class='ocrx_word' id='word_1_177' title='bbox 3319 1239 3695 1316; x_wconf 70' lang='lat' dir='ltr'><strong><em>praeterierint,</em></strong></span> 
     </span>
    </p>
   </div>
   <div class='ocr_carea' id='block_1_27' title="bbox 2130 1324 3702 1398">
    <p class='ocr_par' dir='ltr' id='par_1_27' title="bbox 2130 1324 3702 1398">
     <span class='ocr_line' id='line_1_27' title="bbox 2130 1324 3702 1398; baseline 0.003 -18"><span class='ocrx_word' id='word_1_178' title='bbox 2130 1328 2309 1381; x_wconf 73' lang='lat' dir='ltr'><strong><em>futiles</em></strong></span> <span class='ocrx_word' id='word_1_179' title='bbox 2335 1328 2619 1398; x_wconf 85' lang='lat' dir='ltr'><strong><em>siquidem,</em></strong></span> <span class='ocrx_word' id='word_1_180' title='bbox 2654 1337 2706 1383; x_wconf 90' lang='lat' dir='ltr'><strong><em>et</em></strong></span> <span class='ocrx_word' id='word_1_181' title='bbox 2733 1329 3050 1384; x_wconf 87' lang='lat' dir='ltr'><strong><em>somniantis</em></strong></span> <span class='ocrx_word' id='word_1_182' title='bbox 3081 1330 3253 1398; x_wconf 82' lang='lat' dir='ltr'><strong><em>petius</em></strong></span> <span class='ocrx_word' id='word_1_183' title='bbox 3281 1331 3480 1385; x_wconf 83' lang='lat' dir='ltr'><strong><em>librarii</em></strong></span> <span class='ocrx_word' id='word_1_184' title='bbox 3507 1324 3702 1386; x_wconf 71' lang='lat' dir='ltr'><strong><em>delira-</em></strong></span> 
     </span>
    </p>
   </div>
   <div class='ocr_carea' id='block_1_28' title="bbox 2130 1419 3703 1489">
    <p class='ocr_par' dir='ltr' id='par_1_28' title="bbox 2130 1419 3703 1489">
     <span class='ocr_line' id='line_1_28' title="bbox 2130 1419 3703 1489; baseline 0.001 -17"><span class='ocrx_word' id='word_1_185' title='bbox 2130 1428 2328 1473; x_wconf 82' lang='lat' dir='ltr'><strong><em>menta.</em></strong></span> <span class='ocrx_word' id='word_1_186' title='bbox 2356 1419 2413 1473; x_wconf 90' lang='lat' dir='ltr'><strong><em>ln</em></strong></span> <span class='ocrx_word' id='word_1_187' title='bbox 2445 1419 2665 1473; x_wconf 85' lang='lat' dir='ltr'><strong><em>secundo</em></strong></span> <span class='ocrx_word' id='word_1_188' title='bbox 2693 1419 3154 1489; x_wconf 84' lang='lat' dir='ltr'><strong><em>conspiciebantur</em></strong></span> <span class='ocrx_word' id='word_1_189' title='bbox 3190 1420 3366 1487; x_wconf 84' lang='lat' dir='ltr'><strong><em>plures</em></strong></span> <span class='ocrx_word' id='word_1_190' title='bbox 3401 1420 3591 1489; x_wconf 68' lang='lat' dir='ltr'><strong><em>glossaa</em></strong></span> <span class='ocrx_word' id='word_1_191' title='bbox 3620 1420 3703 1475; x_wconf 85' lang='lat' dir='ltr'><strong><em>iu-</em></strong></span> 
     </span>
    </p>
   </div>
   <div class='ocr_carea' id='block_1_29' title="bbox 2131 1507 3703 1578">
    <p class='ocr_par' dir='ltr' id='par_1_29' title="bbox 2131 1507 3703 1578">
     <span class='ocr_line' id='line_1_29' title="bbox 2131 1507 3703 1578; baseline 0 -16"><span class='ocrx_word' id='word_1_192' title='bbox 2131 1509 2461 1575; x_wconf 88' lang='lat' dir='ltr'><strong><em>terlineares,</em></strong></span> <span class='ocrx_word' id='word_1_193' title='bbox 2494 1522 2612 1578; x_wconf 66' lang='lat' dir='ltr'><strong><em>quae</em></strong></span> <span class='ocrx_word' id='word_1_194' title='bbox 2638 1516 2812 1563; x_wconf 86' lang='lat' dir='ltr'><strong><em>tamen</em></strong></span> <span class='ocrx_word' id='word_1_195' title='bbox 2839 1507 2930 1563; x_wconf 91' lang='lat' dir='ltr'><strong><em>lib.</em></strong></span> <span class='ocrx_word' id='word_1_196' title='bbox 2957 1524 2992 1562; x_wconf 90' lang='lat' dir='ltr'><strong><em>tt</em></strong></span> <span class='ocrx_word' id='word_1_197' title='bbox 3024 1509 3305 1563; x_wconf 79' lang='lat' dir='ltr'><strong><em>maximam</em></strong></span> <span class='ocrx_word' id='word_1_198' title='bbox 3347 1519 3548 1578; x_wconf 88' lang='lat' dir='ltr'><strong><em>partem</em></strong></span> <span class='ocrx_word' id='word_1_199' title='bbox 3574 1525 3703 1565; x_wconf 89' lang='lat' dir='ltr'><strong><em>eva-</em></strong></span> 
     </span>
    </p>
   </div>
   <div class='ocr_carea' id='block_1_30' title="bbox 2130 1599 3702 1668">
    <p class='ocr_par' dir='ltr' id='par_1_30' title="bbox 2130 1599 3702 1668">
     <span class='ocr_line' id='line_1_30' title="bbox 2130 1599 3702 1668; baseline 0 -12"><span class='ocrx_word' id='word_1_200' title='bbox 2130 1611 2387 1668; x_wconf 87' lang='lat' dir='ltr'><strong><em>nescunt;</em></strong></span> <span class='ocrx_word' id='word_1_201' title='bbox 2412 1601 2509 1657; x_wconf 90' lang='lat' dir='ltr'><strong><em>has</em></strong></span> <span class='ocrx_word' id='word_1_202' title='bbox 2536 1601 2665 1656; x_wconf 90' lang='lat' dir='ltr'><strong><em>locis</em></strong></span> <span class='ocrx_word' id='word_1_203' title='bbox 2694 1599 3087 1655; x_wconf 86' lang='lat' dir='ltr'><strong><em>obscurioribus</em></strong></span> <span class='ocrx_word' id='word_1_204' title='bbox 3116 1601 3377 1664; x_wconf 79' lang='lat' dir='ltr'><strong><em>consului,</em></strong></span> <span class='ocrx_word' id='word_1_205' title='bbox 3405 1610 3459 1655; x_wconf 88' lang='lat' dir='ltr'><strong><em>et</em></strong></span> <span class='ocrx_word' id='word_1_206' title='bbox 3487 1601 3539 1654; x_wconf 92' lang='lat' dir='ltr'><strong><em>in</em></strong></span> <span class='ocrx_word' id='word_1_207' title='bbox 3561 1603 3702 1656; x_wconf 86' lang='lat' dir='ltr'><strong><em>notis</em></strong></span> 
     </span>
    </p>
   </div>
   <div class='ocr_carea' id='block_1_31' title="bbox 2132 1693 3702 1764">
    <p class='ocr_par' dir='ltr' id='par_1_31' title="bbox 2132 1693 3702 1764">
     <span class='ocr_line' id='line_1_31' title="bbox 2132 1693 3702 1764; baseline 0.001 -18"><span class='ocrx_word' id='word_1_208' title='bbox 2132 1695 2330 1764; x_wconf 88' lang='lat' dir='ltr'><strong><em>passim</em></strong></span> <span class='ocrx_word' id='word_1_209' title='bbox 2352 1694 2540 1749; x_wconf 89' lang='lat' dir='ltr'><strong><em>iisdem</em></strong></span> <span class='ocrx_word' id='word_1_210' title='bbox 2568 1695 2742 1749; x_wconf 91' lang='lat' dir='ltr'><strong><em>locum</em></strong></span> <span class='ocrx_word' id='word_1_211' title='bbox 2764 1693 2906 1748; x_wconf 90' lang='lat' dir='ltr'><strong><em>dedi.</em></strong></span> <span class='ocrx_word' id='word_1_212' title='bbox 2930 1722 2999 1733; x_wconf 88' lang='lat'>—</span> <span class='ocrx_word' id='word_1_213' title='bbox 3027 1693 3226 1748; x_wconf 74' lang='lat' dir='ltr'><strong><em>Praeter</em></strong></span> <span class='ocrx_word' id='word_1_214' title='bbox 3247 1693 3361 1747; x_wconf 66' lang='lat' dir='ltr'><strong><em>llaec</em></strong></span> <span class='ocrx_word' id='word_1_215' title='bbox 3385 1693 3702 1748; x_wconf 90' lang='lat' dir='ltr'><strong><em>celebranda</em></strong></span> 
     </span>
    </p>
   </div>
   <div class='ocr_carea' id='block_1_32' title="bbox 454 1783 3704 1867">
    <p class='ocr_par' dir='ltr' id='par_1_32' title="bbox 454 1783 3704 1867">
     <span class='ocr_line' id='line_1_32' title="bbox 454 1783 3704 1867; baseline -0.002 -26"><span class='ocrx_word' id='word_1_216' title='bbox 454 1789 528 1841; x_wconf 88' lang='lat' dir='ltr'><strong><em>De</em></strong></span> <span class='ocrx_word' id='word_1_217' title='bbox 565 1806 621 1843; x_wconf 95' lang='lat' dir='ltr'><strong><em>eo</em></strong></span> <span class='ocrx_word' id='word_1_218' title='bbox 660 1790 743 1843; x_wconf 86' lang='lat' dir='ltr'><strong><em>ubi</em></strong></span> <span class='ocrx_word' id='word_1_219' title='bbox 788 1790 842 1844; x_wconf 86' lang='lat' dir='ltr'><strong><em>in</em></strong></span> <span class='ocrx_word' id='word_1_220' title='bbox 886 1789 1090 1861; x_wconf 82' lang='lat' dir='ltr'><strong><em>Epheso</em></strong></span> <span class='ocrx_word' id='word_1_221' title='bbox 1130 1794 1161 1847; x_wconf 92' lang='lat'><strong>7</strong></span> <span class='ocrx_word' id='word_1_222' title='bbox 1187 1792 1379 1861; x_wconf 74' lang='lat' dir='ltr'><strong><em>ludwi,</em></strong></span> <span class='ocrx_word' id='word_1_223' title='bbox 1410 1797 1538 1849; x_wconf 83' lang='lat' dir='ltr'><strong><em>sicut</em></strong></span> <span class='ocrx_word' id='word_1_224' title='bbox 1567 1795 1760 1849; x_wconf 83' lang='lat' dir='ltr'><strong><em>Paulus</em></strong></span> <span class='ocrx_word' id='word_1_225' title='bbox 1785 1797 2020 1867; x_wconf 77' lang='lat' dir='ltr'><strong><em>facie&#39;at,</em></strong></span> <span class='ocrx_word' id='word_1_226' title='bbox 2054 1788 2098 1845; x_wconf 84' lang='grc' dir='ltr'><strong>Β</strong></span> <span class='ocrx_word' id='word_1_227' title='bbox 2130 1786 2281 1851; x_wconf 82' lang='lat' dir='ltr'><strong><em>mihi,</em></strong></span> <span class='ocrx_word' id='word_1_228' title='bbox 2309 1795 2363 1840; x_wconf 81' lang='lat' dir='ltr'><strong><em>et</em></strong></span> <span class='ocrx_word' id='word_1_229' title='bbox 2391 1795 2541 1857; x_wconf 80' lang='lat' dir='ltr'><strong><em>grata</em></strong></span> <span class='ocrx_word' id='word_1_230' title='bbox 2578 1793 2757 1841; x_wconf 84' lang='lat' dir='ltr'><strong><em>mente</em></strong></span> <span class='ocrx_word' id='word_1_231' title='bbox 2802 1783 3068 1854; x_wconf 74' lang='lat' dir='ltr'><strong><em>prteciptte</em></strong></span> <span class='ocrx_word' id='word_1_232' title='bbox 3109 1784 3573 1839; x_wconf 87' lang='lat' dir='ltr'><strong><em>commemoranda</em></strong></span> <span class='ocrx_word' id='word_1_233' title='bbox 3620 1794 3704 1839; x_wconf 85' lang='lat' dir='ltr'><strong><em>est</em></strong></span> 
     </span>
    </p>
   </div>
   <div class='ocr_carea' id='block_1_33' title="bbox 523 1883 2030 1955">
    <p class='ocr_par' dir='ltr' id='par_1_33' title="bbox 523 1883 2030 1955">
     <span class='ocr_line' id='line_1_33' title="bbox 523 1883 2030 1955; baseline 0.006 -23"><span class='ocrx_word' id='word_1_234' title='bbox 523 1883 835 1936; x_wconf 73' lang='lat' dir='ltr'><strong><em>dwmoniaco</em></strong></span> <span class='ocrx_word' id='word_1_235' title='bbox 874 1900 1056 1937; x_wconf 88' lang='lat' dir='ltr'><strong><em>manus</em></strong></span> <span class='ocrx_word' id='word_1_236' title='bbox 1103 1886 1442 1955; x_wconf 86' lang='lat' dir='ltr'><strong><em>imponentes,</em></strong></span> <span class='ocrx_word' id='word_1_237' title='bbox 1492 1887 1555 1942; x_wconf 84' lang='lat' dir='ltr'><strong><em>ab</em></strong></span> <span class='ocrx_word' id='word_1_238' title='bbox 1604 1888 1781 1941; x_wconf 85' lang='lat' dir='ltr'><strong><em>eodem</em></strong></span> <span class='ocrx_word' id='word_1_239' title='bbox 1820 1887 2030 1941; x_wconf 83' lang='lat' dir='ltr'><strong><em>lacerati</em></strong></span> 
     </span>
    </p>
   </div>
   <div class='ocr_carea' id='block_1_34' title="bbox 522 1974 1438 2047">
    <p class='ocr_par' dir='ltr' id='par_1_34' title="bbox 522 1974 1438 2047">
     <span class='ocr_line' id='line_1_34' title="bbox 522 1974 1438 2047; baseline 0.011 -23"><span class='ocrx_word' id='word_1_240' title='bbox 522 1984 637 2025; x_wconf 84' lang='lat' dir='ltr'><strong><em>sunt</em></strong></span> <span class='ocrx_word' id='word_1_241' title='bbox 659 1974 947 2043; x_wconf 75' lang='lat' dir='ltr'><strong><em>pariterque</em></strong></span> <span class='ocrx_word' id='word_1_242' title='bbox 976 1976 1176 2047; x_wconf 78' lang='lat' dir='ltr'><strong><em>fugati,</em></strong></span> <span class='ocrx_word' id='word_1_243' title='bbox 1205 1991 1287 2030; x_wconf 89' lang='lat' dir='ltr'><strong><em>vs.</em></strong></span> <span class='ocrx_word' id='word_1_244' title='bbox 1311 1977 1438 2033; x_wconf 72' lang='lat'><strong><em>6:23.</em></strong></span> 
     </span>
    </p>
   </div>
   <div class='ocr_carea' id='block_1_35' title="bbox 454 2060 2033 2143">
    <p class='ocr_par' dir='ltr' id='par_1_35' title="bbox 454 2060 2033 2143">
     <span class='ocr_line' id='line_1_35' title="bbox 454 2060 2033 2143; baseline 0.005 -27"><span class='ocrx_word' id='word_1_245' title='bbox 454 2060 531 2116; x_wconf 81' lang='lat' dir='ltr'><strong><em>De</em></strong></span> <span class='ocrx_word' id='word_1_246' title='bbox 559 2079 617 2116; x_wconf 88' lang='lat' dir='ltr'><strong><em>ea</em></strong></span> <span class='ocrx_word' id='word_1_247' title='bbox 646 2066 731 2117; x_wconf 86' lang='lat' dir='ltr'><strong><em>ubi</em></strong></span> <span class='ocrx_word' id='word_1_248' title='bbox 759 2066 808 2117; x_wconf 85' lang='lat' dir='ltr'><strong><em>in</em></strong></span> <span class='ocrx_word' id='word_1_249' title='bbox 838 2063 1043 2133; x_wconf 87' lang='lat' dir='ltr'><strong><em>Epheso</em></strong></span> <span class='ocrx_word' id='word_1_250' title='bbox 1072 2080 1248 2120; x_wconf 87' lang='lat' dir='ltr'><strong><em>contra</em></strong></span> <span class='ocrx_word' id='word_1_251' title='bbox 1276 2067 1502 2122; x_wconf 88' lang='lat' dir='ltr'><strong><em>Paulum</em></strong></span> <span class='ocrx_word' id='word_1_252' title='bbox 1534 2068 1822 2125; x_wconf 86' lang='lat' dir='ltr'><strong><em>Demetrius</em></strong></span> <span class='ocrx_word' id='word_1_253' title='bbox 1848 2078 2033 2143; x_wconf 73' lang='lat' dir='ltr'><strong><em>at‘gen-</em></strong></span> 
     </span>
    </p>
   </div>
   <div class='ocr_carea' id='block_1_36' title="bbox 526 2155 1579 2224">
    <p class='ocr_par' dir='ltr' id='par_1_36' title="bbox 526 2155 1579 2224">
     <span class='ocr_line' id='line_1_36' title="bbox 526 2155 1579 2224; baseline 0.009 -20"><span class='ocrx_word' id='word_1_254' title='bbox 526 2156 685 2207; x_wconf 79' lang='lat' dir='ltr'><strong><em>larius</em></strong></span> <span class='ocrx_word' id='word_1_255' title='bbox 705 2155 998 2210; x_wconf 83' lang='lat' dir='ltr'><strong><em>seditionem</em></strong></span> <span class='ocrx_word' id='word_1_256' title='bbox 1027 2160 1315 2224; x_wconf 85' lang='lat' dir='ltr'><strong><em>concitavit,</em></strong></span> <span class='ocrx_word' id='word_1_257' title='bbox 1349 2175 1427 2213; x_wconf 88' lang='lat' dir='ltr'><strong><em>vs.</em></strong></span> <span class='ocrx_word' id='word_1_258' title='bbox 1456 2160 1579 2217; x_wconf 89' lang='lat'><strong>688.</strong></span> 
     </span>
    </p>
   </div>
   <div class='ocr_carea' id='block_1_37' title="bbox 453 2242 2035 2309">
    <p class='ocr_par' dir='ltr' id='par_1_37' title="bbox 453 2242 2035 2309">
     <span class='ocr_line' id='line_1_37' title="bbox 453 2242 2035 2309; baseline 0.008 -13"><span class='ocrx_word' id='word_1_259' title='bbox 453 2242 532 2297; x_wconf 73' lang='lat' dir='ltr'><strong><em>De</em></strong></span> <span class='ocrx_word' id='word_1_260' title='bbox 557 2261 614 2297; x_wconf 92' lang='lat' dir='ltr'><strong><em>eo</em></strong></span> <span class='ocrx_word' id='word_1_261' title='bbox 655 2247 741 2298; x_wconf 87' lang='lat' dir='ltr'><strong><em>ubi</em></strong></span> <span class='ocrx_word' id='word_1_262' title='bbox 793 2248 847 2300; x_wconf 84' lang='lat' dir='ltr'><strong><em>in</em></strong></span> <span class='ocrx_word' id='word_1_263' title='bbox 896 2247 1047 2303; x_wconf 87' lang='lat' dir='ltr'><strong><em>Troia</em></strong></span> <span class='ocrx_word' id='word_1_264' title='bbox 1104 2250 1303 2305; x_wconf 68' lang='lat' dir='ltr'><strong><em>Paulus</em></strong></span> <span class='ocrx_word' id='word_1_265' title='bbox 1351 2251 1625 2306; x_wconf 86' lang='lat' dir='ltr'><strong><em>Euthicum</em></strong></span> <span class='ocrx_word' id='word_1_266' title='bbox 1670 2254 1735 2308; x_wconf 82' lang='lat' dir='ltr'><strong><em>de</em></strong></span> <span class='ocrx_word' id='word_1_267' title='bbox 1770 2258 2035 2309; x_wconf 61' lang='lat' dir='ltr'><strong><em>cenaculo</em></strong></span> 
     </span>
    </p>
   </div>
   <div class='ocr_carea' id='block_1_38' title="bbox 526 2338 1363 2417">
    <p class='ocr_par' dir='ltr' id='par_1_38' title="bbox 526 2338 1363 2417">
     <span class='ocr_line' id='line_1_38' title="bbox 526 2338 1363 2417; baseline 0.014 -31"><span class='ocrx_word' id='word_1_268' title='bbox 526 2338 786 2393; x_wconf 82' lang='lat' dir='ltr'><strong><em>cadentem</em></strong></span> <span class='ocrx_word' id='word_1_269' title='bbox 815 2340 1097 2407; x_wconf 83' lang='lat' dir='ltr'><strong><em>suscitavit,</em></strong></span> <span class='ocrx_word' id='word_1_270' title='bbox 1126 2357 1208 2396; x_wconf 87' lang='lat' dir='ltr'><strong><em>vs.</em></strong></span> <span class='ocrx_word' id='word_1_271' title='bbox 1238 2343 1363 2417; x_wconf 73' lang='grc'><strong>755.</strong></span> 
     </span>
    </p>
   </div>
   <div class='ocr_carea' id='block_1_39' title="bbox 458 2427 2038 2506">
    <p class='ocr_par' dir='ltr' id='par_1_39' title="bbox 458 2427 2038 2506">
     <span class='ocr_line' id='line_1_39' title="bbox 458 2427 2038 2506; baseline 0.006 -25"><span class='ocrx_word' id='word_1_272' title='bbox 458 2427 535 2482; x_wconf 85' lang='lat' dir='ltr'><strong><em>De</em></strong></span> <span class='ocrx_word' id='word_1_273' title='bbox 564 2447 623 2484; x_wconf 74' lang='lat' dir='ltr'><strong><em>eo</em></strong></span> <span class='ocrx_word' id='word_1_274' title='bbox 653 2432 738 2485; x_wconf 86' lang='lat' dir='ltr'><strong><em>ubi</em></strong></span> <span class='ocrx_word' id='word_1_275' title='bbox 770 2430 968 2485; x_wconf 87' lang='lat' dir='ltr'><strong><em>Paulus</em></strong></span> <span class='ocrx_word' id='word_1_276' title='bbox 1018 2432 1428 2503; x_wconf 78' lang='lat' dir='ltr'><strong><em>Hierosolymam</em></strong></span> <span class='ocrx_word' id='word_1_277' title='bbox 1474 2437 1794 2506; x_wconf 82' lang='lat' dir='ltr'><strong><em>profecturus</em></strong></span> <span class='ocrx_word' id='word_1_278' title='bbox 1845 2438 2038 2492; x_wconf 86' lang='lat' dir='ltr'><strong><em>cunctis</em></strong></span> 
     </span>
    </p>
   </div>
   <div class='ocr_carea' id='block_1_40' title="bbox 529 2521 1798 2592">
    <p class='ocr_par' dir='ltr' id='par_1_40' title="bbox 529 2521 1798 2592">
     <span class='ocr_line' id='line_1_40' title="bbox 529 2521 1798 2592; baseline 0.009 -19"><span class='ocrx_word' id='word_1_279' title='bbox 529 2537 592 2574; x_wconf 71' lang='lat' dir='ltr'><strong><em>es</em></strong></span> <span class='ocrx_word' id='word_1_280' title='bbox 617 2521 738 2574; x_wconf 84' lang='lat' dir='ltr'><strong><em>Asia</em></strong></span> <span class='ocrx_word' id='word_1_281' title='bbox 764 2523 954 2576; x_wconf 51' lang='lat' dir='ltr'><strong><em>vacatis</em></strong></span> <span class='ocrx_word' id='word_1_282' title='bbox 984 2524 1224 2577; x_wconf 75' lang='lat' dir='ltr'><strong><em>valedixit</em></strong></span> <span class='ocrx_word' id='word_1_283' title='bbox 1254 2526 1307 2577; x_wconf 89' lang='lat' dir='ltr'><strong><em>in</em></strong></span> <span class='ocrx_word' id='word_1_284' title='bbox 1341 2526 1533 2592; x_wconf 86' lang='lat' dir='ltr'><strong><em>littore,</em></strong></span> <span class='ocrx_word' id='word_1_285' title='bbox 1564 2544 1641 2582; x_wconf 91' lang='lat' dir='ltr'><strong><em>vs.</em></strong></span> <span class='ocrx_word' id='word_1_286' title='bbox 1672 2527 1798 2584; x_wconf 75' lang='lat'><strong><em>8‘26.</em></strong></span> 
     </span>
    </p>
   </div>
   <div class='ocr_carea' id='block_1_41' title="bbox 459 2609 2040 2683">
    <p class='ocr_par' dir='ltr' id='par_1_41' title="bbox 459 2609 2040 2683">
     <span class='ocr_line' id='line_1_41' title="bbox 459 2609 2040 2683; baseline 0.004 -19"><span class='ocrx_word' id='word_1_287' title='bbox 459 2609 535 2664; x_wconf 81' lang='lat' dir='ltr'><strong><em>De</em></strong></span> <span class='ocrx_word' id='word_1_288' title='bbox 572 2627 631 2665; x_wconf 92' lang='lat' dir='ltr'><strong><em>eo</em></strong></span> <span class='ocrx_word' id='word_1_289' title='bbox 661 2613 746 2665; x_wconf 90' lang='lat' dir='ltr'><strong><em>ubi</em></strong></span> <span class='ocrx_word' id='word_1_290' title='bbox 782 2611 979 2666; x_wconf 85' lang='lat' dir='ltr'><strong><em>Paulus</em></strong></span> <span class='ocrx_word' id='word_1_291' title='bbox 1013 2614 1153 2682; x_wconf 88' lang='lat' dir='ltr'><strong><em>apud</em></strong></span> <span class='ocrx_word' id='word_1_292' title='bbox 1193 2613 1403 2667; x_wconf 65' lang='lat' dir='ltr'><strong><em>Festum</em></strong></span> <span class='ocrx_word' id='word_1_293' title='bbox 1433 2616 1700 2683; x_wconf 77' lang='lat' dir='ltr'><strong><em>prmsidem</em></strong></span> <span class='ocrx_word' id='word_1_294' title='bbox 1736 2617 2040 2670; x_wconf 82' lang='lat' dir='ltr'><strong><em>contendens</em></strong></span> 
     </span>
    </p>
   </div>
   <div class='ocr_carea' id='block_1_42' title="bbox 527 2702 2042 2776">
    <p class='ocr_par' dir='ltr' id='par_1_42' title="bbox 527 2702 2042 2776">
     <span class='ocr_line' id='line_1_42' title="bbox 527 2702 2042 2776; baseline 0.003 -20"><span class='ocrx_word' id='word_1_295' title='bbox 527 2720 643 2757; x_wconf 86' lang='lat' dir='ltr'><strong><em>cum</em></strong></span> <span class='ocrx_word' id='word_1_296' title='bbox 672 2702 891 2770; x_wconf 66' lang='lat' dir='ltr'><strong><em>Iudaeis,</em></strong></span> <span class='ocrx_word' id='word_1_297' title='bbox 918 2721 996 2759; x_wconf 83' lang='lat' dir='ltr'><strong><em>vs.</em></strong></span> <span class='ocrx_word' id='word_1_298' title='bbox 1027 2704 1152 2760; x_wconf 83' lang='grc'><strong>991.</strong></span> <span class='ocrx_word' id='word_1_299' title='bbox 1182 2704 1285 2760; x_wconf 90' lang='lat' dir='ltr'><strong><em>Sed</em></strong></span> <span class='ocrx_word' id='word_1_300' title='bbox 1313 2720 1543 2775; x_wconf 86' lang='lat' dir='ltr'><strong><em>sequens</em></strong></span> <span class='ocrx_word' id='word_1_301' title='bbox 1574 2707 1863 2776; x_wconf 86' lang='lat' dir='ltr'><strong><em>capitulum</em></strong></span> <span class='ocrx_word' id='word_1_302' title='bbox 1902 2722 2042 2776; x_wconf 76' lang='lat' dir='ltr'><strong><em>pra:-</em></strong></span> 
     </span>
    </p>
   </div>
   <div class='ocr_carea' id='block_1_43' title="bbox 532 2796 1038 2865">
    <p class='ocr_par' dir='ltr' id='par_1_43' title="bbox 532 2796 1038 2865">
     <span class='ocr_line' id='line_1_43' title="bbox 532 2796 1038 2865; baseline -0.004 -16"><span class='ocrx_word' id='word_1_303' title='bbox 532 2797 798 2865; x_wconf 76' lang='lat' dir='ltr'><strong><em>ligentlum</em></strong></span> <span class='ocrx_word' id='word_1_304' title='bbox 832 2796 853 2848; x_wconf 74' lang='lat' dir='ltr'><strong><em>l‘</em></strong></span> <span class='ocrx_word' id='word_1_305' title='bbox 853 2796 1038 2850; x_wconf 86' lang='lat' dir='ltr'><strong><em>uisset.</em></strong></span> 
     </span>
    </p>
   </div>
   <div class='ocr_carea' id='block_1_44' title="bbox 462 2884 2048 2955">
    <p class='ocr_par' dir='ltr' id='par_1_44' title="bbox 462 2884 2048 2955">
     <span class='ocr_line' id='line_1_44' title="bbox 462 2884 2048 2955; baseline 0.001 -15"><span class='ocrx_word' id='word_1_306' title='bbox 462 2886 539 2940; x_wconf 86' lang='lat' dir='ltr'><strong><em>De</em></strong></span> <span class='ocrx_word' id='word_1_307' title='bbox 571 2903 631 2941; x_wconf 87' lang='lat' dir='ltr'><strong><em>eo</em></strong></span> <span class='ocrx_word' id='word_1_308' title='bbox 659 2886 741 2939; x_wconf 87' lang='lat' dir='ltr'><strong><em>ubi</em></strong></span> <span class='ocrx_word' id='word_1_309' title='bbox 780 2884 981 2938; x_wconf 88' lang='lat' dir='ltr'><strong><em>Paulus</em></strong></span> <span class='ocrx_word' id='word_1_310' title='bbox 1026 2885 1078 2938; x_wconf 88' lang='lat' dir='ltr'><strong><em>in</em></strong></span> <span class='ocrx_word' id='word_1_311' title='bbox 1114 2884 1299 2955; x_wconf 85' lang='lat' dir='ltr'><strong><em>templo</em></strong></span> <span class='ocrx_word' id='word_1_312' title='bbox 1346 2887 1735 2955; x_wconf 80' lang='lat' dir='ltr'><strong><em>comprehensus</em></strong></span> <span class='ocrx_word' id='word_1_313' title='bbox 1776 2896 1845 2941; x_wconf 86' lang='lat' dir='ltr'><strong><em>est</em></strong></span> <span class='ocrx_word' id='word_1_314' title='bbox 1886 2904 1918 2941; x_wconf 89' lang='lat' dir='ltr'><strong><em>a</em></strong></span> <span class='ocrx_word' id='word_1_315' title='bbox 1944 2886 2048 2942; x_wconf 83' lang='lat' dir='ltr'><strong><em>Ju-</em></strong></span> 
     </span>
    </p>
   </div>
   <div class='ocr_carea' id='block_1_45' title="bbox 533 2975 934 3041">
    <p class='ocr_par' dir='ltr' id='par_1_45' title="bbox 533 2975 934 3041">
     <span class='ocr_line' id='line_1_45' title="bbox 533 2975 934 3041; baseline -0.012 -10"><span class='ocrx_word' id='word_1_316' title='bbox 533 2978 678 3041; x_wconf 76' lang='lat' dir='ltr'><strong><em>dwis,</em></strong></span> <span class='ocrx_word' id='word_1_317' title='bbox 703 2991 781 3030; x_wconf 85' lang='lat' dir='ltr'><strong><em>vs.</em></strong></span> <span class='ocrx_word' id='word_1_318' title='bbox 808 2975 934 3030; x_wconf 81' lang='lat' dir='ltr'><strong><em>9l5.</em></strong></span> 
     </span>
    </p>
   </div>
   <div class='ocr_carea' id='block_1_46' title="bbox 463 3069 2047 3141">
    <p class='ocr_par' dir='ltr' id='par_1_46' title="bbox 463 3069 2047 3141">
     <span class='ocr_line' id='line_1_46' title="bbox 463 3069 2047 3141; baseline 0.002 -16"><span class='ocrx_word' id='word_1_319' title='bbox 463 3070 543 3125; x_wconf 82' lang='lat' dir='ltr'><strong><em>De</em></strong></span> <span class='ocrx_word' id='word_1_320' title='bbox 560 3087 619 3125; x_wconf 88' lang='lat' dir='ltr'><strong><em>eo</em></strong></span> <span class='ocrx_word' id='word_1_321' title='bbox 662 3071 746 3123; x_wconf 86' lang='lat' dir='ltr'><strong><em>ubi</em></strong></span> <span class='ocrx_word' id='word_1_322' title='bbox 777 3069 974 3123; x_wconf 86' lang='lat' dir='ltr'><strong><em>Paulus</em></strong></span> <span class='ocrx_word' id='word_1_323' title='bbox 1022 3071 1239 3123; x_wconf 71' lang='lat' dir='ltr'><strong><em>excussit</em></strong></span> <span class='ocrx_word' id='word_1_324' title='bbox 1288 3072 1514 3141; x_wconf 82' lang='lat' dir='ltr'><strong><em>viperam</em></strong></span> <span class='ocrx_word' id='word_1_325' title='bbox 1561 3074 1623 3126; x_wconf 89' lang='lat' dir='ltr'><strong><em>de</em></strong></span> <span class='ocrx_word' id='word_1_326' title='bbox 1657 3090 1812 3129; x_wconf 85' lang='lat' dir='ltr'><strong><em>manu</em></strong></span> <span class='ocrx_word' id='word_1_327' title='bbox 1849 3091 1945 3130; x_wconf 83' lang='lat' dir='ltr'><strong><em>sua</em></strong></span> <span class='ocrx_word' id='word_1_328' title='bbox 1994 3076 2047 3128; x_wconf 90' lang='lat' dir='ltr'><strong><em>in</em></strong></span> 
     </span>
    </p>
   </div>
   <div class='ocr_carea' id='block_1_47' title="bbox 536 3162 1653 3232">
    <p class='ocr_par' dir='ltr' id='par_1_47' title="bbox 536 3162 1653 3232">
     <span class='ocr_line' id='line_1_47' title="bbox 536 3162 1653 3232; baseline 0.004 -17"><span class='ocrx_word' id='word_1_329' title='bbox 536 3164 731 3232; x_wconf 79' lang='lat' dir='ltr'><strong><em>focum,</em></strong></span> <span class='ocrx_word' id='word_1_330' title='bbox 765 3172 810 3215; x_wconf 88' lang='lat' dir='ltr'><strong><em>et</em></strong></span> <span class='ocrx_word' id='word_1_331' title='bbox 837 3162 1029 3215; x_wconf 76' lang='lat' dir='ltr'><strong><em>illtzsus</em></strong></span> <span class='ocrx_word' id='word_1_332' title='bbox 1056 3164 1352 3231; x_wconf 87' lang='lat' dir='ltr'><strong><em>permansit,</em></strong></span> <span class='ocrx_word' id='word_1_333' title='bbox 1388 3179 1468 3217; x_wconf 92' lang='lat' dir='ltr'><strong><em>vs.</em></strong></span> <span class='ocrx_word' id='word_1_334' title='bbox 1496 3165 1653 3221; x_wconf 85' lang='grc'><strong>1156.</strong></span> 
     </span>
    </p>
   </div>
   <div class='ocr_carea' id='block_1_48' title="bbox 468 3251 2049 3328">
    <p class='ocr_par' dir='ltr' id='par_1_48' title="bbox 468 3251 2049 3328">
     <span class='ocr_line' id='line_1_48' title="bbox 468 3251 2049 3328; baseline 0.001 -20"><span class='ocrx_word' id='word_1_335' title='bbox 468 3253 545 3308; x_wconf 86' lang='lat' dir='ltr'><strong><em>De</em></strong></span> <span class='ocrx_word' id='word_1_336' title='bbox 586 3269 645 3307; x_wconf 87' lang='lat' dir='ltr'><strong><em>co</em></strong></span> <span class='ocrx_word' id='word_1_337' title='bbox 691 3253 773 3305; x_wconf 89' lang='lat' dir='ltr'><strong><em>ubi</em></strong></span> <span class='ocrx_word' id='word_1_338' title='bbox 804 3251 1003 3306; x_wconf 87' lang='lat' dir='ltr'><strong><em>Paulus</em></strong></span> <span class='ocrx_word' id='word_1_339' title='bbox 1033 3268 1064 3304; x_wconf 92' lang='lat' dir='ltr'><strong><em>a</em></strong></span> <span class='ocrx_word' id='word_1_340' title='bbox 1096 3251 1266 3307; x_wconf 77' lang='lat' dir='ltr'><strong><em>Milite</em></strong></span> <span class='ocrx_word' id='word_1_341' title='bbox 1295 3254 1489 3321; x_wconf 83' lang='lat' dir='ltr'><strong><em>insula,</em></strong></span> <span class='ocrx_word' id='word_1_342' title='bbox 1534 3257 1622 3311; x_wconf 78' lang='lat' dir='ltr'><strong><em>ubi</em></strong></span> <span class='ocrx_word' id='word_1_343' title='bbox 1650 3258 1890 3312; x_wconf 86' lang='lat' dir='ltr'><strong><em>sanitates</em></strong></span> <span class='ocrx_word' id='word_1_344' title='bbox 1912 3259 2049 3328; x_wconf 73' lang='lat' dir='ltr'><strong><em>fecit,</em></strong></span> 
     </span>
    </p>
   </div>
   <div class='ocr_carea' id='block_1_49' title="bbox 539 3344 2052 3419">
    <p class='ocr_par' dir='ltr' id='par_1_49' title="bbox 539 3344 2052 3419">
     <span class='ocr_line' id='line_1_49' title="bbox 539 3344 2052 3419; baseline 0.002 -21"><span class='ocrx_word' id='word_1_345' title='bbox 539 3346 785 3416; x_wconf 69' lang='lat' dir='ltr'><strong><em>navigans</em></strong></span> <span class='ocrx_word' id='word_1_346' title='bbox 823 3344 1038 3398; x_wconf 86' lang='lat' dir='ltr'><strong><em>Romam</em></strong></span> <span class='ocrx_word' id='word_1_347' title='bbox 1077 3360 1240 3416; x_wconf 87' lang='lat' dir='ltr'><strong><em>usque</em></strong></span> <span class='ocrx_word' id='word_1_348' title='bbox 1291 3347 1551 3416; x_wconf 76' lang='lat' dir='ltr'><strong><em>peruenit,-</em></strong></span> <span class='ocrx_word' id='word_1_349' title='bbox 1581 3348 1834 3403; x_wconf 68' lang='lat' dir='ltr'><strong><em>Caesarem</em></strong></span> <span class='ocrx_word' id='word_1_350' title='bbox 1872 3349 2052 3419; x_wconf 87' lang='lat' dir='ltr'><strong><em>appel-</em></strong></span> 
     </span>
    </p>
   </div>
   <div class='ocr_carea' id='block_1_50' title="bbox 543 3436 1465 3511">
    <p class='ocr_par' dir='ltr' id='par_1_50' title="bbox 543 3436 1465 3511">
     <span class='ocr_line' id='line_1_50' title="bbox 543 3436 1465 3511; baseline -0.002 -20"><span class='ocrx_word' id='word_1_351' title='bbox 543 3439 681 3503; x_wconf 86' lang='lat' dir='ltr'><strong><em>lavit,</em></strong></span> <span class='ocrx_word' id='word_1_352' title='bbox 711 3452 793 3492; x_wconf 91' lang='lat' dir='ltr'><strong><em>vs.</em></strong></span> <span class='ocrx_word' id='word_1_353' title='bbox 823 3436 977 3492; x_wconf 71' lang='grc'><strong>1206.</strong></span> <span class='ocrx_word' id='word_1_354' title='bbox 1462 3510 1465 3511; x_wconf 14' lang='grc' dir='ltr'><em>ν</em></span> 
     </span>
    </p>
   </div>
   <div class='ocr_carea' id='block_1_51' title="bbox 546 3529 2054 3601">
    <p class='ocr_par' dir='ltr' id='par_1_51' title="bbox 546 3529 2054 3601">
     <span class='ocr_line' id='line_1_51' title="bbox 546 3529 2054 3601; baseline 0.001 -18"><span class='ocrx_word' id='word_1_355' title='bbox 546 3529 673 3584; x_wconf 76' lang='lat' dir='ltr'><strong><em>[hac</em></strong></span> <span class='ocrx_word' id='word_1_356' title='bbox 698 3529 806 3597; x_wconf 87' lang='lat' dir='ltr'><strong><em>jam</em></strong></span> <span class='ocrx_word' id='word_1_357' title='bbox 833 3529 1068 3586; x_wconf 84' lang='lat' dir='ltr'><strong><em>librariis</em></strong></span> <span class='ocrx_word' id='word_1_358' title='bbox 1097 3530 1279 3587; x_wconf 86' lang='lat' dir='ltr'><strong><em>deberi</em></strong></span> <span class='ocrx_word' id='word_1_359' title='bbox 1308 3530 1392 3586; x_wconf 90' lang='lat' dir='ltr'><strong><em>vel</em></strong></span> <span class='ocrx_word' id='word_1_360' title='bbox 1414 3530 1537 3585; x_wconf 88' lang='lat' dir='ltr'><strong><em>inde</em></strong></span> <span class='ocrx_word' id='word_1_361' title='bbox 1566 3539 1806 3600; x_wconf 84' lang='lat' dir='ltr'><strong><em>apparet,</em></strong></span> <span class='ocrx_word' id='word_1_362' title='bbox 1838 3530 1977 3601; x_wconf 90' lang='lat' dir='ltr'><strong><em>quod</em></strong></span> <span class='ocrx_word' id='word_1_363' title='bbox 2000 3531 2054 3586; x_wconf 91' lang='lat' dir='ltr'><strong><em>in</em></strong></span> 
     </span>
    </p>
   </div>
   <div class='ocr_carea' id='block_1_52' title="bbox 470 3620 2053 3692">
    <p class='ocr_par' dir='ltr' id='par_1_52' title="bbox 470 3620 2053 3692">
     <span class='ocr_line' id='line_1_52' title="bbox 470 3620 2053 3692; baseline 0.001 -17"><span class='ocrx_word' id='word_1_364' title='bbox 470 3620 749 3676; x_wconf 74' lang='lat' dir='ltr'><strong><em>Vossianis</em></strong></span> <span class='ocrx_word' id='word_1_365' title='bbox 780 3621 935 3692; x_wconf 77' lang='lat' dir='ltr'><strong><em>longe</em></strong></span> <span class='ocrx_word' id='word_1_366' title='bbox 978 3622 1189 3692; x_wconf 89' lang='lat' dir='ltr'><strong><em>plenius</em></strong></span> <span class='ocrx_word' id='word_1_367' title='bbox 1215 3624 1483 3692; x_wconf 79' lang='lat' dir='ltr'><strong><em>legantur,</em></strong></span> <span class='ocrx_word' id='word_1_368' title='bbox 1509 3622 1841 3690; x_wconf 68' lang='lat' dir='ltr'><strong><em>elegantiora</em></strong></span> <span class='ocrx_word' id='word_1_369' title='bbox 1875 3631 2053 3677; x_wconf 90' lang='lat' dir='ltr'><strong><em>tamen</em></strong></span> 
     </span>
    </p>
   </div>
   <div class='ocr_carea' id='block_1_53' title="bbox 474 3696 2056 3779">
    <p class='ocr_par' dir='ltr' id='par_1_53' title="bbox 474 3696 2056 3779">
     <span class='ocr_line' id='line_1_53' title="bbox 474 3696 2056 3779; baseline 0 -12"><span class='ocrx_word' id='word_1_370' title='bbox 474 3713 528 3767; x_wconf 87' lang='lat' dir='ltr'><strong><em>in</em></strong></span> <span class='ocrx_word' id='word_1_371' title='bbox 563 3710 722 3779; x_wconf 85' lang='lat' dir='ltr'><strong><em>priori</em></strong></span> <span class='ocrx_word' id='word_1_372' title='bbox 758 3713 903 3777; x_wconf 87' lang='lat' dir='ltr'><strong><em>cod.,</em></strong></span> <span class='ocrx_word' id='word_1_373' title='bbox 936 3712 1092 3767; x_wconf 89' lang='lat' dir='ltr'><strong><em>aliter</em></strong></span> <span class='ocrx_word' id='word_1_374' title='bbox 1122 3696 1317 3766; x_wconf 65' lang='lat' dir='ltr'><strong><em>iterum</em></strong></span> <span class='ocrx_word' id='word_1_375' title='bbox 1362 3712 1417 3766; x_wconf 92' lang='lat' dir='ltr'><strong><em>in</em></strong></span> <span class='ocrx_word' id='word_1_376' title='bbox 1456 3711 1577 3766; x_wconf 81' lang='lat' dir='ltr'><strong><em>Aldi</em></strong></span> <span class='ocrx_word' id='word_1_377' title='bbox 1610 3710 1869 3778; x_wconf 89' lang='lat' dir='ltr'><strong><em>editione,</em></strong></span> <span class='ocrx_word' id='word_1_378' title='bbox 1901 3713 2056 3767; x_wconf 84' lang='lat' dir='ltr'><strong><em>aliter</em></strong></span> 
     </span>
    </p>
   </div>
   <div class='ocr_carea' id='block_1_54' title="bbox 476 3800 1934 3872">
    <p class='ocr_par' dir='ltr' id='par_1_54' title="bbox 476 3800 1934 3872">
     <span class='ocr_line' id='line_1_54' title="bbox 476 3800 1934 3872; baseline 0.001 -16"><span class='ocrx_word' id='word_1_379' title='bbox 476 3803 528 3856; x_wconf 87' lang='lat' dir='ltr'><strong><em>in</em></strong></span> <span class='ocrx_word' id='word_1_380' title='bbox 553 3802 911 3856; x_wconf 68' lang='lat' dir='ltr'><strong><em>Tornmsianis</em></strong></span> <span class='ocrx_word' id='word_1_381' title='bbox 940 3802 1330 3872; x_wconf 85' lang='lat' dir='ltr'><strong><em>similibusque.</em></strong></span> <span class='ocrx_word' id='word_1_382' title='bbox 1912 3800 1934 3871; x_wconf 52' lang='grc' dir='ltr'><strong><em>ξ</em></strong></span> 
     </span>
    </p>
   </div>
   <div class='ocr_carea' id='block_1_55' title="bbox 548 3896 2059 3968">
    <p class='ocr_par' dir='ltr' id='par_1_55' title="bbox 548 3896 2059 3968">
     <span class='ocr_line' id='line_1_55' title="bbox 548 3896 2059 3968; baseline -0.001 -16"><span class='ocrx_word' id='word_1_383' title='bbox 548 3901 720 3968; x_wconf 82' lang='lat' dir='ltr'><strong><em>Atque</em></strong></span> <span class='ocrx_word' id='word_1_384' title='bbox 747 3900 863 3951; x_wconf 63' lang='lat' dir='ltr'><strong><em>hinc</em></strong></span> <span class='ocrx_word' id='word_1_385' title='bbox 891 3896 1107 3967; x_wconf 90' lang='lat' dir='ltr'><strong><em>quidem</em></strong></span> <span class='ocrx_word' id='word_1_386' title='bbox 1150 3905 1374 3951; x_wconf 68' lang='lat' dir='ltr'><strong><em>tantum.</em></strong></span> <span class='ocrx_word' id='word_1_387' title='bbox 1408 3896 1666 3965; x_wconf 88' lang='lat' dir='ltr'><strong><em>Superest</em></strong></span> <span class='ocrx_word' id='word_1_388' title='bbox 1703 3906 1759 3950; x_wconf 93' lang='lat' dir='ltr'><strong><em>ut</em></strong></span> <span class='ocrx_word' id='word_1_389' title='bbox 1781 3897 1848 3952; x_wconf 90' lang='lat' dir='ltr'><strong><em>de</em></strong></span> <span class='ocrx_word' id='word_1_390' title='bbox 1887 3896 2059 3952; x_wconf 87' lang='lat' dir='ltr'><strong><em>admi-</em></strong></span> 
     </span>
    </p>
   </div>
   <div class='ocr_carea' id='block_1_56' title="bbox 477 3985 2054 4056">
    <p class='ocr_par' dir='ltr' id='par_1_56' title="bbox 477 3985 2054 4056">
     <span class='ocr_line' id='line_1_56' title="bbox 477 3985 2054 4056; baseline -0.001 -14"><span class='ocrx_word' id='word_1_391' title='bbox 477 3988 667 4042; x_wconf 87' lang='lat' dir='ltr'><strong><em>niculis</em></strong></span> <span class='ocrx_word' id='word_1_392' title='bbox 691 4002 951 4056; x_wconf 77' lang='lat' dir='ltr'><strong><em>exponam</em></strong></span> <span class='ocrx_word' id='word_1_393' title='bbox 982 3987 1172 4055; x_wconf 90' lang='lat' dir='ltr'><strong><em>quibus</em></strong></span> <span class='ocrx_word' id='word_1_394' title='bbox 1206 3986 1259 4039; x_wconf 87' lang='lat' dir='ltr'><strong><em>in</em></strong></span> <span class='ocrx_word' id='word_1_395' title='bbox 1288 3985 1532 4040; x_wconf 90' lang='lat' dir='ltr'><strong><em>ornando</em></strong></span> <span class='ocrx_word' id='word_1_396' title='bbox 1573 3994 1728 4054; x_wconf 87' lang='lat' dir='ltr'><strong><em>poeta</em></strong></span> <span class='ocrx_word' id='word_1_397' title='bbox 1756 4000 1881 4039; x_wconf 91' lang='lat' dir='ltr'><strong><em>usus</em></strong></span> <span class='ocrx_word' id='word_1_398' title='bbox 1913 3999 2054 4040; x_wconf 86' lang='lat' dir='ltr'><strong><em>sum.</em></strong></span> 
     </span>
    </p>
   </div>
   <div class='ocr_carea' id='block_1_57' title="bbox 480 4075 2059 4146">
    <p class='ocr_par' dir='ltr' id='par_1_57' title="bbox 480 4075 2059 4146">
     <span class='ocr_line' id='line_1_57' title="bbox 480 4075 2059 4146; baseline -0.001 -13"><span class='ocrx_word' id='word_1_399' title='bbox 480 4079 547 4133; x_wconf 80' lang='lat' dir='ltr'><strong><em>Et</em></strong></span> <span class='ocrx_word' id='word_1_400' title='bbox 582 4079 745 4146; x_wconf 77' lang='lat' dir='ltr'><strong><em>priori</em></strong></span> <span class='ocrx_word' id='word_1_401' title='bbox 772 4077 988 4146; x_wconf 86' lang='lat' dir='ltr'><strong><em>quidem</em></strong></span> <span class='ocrx_word' id='word_1_402' title='bbox 1034 4078 1151 4131; x_wconf 89' lang='lat' dir='ltr'><strong><em>loco</em></strong></span> <span class='ocrx_word' id='word_1_403' title='bbox 1181 4078 1513 4132; x_wconf 89' lang='lat' dir='ltr'><strong><em>memorandi</em></strong></span> <span class='ocrx_word' id='word_1_404' title='bbox 1544 4088 1667 4132; x_wconf 88' lang='lat' dir='ltr'><strong><em>sunt</em></strong></span> <span class='ocrx_word' id='word_1_405' title='bbox 1697 4088 1806 4132; x_wconf 87' lang='lat' dir='ltr'><strong><em>tres</em></strong></span> <span class='ocrx_word' id='word_1_406' title='bbox 1836 4075 2059 4131; x_wconf 86' lang='lat' dir='ltr'><strong><em>codices</em></strong></span> 
     </span>
    </p>
   </div>
   <div class='ocr_carea' id='block_1_58' title="bbox 482 4171 2063 4242">
    <p class='ocr_par' dir='ltr' id='par_1_58' title="bbox 482 4171 2063 4242">
     <span class='ocr_line' id='line_1_58' title="bbox 482 4171 2063 4242; baseline 0 -16"><span class='ocrx_word' id='word_1_407' title='bbox 482 4171 751 4237; x_wconf 75' lang='lat' dir='ltr'><strong><em>Vossiani,</em></strong></span> <span class='ocrx_word' id='word_1_408' title='bbox 782 4171 837 4226; x_wconf 90' lang='lat' dir='ltr'><strong><em>in</em></strong></span> <span class='ocrx_word' id='word_1_409' title='bbox 884 4171 1196 4227; x_wconf 85' lang='lat' dir='ltr'><strong><em>membrana</em></strong></span> <span class='ocrx_word' id='word_1_410' title='bbox 1231 4172 1543 4240; x_wconf 86' lang='lat' dir='ltr'><strong><em>conscripti,</em></strong></span> <span class='ocrx_word' id='word_1_411' title='bbox 1589 4186 1724 4242; x_wconf 88' lang='lat' dir='ltr'><strong><em>quos</em></strong></span> <span class='ocrx_word' id='word_1_412' title='bbox 1767 4173 1951 4225; x_wconf 88' lang='lat' dir='ltr'><strong><em>talium</em></strong></span> <span class='ocrx_word' id='word_1_413' title='bbox 1981 4171 2063 4226; x_wconf 86' lang='lat' dir='ltr'><strong><em>di-</em></strong></span> 
     </span>
    </p>
   </div>
   <div class='ocr_carea' id='block_1_59' title="bbox 481 4264 2062 4335">
    <p class='ocr_par' dir='ltr' id='par_1_59' title="bbox 481 4264 2062 4335">
     <span class='ocr_line' id='line_1_59' title="bbox 481 4264 2062 4335; baseline -0.002 -15"><span class='ocrx_word' id='word_1_414' title='bbox 481 4267 684 4323; x_wconf 89' lang='lat' dir='ltr'><strong><em>tissima</em></strong></span> <span class='ocrx_word' id='word_1_415' title='bbox 706 4268 995 4322; x_wconf 66' lang='lat' dir='ltr'><strong><em>academias</em></strong></span> <span class='ocrx_word' id='word_1_416' title='bbox 1021 4265 1277 4335; x_wconf 77' lang='lat' dir='ltr'><strong><em>Lngduno</em></strong></span> <span class='ocrx_word' id='word_1_417' title='bbox 1305 4266 1516 4318; x_wconf 83' lang='lat' dir='ltr'><strong><em>Batavae</em></strong></span> <span class='ocrx_word' id='word_1_418' title='bbox 1538 4264 1856 4319; x_wconf 84' lang='lat' dir='ltr'><strong><em>bibliotheca</em></strong></span> <span class='ocrx_word' id='word_1_419' title='bbox 1880 4278 2062 4318; x_wconf 88' lang='lat' dir='ltr'><strong><em>asser-</em></strong></span> 
     </span>
    </p>
   </div>
   <div class='ocr_carea' id='block_1_60' title="bbox 481 4353 2061 4420">
    <p class='ocr_par' dir='ltr' id='par_1_60' title="bbox 481 4353 2061 4420">
     <span class='ocr_line' id='line_1_60' title="bbox 481 4353 2061 4420; baseline -0.002 -9"><span class='ocrx_word' id='word_1_420' title='bbox 481 4369 590 4411; x_wconf 87' lang='lat' dir='ltr'><strong><em>vat.</em></strong></span> <span class='ocrx_word' id='word_1_421' title='bbox 618 4358 835 4411; x_wconf 86' lang='lat' dir='ltr'><strong><em>Consilii</em></strong></span> <span class='ocrx_word' id='word_1_422' title='bbox 859 4357 961 4409; x_wconf 91' lang='lat' dir='ltr'><strong><em>mei</em></strong></span> <span class='ocrx_word' id='word_1_423' title='bbox 984 4356 1051 4408; x_wconf 93' lang='lat' dir='ltr'><strong><em>de</em></strong></span> <span class='ocrx_word' id='word_1_424' title='bbox 1082 4357 1305 4408; x_wconf 82' lang='lat' dir='ltr'><strong><em>Aratore</em></strong></span> <span class='ocrx_word' id='word_1_425' title='bbox 1335 4369 1428 4420; x_wconf 84' lang='lat' dir='ltr'><strong><em>per</em></strong></span> <span class='ocrx_word' id='word_1_426' title='bbox 1453 4353 1662 4407; x_wconf 89' lang='lat' dir='ltr'><strong><em>clariss.</em></strong></span> <span class='ocrx_word' id='word_1_427' title='bbox 1698 4354 2061 4408; x_wconf 85' lang='lat' dir='ltr'><strong><em>Burmannum</em></strong></span> 
     </span>
    </p>
   </div>
   <div class='ocr_carea' id='block_1_61' title="bbox 485 4441 2062 4510">
    <p class='ocr_par' dir='ltr' id='par_1_61' title="bbox 485 4441 2062 4510">
     <span class='ocr_line' id='line_1_61' title="bbox 485 4441 2062 4510; baseline -0.003 -8"><span class='ocrx_word' id='word_1_428' title='bbox 485 4447 788 4503; x_wconf 85' lang='lat' dir='ltr'><strong><em>Secundum</em></strong></span> <span class='ocrx_word' id='word_1_429' title='bbox 829 4446 1027 4500; x_wconf 86' lang='lat' dir='ltr'><strong><em>certior</em></strong></span> <span class='ocrx_word' id='word_1_430' title='bbox 1072 4443 1243 4496; x_wconf 87' lang='lat' dir='ltr'><strong><em>lactus</em></strong></span> <span class='ocrx_word' id='word_1_431' title='bbox 1288 4441 1592 4495; x_wconf 88' lang='lat' dir='ltr'><strong><em>Ludovicus</em></strong></span> <span class='ocrx_word' id='word_1_432' title='bbox 1635 4441 1901 4510; x_wconf 65' lang='lat' dir='ltr'><strong><em>CaSparus</em></strong></span> <span class='ocrx_word' id='word_1_433' title='bbox 1944 4443 2062 4497; x_wconf 81' lang='lat' dir='ltr'><strong><em>Val-</em></strong></span> 
     </span>
    </p>
   </div>
   <div class='ocr_carea' id='block_1_62' title="bbox 485 4520 2065 4603">
    <p class='ocr_par' dir='ltr' id='par_1_62' title="bbox 485 4520 2065 4603">
     <span class='ocr_line' id='line_1_62' title="bbox 485 4520 2065 4603; baseline -0.003 -10"><span class='ocrx_word' id='word_1_434' title='bbox 485 4540 738 4603; x_wconf 69' lang='lat' dir='ltr'><strong><em>ckenaer,</em></strong></span> <span class='ocrx_word' id='word_1_435' title='bbox 791 4535 855 4591; x_wconf 83' lang='lat' dir='ltr'><strong><em>V.</em></strong></span> <span class='ocrx_word' id='word_1_436' title='bbox 899 4536 961 4591; x_wconf 89' lang='lat' dir='ltr'><strong><em>C.</em></strong></span> <span class='ocrx_word' id='word_1_437' title='bbox 1003 4528 1314 4590; x_wconf 83' lang='lat' dir='ltr'><strong><em>olliciosain</em></strong></span> <span class='ocrx_word' id='word_1_438' title='bbox 1338 4533 1542 4588; x_wconf 88' lang='lat' dir='ltr'><strong><em>litteras</em></strong></span> <span class='ocrx_word' id='word_1_439' title='bbox 1577 4533 1923 4600; x_wconf 89' lang='lat' dir='ltr'><strong><em>humanitate,</em></strong></span> <span class='ocrx_word' id='word_1_440' title='bbox 1966 4520 2065 4589; x_wconf 9' lang='lat' dir='ltr'><strong><em>ho-r</em></strong></span> 
     </span>
    </p>
   </div>
   <div class='ocr_carea' id='block_1_63' title="bbox 484 4623 2063 4696">
    <p class='ocr_par' dir='ltr' id='par_1_63' title="bbox 484 4623 2063 4696">
     <span class='ocr_line' id='line_1_63' title="bbox 484 4623 2063 4696; baseline -0.004 -11"><span class='ocrx_word' id='word_1_441' title='bbox 484 4644 605 4686; x_wconf 86' lang='lat' dir='ltr'><strong><em>rum</em></strong></span> <span class='ocrx_word' id='word_1_442' title='bbox 653 4626 1101 4696; x_wconf 90' lang='lat' dir='ltr'><strong><em>inspiciendorum</em></strong></span> <span class='ocrx_word' id='word_1_443' title='bbox 1152 4629 1358 4693; x_wconf 86' lang='lat' dir='ltr'><strong><em>copiam</em></strong></span> <span class='ocrx_word' id='word_1_444' title='bbox 1409 4623 1575 4690; x_wconf 82' lang='lat' dir='ltr'><strong><em>fecit,</em></strong></span> <span class='ocrx_word' id='word_1_445' title='bbox 1641 4623 1726 4678; x_wconf 90' lang='lat' dir='ltr'><strong><em>cui</em></strong></span> <span class='ocrx_word' id='word_1_446' title='bbox 1773 4623 1909 4680; x_wconf 88' lang='lat' dir='ltr'><strong><em>adeo</em></strong></span> <span class='ocrx_word' id='word_1_447' title='bbox 1962 4625 2063 4679; x_wconf 85' lang='lat' dir='ltr'><strong><em>hoc</em></strong></span> 
     </span>
    </p>
   </div>
   <div class='ocr_carea' id='block_1_64' title="bbox 410 4714 2064 4787">
    <p class='ocr_par' dir='ltr' id='par_1_64' title="bbox 410 4714 2064 4787">
     <span class='ocr_line' id='line_1_64' title="bbox 410 4714 2064 4787; baseline -0.003 -12"><span class='ocrx_word' id='word_1_448' title='bbox 410 4734 415 4737; x_wconf 80' lang='lat'><em>&#39;</em></span> <span class='ocrx_word' id='word_1_449' title='bbox 486 4719 704 4775; x_wconf 82' lang='lat' dir='ltr'><strong><em>nomine</em></strong></span> <span class='ocrx_word' id='word_1_450' title='bbox 732 4717 1019 4787; x_wconf 75' lang='lat' dir='ltr'><strong><em>obstrictus</em></strong></span> <span class='ocrx_word' id='word_1_451' title='bbox 1045 4714 1244 4785; x_wconf 75' lang='lat' dir='ltr'><strong><em>gratias</em></strong></span> <span class='ocrx_word' id='word_1_452' title='bbox 1273 4729 1404 4783; x_wconf 85' lang='lat' dir='ltr'><strong><em>quas</em></strong></span> <span class='ocrx_word' id='word_1_453' title='bbox 1434 4728 1651 4782; x_wconf 90' lang='lat' dir='ltr'><strong><em>possum</em></strong></span> <span class='ocrx_word' id='word_1_454' title='bbox 1686 4714 1949 4769; x_wconf 88' lang='lat' dir='ltr'><strong><em>maximas</em></strong></span> <span class='ocrx_word' id='word_1_455' title='bbox 1978 4731 2064 4771; x_wconf 90' lang='lat' dir='ltr'><strong><em>me</em></strong></span> 
     </span>
    </p>
   </div>
   <div class='ocr_carea' id='block_1_65' title="bbox 485 4803 2064 4877">
    <p class='ocr_par' dir='ltr' id='par_1_65' title="bbox 485 4803 2064 4877">
     <span class='ocr_line' id='line_1_65' title="bbox 485 4803 2064 4877; baseline -0.004 -13"><span class='ocrx_word' id='word_1_456' title='bbox 485 4811 682 4865; x_wconf 83' lang='lat' dir='ltr'><strong><em>debere</em></strong></span> <span class='ocrx_word' id='word_1_457' title='bbox 708 4809 988 4877; x_wconf 80' lang='lat' dir='ltr'><strong><em>proﬁteor.</em></strong></span> <span class='ocrx_word' id='word_1_458' title='bbox 1018 4806 1125 4860; x_wconf 88' lang='lat' dir='ltr'><strong><em>Nec</em></strong></span> <span class='ocrx_word' id='word_1_459' title='bbox 1155 4804 1328 4859; x_wconf 76' lang='lat' dir='ltr'><strong><em>minus</em></strong></span> <span class='ocrx_word' id='word_1_460' title='bbox 1373 4803 1424 4857; x_wconf 89' lang='lat' dir='ltr'><strong><em>in</em></strong></span> <span class='ocrx_word' id='word_1_461' title='bbox 1467 4818 1578 4861; x_wconf 76' lang='lat' dir='ltr'><strong><em>tere</em></strong></span> <span class='ocrx_word' id='word_1_462' title='bbox 1618 4819 1830 4877; x_wconf 82' lang='lat' dir='ltr'><strong><em>suome</em></strong></span> <span class='ocrx_word' id='word_1_463' title='bbox 1860 4806 2064 4861; x_wconf 88' lang='lat' dir='ltr'><strong><em>consti-</em></strong></span> 
     </span>
    </p>
   </div>
   <div class='ocr_carea' id='block_1_66' title="bbox 488 4875 2061 4965">
    <p class='ocr_par' dir='ltr' id='par_1_66' title="bbox 488 4875 2061 4965">
     <span class='ocr_line' id='line_1_66' title="bbox 488 4875 2061 4965; baseline -0.003 -9"><span class='ocrx_word' id='word_1_464' title='bbox 488 4905 587 4956; x_wconf 88' lang='lat' dir='ltr'><strong><em>tuit</em></strong></span> <span class='ocrx_word' id='word_1_465' title='bbox 622 4875 767 4955; x_wconf 79' lang='lat' dir='ltr'><strong><em>reum</em></strong></span> <span class='ocrx_word' id='word_1_466' title='bbox 799 4899 1111 4955; x_wconf 78' lang='lat' dir='ltr'><strong><em>Everwinus</em></strong></span> <span class='ocrx_word' id='word_1_467' title='bbox 1140 4895 1603 4965; x_wconf 75' lang='lat' dir='ltr'><strong><em>Wassenberg‘tus,</em></strong></span> <span class='ocrx_word' id='word_1_468' title='bbox 1649 4875 1752 4965; x_wconf 64' lang='lat' dir='ltr'><strong><em>qui</em></strong></span> <span class='ocrx_word' id='word_1_469' title='bbox 1766 4897 2061 4951; x_wconf 89' lang='lat' dir='ltr'><strong><em>studiorum</em></strong></span> 
     </span>
    </p>
   </div>
   <div class='ocr_carea' id='block_1_67' title="bbox 487 4986 2064 5059">
    <p class='ocr_par' dir='ltr' id='par_1_67' title="bbox 487 4986 2064 5059">
     <span class='ocr_line' id='line_1_67' title="bbox 487 4986 2064 5059; baseline -0.002 -14"><span class='ocrx_word' id='word_1_470' title='bbox 487 5007 645 5045; x_wconf 84' lang='lat' dir='ltr'><strong><em>causa</em></strong></span> <span class='ocrx_word' id='word_1_471' title='bbox 677 4990 914 5059; x_wconf 81' lang='lat' dir='ltr'><strong><em>Lugduni</em></strong></span> <span class='ocrx_word' id='word_1_472' title='bbox 958 4997 1217 5050; x_wconf 87' lang='lat' dir='ltr'><strong><em>moratus,</em></strong></span> <span class='ocrx_word' id='word_1_473' title='bbox 1251 4988 1302 5040; x_wconf 90' lang='lat' dir='ltr'><strong><em>in</em></strong></span> <span class='ocrx_word' id='word_1_474' title='bbox 1345 4986 1426 5041; x_wconf 86' lang='lat' dir='ltr'><strong><em>his</em></strong></span> <span class='ocrx_word' id='word_1_475' title='bbox 1465 4986 1805 5042; x_wconf 84' lang='lat' dir='ltr'><strong><em>conferendis</em></strong></span> <span class='ocrx_word' id='word_1_476' title='bbox 1845 5002 2064 5057; x_wconf 87' lang='lat' dir='ltr'><strong><em>operam</em></strong></span> 
     </span>
    </p>
   </div>
   <div class='ocr_carea' id='block_1_68' title="bbox 489 5080 2067 5151">
    <p class='ocr_par' dir='ltr' id='par_1_68' title="bbox 489 5080 2067 5151">
     <span class='ocr_line' id='line_1_68' title="bbox 489 5080 2067 5151; baseline 0 -15"><span class='ocrx_word' id='word_1_477' title='bbox 489 5098 583 5136; x_wconf 87' lang='lat' dir='ltr'><strong><em>sua</em></strong></span> <span class='ocrx_word' id='word_1_478' title='bbox 610 5093 799 5151; x_wconf 82' lang='lat' dir='ltr'><strong><em>sponte</em></strong></span> <span class='ocrx_word' id='word_1_479' title='bbox 827 5083 1039 5150; x_wconf 87' lang='lat' dir='ltr'><strong><em>obtulit,</em></strong></span> <span class='ocrx_word' id='word_1_480' title='bbox 1078 5089 1133 5136; x_wconf 89' lang='lat' dir='ltr'><strong><em>et</em></strong></span> <span class='ocrx_word' id='word_1_481' title='bbox 1160 5080 1557 5137; x_wconf 85' lang='lat' dir='ltr'><strong><em>accuratissime</em></strong></span> <span class='ocrx_word' id='word_1_482' title='bbox 1583 5081 1825 5151; x_wconf 74' lang='lat' dir='ltr'><strong><em>perfecit.</em></strong></span> <span class='ocrx_word' id='word_1_483' title='bbox 1857 5082 1941 5139; x_wconf 90' lang='lat' dir='ltr'><strong><em>Uti</em></strong></span> <span class='ocrx_word' id='word_1_484' title='bbox 1972 5098 2067 5136; x_wconf 83' lang='lat' dir='ltr'><strong><em>au-</em></strong></span> 
     </span>
    </p>
   </div>
   <div class='ocr_carea' id='block_1_69' title="bbox 491 5169 2066 5241">
    <p class='ocr_par' dir='ltr' id='par_1_69' title="bbox 491 5169 2066 5241">
     <span class='ocr_line' id='line_1_69' title="bbox 491 5169 2066 5241; baseline 0.001 -16"><span class='ocrx_word' id='word_1_485' title='bbox 491 5182 599 5225; x_wconf 90' lang='lat' dir='ltr'><strong><em>tem</em></strong></span> <span class='ocrx_word' id='word_1_486' title='bbox 646 5172 866 5238; x_wconf 90' lang='lat' dir='ltr'><strong><em>probata</em></strong></span> <span class='ocrx_word' id='word_1_487' title='bbox 912 5169 1111 5241; x_wconf 77' lang='lat' dir='ltr'><strong><em>pietate</em></strong></span> <span class='ocrx_word' id='word_1_488' title='bbox 1152 5172 1342 5226; x_wconf 82' lang='lat' dir='ltr'><strong><em>ductus</em></strong></span> <span class='ocrx_word' id='word_1_489' title='bbox 1394 5170 1498 5225; x_wconf 89' lang='lat' dir='ltr'><strong><em>hoc</em></strong></span> <span class='ocrx_word' id='word_1_490' title='bbox 1544 5171 1697 5236; x_wconf 87' lang='lat' dir='ltr'><strong><em>mihi,</em></strong></span> <span class='ocrx_word' id='word_1_491' title='bbox 1749 5173 2066 5240; x_wconf 68' lang='lat' dir='ltr'><strong><em>prmeeptori</em></strong></span> 
     </span>
    </p>
   </div>
   <div class='ocr_carea' id='block_1_70' title="bbox 492 5260 2069 5331">
    <p class='ocr_par' dir='ltr' id='par_1_70' title="bbox 492 5260 2069 5331">
     <span class='ocr_line' id='line_1_70' title="bbox 492 5260 2069 5331; baseline 0.001 -16"><span class='ocrx_word' id='word_1_492' title='bbox 492 5260 758 5330; x_wconf 80' lang='lat' dir='ltr'><strong><em>quondam</em></strong></span> <span class='ocrx_word' id='word_1_493' title='bbox 785 5274 902 5325; x_wconf 89' lang='lat' dir='ltr'><strong><em>suo,</em></strong></span> <span class='ocrx_word' id='word_1_494' title='bbox 933 5262 1182 5331; x_wconf 69' lang='lat' dir='ltr'><strong><em>prmstitit</em></strong></span> <span class='ocrx_word' id='word_1_495' title='bbox 1217 5263 1470 5329; x_wconf 84' lang='lat' dir='ltr'><strong><em>olllcium,</em></strong></span> <span class='ocrx_word' id='word_1_496' title='bbox 1506 5261 1602 5326; x_wconf 85' lang='lat' dir='ltr'><strong><em>ita,</em></strong></span> <span class='ocrx_word' id='word_1_497' title='bbox 1624 5261 1801 5329; x_wconf 81' lang='lat' dir='ltr'><strong><em>oblata</em></strong></span> <span class='ocrx_word' id='word_1_498' title='bbox 1832 5277 1955 5317; x_wconf 71' lang='lat' dir='ltr'><strong><em>mox</em></strong></span> <span class='ocrx_word' id='word_1_499' title='bbox 1991 5264 2069 5317; x_wconf 82' lang='lat' dir='ltr'><strong><em>ci-</em></strong></span> 
     </span>
    </p>
   </div>
   <div class='ocr_carea' id='block_1_71' title="bbox 493 5349 2070 5421">
    <p class='ocr_par' dir='ltr' id='par_1_71' title="bbox 493 5349 2070 5421">
     <span class='ocr_line' id='line_1_71' title="bbox 493 5349 2070 5421; baseline -0.001 -13"><span class='ocrx_word' id='word_1_500' title='bbox 493 5356 614 5408; x_wconf 82' lang='lat' dir='ltr'><strong><em>dcm</em></strong></span> <span class='ocrx_word' id='word_1_501' title='bbox 653 5350 941 5406; x_wconf 79' lang='lat' dir='ltr'><strong><em>honoriﬁca</em></strong></span> <span class='ocrx_word' id='word_1_502' title='bbox 974 5350 1026 5404; x_wconf 92' lang='lat' dir='ltr'><strong><em>in</em></strong></span> <span class='ocrx_word' id='word_1_503' title='bbox 1070 5349 1433 5406; x_wconf 83' lang='lat' dir='ltr'><strong><em>Daventriensi</em></strong></span> <span class='ocrx_word' id='word_1_504' title='bbox 1470 5351 1748 5421; x_wconf 76' lang='lat' dir='ltr'><strong><em>gymnasio</em></strong></span> <span class='ocrx_word' id='word_1_505' title='bbox 1776 5353 2070 5421; x_wconf 83' lang='lat' dir='ltr'><strong><em>provincia.</em></strong></span> 
     </span>
    </p>
   </div>
   <div class='ocr_carea' id='block_1_72' title="bbox 566 5609 2059 5681">
    <p class='ocr_par' dir='ltr' id='par_1_72' title="bbox 566 5609 2059 5681">
     <span class='ocr_line' id='line_1_72' title="bbox 566 5609 2059 5681; baseline 0.001 -19"><span class='ocrx_word' id='word_1_506' title='bbox 566 5612 640 5681; x_wconf 82' lang='grc' dir='ltr'>(ιι)</span> <span class='ocrx_word' id='word_1_507' title='bbox 671 5611 815 5681; x_wconf 10' lang='lat' dir='ltr'><strong><em>Vide,</em></strong></span> <span class='ocrx_word' id='word_1_508' title='bbox 848 5611 982 5665; x_wconf 82' lang='lat' dir='ltr'><strong><em>Bibl.</em></strong></span> <span class='ocrx_word' id='word_1_509' title='bbox 1024 5609 1221 5676; x_wconf 85' lang='lat' dir='ltr'><strong><em>l.atin.,</em></strong></span> <span class='ocrx_word' id='word_1_510' title='bbox 1274 5618 1405 5664; x_wconf 89' lang='lat' dir='ltr'><strong><em>tom.</em></strong></span> <span class='ocrx_word' id='word_1_511' title='bbox 1455 5610 1506 5671; x_wconf 89' lang='grc' dir='ltr'><strong>Ι.</strong></span> <span class='ocrx_word' id='word_1_512' title='bbox 1542 5628 1593 5679; x_wconf 81' lang='lat' dir='ltr'><strong><em>p.</em></strong></span> <span class='ocrx_word' id='word_1_513' title='bbox 1634 5613 1756 5668; x_wconf 75' lang='lat'><strong>706.</strong></span> <span class='ocrx_word' id='word_1_514' title='bbox 1815 5611 2059 5667; x_wconf 75' lang='lat' dir='ltr'><strong><em>Biltliutlt.</em></strong></span> 
     </span>
    </p>
   </div>
   <div class='ocr_carea' id='block_1_73' title="bbox 496 5680 1543 5748">
    <p class='ocr_par' dir='ltr' id='par_1_73' title="bbox 496 5680 1543 5748">
     <span class='ocr_line' id='line_1_73' title="bbox 496 5680 1543 5748; baseline -0.002 -12"><span class='ocrx_word' id='word_1_515' title='bbox 496 5680 638 5736; x_wconf 65' lang='lat' dir='ltr'><strong><em>mea.</em></strong></span> <span class='ocrx_word' id='word_1_516' title='bbox 666 5691 718 5732; x_wconf 89' lang='lat' dir='ltr'><strong><em>et</em></strong></span> <span class='ocrx_word' id='word_1_517' title='bbox 744 5680 833 5734; x_wconf 80' lang='lat' dir='ltr'><strong><em>inf.</em></strong></span> <span class='ocrx_word' id='word_1_518' title='bbox 878 5682 1073 5748; x_wconf 74' lang='lat' dir='ltr'><strong><em>l.atiu.,</em></strong></span> <span class='ocrx_word' id='word_1_519' title='bbox 1102 5690 1232 5734; x_wconf 85' lang='lat' dir='ltr'><strong><em>tom.</em></strong></span> <span class='ocrx_word' id='word_1_520' title='bbox 1268 5681 1306 5745; x_wconf 91' lang='lat' dir='ltr'><strong><em>I,</em></strong></span> <span class='ocrx_word' id='word_1_521' title='bbox 1345 5696 1394 5748; x_wconf 87' lang='lat' dir='ltr'><strong><em>p.</em></strong></span> <span class='ocrx_word' id='word_1_522' title='bbox 1422 5681 1543 5734; x_wconf 68' lang='grc'><strong><em>546.</em></strong></span> 
     </span>
    </p>
   </div>
   <div class='ocr_carea' id='block_1_74' title="bbox 564 5748 1706 5823">
    <p class='ocr_par' dir='ltr' id='par_1_74' title="bbox 564 5748 1706 5823">
     <span class='ocr_line' id='line_1_74' title="bbox 564 5748 1706 5823; baseline -0.017 -8"><span class='ocrx_word' id='word_1_523' title='bbox 564 5756 641 5820; x_wconf 67' lang='grc' dir='ltr'><strong><em>(ιν)</em></strong></span> <span class='ocrx_word' id='word_1_524' title='bbox 675 5750 803 5818; x_wconf 70' lang='lat' dir='ltr'><strong><em>Syllt</em></strong></span> <span class='ocrx_word' id='word_1_525' title='bbox 824 5769 875 5823; x_wconf 70' lang='grc' dir='ltr'><strong>ς.</strong></span> <span class='ocrx_word' id='word_1_526' title='bbox 904 5752 1191 5810; x_wconf 81' lang='lat' dir='ltr'><strong><em>Burmanni</em></strong></span> <span class='ocrx_word' id='word_1_527' title='bbox 1248 5760 1379 5808; x_wconf 72' lang='lat' dir='ltr'><strong><em>tum.</em></strong></span> <span class='ocrx_word' id='word_1_528' title='bbox 1409 5750 1469 5808; x_wconf 69' lang='grc' dir='ltr'><strong>ν.</strong></span> <span class='ocrx_word' id='word_1_529' title='bbox 1496 5769 1553 5823; x_wconf 83' lang='lat' dir='ltr'><strong><em>p.</em></strong></span> <span class='ocrx_word' id='word_1_530' title='bbox 1585 5748 1706 5804; x_wconf 68' lang='lat'><strong><em>‘255.</em></strong></span> 
     </span>
    </p>
   </div>
   <div class='ocr_carea' id='block_1_75' title="bbox 2134 1867 3705 1942">
    <p class='ocr_par' dir='ltr' id='par_1_75' title="bbox 2134 1867 3705 1942">
     <span class='ocr_line' id='line_1_75' title="bbox 2134 1867 3705 1942; baseline -0.001 -15"><span class='ocrx_word' id='word_1_531' title='bbox 2134 1874 2355 1942; x_wconf 53' lang='lat' dir='ltr'><strong><em>insignis</em></strong></span> <span class='ocrx_word' id='word_1_532' title='bbox 2380 1874 2522 1927; x_wconf 84' lang='lat' dir='ltr'><strong><em>Petri</em></strong></span> <span class='ocrx_word' id='word_1_533' title='bbox 2551 1872 2840 1926; x_wconf 85' lang='lat' dir='ltr'><strong><em>Burmanni</em></strong></span> <span class='ocrx_word' id='word_1_534' title='bbox 2866 1867 3094 1926; x_wconf 86' lang='lat' dir='ltr'><strong><em>Secundi</em></strong></span> <span class='ocrx_word' id='word_1_535' title='bbox 3126 1872 3179 1924; x_wconf 92' lang='lat' dir='ltr'><strong><em>in</em></strong></span> <span class='ocrx_word' id='word_1_536' title='bbox 3211 1887 3296 1925; x_wconf 89' lang='lat' dir='ltr'><strong><em>tne</em></strong></span> <span class='ocrx_word' id='word_1_537' title='bbox 3328 1871 3624 1925; x_wconf 88' lang='lat' dir='ltr'><strong><em>humanitas</em></strong></span> <span class='ocrx_word' id='word_1_538' title='bbox 3648 1880 3705 1927; x_wconf 89' lang='lat' dir='ltr'><strong><em>et</em></strong></span> 
     </span>
    </p>
   </div>
   <div class='ocr_carea' id='block_1_76' title="bbox 2132 1960 3703 2033">
    <p class='ocr_par' dir='ltr' id='par_1_76' title="bbox 2132 1960 3703 2033">
     <span class='ocr_line' id='line_1_76' title="bbox 2132 1960 3703 2033; baseline -0.004 -15"><span class='ocrx_word' id='word_1_539' title='bbox 2132 1964 2521 2030; x_wconf 88' lang='lat' dir='ltr'><strong><em>benevolentia,</em></strong></span> <span class='ocrx_word' id='word_1_540' title='bbox 2554 1963 2645 2033; x_wconf 92' lang='lat' dir='ltr'><strong><em>qui</em></strong></span> <span class='ocrx_word' id='word_1_541' title='bbox 2673 1969 2748 2017; x_wconf 91' lang='lat' dir='ltr'><strong><em>tot</em></strong></span> <span class='ocrx_word' id='word_1_542' title='bbox 2780 1961 2897 2014; x_wconf 87' lang='lat' dir='ltr'><strong><em>aliis</em></strong></span> <span class='ocrx_word' id='word_1_543' title='bbox 2926 1961 3179 2015; x_wconf 67' lang='lat' dir='ltr'><strong><em>amicitia:</em></strong></span> <span class='ocrx_word' id='word_1_544' title='bbox 3206 1975 3331 2029; x_wconf 72' lang='lat' dir='ltr'><strong><em>erga</em></strong></span> <span class='ocrx_word' id='word_1_545' title='bbox 3363 1976 3447 2014; x_wconf 91' lang='lat' dir='ltr'><strong><em>me</em></strong></span> <span class='ocrx_word' id='word_1_546' title='bbox 3474 1960 3703 2025; x_wconf 87' lang='lat' dir='ltr'><strong><em>indiciis,</em></strong></span> 
     </span>
    </p>
   </div>
   <div class='ocr_carea' id='block_1_77' title="bbox 2135 2050 3706 2121">
    <p class='ocr_par' dir='ltr' id='par_1_77' title="bbox 2135 2050 3706 2121">
     <span class='ocr_line' id='line_1_77' title="bbox 2135 2050 3706 2121; baseline -0.003 -13"><span class='ocrx_word' id='word_1_547' title='bbox 2135 2064 2337 2109; x_wconf 89' lang='lat' dir='ltr'><strong><em>tantum</em></strong></span> <span class='ocrx_word' id='word_1_548' title='bbox 2377 2055 2430 2109; x_wconf 89' lang='lat' dir='ltr'><strong><em>in</em></strong></span> <span class='ocrx_word' id='word_1_549' title='bbox 2465 2056 2690 2109; x_wconf 85' lang='lat' dir='ltr'><strong><em>Aratore</em></strong></span> <span class='ocrx_word' id='word_1_550' title='bbox 2731 2051 2953 2116; x_wconf 88' lang='lat' dir='ltr'><strong><em>addidit,</em></strong></span> <span class='ocrx_word' id='word_1_551' title='bbox 2994 2062 3070 2118; x_wconf 88' lang='lat' dir='ltr'><strong><em>ut,</em></strong></span> <span class='ocrx_word' id='word_1_552' title='bbox 3110 2050 3364 2121; x_wconf 89' lang='lat' dir='ltr'><strong><em>quidquid</em></strong></span> <span class='ocrx_word' id='word_1_553' title='bbox 3407 2051 3706 2104; x_wconf 85' lang='lat' dir='ltr'><strong><em>ornamenti</em></strong></span> 
     </span>
    </p>
   </div>
   <div class='ocr_carea' id='block_1_78' title="bbox 2129 2141 3707 2216">
    <p class='ocr_par' dir='ltr' id='par_1_78' title="bbox 2129 2141 3707 2216">
     <span class='ocr_line' id='line_1_78' title="bbox 2129 2141 3707 2216; baseline -0.003 -16"><span class='ocrx_word' id='word_1_554' title='bbox 2129 2148 2238 2216; x_wconf 85' lang='lat' dir='ltr'><strong><em>jam</em></strong></span> <span class='ocrx_word' id='word_1_555' title='bbox 2260 2154 2429 2215; x_wconf 68' lang='lat' dir='ltr'><strong><em>poeta:</em></strong></span> <span class='ocrx_word' id='word_1_556' title='bbox 2459 2144 2766 2210; x_wconf 88' lang='lat' dir='ltr'><strong><em>accesserit,</em></strong></span> <span class='ocrx_word' id='word_1_557' title='bbox 2799 2144 2921 2199; x_wconf 91' lang='lat' dir='ltr'><strong><em>huic</em></strong></span> <span class='ocrx_word' id='word_1_558' title='bbox 2950 2144 3037 2196; x_wconf 89' lang='lat' dir='ltr'><strong><em>uni</em></strong></span> <span class='ocrx_word' id='word_1_559' title='bbox 3064 2142 3175 2197; x_wconf 81' lang='lat' dir='ltr'><strong><em>fere</em></strong></span> <span class='ocrx_word' id='word_1_560' title='bbox 3200 2141 3480 2198; x_wconf 89' lang='lat' dir='ltr'><strong><em>debeatur.</em></strong></span> <span class='ocrx_word' id='word_1_561' title='bbox 3508 2143 3707 2195; x_wconf 76' lang='lat' dir='ltr'><strong><em>Nactus</em></strong></span> 
     </span>
    </p>
   </div>
   <div class='ocr_carea' id='block_1_79' title="bbox 2134 2230 3708 2292">
    <p class='ocr_par' dir='ltr' id='par_1_79' title="bbox 2134 2230 3708 2292">
     <span class='ocr_line' id='line_1_79' title="bbox 2134 2230 3708 2292; baseline -0.008 0"><span class='ocrx_word' id='word_1_562' title='bbox 2134 2238 2342 2292; x_wconf 77' lang='lat' dir='ltr'><strong><em>scilicet</em></strong></span> <span class='ocrx_word' id='word_1_563' title='bbox 2368 2250 2484 2291; x_wconf 88' lang='lat' dir='ltr'><strong><em>sum</em></strong></span> <span class='ocrx_word' id='word_1_564' title='bbox 2516 2250 2543 2287; x_wconf 87' lang='lat' dir='ltr'><strong><em>a</em></strong></span> <span class='ocrx_word' id='word_1_565' title='bbox 2586 2235 2700 2288; x_wconf 88' lang='lat' dir='ltr'><strong><em>viro</em></strong></span> <span class='ocrx_word' id='word_1_566' title='bbox 2729 2233 3026 2287; x_wconf 89' lang='lat' dir='ltr'><strong><em>clarissimo</em></strong></span> <span class='ocrx_word' id='word_1_567' title='bbox 3064 2233 3221 2285; x_wconf 89' lang='lat' dir='ltr'><strong><em>trium</em></strong></span> <span class='ocrx_word' id='word_1_568' title='bbox 3268 2230 3423 2286; x_wconf 92' lang='lat' dir='ltr'><strong><em>codd.</em></strong></span> <span class='ocrx_word' id='word_1_569' title='bbox 3464 2230 3708 2285; x_wconf 86' lang='lat' dir='ltr'><strong><em>collatio-</em></strong></span> 
     </span>
    </p>
   </div>
   <div class='ocr_carea' id='block_1_80' title="bbox 2136 2317 3710 2394">
    <p class='ocr_par' dir='ltr' id='par_1_80' title="bbox 2136 2317 3710 2394">
     <span class='ocr_line' id='line_1_80' title="bbox 2136 2317 3710 2394; baseline -0.006 -14"><span class='ocrx_word' id='word_1_570' title='bbox 2136 2342 2254 2391; x_wconf 87' lang='lat' dir='ltr'><strong><em>nes,</em></strong></span> <span class='ocrx_word' id='word_1_571' title='bbox 2303 2323 2785 2394; x_wconf 81' lang='lat' dir='ltr'><strong><em>Cantabrigiensis,</em></strong></span> <span class='ocrx_word' id='word_1_572' title='bbox 2840 2320 3240 2384; x_wconf 87' lang='lat' dir='ltr'><strong><em>Universitatis,</em></strong></span> <span class='ocrx_word' id='word_1_573' title='bbox 3301 2330 3355 2372; x_wconf 91' lang='lat' dir='ltr'><strong><em>et</em></strong></span> <span class='ocrx_word' id='word_1_574' title='bbox 3413 2317 3710 2371; x_wconf 81' lang='lat' dir='ltr'><strong><em>Balthasari</em></strong></span> 
     </span>
    </p>
   </div>
   <div class='ocr_carea' id='block_1_81' title="bbox 2136 2409 3709 2485">
    <p class='ocr_par' dir='ltr' id='par_1_81' title="bbox 2136 2409 3709 2485">
     <span class='ocr_line' id='line_1_81' title="bbox 2136 2409 3709 2485; baseline -0.01 -13"><span class='ocrx_word' id='word_1_575' title='bbox 2136 2418 2341 2475; x_wconf 80' lang='lat' dir='ltr'><strong><em>Moreti.</em></strong></span> <span class='ocrx_word' id='word_1_576' title='bbox 2377 2417 2491 2470; x_wconf 88' lang='lat' dir='ltr'><strong><em>Duo</em></strong></span> <span class='ocrx_word' id='word_1_577' title='bbox 2522 2416 2724 2485; x_wconf 85' lang='lat' dir='ltr'><strong><em>priores</em></strong></span> <span class='ocrx_word' id='word_1_578' title='bbox 2753 2412 2819 2467; x_wconf 84' lang='lat' dir='ltr'><strong><em>ad</em></strong></span> <span class='ocrx_word' id='word_1_579' title='bbox 2851 2412 3144 2467; x_wconf 88' lang='lat' dir='ltr'><strong><em>editionem</em></strong></span> <span class='ocrx_word' id='word_1_580' title='bbox 3185 2409 3551 2463; x_wconf 85' lang='lat' dir='ltr'><strong><em>Fabricianam</em></strong></span> <span class='ocrx_word' id='word_1_581' title='bbox 3576 2419 3709 2460; x_wconf 85' lang='lat' dir='ltr'><strong><em>con-</em></strong></span> 
     </span>
    </p>
   </div>
   <div class='ocr_carea' id='block_1_82' title="bbox 2138 2499 3709 2572">
    <p class='ocr_par' dir='ltr' id='par_1_82' title="bbox 2138 2499 3709 2572">
     <span class='ocr_line' id='line_1_82' title="bbox 2138 2499 3709 2572; baseline -0.008 -9"><span class='ocrx_word' id='word_1_582' title='bbox 2138 2510 2330 2563; x_wconf 89' lang='lat' dir='ltr'><strong><em>tulerat</em></strong></span> <span class='ocrx_word' id='word_1_583' title='bbox 2367 2507 2576 2562; x_wconf 88' lang='lat' dir='ltr'><strong><em>Gotlieb</em></strong></span> <span class='ocrx_word' id='word_1_584' title='bbox 2614 2504 2845 2568; x_wconf 87' lang='lat' dir='ltr'><strong><em>Cortius,</em></strong></span> <span class='ocrx_word' id='word_1_585' title='bbox 2879 2511 3040 2572; x_wconf 90' lang='lat' dir='ltr'><strong><em>atque</em></strong></span> <span class='ocrx_word' id='word_1_586' title='bbox 3085 2515 3148 2554; x_wconf 83' lang='lat' dir='ltr'><strong><em>ex</em></strong></span> <span class='ocrx_word' id='word_1_587' title='bbox 3182 2499 3496 2553; x_wconf 86' lang='lat' dir='ltr'><strong><em>bibliotheca</em></strong></span> <span class='ocrx_word' id='word_1_588' title='bbox 3529 2499 3709 2550; x_wconf 76' lang='lat' dir='ltr'><strong><em>Menc-</em></strong></span> 
     </span>
    </p>
   </div>
   <div class='ocr_carea' id='block_1_83' title="bbox 2139 2588 3711 2664">
    <p class='ocr_par' dir='ltr' id='par_1_83' title="bbox 2139 2588 3711 2664">
     <span class='ocr_line' id='line_1_83' title="bbox 2139 2588 3711 2664; baseline -0.008 -13"><span class='ocrx_word' id='word_1_589' title='bbox 2139 2596 2387 2659; x_wconf 84' lang='lat' dir='ltr'><strong><em>kcniana,</em></strong></span> <span class='ocrx_word' id='word_1_590' title='bbox 2433 2593 2627 2664; x_wconf 55' lang='lat' dir='ltr'><strong><em>Lipsiae</em></strong></span> <span class='ocrx_word' id='word_1_591' title='bbox 2664 2592 2965 2655; x_wconf 84' lang='lat' dir='ltr'><strong><em>divendita,</em></strong></span> <span class='ocrx_word' id='word_1_592' title='bbox 3005 2590 3247 2645; x_wconf 89' lang='lat' dir='ltr'><strong><em>eamdem</em></strong></span> <span class='ocrx_word' id='word_1_593' title='bbox 3291 2588 3392 2642; x_wconf 91' lang='lat' dir='ltr'><strong><em>sibi</em></strong></span> <span class='ocrx_word' id='word_1_594' title='bbox 3432 2601 3711 2654; x_wconf 87' lang='lat' dir='ltr'><strong><em>compara-</em></strong></span> 
     </span>
    </p>
   </div>
   <div class='ocr_carea' id='block_1_84' title="bbox 2142 2674 3714 2740">
    <p class='ocr_par' dir='ltr' id='par_1_84' title="bbox 2142 2674 3714 2740">
     <span class='ocr_line' id='line_1_84' title="bbox 2142 2674 3714 2740; baseline -0.008 0"><span class='ocrx_word' id='word_1_595' title='bbox 2142 2693 2293 2740; x_wconf 85' lang='lat' dir='ltr'><strong><em>verat</em></strong></span> <span class='ocrx_word' id='word_1_596' title='bbox 2320 2685 2675 2739; x_wconf 88' lang='lat' dir='ltr'><strong><em>Burmannus.</em></strong></span> <span class='ocrx_word' id='word_1_597' title='bbox 2708 2681 2897 2735; x_wconf 84' lang='lat' dir='ltr'><strong><em>Moreti</em></strong></span> <span class='ocrx_word' id='word_1_598' title='bbox 2943 2680 3182 2735; x_wconf 90' lang='lat' dir='ltr'><strong><em>codicem</em></strong></span> <span class='ocrx_word' id='word_1_599' title='bbox 3227 2678 3526 2731; x_wconf 88' lang='lat' dir='ltr'><strong><em>contulerat</em></strong></span> <span class='ocrx_word' id='word_1_600' title='bbox 3554 2674 3714 2729; x_wconf 83' lang='lat' dir='ltr'><strong><em>Nico-</em></strong></span> 
     </span>
    </p>
   </div>
   <div class='ocr_carea' id='block_1_85' title="bbox 2144 2766 3716 2840">
    <p class='ocr_par' dir='ltr' id='par_1_85' title="bbox 2144 2766 3716 2840">
     <span class='ocr_line' id='line_1_85' title="bbox 2144 2766 3716 2840; baseline -0.009 -8"><span class='ocrx_word' id='word_1_601' title='bbox 2144 2778 2260 2832; x_wconf 88' lang='lat' dir='ltr'><strong><em>laus</em></strong></span> <span class='ocrx_word' id='word_1_602' title='bbox 2314 2774 2585 2840; x_wconf 83' lang='lat' dir='ltr'><strong><em>Heinsius,</em></strong></span> <span class='ocrx_word' id='word_1_603' title='bbox 2634 2770 2997 2840; x_wconf 84' lang='lat' dir='ltr'><strong><em>lectionesque</em></strong></span> <span class='ocrx_word' id='word_1_604' title='bbox 3050 2772 3315 2825; x_wconf 88' lang='lat' dir='ltr'><strong><em>variantes</em></strong></span> <span class='ocrx_word' id='word_1_605' title='bbox 3364 2768 3415 2821; x_wconf 93' lang='lat' dir='ltr'><strong><em>in</em></strong></span> <span class='ocrx_word' id='word_1_606' title='bbox 3462 2766 3716 2822; x_wconf 86' lang='lat' dir='ltr'><strong><em>schedula</em></strong></span> 
     </span>
    </p>
   </div>
   <div class='ocr_carea' id='block_1_86' title="bbox 2146 2861 3719 2934">
    <p class='ocr_par' dir='ltr' id='par_1_86' title="bbox 2146 2861 3719 2934">
     <span class='ocr_line' id='line_1_86' title="bbox 2146 2861 3719 2934; baseline -0.008 -10"><span class='ocrx_word' id='word_1_607' title='bbox 2146 2877 2453 2925; x_wconf 87' lang='lat' dir='ltr'><strong><em>notaverat.</em></strong></span> <span class='ocrx_word' id='word_1_608' title='bbox 2489 2865 2983 2934; x_wconf 80' lang='lat' dir='ltr'><strong><em>Cantabrigiensem</em></strong></span> <span class='ocrx_word' id='word_1_609' title='bbox 3013 2861 3336 2931; x_wconf 87' lang='lat' dir='ltr'><strong><em>ascripserat</em></strong></span> <span class='ocrx_word' id='word_1_610' title='bbox 3362 2861 3572 2915; x_wconf 83' lang='lat' dir='ltr'><strong><em>Cortius</em></strong></span> <span class='ocrx_word' id='word_1_611' title='bbox 3594 2873 3719 2913; x_wconf 87' lang='lat' dir='ltr'><strong><em>esse</em></strong></span> 
     </span>
    </p>
   </div>
   <div class='ocr_carea' id='block_1_87' title="bbox 2147 2948 3721 3022">
    <p class='ocr_par' dir='ltr' id='par_1_87' title="bbox 2147 2948 3721 3022">
     <span class='ocr_line' id='line_1_87' title="bbox 2147 2948 3721 3022; baseline -0.011 -7"><span class='ocrx_word' id='word_1_612' title='bbox 2147 2960 2268 3015; x_wconf 91' lang='lat' dir='ltr'><strong><em>cod.</em></strong></span> <span class='ocrx_word' id='word_1_613' title='bbox 2305 2958 2770 3014; x_wconf 88' lang='lat' dir='ltr'><strong><em>membranaceum</em></strong></span> <span class='ocrx_word' id='word_1_614' title='bbox 2813 2952 3024 3022; x_wconf 74' lang='lat' dir='ltr'><strong><em>collegii</em></strong></span> <span class='ocrx_word' id='word_1_615' title='bbox 3050 2949 3322 3006; x_wconf 86' lang='lat' dir='ltr'><strong><em>Trinitatis</em></strong></span> <span class='ocrx_word' id='word_1_616' title='bbox 3356 2949 3494 3017; x_wconf 91' lang='lat' dir='ltr'><strong><em>apud</em></strong></span> <span class='ocrx_word' id='word_1_617' title='bbox 3523 2948 3721 3001; x_wconf 82' lang='lat' dir='ltr'><strong><em>Canta-</em></strong></span> 
     </span>
    </p>
   </div>
   <div class='ocr_carea' id='block_1_88' title="bbox 2148 3037 3719 3119">
    <p class='ocr_par' dir='ltr' id='par_1_88' title="bbox 2148 3037 3719 3119">
     <span class='ocr_line' id='line_1_88' title="bbox 2148 3037 3719 3119; baseline -0.011 -14"><span class='ocrx_word' id='word_1_618' title='bbox 2148 3050 2459 3119; x_wconf 81' lang='lat' dir='ltr'><strong><em>brigienses,</em></strong></span> <span class='ocrx_word' id='word_1_619' title='bbox 2493 3044 2788 3101; x_wconf 89' lang='lat' dir='ltr'><strong><em>uncialibus</em></strong></span> <span class='ocrx_word' id='word_1_620' title='bbox 2818 3042 3007 3096; x_wconf 87' lang='lat' dir='ltr'><strong><em>litteris</em></strong></span> <span class='ocrx_word' id='word_1_621' title='bbox 3034 3041 3311 3108; x_wconf 88' lang='lat' dir='ltr'><strong><em>scriptum,</em></strong></span> <span class='ocrx_word' id='word_1_622' title='bbox 3346 3037 3719 3105; x_wconf 86' lang='lat' dir='ltr'><strong><em>perantiquutn</em></strong></span> 
     </span>
    </p>
   </div>
   <div class='ocr_carea' id='block_1_89' title="bbox 2074 3128 3720 3207">
    <p class='ocr_par' dir='ltr' id='par_1_89' title="bbox 2074 3128 3720 3207">
     <span class='ocr_line' id='line_1_89' title="bbox 2074 3128 3720 3207; baseline -0.011 -12"><span class='ocrx_word' id='word_1_623' title='bbox 2074 3144 2122 3207; x_wconf 69' lang='grc' dir='ltr'><em>ς</em></span> <span class='ocrx_word' id='word_1_624' title='bbox 2152 3149 2207 3195; x_wconf 90' lang='lat' dir='ltr'><strong><em>et</em></strong></span> <span class='ocrx_word' id='word_1_625' title='bbox 2237 3138 2631 3193; x_wconf 88' lang='lat' dir='ltr'><strong><em>nitidissimum.</em></strong></span> <span class='ocrx_word' id='word_1_626' title='bbox 2676 3133 2824 3187; x_wconf 83' lang='lat' dir='ltr'><strong><em>Hunc</em></strong></span> <span class='ocrx_word' id='word_1_627' title='bbox 2866 3131 3094 3187; x_wconf 87' lang='lat' dir='ltr'><strong><em>arbitror</em></strong></span> <span class='ocrx_word' id='word_1_628' title='bbox 3131 3128 3369 3183; x_wconf 88' lang='lat' dir='ltr'><strong><em>eumdem</em></strong></span> <span class='ocrx_word' id='word_1_629' title='bbox 3413 3140 3532 3181; x_wconf 89' lang='lat' dir='ltr'><strong><em>esse</em></strong></span> <span class='ocrx_word' id='word_1_630' title='bbox 3560 3140 3720 3194; x_wconf 89' lang='lat' dir='ltr'><strong><em>quem</em></strong></span> 
     </span>
    </p>
   </div>
   <div class='ocr_carea' id='block_1_90' title="bbox 2157 3215 3725 3282">
    <p class='ocr_par' dir='ltr' id='par_1_90' title="bbox 2157 3215 3725 3282">
     <span class='ocr_line' id='line_1_90' title="bbox 2157 3215 3725 3282; baseline -0.01 0"><span class='ocrx_word' id='word_1_631' title='bbox 2157 3230 2223 3282; x_wconf 90' lang='lat' dir='ltr'><strong><em>ab</em></strong></span> <span class='ocrx_word' id='word_1_632' title='bbox 2256 3228 2409 3282; x_wconf 87' lang='lat' dir='ltr'><strong><em>Erico</em></strong></span> <span class='ocrx_word' id='word_1_633' title='bbox 2454 3225 2701 3280; x_wconf 73' lang='lat' dir='ltr'><strong><em>Bernelio</em></strong></span> <span class='ocrx_word' id='word_1_634' title='bbox 2749 3222 2999 3277; x_wconf 87' lang='lat' dir='ltr'><strong><em>collatum</em></strong></span> <span class='ocrx_word' id='word_1_635' title='bbox 3039 3219 3225 3273; x_wconf 87' lang='lat' dir='ltr'><strong><em>habuit</em></strong></span> <span class='ocrx_word' id='word_1_636' title='bbox 3270 3218 3426 3272; x_wconf 80' lang='lat' dir='ltr'><strong><em>Joan.</em></strong></span> <span class='ocrx_word' id='word_1_637' title='bbox 3471 3216 3591 3269; x_wconf 83' lang='lat' dir='ltr'><strong><em>Alb.</em></strong></span> <span class='ocrx_word' id='word_1_638' title='bbox 3624 3215 3725 3268; x_wconf 85' lang='lat' dir='ltr'><strong><em>Fa-</em></strong></span> 
     </span>
    </p>
   </div>
   <div class='ocr_carea' id='block_1_91' title="bbox 2153 3307 3725 3391">
    <p class='ocr_par' dir='ltr' id='par_1_91' title="bbox 2153 3307 3725 3391">
     <span class='ocr_line' id='line_1_91' title="bbox 2153 3307 3725 3391; baseline -0.012 -14"><span class='ocrx_word' id='word_1_639' title='bbox 2153 3322 2354 3377; x_wconf 90' lang='lat' dir='ltr'><strong><em>bricius</em></strong></span> <span class='ocrx_word' id='word_1_640' title='bbox 2383 3318 2481 3391; x_wconf 93' lang='lat' dir='ltr'><strong><em>(a).</em></strong></span> <span class='ocrx_word' id='word_1_641' title='bbox 2512 3320 2661 3374; x_wconf 87' lang='lat' dir='ltr'><strong><em>Alter</em></strong></span> <span class='ocrx_word' id='word_1_642' title='bbox 2680 3316 2846 3371; x_wconf 82' lang='lat' dir='ltr'><strong><em>codex</em></strong></span> <span class='ocrx_word' id='word_1_643' title='bbox 2872 3322 2987 3369; x_wconf 90' lang='lat' dir='ltr'><strong><em>erat</em></strong></span> <span class='ocrx_word' id='word_1_644' title='bbox 3015 3311 3170 3381; x_wconf 89' lang='lat' dir='ltr'><strong><em>paulo</em></strong></span> <span class='ocrx_word' id='word_1_645' title='bbox 3197 3311 3485 3372; x_wconf 90' lang='lat' dir='ltr'><strong><em>recentior,</em></strong></span> <span class='ocrx_word' id='word_1_646' title='bbox 3508 3307 3601 3361; x_wconf 83' lang='lat' dir='ltr'><strong><em>sed</em></strong></span> <span class='ocrx_word' id='word_1_647' title='bbox 3628 3320 3725 3359; x_wconf 90' lang='lat' dir='ltr'><strong><em>ac-</em></strong></span> 
     </span>
    </p>
   </div>
   <div class='ocr_carea' id='block_1_92' title="bbox 2154 3401 3725 3486">
    <p class='ocr_par' dir='ltr' id='par_1_92' title="bbox 2154 3401 3725 3486">
     <span class='ocr_line' id='line_1_92' title="bbox 2154 3401 3725 3486; baseline -0.011 -14"><span class='ocrx_word' id='word_1_648' title='bbox 2154 3418 2389 3472; x_wconf 87' lang='lat' dir='ltr'><strong><em>curatius</em></strong></span> <span class='ocrx_word' id='word_1_649' title='bbox 2434 3414 2686 3484; x_wconf 87' lang='lat' dir='ltr'><strong><em>scriptus,</em></strong></span> <span class='ocrx_word' id='word_1_650' title='bbox 2720 3420 2855 3465; x_wconf 88' lang='lat' dir='ltr'><strong><em>teste</em></strong></span> <span class='ocrx_word' id='word_1_651' title='bbox 2882 3409 3082 3474; x_wconf 89' lang='lat' dir='ltr'><strong><em>Cortio,</em></strong></span> <span class='ocrx_word' id='word_1_652' title='bbox 3116 3408 3266 3486; x_wconf 84' lang='lat' dir='ltr'><strong><em>isque</em></strong></span> <span class='ocrx_word' id='word_1_653' title='bbox 3309 3404 3362 3459; x_wconf 91' lang='lat' dir='ltr'><strong><em>in</em></strong></span> <span class='ocrx_word' id='word_1_654' title='bbox 3407 3401 3725 3456; x_wconf 86' lang='lat' dir='ltr'><strong><em>bibliotheca</em></strong></span> 
     </span>
    </p>
   </div>
   <div class='ocr_carea' id='block_1_93' title="bbox 2156 3490 3727 3562">
    <p class='ocr_par' dir='ltr' id='par_1_93' title="bbox 2156 3490 3727 3562">
     <span class='ocr_line' id='line_1_93' title="bbox 2156 3490 3727 3562; baseline -0.012 0"><span class='ocrx_word' id='word_1_655' title='bbox 2156 3504 2528 3562; x_wconf 84' lang='lat' dir='ltr'><strong><em>Universitatis</em></strong></span> <span class='ocrx_word' id='word_1_656' title='bbox 2568 3500 2902 3558; x_wconf 87' lang='lat' dir='ltr'><strong><em>servabatur.</em></strong></span> <span class='ocrx_word' id='word_1_657' title='bbox 2930 3497 3065 3553; x_wconf 87' lang='lat' dir='ltr'><strong><em>Cum</em></strong></span> <span class='ocrx_word' id='word_1_658' title='bbox 3107 3496 3323 3550; x_wconf 88' lang='lat' dir='ltr'><strong><em>Cortius</em></strong></span> <span class='ocrx_word' id='word_1_659' title='bbox 3356 3508 3459 3547; x_wconf 83' lang='lat' dir='ltr'><strong><em>non</em></strong></span> <span class='ocrx_word' id='word_1_660' title='bbox 3499 3490 3727 3545; x_wconf 73' lang='lat' dir='ltr'><strong><em>“addide—</em></strong></span> 
     </span>
    </p>
   </div>
   <div class='ocr_carea' id='block_1_94' title="bbox 2158 3579 3728 3664">
    <p class='ocr_par' dir='ltr' id='par_1_94' title="bbox 2158 3579 3728 3664">
     <span class='ocr_line' id='line_1_94' title="bbox 2158 3579 3728 3664; baseline -0.013 -13"><span class='ocrx_word' id='word_1_661' title='bbox 2158 3596 2248 3659; x_wconf 88' lang='lat' dir='ltr'><strong><em>rit,</em></strong></span> <span class='ocrx_word' id='word_1_662' title='bbox 2279 3596 2431 3664; x_wconf 85' lang='lat' dir='ltr'><strong><em>cujus</em></strong></span> <span class='ocrx_word' id='word_1_663' title='bbox 2454 3590 2820 3647; x_wconf 85' lang='lat' dir='ltr'><strong><em>universitatis</em></strong></span> <span class='ocrx_word' id='word_1_664' title='bbox 2848 3588 3027 3652; x_wconf 78' lang='lat' dir='ltr'><strong><em>fuerit,</em></strong></span> <span class='ocrx_word' id='word_1_665' title='bbox 3051 3595 3255 3640; x_wconf 84' lang='lat' dir='ltr'><strong><em>tantum</em></strong></span> <span class='ocrx_word' id='word_1_666' title='bbox 3281 3585 3420 3638; x_wconf 88' lang='lat' dir='ltr'><strong><em>hunc</em></strong></span> <span class='ocrx_word' id='word_1_667' title='bbox 3440 3581 3567 3635; x_wconf 84' lang='lat' dir='ltr'><strong><em>Cod.</em></strong></span> <span class='ocrx_word' id='word_1_668' title='bbox 3599 3579 3728 3633; x_wconf 86' lang='lat' dir='ltr'><strong><em>Uni-</em></strong></span> 
     </span>
    </p>
   </div>
   <div class='ocr_carea' id='block_1_95' title="bbox 2158 3670 3729 3753">
    <p class='ocr_par' dir='ltr' id='par_1_95' title="bbox 2158 3670 3729 3753">
     <span class='ocr_line' id='line_1_95' title="bbox 2158 3670 3729 3753; baseline -0.011 -11"><span class='ocrx_word' id='word_1_669' title='bbox 2158 3704 2288 3743; x_wconf 80' lang='lat' dir='ltr'><strong><em>uers.</em></strong></span> <span class='ocrx_word' id='word_1_670' title='bbox 2322 3687 2459 3751; x_wconf 77' lang='lat' dir='ltr'><strong><em>dixi;</em></strong></span> <span class='ocrx_word' id='word_1_671' title='bbox 2487 3686 2727 3753; x_wconf 87' lang='lat' dir='ltr'><strong><em>suspicor</em></strong></span> <span class='ocrx_word' id='word_1_672' title='bbox 2746 3691 2922 3751; x_wconf 79' lang='lat' dir='ltr'><strong><em>tamen</em></strong></span> <span class='ocrx_word' id='word_1_673' title='bbox 2944 3693 3066 3734; x_wconf 89' lang='lat' dir='ltr'><strong><em>esse</em></strong></span> <span class='ocrx_word' id='word_1_674' title='bbox 3090 3676 3553 3731; x_wconf 88' lang='lat' dir='ltr'><strong><em>membranacettm</em></strong></span> <span class='ocrx_word' id='word_1_675' title='bbox 3574 3670 3729 3727; x_wconf 79' lang='lat' dir='ltr'><strong><em>codi-</em></strong></span> 
     </span>
    </p>
   </div>
   <div class='ocr_carea' id='block_1_96' title="bbox 2159 3764 3731 3845">
    <p class='ocr_par' dir='ltr' id='par_1_96' title="bbox 2159 3764 3731 3845">
     <span class='ocr_line' id='line_1_96' title="bbox 2159 3764 3731 3845; baseline -0.01 -13"><span class='ocrx_word' id='word_1_676' title='bbox 2159 3793 2298 3845; x_wconf 88' lang='lat' dir='ltr'><strong><em>cem,</em></strong></span> <span class='ocrx_word' id='word_1_677' title='bbox 2341 3790 2499 3845; x_wconf 89' lang='lat' dir='ltr'><strong><em>quem</em></strong></span> <span class='ocrx_word' id='word_1_678' title='bbox 2548 3776 2599 3828; x_wconf 92' lang='lat' dir='ltr'><strong><em>in</em></strong></span> <span class='ocrx_word' id='word_1_679' title='bbox 2633 3771 2850 3827; x_wconf 79' lang='lat' dir='ltr'><strong><em>Paulina</em></strong></span> <span class='ocrx_word' id='word_1_680' title='bbox 2891 3768 3244 3839; x_wconf 87' lang='lat' dir='ltr'><strong><em>Lipsiensium</em></strong></span> <span class='ocrx_word' id='word_1_681' title='bbox 3281 3764 3597 3820; x_wconf 87' lang='lat' dir='ltr'><strong><em>bibliotheca</em></strong></span> <span class='ocrx_word' id='word_1_682' title='bbox 3637 3776 3731 3817; x_wconf 82' lang='lat' dir='ltr'><strong><em>ex-</em></strong></span> 
     </span>
    </p>
   </div>
   <div class='ocr_carea' id='block_1_97' title="bbox 2140 3851 3733 3927">
    <p class='ocr_par' dir='ltr' id='par_1_97' title="bbox 2140 3851 3733 3927">
     <span class='ocr_line' id='line_1_97' title="bbox 2140 3851 3733 3927; baseline -0.011 -4"><span class='ocrx_word' id='word_1_683' title='bbox 2140 3879 2303 3923; x_wconf 83' lang='lat' dir='ltr'><strong><em>.stare</em></strong></span> <span class='ocrx_word' id='word_1_684' title='bbox 2355 3871 2612 3918; x_wconf 88' lang='lat' dir='ltr'><strong><em>memorat</em></strong></span> <span class='ocrx_word' id='word_1_685' title='bbox 2680 3862 2734 3915; x_wconf 90' lang='lat' dir='ltr'><strong><em>in</em></strong></span> <span class='ocrx_word' id='word_1_686' title='bbox 2795 3860 3019 3927; x_wconf 88' lang='lat' dir='ltr'><strong><em>epistola</em></strong></span> <span class='ocrx_word' id='word_1_687' title='bbox 3082 3856 3149 3911; x_wconf 89' lang='lat' dir='ltr'><strong><em>ad</em></strong></span> <span class='ocrx_word' id='word_1_688' title='bbox 3204 3854 3479 3909; x_wconf 88' lang='lat' dir='ltr'><strong><em>Heinsium</em></strong></span> <span class='ocrx_word' id='word_1_689' title='bbox 3531 3851 3733 3907; x_wconf 88' lang='lat' dir='ltr'><strong><em>Christ.</em></strong></span> 
     </span>
    </p>
   </div>
   <div class='ocr_carea' id='block_1_98' title="bbox 2164 3941 3731 4024">
    <p class='ocr_par' dir='ltr' id='par_1_98' title="bbox 2164 3941 3731 4024">
     <span class='ocr_line' id='line_1_98' title="bbox 2164 3941 3731 4024; baseline -0.011 -14"><span class='ocrx_word' id='word_1_690' title='bbox 2164 3956 2415 4010; x_wconf 85' lang='lat' dir='ltr'><strong><em>Daumius</em></strong></span> <span class='ocrx_word' id='word_1_691' title='bbox 2438 3952 2536 4024; x_wconf 91' lang='lat' dir='ltr'><strong><em>(b).</em></strong></span> <span class='ocrx_word' id='word_1_692' title='bbox 2583 3950 2775 4005; x_wconf 77' lang='lat' dir='ltr'><strong><em>Moreti</em></strong></span> <span class='ocrx_word' id='word_1_693' title='bbox 2813 3949 3053 4004; x_wconf 86' lang='lat' dir='ltr'><strong><em>codicem</em></strong></span> <span class='ocrx_word' id='word_1_694' title='bbox 3101 3945 3349 4000; x_wconf 87' lang='lat' dir='ltr'><strong><em>lleinsius</em></strong></span> <span class='ocrx_word' id='word_1_695' title='bbox 3388 3941 3731 3996; x_wconf 84' lang='lat' dir='ltr'><strong><em>veterrimum</em></strong></span> 
     </span>
    </p>
   </div>
   <div class='ocr_carea' id='block_1_99' title="bbox 2162 4027 3726 4115">
    <p class='ocr_par' dir='ltr' id='par_1_99' title="bbox 2162 4027 3726 4115">
     <span class='ocr_line' id='line_1_99' title="bbox 2162 4027 3726 4115; baseline -0.011 -15"><span class='ocrx_word' id='word_1_696' title='bbox 2162 4044 2433 4115; x_wconf 87' lang='lat' dir='ltr'><strong><em>appellat;</em></strong></span> <span class='ocrx_word' id='word_1_697' title='bbox 2472 4041 2564 4096; x_wconf 85' lang='lat' dir='ltr'><strong><em>s&#39;ed</em></strong></span> <span class='ocrx_word' id='word_1_698' title='bbox 2602 4056 2707 4094; x_wconf 92' lang='lat' dir='ltr'><strong><em>non</em></strong></span> <span class='ocrx_word' id='word_1_699' title='bbox 2731 4040 2864 4093; x_wconf 88' lang='lat' dir='ltr'><strong><em>ultra</em></strong></span> <span class='ocrx_word' id='word_1_700' title='bbox 2892 4052 2974 4091; x_wconf 90' lang='lat' dir='ltr'><strong><em>vs.</em></strong></span> <span class='ocrx_word' id='word_1_701' title='bbox 3006 4034 3109 4088; x_wconf 70' lang='grc'><strong><em>201</em></strong></span> <span class='ocrx_word' id='word_1_702' title='bbox 3140 4033 3233 4087; x_wconf 91' lang='lat' dir='ltr'><strong><em>lib.</em></strong></span> <span class='ocrx_word' id='word_1_703' title='bbox 3263 4047 3280 4084; x_wconf 89' lang='grc' dir='ltr'><strong><em>ι</em></strong></span> <span class='ocrx_word' id='word_1_704' title='bbox 3310 4030 3555 4093; x_wconf 89' lang='lat' dir='ltr'><strong><em>contulit,</em></strong></span> <span class='ocrx_word' id='word_1_705' title='bbox 3586 4027 3726 4115; x_wconf 84' lang='lat' dir='ltr'><strong><em>unde</em></strong></span> 
     </span>
    </p>
   </div>
   <div class='ocr_carea' id='block_1_100' title="bbox 2163 4114 3734 4203">
    <p class='ocr_par' dir='ltr' id='par_1_100' title="bbox 2163 4114 3734 4203">
     <span class='ocr_line' id='line_1_100' title="bbox 2163 4114 3734 4203; baseline -0.014 -14"><span class='ocrx_word' id='word_1_706' title='bbox 2163 4114 2380 4203; x_wconf 87' lang='lat' dir='ltr'><strong><em>reliquis</em></strong></span> <span class='ocrx_word' id='word_1_707' title='bbox 2427 4145 2571 4201; x_wconf 68' lang='lat' dir='ltr'><strong><em>aegre</em></strong></span> <span class='ocrx_word' id='word_1_708' title='bbox 2619 4138 2885 4182; x_wconf 81' lang='lat' dir='ltr'><strong><em>caremus.</em></strong></span> <span class='ocrx_word' id='word_1_709' title='bbox 2929 4121 3191 4178; x_wconf 87' lang='lat' dir='ltr'><strong><em>Eumdem</em></strong></span> <span class='ocrx_word' id='word_1_710' title='bbox 3227 4119 3362 4174; x_wconf 81' lang='lat' dir='ltr'><strong><em>forte</em></strong></span> <span class='ocrx_word' id='word_1_711' title='bbox 3402 4116 3631 4186; x_wconf 83' lang='lat' dir='ltr'><strong><em>inspexit</em></strong></span> <span class='ocrx_word' id='word_1_712' title='bbox 3678 4114 3734 4173; x_wconf 91' lang='lat' dir='ltr'><strong><em>in</em></strong></span> 
     </span>
    </p>
   </div>
   <div class='ocr_carea' id='block_1_101' title="bbox 2166 4204 3737 4290">
    <p class='ocr_par' dir='ltr' id='par_1_101' title="bbox 2166 4204 3737 4290">
     <span class='ocr_line' id='line_1_101' title="bbox 2166 4204 3737 4290; baseline -0.015 -9"><span class='ocrx_word' id='word_1_713' title='bbox 2166 4227 2377 4290; x_wconf 88' lang='lat' dir='ltr'><strong><em>itinere,</em></strong></span> <span class='ocrx_word' id='word_1_714' title='bbox 2419 4236 2543 4277; x_wconf 90' lang='lat' dir='ltr'><strong><em>cum</em></strong></span> <span class='ocrx_word' id='word_1_715' title='bbox 2584 4234 2615 4273; x_wconf 89' lang='lat' dir='ltr'><strong><em>a</em></strong></span> <span class='ocrx_word' id='word_1_716' title='bbox 2659 4214 2922 4286; x_wconf 88' lang='lat' dir='ltr'><strong><em>Spadanis</em></strong></span> <span class='ocrx_word' id='word_1_717' title='bbox 2953 4210 3209 4276; x_wconf 75' lang='lat' dir='ltr'><strong><em>fontibus,</em></strong></span> <span class='ocrx_word' id='word_1_718' title='bbox 3241 4222 3376 4278; x_wconf 88' lang='lat' dir='ltr'><strong><em>quos</em></strong></span> <span class='ocrx_word' id='word_1_719' title='bbox 3420 4204 3737 4259; x_wconf 82' lang='lat' dir='ltr'><strong><em>valetudinis</em></strong></span> 
     </span>
    </p>
   </div>
   <div class='ocr_carea' id='block_1_102' title="bbox 2166 4294 3737 4375">
    <p class='ocr_par' dir='ltr' id='par_1_102' title="bbox 2166 4294 3737 4375">
     <span class='ocr_line' id='line_1_102' title="bbox 2166 4294 3737 4375; baseline -0.013 -6"><span class='ocrx_word' id='word_1_720' title='bbox 2166 4329 2322 4369; x_wconf 85' lang='lat' dir='ltr'><strong><em>causa</em></strong></span> <span class='ocrx_word' id='word_1_721' title='bbox 2353 4312 2578 4375; x_wconf 88' lang='lat' dir='ltr'><strong><em>adierat,</em></strong></span> <span class='ocrx_word' id='word_1_722' title='bbox 2608 4307 2777 4363; x_wconf 90' lang='lat' dir='ltr'><strong><em>redux</em></strong></span> <span class='ocrx_word' id='word_1_723' title='bbox 2822 4312 2878 4358; x_wconf 88' lang='lat' dir='ltr'><strong><em>et</em></strong></span> <span class='ocrx_word' id='word_1_724' title='bbox 2911 4302 3247 4357; x_wconf 87' lang='lat' dir='ltr'><strong><em>Brabantiam</em></strong></span> <span class='ocrx_word' id='word_1_725' title='bbox 3291 4309 3576 4367; x_wconf 78' lang='lat' dir='ltr'><strong><em>peragrans</em></strong></span> <span class='ocrx_word' id='word_1_726' title='bbox 3600 4294 3737 4349; x_wconf 81' lang='lat' dir='ltr'><strong><em>Ant-</em></strong></span> 
     </span>
    </p>
   </div>
   <div class='ocr_carea' id='block_1_103' title="bbox 2167 4402 3730 4485">
    <p class='ocr_par' dir='ltr' id='par_1_103' title="bbox 2167 4402 3730 4485">
     <span class='ocr_line' id='line_1_103' title="bbox 2167 4402 3730 4485; baseline -0.014 -12"><span class='ocrx_word' id='word_1_727' title='bbox 2167 4418 2363 4485; x_wconf 84' lang='lat' dir='ltr'><strong><em>verpiae</em></strong></span> <span class='ocrx_word' id='word_1_728' title='bbox 2390 4415 2670 4478; x_wconf 84' lang='lat' dir='ltr'><strong><em>Moretum,</em></strong></span> <span class='ocrx_word' id='word_1_729' title='bbox 2695 4406 3077 4481; x_wconf 72' lang='lat' dir='ltr'><strong><em>typOgraphum</em></strong></span> <span class='ocrx_word' id='word_1_730' title='bbox 3098 4402 3213 4473; x_wconf 89' lang='lat' dir='ltr'><strong><em>ejus</em></strong></span> <span class='ocrx_word' id='word_1_731' title='bbox 3241 4402 3412 4457; x_wconf 68' lang='lat' dir='ltr'><strong><em>aetatis</em></strong></span> <span class='ocrx_word' id='word_1_732' title='bbox 3439 4413 3730 4469; x_wconf 87' lang='lat' dir='ltr'><strong><em>summum,</em></strong></span> 
     </span>
    </p>
   </div>
   <div class='ocr_carea' id='block_1_104' title="bbox 2167 4502 3735 4583">
    <p class='ocr_par' dir='ltr' id='par_1_104' title="bbox 2167 4502 3735 4583">
     <span class='ocr_line' id='line_1_104' title="bbox 2167 4502 3735 4583; baseline -0.013 -11"><span class='ocrx_word' id='word_1_733' title='bbox 2167 4519 2423 4572; x_wconf 87' lang='lat' dir='ltr'><strong><em>inviseret</em></strong></span> <span class='ocrx_word' id='word_1_734' title='bbox 2456 4510 2551 4583; x_wconf 87' lang='lat' dir='ltr'><strong><em>(c).</em></strong></span> <span class='ocrx_word' id='word_1_735' title='bbox 2594 4511 2704 4565; x_wconf 82' lang='lat' dir='ltr'><strong><em>Hoc</em></strong></span> <span class='ocrx_word' id='word_1_736' title='bbox 2746 4504 3070 4572; x_wconf 89' lang='lat' dir='ltr'><strong><em>addendum,</em></strong></span> <span class='ocrx_word' id='word_1_737' title='bbox 3125 4513 3319 4573; x_wconf 62' lang='lat' dir='ltr'><strong><em>praeter</em></strong></span> <span class='ocrx_word' id='word_1_738' title='bbox 3363 4502 3631 4556; x_wconf 85' lang='lat' dir='ltr'><strong><em>variantes</em></strong></span> <span class='ocrx_word' id='word_1_739' title='bbox 3668 4512 3735 4553; x_wconf 85' lang='lat' dir='ltr'><strong><em>ex</em></strong></span> 
     </span>
    </p>
   </div>
   <div class='ocr_carea' id='block_1_105' title="bbox 2164 4592 3740 4667">
    <p class='ocr_par' dir='ltr' id='par_1_105' title="bbox 2164 4592 3740 4667">
     <span class='ocr_line' id='line_1_105' title="bbox 2164 4592 3740 4667; baseline -0.011 -4"><span class='ocrx_word' id='word_1_740' title='bbox 2164 4609 2416 4665; x_wconf 76' lang='lat' dir='ltr'><strong><em>Cantabr.</em></strong></span> <span class='ocrx_word' id='word_1_741' title='bbox 2467 4614 2521 4661; x_wconf 89' lang='lat' dir='ltr'><strong><em>et</em></strong></span> <span class='ocrx_word' id='word_1_742' title='bbox 2571 4602 2845 4667; x_wconf 89' lang='lat' dir='ltr'><strong><em>Univers.,</em></strong></span> <span class='ocrx_word' id='word_1_743' title='bbox 2878 4599 3117 4655; x_wconf 87' lang='lat' dir='ltr'><strong><em>Cortium</em></strong></span> <span class='ocrx_word' id='word_1_744' title='bbox 3160 4610 3371 4665; x_wconf 87' lang='lat' dir='ltr'><strong><em>quoque</em></strong></span> <span class='ocrx_word' id='word_1_745' title='bbox 3427 4592 3740 4661; x_wconf 83' lang='lat' dir='ltr'><strong><em>ascripsisse</em></strong></span> 
     </span>
    </p>
   </div>
   <div class='ocr_carea' id='block_1_106' title="bbox 2168 4680 3740 4769">
    <p class='ocr_par' dir='ltr' id='par_1_106' title="bbox 2168 4680 3740 4769">
     <span class='ocr_line' id='line_1_106' title="bbox 2168 4680 3740 4769; baseline -0.011 -17"><span class='ocrx_word' id='word_1_746' title='bbox 2168 4698 2434 4769; x_wconf 60' lang='lat' dir='ltr'><strong><em>quasdam,</em></strong></span> <span class='ocrx_word' id='word_1_747' title='bbox 2472 4692 2651 4747; x_wconf 86' lang='lat' dir='ltr'><strong><em>addita</em></strong></span> <span class='ocrx_word' id='word_1_748' title='bbox 2683 4691 2856 4744; x_wconf 88' lang='lat' dir='ltr'><strong><em>littera</em></strong></span> <span class='ocrx_word' id='word_1_749' title='bbox 2888 4686 2957 4742; x_wconf 89' lang='lat' dir='ltr'><strong><em>P.</em></strong></span> <span class='ocrx_word' id='word_1_750' title='bbox 2990 4686 3242 4755; x_wconf 88' lang='lat' dir='ltr'><strong><em>Suspicor</em></strong></span> <span class='ocrx_word' id='word_1_751' title='bbox 3268 4684 3383 4738; x_wconf 71' lang='lat' dir='ltr'><strong><em>hmc</em></strong></span> <span class='ocrx_word' id='word_1_752' title='bbox 3426 4696 3492 4737; x_wconf 90' lang='lat' dir='ltr'><strong><em>ex</em></strong></span> <span class='ocrx_word' id='word_1_753' title='bbox 3525 4680 3740 4769; x_wconf 70' lang='lat' dir='ltr'><strong><em>schedia</em></strong></span> 
     </span>
    </p>
   </div>
   <div class='ocr_carea' id='block_1_107' title="bbox 2169 4768 3740 4850">
    <p class='ocr_par' dir='ltr' id='par_1_107' title="bbox 2169 4768 3740 4850">
     <span class='ocr_line' id='line_1_107' title="bbox 2169 4768 3740 4850; baseline -0.013 -9"><span class='ocrx_word' id='word_1_754' title='bbox 2169 4768 2449 4843; x_wconf 81' lang='lat' dir='ltr'><strong><em>Puhnanni</em></strong></span> <span class='ocrx_word' id='word_1_755' title='bbox 2473 4798 2595 4839; x_wconf 88' lang='lat' dir='ltr'><strong><em>esse</em></strong></span> <span class='ocrx_word' id='word_1_756' title='bbox 2616 4781 2954 4850; x_wconf 80' lang='lat' dir='ltr'><strong><em>deprompta,</em></strong></span> <span class='ocrx_word' id='word_1_757' title='bbox 2983 4776 3073 4845; x_wconf 91' lang='lat' dir='ltr'><strong><em>qui</em></strong></span> <span class='ocrx_word' id='word_1_758' title='bbox 3102 4773 3314 4843; x_wconf 88' lang='lat' dir='ltr'><strong><em>quidem</em></strong></span> <span class='ocrx_word' id='word_1_759' title='bbox 3349 4787 3413 4827; x_wconf 89' lang='lat' dir='ltr'><strong><em>ex</em></strong></span> <span class='ocrx_word' id='word_1_760' title='bbox 3441 4768 3597 4825; x_wconf 90' lang='lat' dir='ltr'><strong><em>codd.</em></strong></span> <span class='ocrx_word' id='word_1_761' title='bbox 3625 4768 3740 4822; x_wconf 70' lang='lat' dir='ltr'><strong><em>haac</em></strong></span> 
     </span>
    </p>
   </div>
   <div class='ocr_carea' id='block_1_108' title="bbox 2169 4860 3738 4942">
    <p class='ocr_par' dir='ltr' id='par_1_108' title="bbox 2169 4860 3738 4942">
     <span class='ocr_line' id='line_1_108' title="bbox 2169 4860 3738 4942; baseline -0.014 -9"><span class='ocrx_word' id='word_1_762' title='bbox 2169 4879 2378 4933; x_wconf 82' lang='lat' dir='ltr'><strong><em>v.detur</em></strong></span> <span class='ocrx_word' id='word_1_763' title='bbox 2411 4871 2780 4942; x_wconf 81' lang='lat' dir='ltr'><strong><em>descripsisse,</em></strong></span> <span class='ocrx_word' id='word_1_764' title='bbox 2808 4882 2928 4922; x_wconf 92' lang='lat' dir='ltr'><strong><em>cum</em></strong></span> <span class='ocrx_word' id='word_1_765' title='bbox 2955 4864 3240 4934; x_wconf 84' lang='lat' dir='ltr'><strong><em>aliquando</em></strong></span> <span class='ocrx_word' id='word_1_766' title='bbox 3263 4869 3447 4933; x_wconf 87' lang='lat' dir='ltr'><strong><em>aperte</em></strong></span> <span class='ocrx_word' id='word_1_767' title='bbox 3472 4860 3578 4914; x_wconf 87' lang='lat' dir='ltr'><strong><em>sint</em></strong></span> <span class='ocrx_word' id='word_1_768' title='bbox 3605 4872 3738 4912; x_wconf 87' lang='lat' dir='ltr'><strong><em>con-</em></strong></span> 
     </span>
    </p>
   </div>
   <div class='ocr_carea' id='block_1_109' title="bbox 2172 4946 3745 5027">
    <p class='ocr_par' dir='ltr' id='par_1_109' title="bbox 2172 4946 3745 5027">
     <span class='ocr_line' id='line_1_109' title="bbox 2172 4946 3745 5027; baseline -0.011 -7"><span class='ocrx_word' id='word_1_769' title='bbox 2172 4976 2254 5021; x_wconf 73' lang='lat' dir='ltr'><strong><em>tra</em></strong></span> <span class='ocrx_word' id='word_1_770' title='bbox 2281 4976 2527 5027; x_wconf 88' lang='lat' dir='ltr'><strong><em>metrum,</em></strong></span> <span class='ocrx_word' id='word_1_771' title='bbox 2557 4959 2742 5026; x_wconf 90' lang='lat' dir='ltr'><strong><em>veluti,</em></strong></span> <span class='ocrx_word' id='word_1_772' title='bbox 2775 4965 2832 5012; x_wconf 91' lang='lat' dir='ltr'><strong><em>ut</em></strong></span> <span class='ocrx_word' id='word_1_773' title='bbox 2857 4955 3014 5010; x_wconf 89' lang='lat' dir='ltr'><strong><em>unico</em></strong></span> <span class='ocrx_word' id='word_1_774' title='bbox 3046 4946 3249 5010; x_wconf 78' lang='lat' dir='ltr'><strong><em>tantum</em></strong></span> <span class='ocrx_word' id='word_1_775' title='bbox 3273 4951 3525 5019; x_wconf 78' lang='lat' dir='ltr'><strong><em>exemplo</em></strong></span> <span class='ocrx_word' id='word_1_776' title='bbox 3553 4948 3745 5004; x_wconf 82' lang='lat' dir='ltr'><strong><em>defun-</em></strong></span> 
     </span>
    </p>
   </div>
   <div class='ocr_carea' id='block_1_110' title="bbox 2172 5040 3743 5126">
    <p class='ocr_par' dir='ltr' id='par_1_110' title="bbox 2172 5040 3743 5126">
     <span class='ocr_line' id='line_1_110' title="bbox 2172 5040 3743 5126; baseline -0.013 -17"><span class='ocrx_word' id='word_1_777' title='bbox 2172 5072 2287 5126; x_wconf 77' lang='lat' dir='ltr'><strong><em>gar,</em></strong></span> <span class='ocrx_word' id='word_1_778' title='bbox 2312 5062 2465 5108; x_wconf 79' lang='lat' dir='ltr'><strong><em>vetus</em></strong></span> <span class='ocrx_word' id='word_1_779' title='bbox 2489 5052 2579 5105; x_wconf 90' lang='lat' dir='ltr'><strong><em>lib.</em></strong></span> <span class='ocrx_word' id='word_1_780' title='bbox 2611 5065 2652 5118; x_wconf 93' lang='lat' dir='ltr'><strong><em>t,</em></strong></span> <span class='ocrx_word' id='word_1_781' title='bbox 2674 5063 2754 5103; x_wconf 91' lang='lat' dir='ltr'><strong><em>vs.</em></strong></span> <span class='ocrx_word' id='word_1_782' title='bbox 2788 5047 2914 5114; x_wconf 73' lang='lat' dir='ltr'><strong><em>M9,</em></strong></span> <span class='ocrx_word' id='word_1_783' title='bbox 2951 5055 3005 5102; x_wconf 89' lang='lat' dir='ltr'><strong><em>et</em></strong></span> <span class='ocrx_word' id='word_1_784' title='bbox 3025 5053 3181 5100; x_wconf 84' lang='lat' dir='ltr'><strong><em>certe</em></strong></span> <span class='ocrx_word' id='word_1_785' title='bbox 3209 5040 3489 5098; x_wconf 84' lang='lat' dir='ltr'><strong><em>Pulmanni</em></strong></span> <span class='ocrx_word' id='word_1_786' title='bbox 3524 5052 3743 5094; x_wconf 88' lang='lat' dir='ltr'><strong><em>manum</em></strong></span> 
     </span>
    </p>
   </div>
   <div class='ocr_carea' id='block_1_111' title="bbox 2174 5126 3748 5203">
    <p class='ocr_par' dir='ltr' id='par_1_111' title="bbox 2174 5126 3748 5203">
     <span class='ocr_line' id='line_1_111' title="bbox 2174 5126 3748 5203; baseline -0.013 -2"><span class='ocrx_word' id='word_1_787' title='bbox 2174 5162 2293 5203; x_wconf 89' lang='lat' dir='ltr'><strong><em>sese</em></strong></span> <span class='ocrx_word' id='word_1_788' title='bbox 2320 5147 2371 5201; x_wconf 92' lang='lat' dir='ltr'><strong><em>in</em></strong></span> <span class='ocrx_word' id='word_1_789' title='bbox 2411 5146 2635 5197; x_wconf 86' lang='lat' dir='ltr'><strong><em>Aratore</em></strong></span> <span class='ocrx_word' id='word_1_790' title='bbox 2659 5139 2855 5195; x_wconf 88' lang='lat' dir='ltr'><strong><em>habere</em></strong></span> <span class='ocrx_word' id='word_1_791' title='bbox 2886 5146 3113 5192; x_wconf 90' lang='lat' dir='ltr'><strong><em>testatur</em></strong></span> <span class='ocrx_word' id='word_1_792' title='bbox 3142 5135 3194 5189; x_wconf 95' lang='lat' dir='ltr'><strong><em>in</em></strong></span> <span class='ocrx_word' id='word_1_793' title='bbox 3225 5126 3449 5202; x_wconf 85' lang='lat' dir='ltr'><strong><em>epistola</em></strong></span> <span class='ocrx_word' id='word_1_794' title='bbox 3490 5128 3558 5182; x_wconf 89' lang='lat' dir='ltr'><strong><em>ad</em></strong></span> <span class='ocrx_word' id='word_1_795' title='bbox 3582 5127 3748 5182; x_wconf 83' lang='lat' dir='ltr'><strong><em>Hein-</em></strong></span> 
     </span>
    </p>
   </div>
   <div class='ocr_carea' id='block_1_112' title="bbox 2175 5225 3749 5300">
    <p class='ocr_par' dir='ltr' id='par_1_112' title="bbox 2175 5225 3749 5300">
     <span class='ocr_line' id='line_1_112' title="bbox 2175 5225 3749 5300; baseline -0.016 -7"><span class='ocrx_word' id='word_1_796' title='bbox 2175 5238 2313 5293; x_wconf 90' lang='lat' dir='ltr'><strong><em>sium</em></strong></span> <span class='ocrx_word' id='word_1_797' title='bbox 2341 5234 2540 5290; x_wconf 88' lang='lat' dir='ltr'><strong><em>Christ.</em></strong></span> <span class='ocrx_word' id='word_1_798' title='bbox 2575 5230 2823 5285; x_wconf 80' lang='lat' dir='ltr'><strong><em>Daumius</em></strong></span> <span class='ocrx_word' id='word_1_799' title='bbox 2848 5226 2954 5300; x_wconf 78' lang='grc' dir='ltr'><strong><em>(ά),</em></strong></span> <span class='ocrx_word' id='word_1_800' title='bbox 2981 5225 3338 5293; x_wconf 85' lang='lat' dir='ltr'><strong><em>eumdemque</em></strong></span> <span class='ocrx_word' id='word_1_801' title='bbox 3378 5233 3508 5275; x_wconf 85' lang='lat' dir='ltr'><strong><em>mss.</em></strong></span> <span class='ocrx_word' id='word_1_802' title='bbox 3549 5230 3749 5272; x_wconf 85' lang='lat' dir='ltr'><strong><em>consu-</em></strong></span> 
     </span>
    </p>
   </div>
   <div class='ocr_carea' id='block_1_113' title="bbox 2178 5312 3750 5393">
    <p class='ocr_par' dir='ltr' id='par_1_113' title="bbox 2178 5312 3750 5393">
     <span class='ocr_line' id='line_1_113' title="bbox 2178 5312 3750 5393; baseline -0.015 -9"><span class='ocrx_word' id='word_1_803' title='bbox 2178 5329 2344 5384; x_wconf 80' lang='lat' dir='ltr'><strong><em>luisse</em></strong></span> <span class='ocrx_word' id='word_1_804' title='bbox 2370 5326 2494 5393; x_wconf 89' lang='lat' dir='ltr'><strong><em>tria,</em></strong></span> <span class='ocrx_word' id='word_1_805' title='bbox 2538 5324 2830 5392; x_wconf 79' lang='lat' dir='ltr'><strong><em>Brugense,</em></strong></span> <span class='ocrx_word' id='word_1_806' title='bbox 2859 5329 2915 5374; x_wconf 81' lang='lat' dir='ltr'><strong><em>et</em></strong></span> <span class='ocrx_word' id='word_1_807' title='bbox 2952 5319 3072 5374; x_wconf 89' lang='lat' dir='ltr'><strong><em>bina</em></strong></span> <span class='ocrx_word' id='word_1_808' title='bbox 3104 5312 3421 5370; x_wconf 87' lang='lat' dir='ltr'><strong><em>Leodiensia</em></strong></span> <span class='ocrx_word' id='word_1_809' title='bbox 3448 5320 3635 5367; x_wconf 87' lang='lat' dir='ltr'><strong><em>auctor</em></strong></span> <span class='ocrx_word' id='word_1_810' title='bbox 3664 5316 3750 5362; x_wconf 81' lang='lat' dir='ltr'><strong><em>est</em></strong></span> 
     </span>
    </p>
   </div>
   <div class='ocr_carea' id='block_1_114' title="bbox 2241 5600 3738 5677">
    <p class='ocr_par' dir='ltr' id='par_1_114' title="bbox 2241 5600 3738 5677">
     <span class='ocr_line' id='line_1_114' title="bbox 2241 5600 3738 5677; baseline -0.003 -19"><span class='ocrx_word' id='word_1_811' title='bbox 2241 5611 2313 5677; x_wconf 69' lang='grc' dir='ltr'><strong><em>(υ)</em></strong></span> <span class='ocrx_word' id='word_1_812' title='bbox 2347 5608 2475 5663; x_wconf 80' lang='lat' dir='ltr'><strong><em>Vide</em></strong></span> <span class='ocrx_word' id='word_1_813' title='bbox 2511 5607 2868 5662; x_wconf 84' lang='lat' dir='ltr'><strong><em>Burmannum</em></strong></span> <span class='ocrx_word' id='word_1_814' title='bbox 2884 5603 3606 5671; x_wconf 81' lang='lat' dir='ltr'><strong><em>Secundum,Comment.de</em></strong></span> <span class='ocrx_word' id='word_1_815' title='bbox 3634 5600 3738 5657; x_wconf 75' lang='lat' dir='ltr'><strong><em>Vit.</em></strong></span> 
     </span>
    </p>
   </div>
   <div class='ocr_carea' id='block_1_115' title="bbox 2171 5679 2770 5747">
    <p class='ocr_par' dir='ltr' id='par_1_115' title="bbox 2171 5679 2770 5747">
     <span class='ocr_line' id='line_1_115' title="bbox 2171 5679 2770 5747; baseline -0.008 -12"><span class='ocrx_word' id='word_1_816' title='bbox 2171 5680 2341 5736; x_wconf 72' lang='lat' dir='ltr'><strong><em>Nicol.</em></strong></span> <span class='ocrx_word' id='word_1_817' title='bbox 2379 5679 2605 5740; x_wconf 86' lang='lat' dir='ltr'><strong><em>lleinsii,</em></strong></span> <span class='ocrx_word' id='word_1_818' title='bbox 2632 5693 2683 5747; x_wconf 92' lang='lat' dir='ltr'><strong><em>p.</em></strong></span> <span class='ocrx_word' id='word_1_819' title='bbox 2716 5679 2770 5733; x_wconf 81' lang='lat'><strong><em>5.</em></strong></span> 
     </span>
    </p>
   </div>
   <div class='ocr_carea' id='block_1_116' title="bbox 2242 5746 3363 5823">
    <p class='ocr_par' dir='ltr' id='par_1_116' title="bbox 2242 5746 3363 5823">
     <span class='ocr_line' id='line_1_116' title="bbox 2242 5746 3363 5823; baseline 0.002 -24"><span class='ocrx_word' id='word_1_820' title='bbox 2242 5751 2318 5822; x_wconf 71' lang='grc'><strong><em>((1)</em></strong></span> <span class='ocrx_word' id='word_1_821' title='bbox 2346 5748 2545 5820; x_wconf 74' lang='lat' dir='ltr'><strong><em>Syllog.</em></strong></span> <span class='ocrx_word' id='word_1_822' title='bbox 2584 5746 2739 5810; x_wconf 78' lang='lat' dir='ltr'><strong><em>Burin</em></strong></span> <span class='ocrx_word' id='word_1_823' title='bbox 2757 5762 2869 5823; x_wconf 68' lang='lat' dir='ltr'><strong><em>an,</em></strong></span> <span class='ocrx_word' id='word_1_824' title='bbox 2902 5754 3028 5803; x_wconf 89' lang='lat' dir='ltr'><strong><em>tom.</em></strong></span> <span class='ocrx_word' id='word_1_825' title='bbox 3062 5746 3125 5813; x_wconf 74' lang='grc' dir='ltr'><strong><em>γ,</em></strong></span> <span class='ocrx_word' id='word_1_826' title='bbox 3158 5762 3211 5818; x_wconf 85' lang='lat' dir='ltr'><strong><em>p.</em></strong></span> <span class='ocrx_word' id='word_1_827' title='bbox 3239 5746 3363 5801; x_wconf 61' lang='lat'><strong><em>254.</em></strong></span> 
     </span>
    </p>
   </div>
  </div>
