4100 6194
358 320 426 377 ει
1501 307 1568 365 ιι.
1605 308 1654 365 ι.
1694 307 1944 365 ARNTZI

2046 309 2061 366 1
2102 309 2488 368 ΡῐιΑιιτΑτιο.
3175 356 3191 368 ,
3554 305 3623 359 6'2

360 441 563 508 Gecrg.
616 431 890 491 Fabricius
917 430 991 502 (α)
1024 443 1038 483 :
1068 441 1133 484 eo
1163 424 1330 497 magis
1376 424 1429 479 id
1479 424 1742 495 suSpicor,
1794 425 1940 493 quia,
1971 430 2021 488 Α
2051 425 2363 491 1551,1562
2394 425 2931 499 (h).-—Torna:sian.'e
2959 429 3069 479 tres
3088 431 3233 490 sunt,
3264 420 3423 487 1553,
3459 421 3622 491 1566,

362 526 631 584 beneﬁcio
660 524 843 579 itidem
874 515 1185 583 Burmanni,
1216 514 1492 569 habuerim
1520 514 1665 568 aliud
1690 513 1942 569 editionis

365 620 699 676 Fabriciante
742 613 1070 680 exemplum,
1114 608 1255 678 quod
1295 607 1423 661 olim
1469 605 1567 661 fuit
1604 607 1727 662 Car.
1773 608 1943 663 Andr.

370 708 591 772 llukeri,
620 706 673 759 in
722 716 828 772 quo
869 716 935 754 ex
975 698 1188 753 schedis
1234 696 1513 750 Pulmtnni
1556 696 1622 749 ad
1660 698 1943 752 Aratorem

367 800 613 869 quaedam
639 797 949 858 exstabant,
976 793 1193 848 levioris
1224 791 1347 845 licet
1387 791 1662 844 momenti.
1706 790 1816 844 llac
1857 806 1948 845 su-

370 891 612 959 spicione
657 888 873 951 duetus,
916 886 1003 939 illa
1049 882 1238 945 Cortii,
1289 874 1618 935 Seliedarum
1669 878 1947 934 Pulmanni

373 980 614 1044 nomine,
658 977 881 1045 reliquis
923 971 1253 1027 variantibus
1286 970 1507 1025 inserui.
1529 1001 1601 1010 —
1628 970 1850 1037 Vellem,
1876 972 1949 1027 ad

372 1084 563 1123 manus
596 1081 808 1136 quoque
830 1065 1055 1119 fuissent
1078 1064 1348 1118 variantes
1373 1079 1438 1117 ex
1462 1063 1582 1118 cod.
1613 1065 1948 1119 membrana-

370 1172 492 1222 ceo,
524 1157 695 1210 forma
740 1165 951 1224 quarta,
998 1169 1156 1220 quem
1192 1152 1419 1207 Lundini
1453 1154 1504 1205 in
1538 1153 1948 1210 Westmonastc-

370 1249 539 1302 riensi
587 1246 910 1301 bibitutheca
957 1256 1226 1299 servatum
1259 1245 1393 1299 vidit
1422 1244 1710 1300 Zacharias
1748 1245 1950 1299 Conra-

370 1338 477 1392 dus
509 1337 892 1393 Uti'enbacbius
921 1340 1015 1405 (ὁ),
1060 1344 1117 1389 ιιι
1142 1345 1196 1389 et
1244 1351 1307 1388 ex
1341 1335 1594 1391 Suollano
1632 1344 1687 1390 et
1742 1337 1948 1390 Daven-

370 1428 586 1491 triensi,
634 1442 769 1495 quos
798 1436 1060 1480 memorat
1100 1425 1295 1494 Georg.
1329 1426 1607 1480 Fabricius
1631 1424 1731 1496 (c);
1766 1436 1949 1495 poste-

368 1519 485 1571 rior
516 1527 693 1570 tamen
720 1530 826 1585 quo
868 1515 1059 1570 abierit
1090 1515 1305 1581 nescio;
1340 1515 1391 1568 in
1424 1516 1631 1583 publica
1671 1518 1857 1570 saltem
1890 1518 1952 1571 il-

369 1607 477 1661 lius
497 1606 642 1661 urbis
668 1605 993 1660 bibliotheca
1026 1620 1130 1660 non
1171 1614 1385 1660 exstare
1422 1606 1487 1660 ad
1522 1619 1606 1660 me
1638 1607 1947 1675 perscripsit

363 1697 451 1753 Ci.
482 1696 752 1751 Rhmrius.

2060 518 2217 573 1588.
2251 517 2427 571 Prima
2469 517 2680 586 quidem
2722 516 2957 588 omnium
2988 522 3072 569 est
3107 515 3329 583 optima,
3360 514 3425 569 ad
3472 514 3624 569 Aldi-

2050 623 2192 674 nam,
2226 618 2282 662 ut
2307 608 2844 677 videtur,'expressa.
2866 634 2937 646 —
2958 605 3235 662 Fabricius
3264 620 3474 674 quoque
3508 606 3626 660 edi-

2051 701 2128 755 dit
2154 701 2206 753 in
2233 700 2470 769 Corpore
2492 699 2782 754 Poetarum
2812 697 3297 751 ecclesiasticarum
3330 696 3488 761 1564,
3526 711 3624 751 ne-

2050 807 2154 857 que
2183 800 2354 846 tamen
2381 792 2433 846 in
2459 793 2683 845 Aratore
2710 799 2913 843 tantum
2947 788 3045 842 sibi
3077 788 3263 841 tribuit
3292 797 3546 856 quantum
3569 789 3621 841 in

2052 881 2266 937 Sedulio
2291 882 2535 952 aliisque,
2563 897 2662 951 qua
2687 881 2753 935 de
2773 895 2831 934 re
2850 880 2900 934 in
2927 878 3234 947 praefatione
3261 880 3325 931 ad
3348 877 3619 932 Sedulium

2050 989 2217 1042 prope
2257 974 2413 1029 ﬁnem
2448 974 2658 1029 abunde
2688 972 2887 1026 dictum
2931 978 3036 1025 est.
3062 999 3132 1011 —-
3154 972 3335 1025 Exstat
3378 971 3537 1024 etiam
3571 969 3624 1022 in

2051 1065 2376 1119 Bibliotheca
2400 1065 2639 1131 Palmm,
2668 1065 2818 1133 cujus
2845 1064 3109 1118 editiones
3134 1071 3412 1116 enumerat
3438 1061 3624 1117 Fabri-

2051 1156 2166 1210 cius
2210 1157 2301 1225 (i);
2342 1157 2456 1225 ipse
2501 1166 2676 1210 autem
2716 1155 2985 1209 variantes
3024 1155 3281 1208 lectiones
3322 1152 3515 1221 protuli
3557 1167 3624 1205 ex

2052 1244 2177 1298 edit.
2223 1245 2564 1315 Lugdunensi
2609 1244 2748 1313 apud
2788 1242 3103 1298 Anissonios
3138 1242 3294 1297 1677.
3325 1242 3627 1296 Colonien-

2052 1348 2162 1389 sem
2188 1349 2314 1389 vero
2340 1335 2500 1406 1575,
2525 1334 2694 1388 forma
2718 1334 2932 1401 minori,
2957 1348 3074 1387 cum
3104 1332 3416 1401 quibusdam
3448 1348 3511 1387 ex
3536 1347 3628 1387 su-

2054 1427 2351 1496 perioribus
2378 1442 2647 1496 nunquam
2684 1426 2789 1481 vidi
2823 1444 2836 1477 :
2866 1432 3163 1480 memorant
3192 1438 3308 1478 eam
3349 1423 3627 1478 Fabricius

2052 1526 2105 1571 et
2137 1516 2418 1570 Funccius.

2123 1605 2267 1672 Quos
2280 1604 2435 1658 codd.
2453 1618 2689 1675 quasque
2707 1606 2727 1675 (
2746 1603 2841 1667 sic)
2859 1619 2921 1657 ex
2943 1602 3063 1657 edd.
3081 1602 3326 1672 ascriptis
3342 1603 3472 1665 vidi,
3490 1618 3553 1659 ex
3571 1604 3632 1657 il-

2062 1696 2129 1751 las
2144 1697 2543 1753 accuratissime
2569 1698 2740 1751 varias
2766 1697 3021 1751 lectiones
3037 1695 3253 1765 protuli,
3269 1697 3429 1749 etiam
3445 1704 3628 1765 aperte

442 1788 719 1842 Editiones
750 1785 991 1840 Aratoris
1029 1785 1107 1840 uli
1156 1793 1281 1839 sunt
1313 1785 1496 1850 variat,
1541 1785 1618 1838 sic
1657 1785 1943 1854 prmcipue,
1983 1779 2024 1836 Β
2053 1786 2292 1851 vitiosas,
2335 1785 2380 1840 si
2414 1786 2567 1841 Voss.
2598 1786 2632 1838 ὅ
2662 1787 2921 1855 excipias,
2954 1795 3167 1840 secutus
3212 1785 3263 1839 in
3305 1800 3370 1840 eo
3411 1785 3627 1853 quidem

365 1879 635 1935 beneﬁcio
675 1877 757 1932 Cl.
808 1877 1098 1932 Burmanni
1146 1876 1382 1932 Secundi
1425 1876 1636 1945 inspexi
1681 1877 1946 1945 Aldinam,

367 1976 843 2042 Antrerpiensem,
870 1972 1253 2037 Baslieensem,
1283 1980 1338 2026 et
1370 1971 1769 2025 Tornarsianam
1792 1988 1807 2026 :
1832 1973 1951 2026 dua:

367 2064 615 2133 ejusdem
652 2063 911 2118 Tornaesii
942 2063 1061 2116 aliae
1093 2077 1258 2131 penes
1289 2076 1376 2116 me
1406 2072 1581 2126 erant,
1612 2061 1752 2117 unde
1800 2062 1853 2116 in
1898 2064 1953 2118 i1-

367 2154 439 2207 lis
467 2153 855 2221 distinguendis
896 2152 1162 2206 interdum
1206 2153 1272 2207 iis
1302 2152 1540 2206 numeris
1567 2165 1695 2205 usus
1724 2167 1841 2206 sum
1883 2152 1951 2208 de

368 2244 565 2312 quibus
597 2244 706 2297 dixi
736 2243 787 2295 in
829 2240 1144 2312 prwfatione
1186 2243 1251 2295 ad
1285 2241 1581 2296 Sedulium.
1614 2242 1683 2297 Ut
1708 2246 1949 2299 omittam

369 2333 663 2387 editionem
694 2332 861 2385 forma
883 2324 1091 2401 quarta,
1116 2332 1230 2386 sine
1257 2333 1384 2386 anni
1412 2342 1468 2388 et
1494 2333 1595 2388 loci
1621 2343 1764 2400 nota,
1792 2350 1950 2401 quam

370 2433 637 2477 memorat
666 2422 944 2477 Fabricius
974 2423 1080 2491 (ά),
1123 2424 1360 2476 omnium
1390 2439 1512 2492 quae
1568 2434 1952 2480 enumerantur

366 2514 543 2582 prima
566 2522 649 2567 est
668 2513 1078 2568 Mediolanensis
1100 2528 1241 2566 anno
1268 2512 1429 2580 1469,
1456 2515 1621 2568 forma
1647 2524 1835 2570 octava
1853 2516 1947 2586 (e),

363 2616 492 2670 quae
516 2601 654 2655 forte
687 2600 873 2655 eadem
907 2609 989 2655 est
1017 2615 1173 2668 quam
1211 2615 1276 2655 ex
1309 2602 1573 2656 lllattairio
1610 2604 1678 2656 ad
1718 2617 1949 2672 sequen-

368 2702 482 2742 tem
512 2704 706 2742 annum
750 2689 914 2744 refert
955 2687 1347 2758 11ambergerus
1384 2690 1493 2761 (f);
1540 2691 1747 2744 additos
1775 2692 1948 2747 eidem

364 2779 539 2832 fuisse
585 2777 878 2832 Juve‘neum
929 2786 986 2832 et.
1035 2777 1306 2833 Sedulium
1367 2788 1592 2834 testatur
1642 2782 1947 2848 Fabricius,

365 2868 517 2923 unde
543 2879 758 2938 apparet
805 2884 913 2938 quo
934 2870 1057 2939 jure
1096 2872 1148 2925 in
1194 2871 1438 2940 catalogo
1469 2872 1807 2929 bibliotheca»
1843 2868 1969 2930 (ἰο-⁵

364 2961 647 3014 cbeniana:
698 2961 864 3015 editio
928 2962 1128 3016 Sedulii
1181 2962 1589 3018 Daventriensis
1636 2967 1761 3019 anni
1802 2967 1950 3022 -1519

363 3051 539 3116 prima
576 3050 803 3103 dicatur.
827 3080 897 3091 —
923 3050 1150 3105 Secutus
1196 3062 1279 3106 est
1314 3052 1480 3107 Aldus
1524 3053 1809 3121 Manutius,
1861 3058 1950 3125 qui

2053 1879 2330 1932 consilium
2356 1878 2511 1933 Joan.
2536 1880 2670 1947 Aug.
2701 1879 2907 1932 Ernesti
2932 1879 3009 1949 (j)
3039 1896 3051 1929 :
3079 1876 3288 1943 Melius,
3313 1878 3502 1946 inquit,
3532 1877 3631 1930 ho-

2054 1969 2137 2023 die
2162 1980 2209 2023 et
2236 1971 2454 2024 aliorum
2489 1970 2660 2024 usibus
2691 1980 2736 2023 et
2765 1970 3079 2040 posteritatis
3123 1968 3472 2022 commoditati
3504 1984 3628 2022 con-

2052 2065 2257 2129 sulitur,
2294 2066 2391 2118 hac
2426 2054 2571 2132 quasi
2600 2064 2708 2133 lege
2750 2063 2979 2127 inducta,
3008 2070 3063 2115 ut
3092 2062 3143 2115 in
3187 2060 3442 2114 codicibus
3480 2076 3634 2129 excu-

2053 2152 2240 2205 tiendis
2275 2154 2426 2217 nihil,
2454 2153 2681 2221 quamvis
2721 2162 2892 2218 tenue,
2924 2152 3153 2220 quamvis
3181 2151 3436 2214 vitiosum,
3472 2151 3635 2218 negli-

2052 2252 2223 2313 gatur,
2245 2259 2347 2313 qua
2371 2260 2425 2297 re
2453 2244 2617 2296 omnis
2645 2243 2783 2295 ultra
2804 2241 3096 2310 conferendi
3120 2240 3390 2293 necessitas
3406 2240 3632 2294 tollitur.

2053 2360 2123 2370 —
2148 2331 2341 2385 Addidi
2380 2340 2662 2397 excerptas
2697 2346 2763 2386 ex
2795 2329 3135 2384 Adversariis
3166 2328 3382 2396 Caspar.
3432 2328 3634 2384 Barthii

2053 2421 2493 2484 observationes;
2520 2420 2713 2474 vellem
2747 2429 2925 2473 tamen
2974 2427 3033 2473 ut
3070 2434 3136 2473 ex
3178 2433 3308 2474 mss.
3342 2419 3451 2473 suis
3484 2419 3635 2487 plura

2054 2523 2225 2583 poclm
2267 2514 2576 2581 protulisset
2613 2512 2970 2578 emendando,
3014 2512 3281 2581 praaeipue
3320 2527 3440 2566 cum
3480 2528 3635 2581 egre-

2052 2605 2168 2673 gios
2208 2604 2450 2658 Aratoris
2480 2604 2694 2658 codices
2733 2603 2984 2657 habuisse
3020 2602 3282 2656 videatur.
3331 2601 3449 2670 Ipse
3490 2602 3629 2657 enim

2052 2710 2173 2755 sese
2205 2696 2482 2762 possidere
2505 2694 2740 2748 afﬁrmat
2781 2694 3022 2748 Aratoris
3053 2693 3438 2756 membranam,
3472 2705 3632 2749 relate

2053 2786 2142 2839 vix
2170 2787 2276 2852 jam
2324 2786 2603 2854 legendam
2635 2783 2730 2853 (1t),
2767 2783 3103 2837 membranas
3145 2780 3553 2852 antiquissimas~
3579 2796 3634 2839 et

2054 2876 2385 2930 rectissimus
2424 2872 2522 2945 (l),
2557 2874 2951 2928 vetustissimas
2984 2881 3039 2927 et
3089 2874 3425 2927 lidelissimas
3470 2872 3634 2928 Colo-

2053 2968 2266 3020 nienses
2294 2967 2412 3035 (m),
2446 2966 2614 3020 bonas
2643 2974 2698 3019 et
2728 2974 3085 3033 pervetustas,
3115 2979 3245 3031 quas
3274 2979 3336 3017 ex
3365 2965 3631 3019 manubiis

2055 3057 2512 3111 Cartbusiensinm
2547 3069 2713 3124 prope
2740 3056 3088 3123 Argentinam
3120 3054 3420 3108 redemerat
3441 3054 3519 3124 (η)
3539 3095 3556 3121 ,
3577 3064 3635 3109 et

364 3139 610 3194 Venetiis
653 3141 932 3195 Aratorem
979 3155 1100 3193 cum
1141 3141 1260 3194 aliis
1305 3139 1732 3197 Christianorum
1774 3144 1950 3201 Poetis
1976 3134 2023 3198 C
2055 3156 2281 3215 quatuor
2303 3145 2458 3201 eodd.
2485 3146 2948 3209 membranaeeos,
2983 3147 3217 3211 integros
3243 3144 3505 3210 diversos,
3537 3160 3629 3200 ac-

369 3230 562 3297 edidit,
595 3229 762 3283 forma
793 3239 998 3297 quarta,
1031 3244 1173 3283 anno
1204 3229 1333 3284 1511
1367 3247 1379 3282 :
1413 3246 1532 3299 qua:
1561 3232 1725 3287 editio
1754 3234 1947 3288 eximia

364 3329 450 3374 est
485 3328 540 3374 et
565 3318 1175 3373 emendation—Solus
1201 3321 1537 3387 Argentorati
1560 3321 1754 3388 prodiit
1783 3306 1941 3393 1507,

364 3410 539 3463 forma
577 3418 785 3463 octava.
819 3437 889 3448 —
922 3407 1055 3461 Cum
1097 3407 1311 3463 Sedulio
1361 3418 1413 3463 et
1458 3409 1696 3465 Juvenco
1753 3412 1945 3481 Lipsiae

364 3498 530 3560 1515,
567 3498 733 3551 forma
756 3509 966 3566 quarta.
989 3527 1062 3537 —
1084 3497 1443 3564 Salmaoticze,
1471 3516 1591 3553 cum
1617 3512 1944 3558 commenta-

361 3592 461 3646 riis
502 3591 636 3645 Arrii
669 3590 937 3654 Barbosae,
980 3589 1151 3642 forma
1193 3589 1402 3655 majori,
1437 3590 1600 3644 1516.
1622 3593 1944 3649 —-Antver-

358 3684 488 3752 piae,
520 3683 654 3752 typis
682 3680 900 3735 Joannis
926 3680 1187 3749 Graphei,
1222 3674 1393 3742 1555;
1420 3682 1938 3748 eiusque‘lectiones

357 3775 671 3841 conspirant
694 3786 814 3826 cum
847 3772 911 3826 iis
931 3786 1051 3840 qua:
1077 3786 1143 3825 ex
1174 3771 1400 3825 Sehedis
1441 3771 1744 3839 Pulmanni,
1773 3786 1830 3830 ut
1861 3777 1940 3831 vi-

361 3867 610 3932 debatur,
637 3866 860 3935 protuli,
892 3868 965 3918 ita
996 3873 1054 3919 ut
1082 3864 1425 3918 vitiosissima
1459 3880 1686 3936 quaeque
1714 3868 1819 3922 sint
1846 3884 1939 3923 ex-

360 3971 571 4025 pressa.
596 3956 987 4011 -Succedunt
1023 3971 1142 4025 qua:
1171 3956 1470 4010 Pulmrtnno
1509 3960 1811 4013 tribuuntur
1840 3961 1939 4014 Ba-

359 4047 643 4101 sileenses.
684 4047 870 4102 Talem
920 4047 1036 4099 sine
1085 4046 1210 4099 anni
1255 4055 1401 4112 nota,
1449 4048 1722 4116 pratmissa
1776 4051 1936 4105 licin-

360 4127 516 4190 hai’di
548 4137 844 4192 lladantarii
888 4137 1199 4205 praefatione
1240 4152 1360 4191 cum
1392 4138 1553 4203 variis
1594 4140 1930 4206 lectionibus,

355 4226 527 4282 forma
572 4239 781 4295 octava,
820 4237 1081 4283 meruerat
1126 4227 1400 4282 Fabricius
1445 4227 1543 4299 (g),
1586 4230 1934 4301 eamdemque

354 4321 589 4374 afﬁrmat
637 4322 915 4389 repetitam
956 4320 1128 4373 Calari
1158 4303 1296 4389 apud
1336 4320 1671 4377 Vincentium
1712 4323 1957 4403 Sembej

353 4416 502 4468 nium
539 4415 695 4478 1575,
724 4414 818 4469 sed
855 4413 983 4469 1571
1022 4415 1303 4468 constituit
1343 4415 1396 4468 in
1447 4416 1773 4473 Bibliotheca
1806 4420 1928 4475 Cia-

2051 3237 2372 3292 cedentibus
2401 3235 2561 3289 etiam
2604 3250 2740 3304 quos
2770 3235 3095 3289 Pulmannus
3130 3245 3505 3301 composuerat
3530 3237 3629 3306 (ο).

2047 3327 2342 3381 —-Prteter
2371 3327 2486 3381 haec
2520 3340 2585 3381 ex
2617 3325 2815 3394 Georg.
2859 3324 3086 3378 Fabricii
3125 3324 3511 3378 eotitmcntario
3543 3326 3631 3379 illa

2048 3416 2289 3485 excerpsi
2334 3432 2454 3486 quae
2512 3415 2578 3471 ad
2623 3415 2903 3469 Aratorem
2954 3413 3231 3468 referenda
3278 3416 3628 3482 videbantur,

2048 3509 2317 3577 prmcipue
2346 3522 2469 3560 cum
2501 3504 2631 3559 illtnl
2663 3504 2892 3559 Fabricii
2919 3503 3128 3571 Corpus
3157 3520 3443 3575 pauetirum
3476 3506 3542 3558 sit
3574 3508 3625 3559 in

2046 3600 2316 3653 manibus.
2341 3627 2408 3638 --
2433 3597 2510 3651 De
2542 3597 2678 3651 meis
2716 3596 2847 3650 nihil
2885 3605 2967 3649 est
2992 3597 3134 3665 quod
3184 3597 3406 3661 addant;
3438 3598 3481 3651 ιιί
3509 3597 3627 3651 dili-

2046 3692 2239 3759 gentia:
2262 3691 2317 3743 in
2345 3687 2674 3743 conferendo
2702 3686 2933 3752 laudem,
2962 3696 3015 3741 et
3044 3687 3179 3742 bene
3211 3688 3278 3742 de
3309 3689 3497 3743 lizteris
3518 3704 3627 3743 me.

2046 3782 2197 3837 rendi
2241 3779 2473 3835 studium
2526 3794 2632 3833 non
2680 3778 3026 3846 denegaverit
3073 3781 3277 3847 aequior
3312 3780 3497 3848 judcx,
3540 3794 3625 3836 sat

2042 3888 2220 3941 operte
2243 3886 2329 3926 me
2363 3870 2549 3924 tulisse
2574 3870 2801 3935 pretium
2833 3869 3152 3923 arbitrabor.
3184 3871 3326 3942 Quas
3361 3872 3424 3924 iis
3453 3871 3625 3925 inser-

2042 3972 2122 4018 tas
2161 3961 2313 4015 vides
2341 3960 2425 4016 Cl.
2468 3956 2865 4024 Wassenbergii
2894 3957 3252 4023 conjecturas,
3301 3974 3429 4013 sane
3459 3975 3618 4030 quam

2040 4055 2331 4122 elegantes,
2364 4064 2571 4103 mecum
2601 4062 2695 4115 per
2719 4046 2919 4099 litteras
2940 4047 3353 4102 communicavit
3379 4049 3461 4103 vir
3487 4050 3619 4102 ami-

2038 4145 2314 4208 cissimus;
2351 4155 2492 4209 aegre
2516 4148 2692 4193 tamen
2722 4137 2858 4205 fere,
2886 4138 3142 4205 majorem
3164 4140 3471 4193 earumdem
3497 4156 3618 4210 par-

1984 4294 1997 4295 ,
2038 4247 2142 4293 tem
2178 4237 2228 4291 in
2260 4234 2534 4291 Addendis
2575 4233 2939 4301 reponendam
2983 4232 3168 4297 fuisse,
3203 4233 3382 4301 operis
3412 4234 3621 4288 litteras

2035 4327 2511 4398 prtevenientibus.
2561 4325 2769 4379 Indices
2815 4324 2984 4393 adjeci
3028 4324 3158 4377 satis
3210 4334 3509 4391 accuratas,
3560 4337 3623 4382 et

2037 4421 2271 4490 priorem
2306 4419 2543 4489 quidem,
2568 4433 2672 4487 quo
2700 4417 2904 4471 facilius
2928 4417 3153 4486 quisque
3183 4417 3464 4474 Aratorem
3494 4435 3615 4474 cum

351 4509 567 4562 ennius.
611 4506 712 4560 Est
740 4516 793 4561 et
829 4507 1149 4561 Basileensis
1187 4505 1313 4559 anni
1346 4507 1508 4573 1557,
1541 4510 1680 4577 apud
1710 4510 1932 4569 Bartho-
1961 4498 2011 4558 D
2038 4515 2257 4569 Actibus
2303 4512 2550 4566 conferre
2590 4513 2779 4579 possit.
2814 4512 2870 4565 1n
2904 4512 3177 4566 Addendis
3220 4513 3419 4566 leviora
3468 4525 3619 4584 typo-

353 4597 590 4653 lomeum
632 4596 1062 4651 Westhemerum
1109 4605 1164 4649 et
1200 4596 1478 4651 Nicolaum
1530 4598 1928 4670 Bryliogerum;

350 4688 495 4741 hanc
533 4688 793 4741 beneﬁcio
828 4688 1116 4741 Burmanni
1167 4688 1430 4751 consului,
1464 4698 1516 4742 et
1545 4689 1678 4743 adeo
1714 4691 1928 4759 quidem

345 4793 473 4832 cum
517 4776 709 4831 Aldina
746 4777 1033 4845 con5pirat,
1085 4785 1141 4831 ut
1179 4778 1407 4833 omissos
1455 4777 1523 4831 ab
1564 4779 1703 4833 Aldo
1742 4797 1931 4838 versus

344 4870 466 4936 ipsa
490 4883 701 4936 quoque
729 4868 956 4934 ignoret.
994 4866 1068 4921 Ex
1110 4868 1209 4922 hac
1241 4868 1377 4923 forte
1407 4868 1628 4938 reliqua:
1657 4871 1931 4928 Basileen-

339 4972 439 5013 ses
483 4956 869 5026 proﬂuxerunt,
919 4972 1039 5025 quae
1082 4957 1384 5012 referuntur
1430 4960 1497 5013 ad
1544 4974 1715 5015 annos
1766 4964 1927 5032 1541,

446 5161 498 5228 ὁ)
535 5165 714 5218 Itiner.
749 5172 879 5217 tom.
917 5161 983 5225 II,
1007 5176 1060 5228 p.
1092 5162 1218 5216 515.

417 5229 495 5301 (ε)
527 5233 829 5287 Comment.
862 5235 913 5285 in
946 5230 1094 5301 Poet.
1124 5229 1347 5301 Christ.,
1381 5247 1432 5301 p.
1470 5232 1557 5286 11.

417 5300 501 5373 (ά)
534 5300 979 5376 Bi_bliot_lt._ined.
1023 5309 1079 5354 et
1107 5300 1297 5376 -inﬁ_i_n.
1351 5300 1549 5376 Latin”
1602 5309 1732 5358 tom.
1787 5304 1827 5373 l,
1867 5320 1920 5376 p.

330 5370 491 5437 346i
532 5371 781 5426 Biblioth.
818 5370 1012 5430 Latin.,
1044 5380 1175 5424 tom.
1209 5370 1290 5435 111,
1328 5385 1379 5438 p.
1405 5373 1529 5426 307.

413 5444 488 5513 (ι)
524 5441 644 5513 νεα.
674 5440 963 5513 Beuehem.
995 5440 1249 5513 Incunab.
1283 5441 1622 5513 typograph._,
1648 5456 1699 5509 p.
1734 5442 1820 5497 16.

413 5510 493 5583 (f)
522 5512 1012 5583 Nachrichtenvon
1035 5510 1137 5564 den
1163 5513 1547 5566 voruehmsten
1575 5511 1913 5569 Schriftstel-

330 5580 642 5646 loro,7part.
669 5596 744 5641 ιιι,
778 5596 829 5648 p.
854 5580 981 5634 406.

413 5656 490 5723 (9)
522 5651 772 5706 Bibliotb.
811 5649 1013 5715 Latin.,
1043 5659 1167 5706 tom.
1205 5648 1289 5716 lli,
1319 5663 1368 5719 ρ.
1401 5648 1526 5708 501.

447 5113 477 5146 a
524 5094 582 5148 lo
605 5093 908 5147 Comment.
932 5091 998 5145 ad
1027 5091 1176 5145 Poet.
1209 5090 1525 5158 Cbristian.,
1553 5108 1606 5162 p.
1636 5095 1721 5151 11.

418 5094 501 5301 ξιξ
535 5165 714 5218 Itiner.
749 5172 879 5217 tom.
917 5161 983 5225 II,
1007 5176 1060 5228 p.
1092 5162 1218 5216 515.

418 5241 471 5297 (ε
527 5233 829 5287 Comment.
862 5235 913 5285 in
946 5230 1094 5301 Poet.
1124 5229 1347 5301 Christ.,
1381 5247 1432 5301 p.
1470 5232 1557 5286 11.

2034 4604 2221 4675 graplti
2258 4612 2473 4671 peccata
2511 4600 2850 4669 praetermisi,
2884 4601 3081 4654 notatis
3126 4611 3325 4655 tantum
3358 4603 3617 4671 graviori-

2033 4696 2173 4759 bus;
2222 4694 2273 4748 id
2306 4707 2525 4756 moneo,
2559 4707 2627 4746 ne
2672 4693 2795 4761 quis
2843 4692 3044 4761 reliqua
3075 4694 3413 4762 negligentia:
3460 4694 3611 4748 incu-

2034 4786 2196 4840 rimve
2237 4784 2438 4840 omissa
2485 4782 2705 4836 tribuat.
2754 4781 2929 4850 Atque
2960 4782 3074 4835 haec
3111 4792 3236 4835 sunt
3274 4798 3392 4850 qua:
3436 4791 3608 4836 tecum

2033 4888 2195 4942 agere
2220 4856 2390 4939 volui,
2418 4872 2588 4925 lector
2616 4870 2845 4924 erudite.
2878 4870 2956 4922 Tu
2982 4870 3122 4936 vale,
3153 4879 3205 4925 et
3231 4870 3354 4925 huic
3383 4871 3449 4926 tle
3478 4873 3614 4925 Ara-

2037 4976 2151 5021 tore
2181 4964 2317 5018 bene
2347 4960 2584 5016 merendi
2613 4961 2834 5014 consilio
2862 4958 3006 5014 fave.

2104 5097 2185 5165 (h)
2214 5093 2447 5165 Primam
2484 5085 3100 5165 et'ultimam_memorat
3128 5090 3390 5148 Funccius
3416 5092 3482 5149 de
3512 5091 3608 5151 de.

2031 5160 2181 5234 crep.
2215 5166 2275 5234 1..
2295 5162 2626 5234 L._Senect.,
2658 5176 2710 5229 p.
2740 5160 2866 5234 217.

2103 5229 2167 5303 (i)
2195 5233 2332 5289 Bibl.
2371 5232 2726 5303 Latinutom.
2762 5229 2844 5285 Ill.
2882 5245 2932 5303 ρ.
2966 5231 3091 5287 505.

2101 5300 2176 5375 (j)
2207 5302 2460 5372 Opuscul.
2496 5300 2743 5375 [‘tlllltilog.
2773 5311 2827 5354 et
2846 5302 3041 5368 critie.,
3076 5317 3130 5372 p.
3158 5302 3282 5357 550.

2103 5324 2176 5427 ti)
2207 5324 2460 5372 UPUSCUI.
2497 5324 2692 5368 ιιιιιιυιυ

2103 5379 2118 5443 (
2158 5376 2428 5446 )Advprs.
2460 5386 2575 5436 xm,
2603 5370 2692 5446 29.

2124 5441 2166 5513 l)’
2190 5444 2267 5499 Ad
2297 5442 2523 5498 Statium
2549 5456 2605 5495 ιιι
2642 5441 2800 5513 Silv”
2823 5442 2879 5510 2,
2911 5442 2980 5498 58

2124 5448 2161 5513 l)
2190 5448 2267 5499 Ad
2297 5448 2523 5498 Statium
2549 5456 2605 5495 ιιι
2643 5448 2714 5495 Si:

2098 5448 2195 5585 im)
2227 5515 2451 5566 Advers.
2484 5527 2595 5575 xm,
2625 5512 2714 5585 20.

2094 5584 2183 5654 (n)
2204 5584 2428 5638 Advers.
2460 5598 2650 5654 xxxiii,
2683 5584 2734 5638 '5.

2096 5653 2167 5721 to)
2201 5656 2419 5709 Atlvcrs.
2448 5669 2557 5720 xm,
2588 5653 2679 5709 ρο.
