4100 6194
413 326 509 402 ita

558 436 717 492 Diluit
751 443 802 491 et
830 450 1066 501 corvum,
1101 434 1192 490 sed
1227 450 1329 489 non
1374 437 1656 491 concordia
1683 439 1872 491 mentis

410 528 511 583 650
554 530 710 600 128
735 527 882 583 Fecit
910 538 1162 596 utrosque
1191 542 1341 596 pares
1371 543 1385 592 ;
1425 528 1562 583 hunc
1589 538 1794 598 guttura
1828 531 1977 599 plena

1689 617 1909 689 [rapinae

547 706 863 763 Subduxere
895 707 994 760 vite
1020 746 1035 771 .
1065 707 1389 776 cupiensque
1418 709 1470 761 in
1503 709 1686 765 funere
1720 713 1860 779 pasci

548 801 632 857 Nil
660 803 830 869 potuit
849 802 1005 854 vitale
1035 802 1182 868 sequi
1203 842 1217 863 .
1245 802 1381 854 redit
1403 803 1513 854 ales
1535 804 1702 854 amica

549 890 827 962 Frugibus,
878 899 931 944 et
980 890 1136 944 nullis
1190 891 1483 944 succumbit
1530 893 1777 960 naufraga
1850 890 1983 961 lym-

1739 983 1878 1056 [phis
1898 1024 1908 1045 ,

552 1069 748 1125 Nutriri
781 1071 848 1125 de
880 1077 1050 1124 morte
1077 1070 1290 1133 timens.
1324 1070 1605 1137 studioque
1648 1070 1843 1125 laboris

408 1159 519 1215 655
556 1160 654 1214 Dat
673 1160 987 1214 documenta
1013 1160 1107 1226 pii.
1134 1168 1332 1227 quanto
1356 1144 1597 1213 teneatur
1626 1172 1806 1212 amore

553 1251 677 1306 Plus
703 1252 850 1320 operi
876 1252 1066 1305 devota
1098 1250 1251 1313 fides,
1284 1251 1552 1319 I'OStl'iqtte
1580 1250 1803 1304 modesti

554 1330 750 1408 Pignus
779 1339 923 1393 oliva
957 1338 1087 1393 fuit:
1129 1338 1347 1392 dilectio
1377 1352 1593 1407 semper
1624 1339 1676 1391 in
1707 1353 1804 1393 ore

555 1429 806 1483 Fructum
836 1428 981 1495 pacis
1008 1428 1201 1483 habet:
1234 1429 1456 1482 volitant
1478 1428 1529 1482 in
1554 1428 1802 1483 ﬂuctibus
1824 1429 1980 1482 ambo

555 1517 633 1570 Ex
663 1533 773 1572 uno
801 1529 1090 1593 sanctoque
1116 1517 1260 1580 sinu,
1283 1518 1549 1575 servantis
1572 1519 1623 1572 in
1649 1519 1769 1572 alvo

408 1608 519 1664 660
557 1608 766 1677 Purgati
798 1609 1026 1662 vallante
1049 1610 1203 1678 freto,
1231 1617 1408 1664 tamen
1438 1609 1651 1663 exsulat
1676 1625 1833 1675 unus,

556 1702 643 1769 Et,
674 1702 844 1769 reditu
865 1713 1133 1767 cessante,
1167 1703 1332 1771 perit:
1366 1716 1470 1755 non
1498 1716 1625 1771 ergo
1652 1702 1807 1756 saluti

1401 324 1485 378 DE
1526 324 1808 379 ACTll-lUS
1853 322 2349 383 srosrownuu
2398 304 2410 315 ’

2007 452 2055 501 Α

3544 321 3641 375 liii)

2230 437 2386 508 129
2413 434 2617 488 Sullicit
2646 435 2781 490 unda
2809 434 3006 497 laraus.
3034 436 3130 486 nisi
3163 434 3230 487 sit
3259 433 3375 487 sine
3410 433 3527 485 felle
3558 450 3647 483 eo.

3350 525 3573 597 [lutttl=a.

2215 617 2319 683 Qui
2350 622 2632 686 generatur
2670 614 2839 683 aquis.
2872 614 3053 669 Simon
3087 612 3169 666 hic
3196 614 3525 682 baptismatis
3555 632 3650 664 uu-

3437 704 3578 776 pta...

2228 796 2543 866 Contigerat.
2573 794 2663 848 sed
2684 808 2875 849 corvus
2901 804 3033 855 erat.
3068 808 3161 846 sua
3183 794 3327 845 lucra
3352 795 3649 861 requiteus.

2088 891 2190 943 6ϋὸ
2228 890 2355 954 Quae
2380 902 2644 956 nunquun
2673 901 2915 940 meruere
2940 886 3126 949 Deum,
3156 888 3238 953 qui
3267 885 3446 938 limine
3471 888 3653 954 tcmplt

2231 981 2528 1039 Vcndentes
2558 993 2741 1032 arcere
2771 979 2907 1031 solet
2938 995 2950 1029 :
2981 978 3197 1031 meliora
3230 981 3543 1046 sequuntur!

2230 1074 2418 1126 Petrus
2445 1072 2505 1123 ad
2536 1070 2632 1123 ista
2663 1080 2833 1129 vocat.
2858 1052 2947 1137 qui
2981 1070 3116 1121 ﬁlius
3145 1084 3264 1123 esse
3290 1070 3550 1123 columbo

2226 1162 2426 1217 Dicitur
2454 1176 2546 1215 ore
2579 1162 2692 1219 Dei.
2718 1159 3014 1228 meritoque
3045 1161 3141 1213 hac
3173 1170 3341 1213 matre
3374 1170 3583 1213 Creatus

2232 1251 2482 1306 Ecclesite
2514 1250 2759 1303 sublimat
2789 1265 2921 1316 Opus
2946 1268 2957 1301 :
2986 1250 3051 1303 de
3082 1264 3301 1303 munere
3326 1250 3490 1316 prolis

2085 1345 2185 1400 670
2221 1343 2423 1397 Nomen
2449 1342 2603 1395 habet
2623 1341 3029 1410 geni:rix.quod
3053 1342 3280 1408 Spiritus
3300 1341 3441 1411 eligit
3464 1342 3652 1406 almus,

2224 1434 2383 1487 Alitis
2412 1434 2654 1487 innocua:
2680 1432 2922 1500 dignatus
2955 1433 3178 1501 imagine
3206 1433 3371 1485 cerni.

2302 1524 2537 1591 Angelus
2560 1523 2845 1590 alloquitur
2867 1523 3080 1590 plenum
3111 1525 3299 1575 virtute
3326 1522 3622 1589 Philippum
3642 1562 3655 1585 .

2233 1614 2387 1683 130
2401 1614 2697 1667 Australem
2711 1613 2982 1666 celebrare
3001 1613 3159 1675 viam.
3175 1628 3271 1678 qua
3285 1610 3657 1681 spadojugatis

2232 1702 2540 1771 rEthiopum
2570 1702 2824 1773 pergebat
2847 1703 3015 1771 equis,
3044 1703 3130 1771 qui
3166 1702 3297 1755 [idus
3329 1701 3381 1755 in
3410 1702 3530 1754 aula

1930 1838 2154 1894 ΝΟΤᾸΞ..

407 1958 465 2001 et
495 1961 587 2002 eos
632 1946 756 2001 huic
792 1947 1070 2017 scriptura:
1119 1946 1319 2002 favere.
1359 1946 1603 2002 Columba
1644 1956 1724 2004 est
1775 1948 1825 2001 in
1859 1948 1981 2002 reli-
2014 1951 2057 2010 Β
2088 1948 2153 2001 ad
2180 1948 2405 2004 Statium
2436 1948 2695 2003 Thebaid.
2732 1966 2785 2013 x,
2819 1949 2950 2013 618;
2991 1948 3082 2005 scd
3119 1966 3217 2004 nou
3252 1959 3356 2005 tam
3388 1952 3455 2007 de
3477 1954 3661 2007 celeri-

453 2033 551 2070 HIS.

409 2032 841 2157 m'iis-i9.l)iluit]
870 2086 1004 2140 Cod.
1060 2085 1340 2157 Cantabr.,
1388 2089 1510 2143 edd.
1553 2088 1773 2153 Aldin.,
1820 2088 1976 2141 Bsil.

407 2158 591 2211 deluit.
622 2156 751 2209 Vide
772 2172 915 2224 supr.
940 2157 1003 2208 ad
1035 2172 1113 2209 vs.
1148 2158 1274 2212 205.

490 2226 615 2280 651.
656 2224 883 2296 Futtrre]
910 2225 1181 2296 Cadavere
1214 2227 1374 2295 pasci.
1401 2228 1581 2283 Barth.
1611 2228 1675 2283 ad
1704 2226 1984 2283 Claudian.

411 2296 585 2350 Laud.
613 2295 928 2364 StiliconJ,
964 2295 1081 2351 101.
1112 2297 1183 2350 De
1207 2312 1369 2351 corvo
1393 2298 1637 2353 Sedulius
1664 2315 1705 2362 ι,
1739 2299 1838 2353 155
1866 2317 1876 2349 :

1276 2386 1491 2447 Alesque
1515 2390 1697 2450 rapinis

541 2446 763 2507 Deditus,
784 2454 932 2509 atque
949 2448 1088 2497 avido
1106 2456 1328 2498 saturans
1351 2446 1465 2497 cava
1487 2446 1684 2511 guttura
1711 2456 1883 2497 rostro.

412 2531 526 2584 llas
553 2545 678 2585 aves
693 2543 919 2585 assuetae
941 2532 1191 2601 sanguine
1217 2544 1261 2584 et
1284 2532 1457 2600 prtrda
1488 2532 1617 2584 dicit
1646 2531 1834 2585 Florus
1865 2546 1901 2594 t,
1934 2531 1982 2593 l.

409 2602 471 2654 7.
503 2602 723 2653 Tantam
774 2604 918 2655 corvi
966 2606 1309 2655 voracitatetn
1362 2616 1506 2666 esse,
1542 2611 1672 2655 utet
1708 2610 1983 2670 parentem

410 2672 569 2724 senio
602 2670 904 2723 confectum
929 2671 1168 2734 devoret,
1197 2681 1419 2724 testatur
1442 2672 1684 2725 {Elianus
1710 2672 1777 2725 de
1803 2672 1980 2724 Anim.

411 2757 492 2805 tv,
521 2739 608 2791 15.
639 2740 789 2793 Adde
821 2741 1083 2794 Demeter.
1115 2744 1177 2792 ad
1208 2742 1391 2794 liosin.
1426 2757 1477 2806 ν,
1509 2743 1596 2796 59.
1877 2769 1881 2773 -

489 2809 612 2864 652.
656 2808 793 2878 Δία]
823 2809 1097 2876 Catttabr.,
1139 2813 1252 2863 alia.

488 2880 614 2934 654.
661 2878 887 2950 Νυινὶνί]
920 2880 1200 2933 Pultnanui
1229 2880 1474 2945 Schedua,
1508 2882 1797 2950 Antverp.,
1848 2878 1983 2934 Bibl.

409 2950 584 3016 Lugd.
604 2988 619 3015 ,
654 2951 859 3003 nutrici.
1844 2970 1847 2971 ν

492 3021 616 3072 657.
656 3017 803 3090 Fuit]
830 3019 980 3073 Voss.
1005 3020 1054 3080 1,
1083 3020 1241 3072 dedit.
1279 3019 1489 3090 Deipsa
1515 3034 1574 3074 re
1597 3020 1704 3086 egit
1734 3020 1982 3090 Bocltart.

411 3088 720 3143 Hierozvic.
749 3088 951 3158 ,Vpart.
984 3105 1056 3154 ιι,
1104 3106 1155 3157 p.
1205 3092 1291 3144 3|.
1344 3088 1514 3158 Juuge
1561 3091 1699 3143 dicta
1742 3089 1985 3159 superius

410 3173 499 3212 vs.
524 3160 614 3212 28.

491 3230 616 3283 6(‘0.
658 3227 898 3300 Purgati]
930 3228 1084 3283 Voss.
1117 3228 1171 3294 2,
1219 3228 1424 3294 Aldin.,
1460 3228 1620 3282 Basil.
1647 3269 1661 3292 ,
1702 3228 1865 3282 Torn.
1916 3229 1935 3282 1
1968 3268 1983 3291 ,

412 3301 677 3368 purganti.

491 3366 612 3422 661.
643 3366 898 3437 Cessante]
926 3369 1151 3425 Corvum
1173 3383 1237 3422 ex
1258 3382 1379 3422 arca
1401 3367 1652 3423 emissum
1676 3382 1703 3418 a
1721 3366 1833 3421 Noe
1854 3367 1983 3421 scri-

417 3438 550 3490 huut
576 3439 825 3492 Sedulius
870 3455 907 3503 l,
943 3441 1126 3491 Arator
1153 3454 1191 3499 ι,
1236 3439 1417 3492 Victor
1456 3454 1515 3491 ιι.
1550 3438 1833 3491 Adnotavit
1874 3437 1981 3490 Ne-

417 3510 708 3563 brissensis
734 3523 968 3562 errorem
989 3523 1109 3563 esse
1130 3508 1476 3577 ignorationis
1507 3508 1721 3575 linguae,
1742 3516 1795 3577 et
1814 3506 1982 3559 Sedu-

417 3577 547 3629 ltum
579 3592 678 3631 suo
706 3586 944 3646 tempore
971 3575 1207 3631 ('od:cein
1234 3577 1478 3631 habuisse
1507 3591 1611 3631 non
1638 3575 1976 3642 castigatum;

416 3648 579 3699 sctibi
606 3650 750 3702 enim
791 3645 1134 3716 egrediebatur
1154 3658 1200 3699 et
1234 3648 1586 3710 revertebatur,
1615 3645 1841 3698 videlicet
1879 3660 1979 3716 non

416 3718 606 3769 habent
646 3718 731 3771 ubi
760 3714 1077 3772 consisteret.
1114 3716 1398 3770 Laudanda
1441 3716 1808 3770 Nebrisseusis
1832 3758 1846 3783 ,
1883 3714 1981 3769 viri

416 3788 628 3850 optimi.
669 3787 964 3854 diligentia.
997 3788 1086 3855 qui
1130 3786 1359 3855 linguam
1399 3787 1693 3848 intellexit;
1736 3785 1871 3838 idem
1904 3795 1980 3838 ta-

418 3871 542 3908 men
571 3857 805 3924 phrasim
838 3872 939 3909 non
964 3857 1234 3910 dlSCUSSil.
1270 3858 1472 3911 Sensus
1500 3856 1639 3908 enim
1679 3865 1780 3918 est.
1824 3862 1880 3907 ut
1903 3856 1979 3907 vir

418 3926 609 3993 huguie
640 3926 992 3994 peritissimus
1027 3928 1344 3994 explicavit,
1393 3940 1635 3990 corvum,
1685 3924 1808 3979 hinc
1855 3924 1978 3978 inde

418 3995 671 4060 volando.
717 4010 918 4049 moram
961 4005 1066 4049 tam
1095 3997 1183 4049 diu
1215 3996 1436 4049 traxisse
1458 3996 1525 4049 ad
1564 3994 1934 4049 revertendum
1961 4033 1975 4057 ,

419 4065 587 4118 donec
618 4080 768 4134 aqua:
794 4067 1120 4120 siccarentur
1142 4080 1301 4134 supra
1335 4075 1549 4123 terram.
1576 4065 1727 4130 quasi
1750 4066 1973 4127 diceret.

422 4149 686 4202 nunquam
723 4135 895 4204 ipsum
946 4135 1011 4189 ad
1068 4137 1176 4189 Noe
1228 4150 1348 4189 esse
1394 4150 1689 4188 reversum.
1740 4134 1973 4204 Corvum

419 4203 755 4281 ἀλὶγηορωαῖιξ
778 4206 841 4258 ad
867 4205 1079 4259 Judteos
1110 4205 1288 4281 refert.
1312 4206 1499 4259 Alcim.
1527 4205 1619 4257 lib.
1651 4219 1728 4281 tv,
1758 4203 1827 4281 ad
1850 4218 1975 4281 apo-

421 4273 584 4327 statas
601 4273 869 4328 'Aratort:
898 4289 1017 4327 nam
1047 4284 1099 4329 et
1124 4274 1290 4328 Judaei
1321 4285 1372 4328 et
1402 4282 1681 4342 apostatze,
1712 4274 1762 4326 in
1790 4273 1975 4325 Eccle-

418 4342 493 4394 sia
515 4342 609 4395 alti
634 4353 687 4396 ct
716 4347 1035 4409 coitservati,
1075 4360 1139 4397 ex
1170 4359 1229 4397 ea
1259 4344 1592 4405 exciderunt,
1636 4352 1721 4408 et,
1768 4343 1975 4396 discur-

417 4413 582 4465 sando
605 4422 660 4467 et
683 4413 1069 4478 tumultuando,
1096 4429 1364 4482 nunquam
1410 4413 1475 4467 ad
1524 4413 1640 4482 ejus
1663 4413 1972 4467 societatem

421 4482 677 4546 placidam
704 4493 1059 4537 revertuntur.
1091 4482 1372 4537 FABRICIUS
1394 4492 1679 4537 comment.
1729 4483 1781 4535 iu
1818 4482 1971 4536 Poet.

418 4548 730 4621 Christian.,
760 4566 813 4621 p.
842 4551 928 4607 59.
957 4552 1031 4607 De
1057 4567 1186 4606 voce
1212 4563 1433 4606 cessante
1461 4552 1580 4606 vide
1600 4567 1746 4621 supr.
1772 4568 1846 4606 vs.
1881 4551 1971 4604 86.

486 4620 610 4675 662.
637 4620 801 4691 Felle]
826 4624 1070 4677 Sedulius
1102 4623 1258 4691 epiSt.
1300 4624 1366 4675 ad
1410 4622 1631 4685 Maced.,
1672 4620 1729 4690 'p.
1766 4624 1852 4684 11,
1884 4636 1970 4673 co-

419 4689 601 4744 lumbi:
624 4689 868 4759 simplicis
888 4693 1113 4745 animum
1140 4689 1241 4745 non
1271 4693 1497 4755 amittat;
1520 4693 1661 4746 idem
1684 4689 1741 4755 tt,
1773 4690 1894 4755 171,

660 4783 761 4832 Per
782 4783 1025 4832 volucrem
1049 4796 1157 4845 quae
1180 4783 1296 4833 felle
1324 4789 1480 4833 caret.

421 4866 517 4938 tibi
556 4878 721 4921 noue.
762 4869 1061 4922 Altbeimus
1105 4868 1270 4921 Laud.
1320 4868 1488 4938 Virga,
1531 4883 1581 4938 p.
1622 4866 1744 4930 72l.
1792 4877 1921 4938 tum.
1965 4868 1980 4921 l

418 4935 575 4992 Thes.
592 4938 797 5003 Canis,

535 5026 649 5075 Sola
668 5032 805 5074 caret
827 5026 1048 5087 quoniam
1070 5026 1284 5077 crudelis
1307 5026 1422 5077 felle
1448 5028 1645 5077 veneni.

419 5100 671 5163 Athenas.
693 5110 828 5179 Opp.
853 5116 983 5162 tom.
1008 5120 1047 5175 ι,
1080 5124 1133 5178 p.
1154 5110 1278 5176 471,
1307 5118 1396 5170 τῆς
1413 5115 1717 5185 περιστερᾶς
1744 5108 1800 5163 τὸ
1820 5116 1981 5185 πρᾷον

419 5190 699 5234 memorat.

485 5250 608 5303 665.
638 5245 842 5318 Simon]
870 5247 1073 5318 Αιιιιη..
1101 5246 1286 5315 Basil.,
1315 5246 1477 5302 Simo.
1504 5247 1621 5301 Vid.
1652 5247 1715 5302 ad
1746 5265 1826 5307 vs.
1851 5251 1979 5306 6'50.

484 5320 609 5373 669.
660 5315 937 5388 Sublimat]
988 5318 1297 5384 Sublimare.
1350 5320 1401 5372 in
1449 5319 1671 5373 sublime
1714 5323 1976 5376 attollere.

424 5388 474 5442 εἰ
489 5390 672 5443 udent.
701 5388 921 5457 Apoth.,

534 5477 633 5526 Aut
657 5474 892 5527 tumidum
914 5474 1048 5534 largo
1070 5476 1292 5526 sublimat
1314 5476 1502 5525 ﬂamine
1525 5477 1771 5527 bombum.

422 5557 695 5615 ΡΑιιιιιοιυε
715 5568 1002 5614 comment.
1028 5560 1081 5613 in
1108 5560 1254 5613 Poet.
1278 5558 1502 5622 Christ..
1539 5576 1589 5628 p.
1624 5561 1743 5615 I27.

484 5631 606 5683 671.
641 5628 910 5700 Dignatus]
937 5628 1140 5700 Aldin.,
1168 5628 1350 5693 Bastl.,
1374 5629 1538 5684 Turn.
1566 5630 1617 5696 1,
1646 5632 1903 5700 dignatur.

482 5701 604 5752 673.
628 5698 911 5769 Celetvrare]
936 5698 1010 5752 Ita
1033 5702 1242 5767 reposui
1273 5715 1333 5755 ex
1368 5699 1618 5755 Cantabr.
1650 5698 1718 5754 eti
1735 5702 1883 5756 Voss.
1925 5704 1971 5765 1.

421 5763 467 5821 2.
501 5769 733 5841 Reliqua:
760 5763 1042 5838 editiimes.
1077 5763 1311 5838 celerare.
1344 5770 1481 5839 quod
1520 5771 1702 5841 probat
1732 5763 1975 5828 Barthius

2022 2030 2027 2035 θ
2096 2029 2200 2090 tate
2230 2034 2385 2088 quam
2414 2019 2527 2087 ipso
2558 2021 2743 2074 itinere
2767 2021 2847 2090 agi
2866 2021 3121 2090 arbitrer.
3157 2022 3337 2089 Neque
3366 2031 3539 2076 tamen
3571 2040 3662 2090 per

2093 2088 2399 2161 frequenter
2417 2090 2572 2161 obire
2599 2088 2993 2161 exponendum,
3021 2100 3077 2143 ut
3096 2094 3231 2143 atria
3254 2092 3503 2145 celebrare
3523 2088 3662 2161 apud

2090 2160 2358 2222 Ovidium.
2386 2158 2597 2211 Metam.
2623 2175 2659 2225 1,
2692 2160 2811 2212 172.
2845 2159 3240 2213 AddeCortium
3260 2162 3321 2213 ad
3341 2158 3567 2213 Plinium
3590 2179 3660 2224 vt.

2090 2229 2247 2298 epist.
2277 2228 2366 2292 50.
2398 2229 2449 2291 1,
2485 2229 2775 2281 llunetnan.
2812 2230 2875 2281 ad
2893 2229 3131 2284 Laetant.
3153 2231 3270 2283 Div.
3304 2230 3477 2282 lnstit.
3510 2246 3579 2298 vr,
3604 2234 3659 2297 5,

2093 2295 2118 2365 §
2154 2298 2205 2349 '7.
2251 2299 2353 2351 Sed
2395 2298 2707 2363 simpliciter
2752 2298 2953 2365 accipio
2998 2314 3094 2365 pro
3144 2299 3242 2350 iter
3295 2295 3575 2366 peragere,
3608 2295 3661 2354 ut

2090 2366 2308 2438 verbum
2352 2366 2471 2438 hoc“
2495 2382 2597 2438 non
2632 2376 2842 2438 tantum
2865 2368 2933 2419 de
2967 2370 3045 2438 rei
3073 2367 3392 2438 frequentia,
3422 2370 3513 2421 sed
3547 2374 3658 2438 ipS:t

2090 2451 2147 2489 re
2175 2437 2312 2490 solet
2337 2435 2595 2489 adhiberi.
2630 2438 2791 2488 Docet
2831 2435 2931 2489 hoc
2966 2435 3234 2489 Drakenb.
3274 2438 3339 2489 ad
3386 2435 3588 2491 Livium
3616 2459 3653 2504 t,

2091 2507 2143 2577 ι,
2168 2507 2221 2560 9.
2252 2507 2418 2573 Quam
2444 2520 2585 2577 saepe
2614 2515 2789 2560 autem
2818 2505 3017 2577 librarii
3042 2507 3381 2577 hocivcrium
3406 2522 3661 2577 cot'rupe-

2089 2576 2215 2636 rint,
2246 2585 2389 2644 patet
2414 2591 2476 2629 ex
2511 2575 2900 2644 Burmanno‘ad
2928 2575 3106 2629 Vuler.
3136 2576 3309 2631 Flacc.
3341 2592 3417 2639 ιιι,
3442 2575 3659 2638 ἓῧιίιιιί

2090 2641 2272 2714 Virgil.
2313 2647 2359 2697 A'
2378 2646 2520 2699 neid.
2546 2661 2617 2709 tv,
2648 2645 2770 2699 0M.
2795 2641 3016 2698 Celerem
3045 2656 3095 2698 et
3117 2647 3357 2699 celebrem
3380 2648 3429 2698 iu
3451 2650 3655 2702 Tbuaui

2088 2718 2272 2769 codice
2300 2724 2591 2783 permutata
2616 2714 2754 2783 apud
2780 2714 3047 2781 Lucanum
3078 2730 3147 2777 vr,
3176 2714 3296 2777 183,
3324 2715 3581 2770 celebriter
3604 2730 3659 2773 et

2089 2786 2338 2849 celeriter,
2372 2786 2491 2839 vide
2531 2794 2682 2839 notas
2720 2784 2785 2838 ad
2830 2784 3051 2839 Sueton.
3095 2784 3254 2853 Vesp.
3304 2788 3354 2838 7.
3404 2787 3656 2851 Quaadatn

2090 2854 2203 2908 loca
2238 2856 2359 2908 hinc
2389 2856 2599 2922 egregie
2628 2854 2929 2908 emendavit
2970 2855 3256 2908 Burmann.
3283 2856 3345 2908 ad
3372 2856 3525 2910 Ovid.
3551 2858 3659 2911 Me-

2089 2932 2215 2997 tatn.
2242 2941 2311 2987 tv.
2332 2925 2464 2997 504.
2497 2924 2647 2997 Adde
2678 2923 2936 2997 lsidorum
2964 2924 3108 2997 ()rig.
3139 2939 3175 2985 ι.
3212 2925 3301 2993 22,
3326 2944 3421 2993 qua
3450 2930 3658 2997 scriptio

2088 2994 2294 3048 celebris
2323 2994 2517 3047 brevior
2533 2995 2644 3061 ﬁat.
2667 2994 2796 3047 Cod.
2826 2993 3082 3062 Groning.
3108 3002 3274 3059 recte,
3298 2997 3491 3061 celeris.
3516 2993 3658 3051 unde

2089 3066 2261 3118 celeria
2301 3065 2590 3134 breviorque
2637 3064 2821 3131 reponi
2873 3075 3072 3132 posset,
3112 3065 3249 3132 quod
3289 3068 3499 3134 egregie
3528 3068 3657 3121 vidit

2089 3136 2171 3187 vir
2194 3134 2408 3205 rclariss.
2453 3134 2676 3203 longiori
2712 3134 2813 3205 vita
2841 3133 3068 3205 dignior.
3103 3134 3253 3187 Gisb.
3293 3133 3527 3203 Kmnius,
3564 3138 3654 3205 qui

2088 3212 2142 3257 et
2188 3204 2303 3270 ipse
2348 3202 2668 3271 Groningani
2705 3204 2822 3257 cod.
2848 3214 2907 3273 et
2936 3204 3024 3258 ed.
3063 3206 3293 3273 antiquae
3336 3202 3653 3273 scripturam

2092 3274 2340 3339 produxit
2368 3275 2419 3327 in
2452 3273 2494 3326 D
2516 3284 2674 3326 ssert.
2717 3272 2905 3341 jurid.,
2934 3288 2985 3342 p.
3019 3274 3108 3327 Ἡ.
3151 3272 3479 3328 Consensum
3508 3276 3656 3329 addi-

2090 3342 2164 3396 dit
2195 3342 2607 3413 Cannegieterus
2635 3343 2863 3411 Disqttis.
2893 3345 2960 3396 de
2991 3346 3147 3408 notis,
3177 3359 3228 3411 p.
3260 3344 3389 3397 299.

2153 3432 2445 3506 675.»Qll{l]
2485 3434 2735 3506 Vossa2,
2765 3451 2939 3502 quam.
2990 3435 3039 3487 ιιι
3079 3449 3185 3487 non
3214 3435 3522 3506 rejeceritn.
3556 3436 3655 3489 Te-

2082 3503 2449 3576 renttllecyrl
2490 3519 2525 3568 ι,
2554 3505 2610 3570 2,
2637 3503 2763 3576 119,
2810 3520 3033 3576 pergam,
3072 3520 3170 3576 quo
3212 3506 3358 3571 carpi.
3388 3506 3482 3557 huc
3508 3505 3601 3559 iter
3632 3521 3651 3559 :

2084 3573 2185 3645 nisi
2215 3574 2321 3628 illic
2349 3573 2712 3645 adposterius
2735 3573 2973 3645 verbum
3024 3573 3229 3645 referre
3256 3576 3467 3645 malis.
3500 3576 3657 3645 Apud

2083 3642 2390 3715 Sallustium
2417 3644 2685 3711 Jugurth.,
2721 3643 2810 3709 47,
2838 3644 2889 3707 1,
2918 3644 3130 3715 Cortius
3159 3644 3210 3697 in
3241 3642 3655 3715 Guelferbytano

2081 3714 2302 3784 invenit,
2335 3714 2398 3766 ab
2426 3729 2483 3766 eo
2512 3715 2693 3766 itinere
2744 3715 2877 3782 quod
2908 3712 3145 3784 Metellus
3189 3717 3457 3784 pergebat;
3496 3712 3652 3779 ibid.,

2082 3782 2173 3847 79,
2204 3784 2259 3844 5,
2286 3791 2596 3853 maturauere
2627 3786 2719 3834 iter
2760 3799 2985 3853 pergere.
3015 3782 3216 3853 Similia
3250 3782 3396 3851 plura
3440 3788 3657 3852 protulit

2080 3853 2346 3905 eruditum
2390 3852 2517 3905 illud
2562 3852 2742 3905 Frisia:
2770 3852 2880 3905 sua:
2918 3852 3104 3920 decus,
3134 3852 3288 3905 Joan.
3322 3853 3656 3907 Schrader-us

2081 3922 2361 3973 Anitnadv.
2393 3922 2457 3975 ad
2491 3920 2762 3986 Musaeum,
2794 3936 2910 3988 cap.
2956 3922 3044 3973 17.
3086 3921 3235 3974 Adde
3281 3920 3543 3975 Drakenb.
3586 3924 3653 3976 ad

2079 3990 2285 4044 Livium
2316 4006 2394 4055 ιιι,
2422 3990 2476 4055 6,
2508 3991 2569 4053 7;
2602 3989 2797 4044 Duker.
2827 3991 2891 4061 ad
2926 3990 3147 4061 Florum]
3174 3989 3319 4061 "1.4,
3339 3990 3517 4045 5.1ter
3538 4007 3656 4061 gra-

2079 4063 2186 4114 dire
2214 4061 2459 4128 exposuit
2490 4061 2731 4113 Barthius
2763 4059 2989 4113 Advers.
3022 4073 3099 4123 tv,
3126 4059 3182 4112 2.
3215 4060 3302 4113 Sic
3331 4059 3550 4114 currere
3565 4078 3657 4127 pe-

2079 4133 2247 4198 lngus,
2279 4130 2526 4183 Sedulius
2567 4131 2719 4195 epist.
2768 4129 2835 4181 ad
2881 4128 3111 4192 Maced.,

2079 4198 2322 4252 Atldend.
2364 4199 2429 4252 ad
2473 4199 2751 4265 Prudeut.,

2079 4268 2294 4324 Aineid.
2326 4284 2365 4333 ι,
2395 4268 2520 4324 524.

2147 4359 2269 4413 673.
2298 4356 2498 4430 Spado]
2527 4358 2697 4430 Prima
2727 4357 2995 4427 producta.
3031 4373 3147 4429 qua:
3174 4359 3310 4428 apud
3338 4359 3649 4415 Juvenalcm

2078 4429 2253 4484 brevis
2278 4440 2380 4495 est,
2412 4428 2626 4481 notante
2656 4428 2846 4482 Vossio
2868 4430 2983 4482 Art.
3007 4428 3232 4498 gramm.
3269 4445 3327 4496 ιι,
3356 4430 3445 4484 59.
3480 4430 3651 4498 Ipsam

2078 4513 2279 4569 vocem,
2307 4512 2336 4550 a
2379 4498 2573 4569 Spado,
2616 4498 2829 4552 Persico
2873 4514 3027 4566 pago.
3072 4501 3278 4569 derivat
3330 4500 3653 4569 Stephanus.

2078 4570 2230 4636 cujus
2272 4568 2388 4622 loco
2432 4567 2541 4636 jam
2579 4582 2704 4621 usus
2753 4577 2833 4622 est
2877 4570 3122 4623 Barthius
3154 4569 3222 4623 ad
3251 4566 3526 4624 Claudian.
3559 4587 3572 4623 ι
3602 4573 3654 4625 itt

3140 4144 3193 4198 p.
3224 4129 3281 4193 2.
3313 4139 3367 4182 et
3407 4131 3653 4185 Heinsius

2800 4213 2854 4268 p.
2900 4198 3023 4253 155.
3076 4198 3212 4252 Vecti
3241 4200 3423 4267 maria,
3464 4200 3652 4271 Virgil.

2008 4664 2057 4726 υ
2087 4641 2303 4726 Ιξιιιιρρ.
2336 4637 2459 4717 5555;
2482 4638 2872 4726 .et'l‘i‘rissoniu's
2903 4640 2969 4693 de
3001 4640 3168 4708 Begu.
3200 4639 3348 4695 Pers.
3384 4655 3441 4705 tt,
3470 4639 3497 4712 §
3528 4640 3650 4695 164.

2085 4710 2201 4761 Alia
2230 4706 2451 4777 Vossius
2482 4708 2531 4759 in
2561 4707 2814 4777 Etyniol.,
2842 4710 2893 4761 in
2916 4706 3123 4761 voceni.

2160 4796 2283 4851 675.
2314 4796 2539 4867 Jugatis]
2562 4798 2858 4853 Trebellius
2892 4799 3057 4854 Pollio
3087 4799 3315 4854 Gallico.
3345 4799 3399 4863 8,
3422 4799 3655 4851 cornibus

2088 4884 2216 4920 auro
2251 4871 2471 4938 jugatis.
2518 4868 2672 4922 Var-.e
2721 4870 2765 4923 is
2810 4870 2957 4922 locus
3003 4879 3259 4938 tentatur.
3283 4868 3574 4938 Casauboni
3602 4877 3658 4921 ct

2089 4940 2333 4991 Saltuash
2384 4938 2662 5006 Opinioues
2704 4941 2949 5007 exposuit
2984 4937 3195 5007 Triller.
3229 4937 3449 5007 Observ.
3477 4937 3652 4994 critic.

2088 5022 2146 5071 lt,
2176 5011 2207 5061 8
2237 5025 2249 5061 :
2275 5010 2359 5073 qui
2386 5004 2496 5075 ipse
2531 5008 2709 5067 fucatis
2735 5004 2953 5060 mavult.
2981 5004 3182 5073 Jugatis
3205 5008 3285 5060 vel
3309 5021 3371 5059 ex
3396 5005 3497 5060 hoc
3521 5011 3657 5061 Ara-

2087 5080 2221 5130 toris
2250 5077 2367 5131 loco
2398 5088 2566 5140 tueor,
2596 5078 2688 5129 sed
2732 5078 2965 5129 cornibus
3002 5091 3131 5129 auro
3167 5076 3536 5143 exponendum
3564 5093 3653 5131 arw

2090 5153 2257 5199 bltl'Ol‘
2303 5163 2366 5199 ex
2412 5160 2563 5209 auio,
2606 5150 2716 5199 sive
2756 5146 2953 5209 aureis.
2986 5157 3042 5198 ut
3085 5161 3276 5214 puppes
3316 5148 3474 5201 abiete
3517 5147 3657 5214 apud

2096 5216 2387 5284 Virgilium,
2416 5216 2653 5267 damnum
2699 5215 2887 5284 injuria
2927 5215 3062 5284 apud
3091 5216 3270 5281 .lCtos,
3301 5233 3522 5284 quaeque
3551 5218 3655 5269 alia

2088 5286 2304 5410 protuli;
2331 5285 2743 5407 Canagieterus
2772 5301 2919 5339 uictis
2956 5286 3022 5340 ad
3066 5285 3367 5355 Fragment.
3410 5295 3515 5341 vct.
3560 5286 3653 5340 Ju-

2088 5370 2258 5410 rtsnru
2303 5395 2341 5410 ..
2373 5370 2421 5410 ο.
2470 5374 2477 5381 “
2528 5394 2537 5406 -

2087 5358 2341 5421 risprud.,
2372 5370 2421 5421 p.
2452 5358 2537 5407 (2’0.

2166 5371 2341 5423 prum,
2372 5371 2421 5421 p.
2452 5371 2537 5407 υυ.

2158 5423 2279 5478 674.
2320 5421 2503 5489 Fidus]
2533 5424 2804 5477 Pultnauui
2835 5425 3057 5481 Scbedzc
3079 5434 3132 5479 et
3162 5427 3437 5493 Antverp.,
3469 5424 3608 5479 sidus
3632 5442 3650 5478 :

2089 5507 2182 5564 Vox
2225 5495 2435 5564 quidem
2477 5495 2690 5563 elegans
2733 5496 2800 5548 de
2844 5496 3056 5548 homine
3094 5495 3182 5563 qui
3232 5495 3652 5564 reiwcuicunque

2086 5563 2251 5617 addit
2279 5575 2669 5617 ornamentum.
2709 5564 2839 5618 Vide
2879 5565 3144 5617 Barthium
3188 5566 3253 5616 ad
3294 5563 3567 5618 Claudian.
3599 5579 3650 5619 vr

2084 5632 2302 5687 Consul.
2333 5634 2533 5688 lluuor.
2562 5635 2650 5687 25.
2676 5632 2778 5688 Sed
2802 5636 3022 5687 alterum
3046 5632 3513 5689 accommodatius.
3539 5636 3651 5689 Eu,-

2085 5703 2244 5758 uuchi
2272 5705 2413 5775 enim
2446 5703 2606 5775 variis
2649 5706 2811 5775 rebus
2860 5704 3150 5775 praeposui,
3182 5716 3358 5775 coque
3379 5704 3651 5775 gratiores

2084 5790 2187 5845 quo
2217 5774 2501 5831 lidcliures.
2533 5772 2729 5829 Confer
2760 5773 3063 5844 Pigturiunt
3104 5774 3169 5827 dc
3205 5770 3414 5843 Servii,
3445 5793 3494 5850 υ.
3522 5775 3650 5831 572.
