4026 6196
349 373 455 429 189

381 580 445 595 \‘U

335 581 447 634 2ὖό

345 1306 461 1361 160

343 1844 460 1900 265

386 2483 461 2538 7i)

337 3210 460 3266 275

1311 367 1403 423 DE
1432 366 1718 425 ACTIBL‘S
1757 368 2265 427 APOSTOLORCM
2308 369 2439 435 LIB.
2487 369 2549 426 ll.

529 487 750 542 Lumina
778 483 1051 548 constitui,
1081 491 1357 551 postquam
1388 484 1471 535 via
1516 483 1712 536 rectior
1738 498 1923 538 omnes
1950 486 2003 546 Λ
2056 534 2075 547 ,_

531 578 739 648 Dirigit.
769 586 823 631 et
846 579 1000 631 caesis
1030 575 1259 629 illustrat
1285 574 1526 629 sentibus
1550 574 1754 628 urbem.

532 670 646 725 Lite
674 669 777 724 sub
805 667 1048 735 ambigua
1089 664 1283 718 Paulus
1313 665 1426 717 loca
1466 665 1634 719 tendit
1660 664 1725 718 ad
1754 664 1922 731 urbis,

532 760 624 814 Cui
652 760 864 813 radiant
892 764 1232 833 monumenta
1254 754 1424 809 crucis
1448 794 1464 819 ,
1490 764 1808 823 sanctosque
1836 770 1925 810 re-

1713 842 1860 917 [visit

532 943 672 999 Iuris
717 938 995 1009 aposio’ici
1050 950 1301 1005 proceres
1323 976 1340 1000 ,
1370 935 1560 1004 quibus
1590 935 1765 988 omnia
1797 949 1928 1003 prte-

562 1012 563 1017 ¹
1294 1088 1309 1098 φ
1690 1026 1856 1101 [sens,

533 1125 662 1191 Qua:
709 1124 819 1178 sint
861 1130 1043 1192 gesta,
1084 1118 1267 1176 refert.
1314 1118 1538 1186 Petrus,
1579 1119 1661 1173 cui
1696 1120 1927 1175 maxima

1606 1210 1750 1282 [rura
1777 1219 1862 1266 est

532 1304 857 1358 Comniissos
884 1315 1079 1368 augere
1107 1315 1324 1370 greges,
1353 1299 1418 1352 ad
1448 1314 1640 1367 pascua
1667 1312 1890 1355 cunctos
1908 1340 1929 1369 ,

535 1395 602 1450 Se
631 1394 767 1447 duce
786 1431 801 1457 ,
830 1392 948 1445 laita
977 1403 1204 1456 vocans,
1237 1390 1331 1443 has
1357 1390 1584 1456 explicat
1618 1404 1711 1443 ore
1742 1390 1927 1460 loque-
1980 1464 1983 1467 ἰ

1711 1479 1812 1553 [las
1841 1498 1856 1535 :

533 1570 762 1628 Cercitis
786 1575 1042 1623 aiternum
1072 1568 1244 1623 stet-lis
1274 1577 1562 1622 memorata
1596 1573 1836 1634 vetustis,

532 1663 662 1727 Quae
693 1660 889 1728 populo
915 1659 1071 1713 docili
1101 1659 1409 1713 cecinerunt
1434 1674 1528 1714 ore
1556 1662 1852 1728 prophetat,

534 1752 590 1805 lii
615 1751 767 1805 nobis
795 1750 1091 1819 complesse
1120 1751 1283 1804 Deum
1312 1790 1326 1813 ,
1370 1750 1458 1818 qui
1503 1752 1689 1804 maluit
1719 1763 1926 1821 emptor

539 1844 691 1914 187
719 1840 977 1896 Omnibus
1007 1840 1126 1896 esse
1153 1840 1297 1894 salus
1319 1880 1335 1905 ,
1383 1839 1582 1894 nullum
1621 1841 1926 1899 discernere
1957 1842 2001 1899 Β

1623 1934 1849 2005 [paSsus.

532 2026 588 2080 ln
617 2025 804 2095 pretio,
834 2038 940 2093 quo
980 2024 1087 2076 vita
1118 2021 1251 2077 redit
1278 2039 1292 2075 :
1321 2021 1449 2076 mihi
1484 2023 1646 2091 jussit
1687 2040 1925 2095 aperiam

533 2114 788 2169 Gentibus
818 2115 953 2169 hanc
981 2122 1277 2168 monstrare
1301 2112 1475 2178 viam;
1504 2114 1630 2182 quid
1663 2127 1783 2170 tota
1816 2134 1927 2172 uio-

1705 2205 1854 2276 [rari,

532 2297 749 2350 Tardari
772 2311 854 2360 ;ue
890 2295 1076 2364 juvat?
1112 2294 1304 2362 quidve
1346 2293 1458 2347 haec
1485 2296 1765 2364 aenigmata
1795 2312 1926 2351 cana

533 2385 743 2440 Misceri
773 2400 891 2439 cum
925 2384 1041 2438 luce
1069 2383 1242 2435 nova?
1271 2398 1404 2451 quos
1435 2382 1604 2450 gratia
1635 2396 1850 2452 purgat,

536 2479 601 2538 Ut
631 2480 865 2544 veniant,
901 2479 984 2534 les
1015 2477 1353 2553 nullaveiat,
1377 2476 1615 2533 cmieSiis
1639 2468 1837 2531 amoris

536 2574 753 2628 Materia
788 2582 868 2628 est
907 2572 1099 2626 festina
1129 2571 1291 2637 iides,
1325 2570 1459 2624 hanc
1505 2570 1749 2625 Christus
1793 2572 1923 2623 ado-

1700 2663 1854 2733 linat.

535 2756 682 2813 lianc
726 2756 850 2811 facit
880 2769 999 2811 esse
1027 2769 1211 2821 suam,
1238 2769 1339 2823 qua
1374 2752 1599 2823 quisque
1637 2755 1930 2809 mereiiitu'r

1734 2839 1853 2913 [ιειε.

532 2934 893 2991 Circumcisus
918 2933 1091 2998 adest,
1118 2943 1171 2988 et
1192 2933 1314 3003 jure
1345 2932 1639 2987 renascitur
1665 2932 1840 2987 undis.

534 3023 809 3082 Pastorem
852 3035 1086 3082 statuere
1135 3022 1318 3093 sequi,
1380 3022 1550 3091 placet
1595 3037 1723 3091 ergo
1770 3023 1931 3079 mini-

1640 3138 1655 3151 -
1682 3114 1850 3187 [stros

534 3210 616 3266 lre
638 3209 823 3277 simul,
848 3207 1167 3279 scriptisque
1197 3206 1296 3277 piis
1323 3206 1602 3262 absolvere
1625 3218 1830 3278 gentes,

1954 3202 2003 3264 C

2029 1112 2135 1169 280

2031 1752 2140 1806 285

2027 2203 2132 2258 290

2027 2652 2133 2709 293

1862 3340 2091 3399 NOTAE.

422 3456 549 3511 255.
574 3455 754 3523 ειεεὶκ]
783 3456 1061 3511 Pulmanni
1089 3456 1312 3523 Scbed.,
1342 3456 1533 3520 Antv.,
1557 3456 1718 3509 caelis.

422 3525 548 3581 256.
584 3525 757 3589 Urbis]
780 3526 935 3579 Vo~s.
967 3530 1021 3589 l,
1054 3529 1245 3580 urbem.

421 3597 546 3651 257.
600 3596 647 3648 81
655 3596 947 3667 omimenla]

992 3597 1159 3651 Codd.
1209 3606 1263 3650 et
1293 3594 1381 3650 ed.
1415 3595 1561 3659 Ald.,
1594 3595 1922 3649 monimenta.

344 3668 471 3754 Dixi
521 3667 818 3754 a‘t‘lMSedul.
870 3665 1002 3732 1,—5.
1048 3666 1252 3720 Similia
1304 3665 1426 3720 huic
1475 3666 1593 3719 loco
1634 3665 1811 3718 notavi
1860 3665 1924 3718 ad

343 3737 451 3790 “ll.
483 3752 519 3797 t,
546 3737 669 3789 967.

423 3807 548 3859 259.
582 3804 721 3873 Sint]
753 3804 953 3864 Alilin..
985 3805 1117 3859 Bibl.
1150 3804 1343 3873 Ltigil.,
1369 3814 1505 3858 sunt.

420 3873 545 3929 Q64.
584 3874 817 3946 Empmr]
847 3880 1005 3941 bupr.
1037 3889 1114 3927 vs.
1140 3876 1208 3930 95
1238 3892 1253 3927 :

694 3965 774 4012 Sic
797 3965 1015 4014 conditor
1034 3964 1188 4015 abluit
1209 3978 1395 4025 omnes,

626 4026 709 4073 Sic
731 4026 848 4074 emit
869 4042 882 4085 ;

347 4121 522 4174 ecque
553 4124 783 4177 sequens
802 4124 892 4177 pre
914 4110 963 4161 io
987 4110 1234 4176 pertinet.

421 4178 550 4235 205.
597 4176 915 4249 Discernere]
965 4179 1239 4234 Pubnanni
1284 4179 1503 4247 Sched.,
1538 4180 1617 4233 An
1648 4196 1720 4241 v.,
1762 4182 1925 4234 disce-

345 4251 486 4302 dere.

420 4319 547 4372 266.
582 4315 847 4389 Apertam]
884 4317 1038 4373 Voss.
1075 4320 1125 4383 l,
1155 4326 1380 4385 apertos.
1423 4317 1562 4373 Nihil
1604 4327 1685 4372 est
1714 4334 1818 4389 quo
1845 4336 1928 4375 re-

347 4387 512 4443 feras.

418 4458 546 4529 267.
577 4458 733 4529 Quid]
759 4458 893 4514 Bibl.
916 4457 1111 4527 Lugd.,
1134 4459 1368 4529 quod.—
1388 4458 1542 4514 Voss.
1572 4460 1619 4527 l,
1649 4461 1924 4525 tardarive,

345 4542 457 4582 non
487 4528 748 4595 displicet.

418 4572 870 4668 ἶϐἓῖἓᾏῖιῖιῖιίοε
893 4608 975 4652 est
1003 4614 1067 4653 ex
1101 4599 1253 4654 Voss.
1279 4600 1332 4661 1,
1359 4599 1415 4659 9..
1443 4599 1528 4653 ed.
1558 4600 1720 4655 Antv.
1750 4617 1763 4663 ;
1799 4600 1925 4653 rrli-
1955 4572 2004 4631 Β

344 4668 439 4739 qui
479 4682 687 4731 «mnes,
727 4668 948 4739 prodest.
979 4668 1277 4738 Repetitum
1325 4670 1446 4722 illud
1492 4685 1555 4723 ex
1603 4670 1921 4736 pnecmlenii

338 4738 529 4805 juvat;
550 4740 640 4791 sed
673 4738 777 4791 neu
802 4752 938 4806 Opus
968 4751 1069 4792 est.
1102 4739 1342 4792 Aratoris
1372 4739 1512 4808 stylo
1555 4741 1921 4807 Opposiiimes

345 4809 582 4878 maxime
624 4811 988 4878 conveniunt,
1042 4818 1204 4874 atque
1258 4810 1327 4863 ita
1375 4809 1477 4862 luci
1525 4825 1665 4862 navie
1703 4811 1921 4878 nppOnit

343 4877 619 4951 enigmata
641 4891 801 4951 fana,
828 4876 879 4929 id
917 4888 1002 4951 est
1022 4879 1274 4951 ,_antiqua
1293 4918 1309 4942 ,
1334 4894 1453 4951 quae
1478 4892 1598 4934 esse
1622 4876 1917 4951 synonyma

342 4945 532 4999 monui
552 4946 617 4999 ad
638 4946 819 5001 Sedul.
846 4961 886 5009 ι,
916 4948 1007 5001 75.
1038 4945 1208 5015 Supra
1233 4947 1426 5004 v5.85:

688 5056 996 5105 l’ermiscens
1018 5058 1212 5119 antiqua
1239 5059 1394 5109 novis.

340 5159 820 5295 [mg'illtrguis'quej
861 5161 962 5217 Pro
1003 5164 1233 5234 quisquis
1264 5164 1552 5221 Prudentia
1586 5174 1641 5222 ct
1677 5166 1913 5224 .luvenco

337 5413 428 5470 et,

528 5323 660 5373 Satis
682 5324 857 5373 beatus
877 5322 1092 5389 quisquis
1112 5325 1334 5377 dextram
1358 5329 1560 5391 porrigit
1585 5343 1600 5393 ;

527 5494 733 5561 lunonis
755 5497 873 5544 iram
896 5498 1100 5561 sentiet,
1128 5501 1335 5561 quisque
1362 5508 1414 5550 ut
1436 5501 1588 5550 Deum

523 5554 680 5616 Signo
699 5566 782 5606 aut
809 5556 988 5606 sacello
1010 5554 1310 5609 consecraiiit
1333 5562 1617 5613 Herculem.

340 5633 413 5690 Ita
440 5638 570 5692 locis
597 5641 714 5692 aliis
737 5640 996 5707 pluribu-.
1026 5642 1254 5697 Juvenc.
1284 5643 1375 5697 lib.
1403 5660 1416 5697 i
1444 5662 1457 5697 :

432 5730 645 5789 Quisque
679 5732 804 5779 meis
827 5731 1022 5782 monitis
1047 5744 1289 5795 auresque
1315 5740 1366 5784 ct
1389 5733 1509 5785 facta
1532 5735 1727 5787 dicabit.

342 5804 480 5860 ldcizi
512 5823 566 5862 iii
600 5827 610 5861 :

2206 484 2316 538 Hoc
2340 484 2444 539 illis
2471 500 2574 537 non
2612 483 2983 553 starejugiim,
3022 494 3196 540 tamen
3243 501 3364 540 esse
3405 502 3595 541 caven-

3358 579 3504 649 [dum

2213 666 2370 737 188
2414 664 2491 720 Ne
2535 665 2816 719 simulacra
2867 666 3078 732 colant,
3106 681 3328 735 quorum
3355 667 3602 722 libamina

3297 757 3530 827 [semper

2211 843 2542 897 Exsecranda
2576 844 2781 907 forent;
2814 859 2900 909 ne,
2934 844 3187 898 sul’l‘ocata
3218 861 3407 901 cruore

2206 931 2335 998 Qua:
2378 934 2732 997 maculantur,
2762 932 2952 996 edant;
3000 950 3083 998 ne,
3112 936 3303 988 saevior
3331 936 3510 998 hoste,
3540 936 3605 987 li-

3387 1023 3530 1093 [Didii

2207 1112 2313 1168 Hos
2338 1112 2545 1182 impura
2574 1120 2799 1181 premat,
2828 1126 2960 1181 quos
2992 1113 3076 1166 lux
3109 1112 3419 1180 baptismate
3450 1131 3590 1168 innu-

3398 1202 3528 1275 [dat.

2205 1291 2414 1347 Ciarius
2443 1301 2501 1346 ut
2532 1292 2766 1360 liqueant
2792 1290 2949 1359 hujus
2978 1291 3296 1344 documenta
3327 1292 3527 1360 ﬁgurae,

2209 1387 2274 1441 Et
2301 1400 2581 1455 progressa
2610 1386 2773 1454 prius,
2799 1384 3018 1451 curjim
3043 1384 3277 1437 discedat
3314 1385 3507 1451 imago,

2207 1477 2531 1545 Principium
2577 1475 2889 1529 meminisse
2937 1474 3085 1544 juvat
3133 1491 3146 1527 :
3209 1475 3345 1527 Deus
3394 1474 3601 1543 inquit,

3218 1564 3528 1636 lAbmham,

2205 1658 2273 1713 Ut
2302 1668 2670 1713 testamentum
2703 1658 2797 1712 tibi
2822 1671 2959 1710 nunc
2986 1657 3260 1726 suboliqiie
3290 1672 3523 1724 perenne

2213 1751 2517 1806 Constituas
2542 1752 2594 1804 in
2623 1765 2784 1805 carne
2807 1765 3006 1813 meum,
3040 1751 3291 1817 prirputia
3318 1751 3459 1804 ferro

2204 1841 2534 1895 Circumcide
2564 1841 2755 1905 libens,
2789 1849 2842 1894 et
2868 1839 3070 1893 hedera
3098 1849 3249 1893 net-te
3276 1854 3528 1908 superna.

2213 1932 2487 1987 Secreiam
2509 1942 2805 1986 scrutemur
2834 1945 2988 1999 opem
3008 1970 3026 1997 ,
3048 1929 3320 1983 videamus
3348 1931 3400 1982 in
3431 1930 3534 1983 isto

2210 2015 2438 2077 Vulneﬂ:
2466 2032 2615 2091 pacta
2646 2022 2763 2085 Dei,
2790 2036 2906 2090 qua:
2930 2028 3246 2074 testamenta
3268 2020 3509 2073 recondit

2204 2112 2487 2177 Praescius,
2516 2123 2573 2168 ut
2603 2113 2761 2167 terris
2785 2114 3050 2167 consortia
3072 2112 3258 2181 jungat
3281 2112 3510 2181 Olympi,

2205 2206 2334 2267 Qua:
2360 2204 2544 2258 didicit
2564 2205 2744 2271 juiare
2766 2218 2914 2272 puer,
2943 2205 3032 2271 qui
3075 2201 3274 2270 primus
3308 2202 3374 2253 ad
3406 2201 3601 2261 undam

2205 2293 2424 2361 Reperit
2449 2295 2689 2348 ecclesia:
2710 2303 3014 2347 currentem
3046 2291 3191 2344 fonte
3213 2290 3527 2346 Rebeccam.

2201 2383 2457 2449 Corporis
2488 2384 2576 2438 ilic
2606 2385 2774 2448 locus,
2803 2399 2907 2450 quo
2943 2383 3339 2445 circumciditur
3379 2384 3598 2450 Abram,

2205 2471 2489 2525 Luxuriam
2524 2472 2751 2525 lascivus
2779 2472 2957 2537 habet,
2986 2471 3202 2541 Vitiique
3228 2472 3470 2526 minister

2205 2561 2418 2616 Naturae
2449 2562 2549 2615 sub
2576 2562 2692 2629 lege
2708 2561 2873 2631 jacet,
2907 2571 3055 2630 pater
3075 2563 3190 2631 ipse
3215 2562 3424 2617 iuturus

2208 2653 2463 2719 Seminis,
2493 2653 2632 2709 unde
2657 2657 2800 2708 salus
2829 2655 2895 2707 ad
2924 2656 3084 2708 vitam
3118 2655 3336 2723 pullulat
3359 2654 3525 2721 orbis,

2206 2748 2460 2811 Evacuat,
2480 2746 2618 2815 quod
2642 2747 2794 2814 culpa
2824 2754 3042 2814 gravat,
3068 2754 3305 2798 truncata
3334 2745 3496 2798 libido

2214 2840 2371 2909 189
2412 2838 2712 2907 Virgineum
2740 2837 3000 2904 promitzit
3037 2851 3203 2906 opus;
3240 2837 3351 2890 hare
3373 2850 3599 2905 namque

3254 2928 3509 2999 [propago

2209 3023 2451 3078 Divinum
2482 3021 2725 3089 concepit
2755 3022 2889 3085 iter;
2921 3020 3042 3073 hinc
3070 3033 3218 3075 sacra
3244 3021 3402 3074 Maria
3424 3031 3506 3076 est

2207 3115 2288 3171 Ad
2311 3123 2517 3186 partum
2545 3122 2796 3184 generata
2827 3126 3047 3179 novum,
3072 3127 3209 3181 quae,
3241 3113 3479 3182 conjugis
3508 3130 3596 3167 ex-

3361 3204 3525 3276 [perge

2124 3452 2341 3514 Quisque
2358 3452 2494 3512 cupit
2516 3450 2692 3501 celsam
2717 3450 2825 3501 caali
2851 3451 3181 3501 conscendere
3203 3451 3391 3502 sedem.

2030 3534 2285 3591 Similiter
2313 3534 2521 3603 llclpid.
2550 3535 2616 3588 de
2644 3533 2855 3589 Christo
2888 3550 2902 3586 :

2704 3625 2807 3674 Nec
2828 3627 3037 3686 quisque
3062 3626 3258 3676 recuset

2394 3688 2487 3735 Pro
2511 3688 2713 3736 Domino
2741 3686 2948 3734 loli-rare
2975 3687 3150 3736 lizieiis.

2031 3769 2334 3833 FABRICIUS,
2385 3782 2673 3838 comment.
2716 3772 2766 3822 iii
2815 3769 2963 3822 Poet.
3004 3770 3314 3836 Christi-un,
3370 3788 3422 3838 ρ.
3478 3774 3599 3827 “3.

2030 3841 2221 3891 Arator
2249 3840 2395 3905 Eleg.
2422 3839 2488 3892 ad
2513 3836 2787 3901 Parthen.,
2806 3854 2883 3891 vs.
2912 3840 2998 3892 l0.

2122 3926 2238 3973 Nam
2264 3927 2349 3975 tibi
2377 3928 2587 3988 quisque
2609 3928 2771 3988 datur,
2797 3939 2904 3974 mox
2931 3928 3024 3976 sibi
3048 3929 3220 3975 crescit
3245 3928 3411 3976 honos.

2028 4010 2179 4064 Adde
2205 4021 2403 4074 patrem
2432 4025 2603 4063 memn
2636 4011 2699 4062 ad
2739 4009 2922 4064 Aurel.
2961 4008 3155 4062 Victor.
3194 4009 3332 4064 Cws.
3378 4012 3468 4077 55,
3496 4012 3596 4077 29;

2028 4082 2090 4130 ait
2127 4080 2274 4132 Plinii
2309 4079 2506 4147 Pancg.
2540 4080 2627 4141 68,
2654 4081 2719 4141 5;
2750 4079 2907 4146 inque
2935 4078 3022 4131 inii
3046 4080 3202 4131 rioris
3244 4082 3417 4134 anatis
3461 4082 3594 4135 scri-

2029 4150 2266 4215 ptoribus
2296 4149 2546 4218 frequens
2563 4165 2683 4205 esse
2701 4159 2848 4202 notat
2871 4149 3120 4201 Burman.
3152 4148 3218 4203 ad
3245 4151 3497 4206 Catalect.
3528 4168 3596 4216 ii,

2047 4236 2078 4270 i.
2104 4219 2228 4271 556.
2508 4266 2513 4271 ,
2842 4256 2849 4261 .

2029 4235 2078 4287 ν.
2259 4266 2542 4359 Miiiistros]
2571 4288 2642 4340 ita
2665 4256 2974 4353 Codd..ed.,
3000 4286 3174 4343 Aldiii.
3199 4289 3361 4345 Turn.
3397 4290 3455 4356 l;
3483 4305 3598 4343 oni-

2030 4373 2122 4411 izes
2155 4358 2360 4426 reliqui,
2394 4360 2656 4426 ministris.

2098 4427 2223 4498 ‘279.
2275 4425 2490 4498 Strvior]
2514 4428 2790 4489 Cantaer
2835 4444 2896 4480 ne
2933 4427 3203 4497 foriticati'o
3243 4446 3442 4485 rursus.
3474 4430 3598 4484 llazc

2028 4508 2153 4549 sunt
2193 4496 2415 4560 librarii,
2458 4496 2580 4552 licet
2622 4514 2723 4551 vox
2765 4496 3035 4563 [oriiicuiiu
3085 4516 3187 4551 non
3237 4501 3307 4553 sit
3362 4503 3600 4556 Aratnris

2028 4577 2185 4639 aetate
2232 4567 2481 4639 indigna.
2529 4567 2661 4639 Vide
2702 4568 2971 4623 Vorstium
3018 4570 3083 4622 ad
3142 4569 3347 4639 Sulpic.
3410 4572 3599 4627 Sever.

2032 4636 2166 4707 Dial.
2198 4650 2256 4700 lt,
2276 4651 2395 4707 cap.
2430 4637 2568 4707 10,§
2597 4636 2652 4689 4.

2098 4706 2221 4778 285.
2249 4706 2524 4778 Abraham]
2552 4706 2758 4773 Μαίη..
2786 4707 3025 4763 Abraam.
3053 4708 3127 4763 lta
3153 4720 3207 4763 et
3232 4708 3457 4764 inediam
3480 4725 3601 4778 pro.

2028 4774 2172 4830 ducit
2197 4776 2424 4846 Prosper
2452 4774 2691 4831 Seiiteiit.
2724 4793 2846 4832 LXVI
2880 4797 2893 4831 :

2276 4867 2467 4915 Patrem
2493 4867 2655 4916 mundi
2678 4881 2733 4917 se
2760 4871 2915 4917 credit
2938 4867 3196 4917 Abraham.

2027 4947 2165 5002 Duas
2192 4952 2425 5020 priores
2449 4950 2669 5020 corripit
2705 4951 2929 5006 Tertull.
2984 4961 3158 5004 contr.
3210 4950 3462 5005 Marcion.
3515 4969 3593 5020 iii,

2029 5034 2084 5088 p.
2111 5017 2233 5071 269.
2262 5019 2358 5072 Ed.
2392 5017 2603 5074 Fabric.
2629 5035 2643 5073 :

2154 5106 2237 5157 Est
2259 5109 2519 5167 Abraham,
2549 5109 2686 5169 cujus
2707 5117 2878 5171 gnatos
2898 5121 2983 5159 vos
3009 5121 3119 5160 esse
3142 5113 3349 5173 negatis.

2098 5193 2231 5269 9.86.
2259 5193 2594 5269 Circumcide]
2610 5194 2692 5269 De
2712 5193 2813 5269 hoc
2841 5210 2989 5269 more
3010 5195 3231 5266 ejusque
3251 5200 3455 5269 origine
3480 5201 3599 5257 vide

2036 5261 2326 5317 Vonckium
2355 5261 2827 5318 Ubscrvfhliscell.
2864 5266 2913 5319 l.

2101 5332 2224 5385 287.
2249 5333 2562 5402 Scruteinur]
2590 5333 2742 5387 Voss.
2773 5334 2829 5397 2,
2851 5344 3160 5393 scrutamur.

2277 5401 2423 5478 Qum]
2460 5401 2733 5457 Pulmaniii
2770 5406 2992 5472 Sched.,
3040 5407 3225 5472 Antv.,
3276 5410 3383 5478 qui.
3437 5407 3596 5465 Forte

2020 5472 2408 5541 SCI'ilell,(]iti-.

2092 5541 2217 5615 est.
2245 5540 2617 5615 fungentes.
2651 5544 2701 5611 i,
2729 5546 2879 5615 forte.

2087 5611 2215 5681 292.
2247 5611 2380 5681 Quo]

2459 5628 2565 5667 oss.
2594 5616 2647 5669 2.
2671 5618 2780 5677 qui.

2253 5680 2493 5755 Vitiique]
2525 5684 2656 5755 Bibl.
2683 5683 2875 5755 Lugd,
2908 5686 3156 5754 vitiisque.

2089 5750 2212 5807 296.
2247 5750 2418 5823 Quod]
2453 5750 2725 5823 Piilinanni
2752 5750 2993 5820 Scheda’,
3026 5750 3210 5818 Ᾱηιν..
3238 5774 3370 5822 qmr.
3390 5788 3455 5801 -ο
3473 5760 3589 5816 Mos

2017 5836 2146 5877 unus
2192 5822 2415 5893 Coujicit
2451 5822 2891 5898 \Vasseiibergius

2952 5841 2965 5881 :
3018 5825 3436 5896 ειυεεςιιιεωιιθ.
3494 5831 3587 5886 \‘is

3496 328 3701 431 190.
