3980 6196
402 432 498 488 211

403 633 508 688 610
583 628 800 702 Ilospite
831 634 903 687 sit
929 632 1127 700 polluta
1152 643 1268 698 suo,
1300 628 1663 697 templumque
1691 629 1904 683 decoris

584 724 785 778 lnticiat
817 718 1083 793 praedonis
1108 721 1273 785 odor;
1300 736 1406 790 quo
1433 731 1671 789 tempore
1700 730 1902 790 septem

581 815 741 883 217
767 813 946 867 Judzea
975 812 1041 866 de
1064 812 1230 879 Stirpe
1252 812 1348 865 viri
1380 826 1513 866 nova
1538 812 1719 879 praelia
1746 819 1970 866 tentant.

579 904 671 958 Sic
710 904 852 971 prius
875 902 1016 957 allati
1041 918 1058 957 :
1098 905 1264 967 Quem
1300 902 1490 956 Paulus
1516 903 1730 955 nomine
1754 901 1937 956 .lesum

584 991 867 1060 Prmdieat,
899 993 1041 1047 hunc
1075 992 1283 1048 tibimet
1320 993 1520 1063 pariter
1545 999 1894 1063 proponimus
1920 1003 1976 1048 et

1740 1080 1860 1155 [ιιο³
1886 1098 1903 1147 ς

586 1173 872 1229 Pervasum
895 1173 1104 1229 dimitte
1133 1174 1329 1230 locum.
1363 1174 1476 1229 Vox
1501 1174 1708 1229 reddita
1730 1184 1935 1240 contra,

584 1268 827 1323 Christus
853 1267 945 1337 qui
975 1268 1064 1333 sit,
1095 1268 1189 1333 sit,
1229 1268 1319 1336 qui
1362 1267 1577 1335 Paulus,
1621 1269 1816 1333 sentio,
1852 1281 1975 1321 nam

1789 1359 1906 1431 [vos

407 1171 513 1229 645

581 1449 796 1520 Ignotos
825 1451 999 1506 vitare
1022 1449 1185 1513 licet;
1231 1463 1497 1520 cognosce
1527 1449 1785 1517 furorem,

584 1542 729 1597 Gens
758 1542 995 1605 inimica,
1023 1550 1170 1595 tuum
1196 1556 1211 1606 ;
1242 1541 1449 1596 dzemon
1474 1556 1697 1610 regnare
1720 1542 1936 1607 fatetur,

581 1634 751 1700 Quem
801 1634 1015 1690 venisse
1056 1646 1239 1703 negas,
1290 1641 1447 1702 atque
1492 1633 1594 1687 hoc
1638 1632 1988 1689 convinceris’

1743 1725 1904 1799 [ipso,

583 1813 700 1880 Quo
725 1816 1031 1869 stimulante
1055 1815 1185 1879 ruis,
1211 1814 1295 1868 eui
1318 1827 1422 1868 non
1445 1813 1598 1868 datur
1619 1828 1713 1869 ore
1738 1815 1969 1882 placere,

584 1903 736 1968 Quod
769 1913 976 1958 terrore
1004 1894 1219 1967 movet;
1262 1898 1525 1957 contraria
1560 1903 1740 1957 dicere
1766 1912 1890 1958 toto

588 1991 762 2047 Causa
791 1992 887 2048 Dei
914 1992 1179 2062 prohibet,
1202 2007 1360 2063 quam
1403 1992 1486 2047 lex
1518 1992 1803 2048 comitatur
1825 2009 1976 2049 amo-

1198 2092 1207 2097 ·
1787 2082 1903 2155 [ris.

585 2170 714 2247 litec
741 2182 825 2229 est
845 2188 967 2228 vera
994 2173 1123 2229 ﬁdes
1149 2190 1164 2228 :
1188 2188 1306 2243 qua:
1330 2181 1454 2227 tunc
1477 2174 1778 2241 spectacula
1806 2174 1975 2244 plebi,

587 2263 822 2332 Quamve
871 2256 1266 2334 triumphalem,
1302 2262 1527 2319 Domino
1570 2264 1838 2330 vincente,
1883 2281 1979 2321 co-

1701 2355 1911 2426 [ronam

584 2444 816 2520 Con=igit
844 2445 969 2502 inde
988 2445 1129 2516 geri!
1165 2445 1351 2502 rabido
1376 2459 1497 2501 cum
1526 2460 1801 2503 murmure
1831 2450 1978 2504 fren-

1756 2539 1910 2612 [deos

583 2629 851 2685 Dzemonis
874 2630 974 2695 ira,
1005 2631 1115 2685 suis
1142 2630 1280 2685 bene
1301 2630 1480 2695 noxia,
1504 2632 1702 2700 rumpit
1722 2633 1977 2702 amictus,

592 2722 834 2776 Dissecat
863 2729 919 2776 et
948 2720 1133 2788 facies,
1165 2720 1476 2790 fugiuntque
1502 2721 1736 2789 pericula
1758 2723 1906 2788 victi,

585 2808 844 2880 nudaque
870 2811 1129 2879 praecipiti
1149 2818 1468 2865 convertunt
1495 2821 1644 2881 terga
1671 2826 1890 2881 pavore.

409 1814 513 1870 650

411 2444 516 2504 655

1847 423 2187 482 ARATORIS

585 541 796 611 Traxit,
818 548 871 597 et
896 539 1127 595 auctoris
1156 537 1389 608 speciem
1412 518 1507 606 pro
1535 536 1751 607 pignore
1771 546 1976 606 gestat,
2006 534 2059 597 Δ

2078 1171 2185 1230 665

2081 1815 2186 1872 679

3545 436 3648 490 21'!

2264 536 2588 607 Punitorque
2616 536 2755 592 idem
2785 548 2888 601 est,
2917 554 2982 593 ue
3012 541 3082 595 sit
3108 541 3355 610 tejudice
3377 545 3585 614 pulsus,

2257 628 2368 695 Qua
2415 630 2574 684 simul
2611 640 2693 685 est
2736 641 2990 701 peccante
3029 649 3175 689 reus.
3206 636 3323 690 Mox
3373 635 3511 691 lama
3558 656 3651 707 per

2552 778 2555 779 ν
3442 728 3651 799 [urbem

2255 810 2458 880 Sparsit
2484 813 2676 883 ubique
2715 812 2921 879 volans,
2968 821 3024 868 et
3060 813 3320 871 daemonis
3361 818 3521 872 edere
3561 834 3656 874 vo-

3419 906 3580 979 [σθω.

2256 992 2419 1065 218
2445 993 2596 1061 Quod
2629 995 2793 1050 virtus
2820 1004 2901 1051 est
2928 1009 3135 1051 summa
3174 996 3308 1051 Dei:
3334 1012 3655 1055 concurrere

3328 1088 3583 1159 [gaudent

2261 1172 2315 1227 In
2338 1173 2524 1230 latices
2557 1176 2756 1230 intrare
2797 1177 2933 1245 pios,
2969 1178 3311 1247 maculasque
3344 1190 3582 1235 vetustas

2254 1265 2422 1321 Fonte
2460 1266 2636 1321 lavare
2681 1280 2838 1333 novo,
2872 1269 3177 1336 sanctisque
3216 1269 3481 1325 nitescere
3512 1271 3651 1341 lym-

3412 1362 3580 1433 [ριιίε.

2257 1448 2300 1503 Ε
2345 1448 2538 1519 quibus
2572 1463 2677 1505 una
2722 1449 2883 1505 datur
2944 1451 3105 1506 simul
3157 1454 3339 1508 insons
3401 1456 3652 1510 omnibus

2255 1632 2352 1686 Ast
2379 1630 2468 1685 alii
2494 1630 2711 1701 magicis
2749 1640 2952 1701 ponunt
2981 1630 3231 1687 incendia
3266 1543 3579 1697 111η-ἰεῗ1ω8⁸

2258 1722 2328 1779 Ut
2354 1733 2662 1778 mereantur
2690 1738 2874 1793 aquas,
2898 1733 2952 1779 et
2979 1726 3145 1778 vitent
3176 1724 3387 1794 ignibus
3407 1724 3575 1794 ignes.

2258 1816 2436 1871 Ardua
2465 1816 2679 1871 ﬂamma
2707 1818 2885 1882 nimis,
2921 1817 3074 1885 cujus
3102 1832 3264 1884 super
3291 1832 3415 1873 aera
3445 1819 3620 1890 fulgor

2258 1905 2467 1970 Evolat,
2500 1916 2553 1961 et
2576 1906 2769 1961 ctrlum
2802 1906 2936 1962 tales
2969 1909 3171 1975 petiere
3201 1907 3414 1962 favillae.

2261 1995 2650 2067 Quinquaginta
2671 1998 2829 2051 etiam
2856 1997 3085 2067 pretium
3117 2012 3342 2066 posuere
3365 1992 3555 2056 libellis

2261 2085 2421 2140 Millia
2445 2100 2805 2153 nummorum,
2837 2088 3089 2155 quoniam
3123 2101 3369 2153 meruere
3399 2101 3657 2147 nocentes

2261 2176 2350 2232 Sic
2394 2177 2613 2233 abolere
2677 2177 2860 2245 nefas;
2920 2177 3079 2248 hujus
3124 2178 3239 2234 haec
3276 2166 3660 2253 causaligurtn

3440 2272 3577 2341 [estz

2264 2356 2404 2427 Lege
2424 2372 2575 2413 sacer
2596 2372 2846 2414 numerus
2869 2360 3058 2416 delicta
3081 2362 3321 2428 resolvit,
3339 2370 3397 2417 ut
3415 2364 3546 2417 olim

2263 2450 2425 2521 219
2454 2450 2614 2505 Diluit
2637 2451 2690 2504 in
2719 2459 2832 2505 toto
2856 2450 3023 2505 David
3047 2466 3141 2506 sua
3166 2453 3386 2508 crimina
3410 2453 3657 2522 Psalmo,

2213 2607 2229 2623 .
2262 2540 2679 2613 ContractusQue
2703 2543 2880 2613 fugat;
2908 2558 3031 2599 nam
3059 2544 3530 2615 quinquagesimus
3558 2540 3633 2601 an

3463 2637 3587 2709 [nus

2264 2724 2397 2779 Cum
2416 2725 2667 2795 jubilmns
2691 2726 2862 2793 adest,
2894 2728 3097 2796 proprii
3123 2726 3399 2783 distractio
3425 2728 3569 2783 ruris

2267 2817 2498 2887 Aotiquo
2526 2817 2752 2874 donatur
2778 2820 2946 2884 hero;
2994 2821 3202 2876 servire
3230 2831 3447 2876 coactos

2088 2355 2193 2413 675

587 2898 748 2969 Quid,
773 2898 960 2979 Judaea
991 2900 1165 2966 ferox,
1186 2900 1299 2968 jam
1327 2915 1432 2955 non
1468 2900 1535 2955 de
1554 2900 1707 2956 clade
1730 2904 1984 2961 timebis?
2088 2907 2193 2964 680
2265 2908 2507 2963 Libertas
2535 2911 2730 2964 amissa
2759 2911 2922 2978 petit;
2972 2912 3107 2964 mala
3127 2911 3305 2966 debita
3336 2911 3479 2965 laxat

417 2992 520 3051 630
591 2993 722 3060 Qure
756 2994 904 3049 socio
925 2993 1005 3049 sic
1037 2992 1195 3051 hoste
1217 2994 1385 3064 peris,
1409 2993 1492 3049 sui
1513 2994 1752 3051 criminis
1772 3008 1981 3067 auctor,
2265 2999 2533 3067 Creditor,
2563 3008 2617 3055 et
2646 3000 2807 3055 limen
2848 3000 3033 3070 patria:
3055 3010 3205 3057 vetus
3225 3001 3419 3072 aspicit
3445 3000 3622 3056 exsul.

1925 3132 2153 3189 NOTAE.

478 3238 605 3311 639.
635 3237 830 3311 gestat]
859 3239 1016 3311 Voss.
1044 3240 1095 3311 1__,
1128 3240 1310 3300 Antv.,
1330 3249 1528 3311 portat.

485 3309 609 3364 610.
644 3308 876 3381 Hospiie]
907 3308 1155 3365 Sedulius
1179 3325 1233 3363 nt
1250 3351 1265 3376 ,
1290 3309 1379 3375 85,
1402 3310 1470 3365 de
1492 3311 1730 3367 daemone
1757 3330 1770 3365 :

504 3399 675 3450 Talem
699 3402 876 3463 quippe
899 3400 1094 3449 domum
1116 3400 1293 3461 dignus
1315 3400 1402 3450 fuit
1421 3401 1597 3461 hoslies
1618 3401 1819 3452 habere.

418 3478 508 3536 ubi
538 3492 592 3535 et
621 3481 982 3549 Wopkensius
1012 3482 1127 3537 hmo
1155 3481 1403 3536 contulit.
1460 3532 1465 3537 .

487 3573 612 3627 642.
641 3569 853 3641 Judaza]
881 3571 1084 3641 Aldin.,
1111 3570 1356 3629 Iudaica.

488 3643 615 3698 611.
670 3640 1033 3713 Proponimus]
1062 3642 1226 3698 Tom.
1259 3658 1295 3708 ι,
1329 3642 1774 3713 preponimus.-
1794 3643 1950 3700 Voss.
1970 3661 1991 3699 ιν

417 3715 625 3784 ignorat
645 3714 852 3783 pariter.

489 3784 614 3839 615.
648 3782 949 3853 Ρρνιαεωη]
978 3783 1256 3838 Salvianus
1306 3782 1545 3837 Gubern.
1577 3782 1693 3848 Dei.
1720 3799 1771 3849 v,
1806 3800 1855 3853 p.
1891 3784 1985 3849 97,

419 3853 631 3908 Privata
660 3855 950 3923 pervasione
979 3854 1158 3907 nudati
1184 3862 1320 3907 sunt.
1348 3854 1422 3906 Ita
1449 3854 1766 3920 pervasiones
1793 3870 1885 3922 per
1910 3856 1991 3909 in-

418 3926 667 3978 vasiones
715 3932 860 3977 recte
912 3925 1132 3993 exponit
1164 3924 1416 3977 llittersh.
1469 3923 1534 3976 ad
1584 3923 1761 3976 oumd.
1797 3939 1849 3991 p.
1897 3926 1987 3978 56.

422 3995 622 4049 Isidoro
646 4008 827 4047 vocem
856 3996 1090 4049 asseruit
1117 4006 1414 4063 opportune
1441 3993 1594 4048 Joan.
1633 3993 1990 4061 Cannegiete-

422 4081 513 4117 rus
540 4066 791 4127 0bserv.,
820 4080 870 4117 c.
898 4065 963 4117 17
993 4081 1007 4129 ;
1032 4074 1089 4119 et
1119 4080 1325 4132 pervasa
1360 4066 1472 4129 ipse
1504 4063 1725 4117 Sedulio
1757 4079 1833 4129 ιιι,
1866 4063 1987 4117 509.

423 4135 570 4188 Adde
599 4132 889 4203 Wopkens.
921 4134 974 4189 in
1009 4138 1232 4190 Observ.
1265 4134 1486 4187 Miscell.
1528 4146 1656 4189 nov.
1689 4141 1819 4186 tom.
1855 4134 1989 4201 Vlll,

440 4222 474 4257 ι.
498 4206 622 4258 9'25.

498 4209 510 4237 ι
534 4206 564 4242 υ)

424 4222 474 4271 ν’
667 4276 765 4338 Οιιὶ
791 4276 884 4397 δη
907 4276 1183 4334 Cantabr.,
1218 4274 1373 4326 Voss.
1403 4286 1441 4337 ι,
1473 4273 1588 4342 quis
1615 4273 1702 4335 sit,
1733 4273 1829 4340 ait,
1857 4275 1989 4342 quis.

425 4345 630 4397 Αἰαίη..
663 4346 826 4397 Torn.
899 4386 912 4397 .
938 4346 1026 4397 aui
1050 4345 1113 4395 sit
1139 4342 1371 4396 Christus
1401 4343 1492 4393 ait.

425 4345 630 4408 Aldin.,
663 4346 826 4398 Torn.
860 4342 912 4407 1,
938 4346 1026 4411 qui
1050 4345 1113 4395 sit
1139 4342 1371 4396 Christus
1401 4343 1492 4393 ait.

494 4413 618 4466 659.
643 4413 797 4495 λρερ]
843 4410 1118 4495 tjantabr.,
1166 4413 1297 4479 ipsa,
1323 4421 1378 4465 ut
1406 4411 1473 4464 ad
1525 4424 1645 4478 gens
1683 4410 1946 4465 referatur
1977 4428 1989 4465 :

428 4496 601 4549 neque
625 4483 892 4548 displicet.

499 4552 623 4605 650.
659 4549 889 4619 Placere]
918 4550 996 4604 Cl.
1026 4548 1472 4620 Wrassenbergius
1507 4549 1825 4620 emendabat
1838 4550 1993 4620 jube.

426 4636 522 4683 re;
555 4630 601 4673 et
637 4621 853 4687 exponit
882 4638 894 4672 :
923 4620 1046 4680 Vos.
1078 4619 1269 4679 Judzri.
1304 4621 1494 4671 vestris
1524 4619 1698 4673 verbis
1720 4619 1992 4689 jussisque
2021 4625 2071 4684 D

427 4701 521 4744 aut
567 4691 726 4743 minis
750 4693 945 4743 malum
974 4691 1219 4755 spiritum
1264 4699 1469 4741 terrere
1507 4704 1609 4739 non
1637 4692 1881 4756 potestis,
1914 4691 1993 4745 sic

429 4772 485 4815 ut
506 4762 751 4815 eumdem
777 4759 1051 4826 expellatis
1075 4760 1240 4829 jussis
1267 4758 1458 4813 vestris
1478 4760 1839 4829 perterritum.
1866 4760 1994 4813 Pla-

428 4849 541 4885 cere
583 4832 867 4897 repositum
899 4828 1187 4885 arbitratur
1230 4830 1392 4883 abiis
1433 4828 1522 4896 qui
1554 4830 1767 4883 tertium
1811 4845 1993 4885 casum

428 4903 724 5022 Iﬁjubﬁﬁ
733 4903 969 4982 junctum
1001 4916 1107 4956 non
1138 4900 1399 4955 ferebant.
1432 4898 1511 4950 lla
1539 4907 1713 4954 tamen
1744 4910 1798 4954 et
1829 4901 1920 4955 lib.
1952 4917 1991 4966 ι,

537 5014 551 5022 .
587 4992 615 5022 It
641 4989 670 5022 ll
693 4992 707 5022 1
734 4988 819 5022 1X1.

430 4972 551 5033 117,
587 4973 670 5026 tibi
693 4972 819 5024 disi.

662 5039 879 5113 [tabido]
913 5042 1064 5097 Voss.
1101 5041 1152 5106 1,
1187 5041 1390 5113 rapido.
1418 5038 1548 5092 Vide
1574 5054 1720 5113 supr.
1753 5056 1833 5094 vs.
1863 5039 1994 5096 242.

502 5112 626 5168 658.
663 5110 881 5179 Pavore]
911 5113 1183 5167 Pulmanni
1213 5111 1437 5175 Sched.,
1461 5110 1643 5176 Antvl,
1677 5112 1868 5179 pavori.

502 5184 623 5237 6152.
655 5182 787 5251 Qua]
807 5181 1079 5251 {latitabrq
1108 5200 1226 5251 quo.
1372 5200 1375 5205 '

502 5253 625 5308 665.
651 5248 837 5321 Edere]
863 5251 934 5321 De
964 5252 1060 5321 hac
1084 5248 1349 5306 !octtti0ne
1370 5248 1490 5305 vide
1510 5250 1577 5306 ad
1596 5250 1778 5306 Sedul.
1805 5266 1843 5315 t,
1872 5250 1997 5305 146.

434 5324 701 5379 Darmones
734 5319 962 5374 malebat
984 5319 1446 5388 Was‘Senbergius.

507 5395 630 5449 665.
660 5388 746 5463 In]
778 5394 847 5444 Ita
878 5389 1057 5454 eodd.,
1086 5392 1206 5463 edd.
1238 5391 1382 5455 ΑΜ,
1409 5392 1572 5444 'l'orn.
1599 5390 1660 5454 1;
1683 5390 2001 5463 exteras,“

436 5466 608 5519 latices
634 5482 650 5529 ;
680 5461 771 5517 sed
795 5463 983 5515 intrare
1022 5463 1074 5512 in
1104 5461 1279 5512 latices
1306 5470 1509 5514 rectum
1554 5471 1653 5515 est.
1691 5461 2002 5526 l’l’l‘pOSiliO

441 5550 666 5601 ιιιιιιιιιυθ
689 5548 805 5601 quae
834 5534 883 5584 in
909 5533 1204 5601 composito
1220 5529 1329 5598 jam
1362 5531 1518 5593 inest,
1547 5546 1688 5601 saepe
1717 5531 1995 5596 repetitur,

441 5616 495 5656 ιιι
524 5600 651 5656 inire
679 5600 731 5655 in
775 5603 966 5655 urbem.
1001 5600 1130 5654 Vide
1159 5601 1405 5653 Burman.
1447 5602 1511 5651 ad
1559 5600 1709 5654 Suet.
1740 5604 1877 5653 (Ltus.
1914 5602 1997 5651 18.

440 5675 592 5740 Apud
622 5676 863 5726 Orosium
896 5687 968 5736 Vl,
993 5671 1080 5732 ‘20,
1116 5671 1177 5723 de
1212 5669 1419 5722 taberna
1447 5670 1704 5723 meritoria
1730 5686 1817 5735 per:
1839 5679 2000 5720 totum

440 5747 573 5795 diem
602 5742 772 5810 fluxit,
805 5754 979 5807 posset
1002 5740 1243 5794 substitui
1275 5740 1506 5806 ἅρματι,
1538 5754 1600 5791 ex
1627 5740 1781 5793 Joan.
1811 5741 1999 5792 Sanes-

444 5813 675 5866 bet-iensi
709 5825 823 5873 vin,
858 5813 937 5860 18.
975 5810 1176 5862 fmrarc
1199 5820 1370 5863 autem
1396 5823 1471 5861 εει
1501 5824 1595 5874 pro
1624 5810 1898 5876 gerundio,
1936 5811 2004 5862 de

445 5898 545 5952 quo
568 5881 633 5934 ad
658 5894 741 5947 cp.
772 5882 834 5930 ad
869 5880 1015 5948 \‘igil.
1038 5897 1111 5935 vs.
1136 5884 1185 5934 ει.
1223 5880 1353 5935 Fere
1383 5880 1621 5933 similiter
1656 5878 1833 5932 Sedul.
1862 5878 2008 5945 1,39,

2424 3227 2521 3301 Der
2545 3248 2713 3300 latices
2737 3252 2921 3301 intrare
2955 3252 3074 3313 pios.

2162 3331 2588 3405 668.1:tcendia]
2647 3333 2718 3387 Ita
2748 3336 2888 3389 enim
2938 3336 3101 3389 moris
3129 3344 3244 3390 erat
3294 3334 3457 3392 libros
3503 3336 3661 3405 Reip.

2090 3405 2357 3471 praecipue
2387 3404 2627 3472 religioni
2685 3406 2871 3457 noxios
2924 3406 3046 3474 igne
3099 3420 3360 3460 cremare.
3415 3407 3542 3462 Vide
3573 3404 3663 3461 El-

2091 3474 2271 3527 menb.
2303 3474 2367 3525 ad
2413 3474 2610 3528 Arnob.
2648 3475 2871 3527 Advers.
2899 3484 3043 3543 gent.
3074 3490 3151 3536 ιιι,
3186 3491 3238 3543 p.
3292 3476 3414 3541 109,
3460 3489 3512 3530 et
3538 3494 3663 3543 qua:

2090 3544 2280 3617 dixi
2324 3543 2567 3607 Miscell.,
2599 3558 2728 3617 cap.
2759 3544 2810 3605 9,
2845 3560 2896 3611 p.
2949 3544 3066 3599 104.
3119 3545 3248 3599 Cum
3294 3548 3518 3617 magicos
3559 3543 3662 3601 llos

2090 3614 2343 3690 appellet,
2372 3615 2637 3690 cupressu
2682 3615 3003 3690 Lucaneum,
3052 3620 3298 3690 περίεργα
3344 3614 3661 3690 «Isaiam-sm

2090 3686 2211 3736 Aet.
2244 3699 2354 3748 xIx,
2402 3684 2485 3737 19.
2539 3684 2638 3738 Per
2666 3686 2872 3737 curiosa
2901 3687 3080 3737 sectari
3112 3684 3353 3755 vulgatus
3385 3684 3667 3753 interpres

2093 3755 2143 3805 id
2174 3755 2369 3818 vertit;
2402 3763 2579 3807 tamen
2609 3756 2694 3822 qui
2721 3755 2951 3806 curiosas
2978 3765 3108 3809 artes
3151 3769 3501 3820 exercuerant,
3546 3774 3661 3811 toa-

2091 3823 2205 3877 vult
2253 3824 2413 3877 Henr.
2447 3824 2747 3890 Stephanus
2800 3823 3129 3878 Schediasm.
3160 3840 3216 3891 ιι,
3239 3827 3330 3878 28.
3363 3828 3437 3880 Ita
3481 3838 3664 3879 autem

2092 3894 2598 3965 vocemcurio‘suset
2628 3893 2800 3965 Latini
2825 3895 2893 3965 de
2910 3894 3113 3965 artibus
3134 3897 3351 3965 magicis
3379 3896 3661 3948 adbibi-nt.

2094 3962 2225 4016 Vide
2252 3961 2561 4016 Gothofred.
2592 3963 2659 4017 ad
2692 3965 2727 4015 l.
2761 3964 2793 4017 4
2819 3962 2880 4018 C.
2924 3964 3128 4017 Theod.
3165 3961 3434 4019 de'lllalef.
3467 3976 3520 4019 et
3551 3967 3667 4019 Ma-

2094 4037 2284 4103 them.,
2339 4036 2529 4103 quiet
2564 4036 2752 4088 eodem
2800 4048 2904 4103 quo
2949 4035 3248 4103 Stephanus
3299 4036 3457 4091 modo
3503 4035 3668 4091 Luca

2095 4102 2253 4158 verba
2282 4102 2547 4157 transfert.

2164 4172 2290 4228 669.
2335 4170 2525 4241 Vitem]
2557 4172 2629 4226 Ita
2651 4173 2772 4227 dedi
2802 4187 2866 4228 ex
2889 4172 3166 4239 Cantabr.,
3194 4174 3353 4230 Voss.
3380 4174 3417 4229 2
3443 4185 3497 4230 et
3525 4175 3661 4230 Bibl.

2095 4243 2296 4311 Lttgd.;
2331 4242 2381 4296 in
2414 4243 2658 4297 omnibus
2684 4244 2919 4311 reliquis,
2951 4245 3130 4297 vitant.

2208 4259 2296 4309 u.;
2331 4259 2381 4296 tu
2414 4259 2658 4297 omnibus
2684 4259 2919 4311 rettquts,
2951 4259 3130 4297 vitam.

2167 4259 2289 4385 tim.
2326 4312 2480 4384 Aera]
2512 4313 2582 4366 lta
2626 4314 2869 4385 eodd.ret
2897 4315 3139 4385 quadam
3172 4313 3455 4376 editiones,
3504 4316 3669 4385 vulgo

2093 4381 2303 4454 ait/tera,
2350 4392 2411 4454 ut
2440 4381 2621 4454 aerius
2640 4394 2693 4437 et
2720 4384 2969 4436 wthereus
2995 4384 3215 4438 confusa
3243 4386 3381 4454 apud
3410 4381 3670 4451 Sedulii,

2095 4453 2226 4524 131.
2243 4481 2314 4494 --
2336 4451 2554 4524 fulgur,
2577 4452 2737 4524 Voss.
2766 4457 2815 4507 1.

2164 4523 2288 4575 672.
2339 4520 2584 4592 Positere]
2622 4525 2952 4595 Συμψηφίζειν
2987 4532 3069 4577 est
3100 4524 3255 4577 Lucae
3287 4527 3401 4579 Act.
3426 4540 3545 4587 xu,
3580 4525 3670 4588 19,

2095 4601 2411 4656 computare,
2442 4604 2501 4646 ut
2526 4604 2671 4647 notat
2696 4594 2865 4649 Maius
2892 4594 3120 4647 Observ.
3175 4595 3326 4648 Sacr.
3358 4611 3429 4657 tv,
3458 4611 3509 4662 p.
3546 4596 3665 4650 195.

2096 4691 2168 4703 —
2190 4662 2289 4716 Per
2317 4680 2549 4716 nummos
2575 4663 2810 4731 intelligo
2839 4664 3104 4728 denarios,
3141 4664 3192 4716 id
3222 4665 3365 4717 enim
3397 4665 3534 4731 apud
3565 4664 3673 4718 Lu-

2098 4748 2214 4785 cam
2260 4742 2406 4786 notat
2435 4736 2695 4806 ἀργύριον.
2732 4734 2863 4806 Vide
2888 4732 3093 4787 Fascic.
3143 4736 3339 4802 Opusc.
3370 4737 3435 4787 ad
3467 4735 3670 4788 llistor.

2098 4812 2381 4871 spectant.,
2412 4814 2542 4871 ιοιιι.
2572 4805 2635 4868 ll,
2668 4819 2720 4871 p.
2751 4805 2875 4858 472.

2099 4868 2297 4997 θύξπί.
2327 4868 2511 4944 Diluit]
2562 4868 2836 4938 Cantabr"
2887 4873 3035 4941 Ald.,
3066 4875 3243 4928 deluit.
3278 4873 3413 4929 Vide
3440 4890 3597 4943 supra
3632 4892 3671 4941 ι,

2174 5013 2300 5066 679.
2332 5011 2567 5083 Coartos]
2622 5015 2694 5068 lta
2725 5014 2883 5069 Voss.
2935 5014 2985 5080 1,
3018 5015 3276 5083 Antverp.
3312 5014 3368 5067 In
3414 5014 3566 5068 Voss.
3613 5018 3673 5078 9,

2104 5082 2227 5136 cdd.
2257 5084 2403 5148 Ald.,
2430 5082 2594 5137 Torn.
2634 5086 2687 5149 1,
2718 5093 2802 5139 est
2827 5097 3052 5138 coactus.
3089 5082 3347 5152 Reliquae.
3376 5086 3563 5136 coactis
3587 5084 3675 5137 Li-

2101 5153 2267 5205 bcrfas
2294 5155 2481 5206 amissa
2506 5155 2657 5208 redit.
2689 5152 2770 5209 Cl.
2801 5154 3245 5224 Wassenbergius
3272 5154 3598 5224 interpungit
3623 5173 3635 5205 :

2223 5254 2433 5315 Antiquo
2452 5254 2658 5303 donatur
2678 5255 2799 5303 hero
2813 5293 2825 5315 ,
2850 5257 3038 5303 servire
3060 5262 3242 5303 coacto.

2224 5316 2359 5364 LlDEI
2375 5322 2449 5363 tas
2470 5320 2641 5366 amissa
2664 5317 2816 5373 redit.
2845 5315 2969 5365 mala
2992 5316 3161 5365 debita
3184 5315 3316 5365 laxat

2227 5376 2465 5426 Creditor.

2174 5454 2296 5525 680.
2334 5452 2490 5525 Petit]
2531 5454 2586 5508 ld
2635 5454 2757 5509 dedi
2797 5470 2867 5509 ex
2902 5455 3058 5525 Voss.
3090 5455 3113 5508 1
3141 5494 3158 5519 ,
3184 5453 3368 5525 Aldin.
3426 5453 3677 5525 Proxime

2104 5524 2310 5579 accedit
2336 5523 2522 5590 Antvl,
2540 5540 2656 5590 quas
2676 5526 2807 5595 perit
2828 5525 3004 5579 habet.
3040 5524 3093 5577 In
3120 5523 3338 5593 reliquis
3358 5524 3511 5593 redit,
3536 5524 3678 5594 quod

2107 5597 2341 5665 glo~sam
2371 5597 2603 5665 arbitror
2629 5597 2891 5649 redolere.
3004 5616 3011 5625 ν

2180 5666 2303 5719 681.
2363 5664 2562 5733 Limen]
2619 5667 2822 5729 Aldin.,
2877 5669 3157 5730 Antverp.,
3209 5663 3505 5726 Fabricius,
3539 5663 3679 5717 Bibl.

2111 5735 2304 5803 Lttgd.,
2359 5737 2549 5788 lumen.
2584 5734 2837 5803 Suspicor
2861 5746 2917 5789 et
2945 5736 3014 5787 ita
3044 5734 3292 5788 Cantabr.
3327 5743 3382 5787 ct
3431 5734 3676 5801 Uttivers,

2113 5805 2333 5867 habere,
2361 5818 2480 5857 cum
2502 5804 2715 5858 Cortius
2737 5805 2960 5874 margini
2994 5804 3322 5857 Fabricium:
3353 5804 3482 5857 nihil
3511 5819 3586 5855 ast
3606 5806 3676 5857 ri-

2118 5876 2304 5943 pserit.
2357 5877 2596 5931 Alterum
2649 5885 2825 5931 tuetur
2875 5875 3125 5933 Ambros.
3160 5874 3434 5947 ‘Hexaem.
3483 5888 3535 5941 v,
3587 5876 3675 5942 21,
