4026 6196
498 422 601 475 Eli)

1778 624 1787 693 |
1814 623 2001 677 levata:

491 714 600 769 Τῖὸ
674 712 752 766 Ad
773 711 933 765 vitam
951 710 1265 781 gradiuntur
1286 726 1447 778 oves;
1470 712 1606 768 hanc
1628 714 1851 782 qumrite
1869 715 2070 778 cuncti,

677 806 732 860 Si
763 804 973 860 rabidas
1004 804 1183 858 fauces
1212 820 1338 858 cura
1370 815 1452 859 est
1480 821 1797 877 morsusque
1822 819 2073 863 cruentos

1951 419 2294 479 ARATONS

673 530 838 601 238
864 527 1030 584 Janua
1059 543 1253 584 nomen
1285 530 1451 597 inrst,
1497 544 1594 600 per
1629 546 1785 601 quam
1819 533 1887 588 de
1931 532 2074 589 fonte
2104 540 2148 593 A

3652 435 3762 490 ³2Ξο

2358 533 2490 591 Cum
2516 536 2644 591 letlri
2670 538 2935 593 convertit
2960 538 3081 607 iter,
3109 556 3229 611 qua:
3252 542 3420 611 gloria
3452 544 3575 600 facti

2353 628 2569 681 lustruit
2592 628 2658 682 ad
2687 638 2918 683 veterem
2947 645 3137 687 causas
3163 634 3375 700 aperire
3402 633 3646 703 figuram.

2352 717 2506 770 Fulla
2537 719 2702 772 tribus
2732 720 2962 774 carueris
2991 720 3105 775 Noe
3134 721 3457 777 describitur
3483 740 3601 779 arca
3624 765 3641 788 ,

2356 810 2611 865 Ecclesia:
2631 811 2947 867 documenta
2958 827 3156 883 gerens
3172 830 3189 880 ;
3204 818 3348 870 stetit
3363 817 3552 873 ordine
3567 819 3755 885 prima:

676 899 892 954 Evitare
921 898 1061 966 lupi,
1092 898 1247 967 cujus
1275 899 1597 955 lacerabitur
1621 915 1718 954 ore
2175 900 2289 957 802i
2355 902 2487 957 Pars
2530 903 2837 971 hominum,
2879 904 3225 974 pecudesque
3264 907 3489 974 gradum
3531 917 3758 964 tenuere

678 990 719 1044 Δ
752 995 963 1057 pastore
992 989 1178 1058 fugax,
1212 990 1300 1056 qui
1330 1004 1545 1058 sparsos
1575 991 1793 1046 vocibus
1822 1005 1986 1061 agnos
3361 997 3675 1069 {secunda},

675 1077 907 1144 E‘v0cat,
936 1089 1096 1146 atque
1124 1092 1371 1148 gregem,
1417 1080 1633 1149 propria
1671 1080 1741 1135 de
1780 1090 1951 1135 morte
1982 1096 2070 1136 re-
2350 1081 2529 1137 Tertia
2556 1095 2673 1137 sors
2701 1081 2910 1138 addicta
2934 1084 3082 1150 feris,
3104 1100 3228 1153 quae
3246 1098 3435 1143 cuncta
3460 1103 3556 1156 per
3578 1090 3754 1143 undas

1663 1171 1963 1243 [demptum
1983 1213 1997 1238 ,
2351 1178 2488 1225 Area
2517 1172 2775 1241 quadrata
2809 1173 2960 1239 tulit,
2990 1175 3132 1228 velut
3159 1175 3214 1229 in
3243 1175 3557 1242 baptismate
3583 1178 3752 1231 fumis

494 1256 600 1313 780
670 1257 785 1312 Non
812 1256 943 1312 sinit
969 1256 1178 1314 insidiis
1206 1268 1261 1314 et
1289 1260 1457 1314 amari
1487 1260 1710 1316 vulnere
1739 1262 1915 1316 dentis
2352 1262 2512 1333 230
2534 1263 2793 1317 Omnibus
2815 1272 2897 1318 est
2918 1279 3057 1318 nunc
3077 1279 3179 1318 una
3202 1265 3365 1332 salus,
3392 1252 3485 1319 sed
3510 1267 3751 1321 moribus

675 1349 875 1404 ltursus
906 1349 974 1404 ab
1004 1349 1158 1405 hoste
1183 1351 1322 1419 capi.
1356 1350 1546 1406 Mutato
1575 1365 1807 1406 sonuere
1834 1354 2062 1406 tumultu
3503 1355 3674 1426 [unus

667 1441 848 1504 Atria;
878 1442 1145 1493 concurrit
1173 1441 1372 1507 gemitu
1400 1442 1649 1496 miserata
1680 1441 1949 1512 frequenti
2345 1442 2459 1496 Non
2496 1441 2631 1496 va'et
2661 1456 2780 1496 esse
2818 1442 2968 1496 locus
2987 1481 3002 1507 ,
3044 1457 3166 1496 nam
3195 1442 3348 1504 nidos
3380 1444 3549 1498 fertur
3574 1445 3627 1497 in
3657 1445 3748 1499 illa

672 1530 847 1584 Turba
880 1530 1064 1586 videre
1093 1530 1302 1599 locum,
1335 1533 1424 1601 qui
1456 1531 1641 1588 funere
1673 1533 1843 1587 tristis
1873 1532 2070 1587 acerbo
2170 1529 2273 1587 810
2347 1528 2664 1587 Αἰιϋῐὶοδεδθ
2690 1530 2823 1597 Noe,
2849 1546 3006 1599 quem
3026 1531 3230 1601 justum
3260 1532 3389 1587 dicit
3417 1533 3671 1588 Hebraeus

671 1622 933 1676 Laetitiam
965 1623 1197 1678 facturus
1226 1626 1361 1690 erit;
1394 1626 1476 1679 cui
1508 1624 1703 1679 Paulus
1730 1626 2013 1680 adhazreus
2347 1622 2409 1674 L't
2446 1621 2686 1691 requiem
2710 1661 2727 1689 ,
2771 1622 2916 1692 quod
2956 1621 3201 1677 Christus
3243 1623 3411 1690 inest,
3441 1623 3531 1693 qui
3556 1623 3747 1678 dividit

494 1711 597 1766 78Γί
672 1714 916 1779 Pectore,
935 1715 1094 1783 vivit,
1118 1717 1221 1777 ait;
1244 1728 1403 1784 quam
1427 1730 1609 1771 vocem
1632 1717 1736 1771 vita
1757 1726 1940 1773 scema
1962 1723 2065 1784 est,
3457 1713 3670 1785 [παυυι

668 1805 916 1875 Morsque
941 1806 1155 1876 repulsa
1187 1805 1317 1876 fugit
1350 1824 1362 1858 :
1395 1792 1650 1874 quantum
1685 1816 1800 1870 tua,
1829 1805 2060 1872 Christe,
2353 1805 2576 1859 Prteruia
2604 1811 2748 1858 certa
2779 1804 2891 1858 suis
2918 1821 2931 1857 :
2956 1804 3195 1875 quisquis
3224 1805 3434 1860 virtutis
3456 1816 3664 1859 amator

1731 1895 2002 1967 [potestas
2100 1898 2149 1960 Β
2346 1893 2591 1964 Jungitur
2615 1895 2717 1947 alta
2759 1903 2943 1963 petens
2966 1893 3117 1959 Noe;
3146 1903 3252 1949 srat
3290 1896 3563 1963 proximus
3597 1894 3739 1948 infra

673 1988 836 2059 229
866 1988 921 2042 ln
953 1984 1169 2042 iam'ulis
1197 1996 1417 2059 operata
1444 1985 1601 2041 facit!
1633 1995 1686 2042 tu
1713 1988 1949 2043 redditus
1975 2003 2065 2044 as-
2352 1985 2569 2055 Ingenio
2598 1986 2845 2041 breviore
2878 1986 3088 2051 minor;
3117 1999 3234 2040 sors
3260 1985 3438 2040 dedita
3463 1986 3623 2039 sxvis

1834 2077 1964 2149 [tris
1979 2118 1995 2146 ,
2168 2077 2273 2132 815
2346 2077 2658 2131 Tartareum
2682 2084 2824 2130 tenet
2846 2075 2948 2128 iuta
2971 2075 3175 2129 siuuru:
3195 2074 3274 2129 sic
3296 2074 3567 2144 Eutychus
3586 2088 3735 2143 ergo,

665 2168 1018 2238 AEqualisque
1050 2170 1189 2224 Patri
1221 2168 1289 2225 de
1320 2169 1595 2238 majestate
1622 2170 1844 2239 perenni
2347 2170 2528 2224 Prima
2558 2177 2709 2245 parte
2739 2167 2938 2222 cadens
2958 2212 2972 2236 ,
3003 2166 3197 2222 inferni
3227 2167 3466 2237 perditus
3492 2167 3601 2219 oris

664 2258 792 2312 Jura
813 2274 1046 2328 superna
1069 2260 1240 2329 regis;
1264 2258 1359 2314 sed
1381 2259 1521 2329 quod
1541 2273 1691 2328 caro,
1714 2274 1939 2330 corpore
1960 2276 2067 2317 ma-
2348 2263 2545 2329 llzrsit,
2574 2272 2628 2318 et
2652 2262 2880 2316 humana
2909 2276 3106 2316 vacuus
3132 2261 3340 2317 ratione
3365 2263 3592 2316 ferarum

1862 2351 1994 2423 [tris
2340 2354 2514 2426 Cmpit
2554 2354 2755 2410 habere
2796 2354 3004 2422 locum,
3055 2354 3142 2410 cui
3193 2362 3467 2424 postquam
3522 2360 3743 2420 pectore

489 2442 594 2498 71:0
669 2442 901 2513 Virginis
930 2452 1047 2498 orta
1078 2443 1203 2508 tibi,
1234 2458 1457 2514 regnum
1485 2444 1735 2512 spoliavit
1761 2445 1991 2512 Averni,
3429 2443 3666 2515 [Paulus

664 2534 901 2603 Vivaque
923 2535 991 2589 de
1012 2535 1229 2603 proprio
1248 2534 1512 2589 revocasti
1535 2534 1770 2589 membra
1793 2536 2060 2605 sepulcro,
2351 2536 2591 2591 Incubuit
2608 2577 2622 2601 ,
2651 2537 2981 2604 verbumque
3005 2550 3159 2589 suum
3187 2534 3446 2604 sapientia
3474 2534 3637 2598 fudit,

665 2622 845 2695 Teque
870 2626 1103 2695 probans
1127 2624 1361 2679 voluisse
1383 2624 1548 2691 mori,
1574 2640 1675 2694 qua
1708 2635 1860 2695 parte
1885 2642 2063 2681 resur-
2165 2628 2270 2685 8‘20
2342 2630 2448 2683 Ore
2482 2629 2665 2683 levans
2701 2629 2963 2690 animam,
2989 2626 3188 2681 carnali
3228 2626 3344 2696 lege
3372 2635 3698 2694 peremptam
3717 2664 3738 2690 ,

1796 2706 1803 2711 ’
1844 2715 1989 2787 [gis.
2104 2732 2120 2745 ε
2340 2718 2419 2771 Ad
2462 2716 2744 2772 Dominum
2782 2715 2851 2771 de
2895 2724 3065 2770 morte
3103 2714 3273 2780 redit,
3317 2714 3459 2782 quod
3501 2714 3734 2784 Epistula

662 2805 730 2859 Et
757 2818 861 2873 qua
893 2812 1046 2857 natus
1075 2816 1225 2867 eras,
1253 2801 1362 2871 jam
1397 2802 1571 2856 ferrea
1599 2802 1806 2857 vincula
1838 2805 2022 2860 solvis.
2794 2812 2795 2815 ‘
3395 2803 3655 2874 [clamatz

578 2939 587 2947 .
672 2896 785 2950 Lux
813 2895 934 2949 aliis
963 2895 1164 2947 alterna
1196 2893 1334 2947 rodit
1364 2902 1416 2947 te
1440 2901 1660 2946 auctore
1680 2933 1697 2958 ,
1727 2894 1990 2966 simulque
2342 2893 2441 2960 Qui
2464 2892 2694 2959 dormis,
2715 2894 2826 2963 jam
2855 2906 3013 2963 surge
3036 2894 3201 2951 citus!
3232 2906 3523 2963 rursusque
3549 2910 3737 2963 perur-

483 2991 589 3045 705
664 2988 926 3056 Exemplo
956 2989 1151 3041 donata
1185 2995 1274 3041 tuo
1294 3027 1310 3053 ,
1342 2988 1433 3056 qui
1461 2987 1670 3042 subdita
1700 2989 1898 3044 dudum
3502 2984 3658 3056 [getz

660 3080 819 3149 Cogis
843 3120 858 3146 ,
891 3087 946 3133 et
977 3079 1165 3133 electis
1192 3078 1541 3133 succumbere
1568 3088 1764 3134 tartara
1795 3081 1985 3137 servis.

658 3171 867 3223 Interea
898 3167 1026 3221 felix
1059 3167 1228 3237 surgit
1258 3165 1326 3223 de
1358 3178 1530 3223 morte
1557 3168 1806 3237 cadaver,
2042 3154 2057 3169 ⁸

658 3261 726 3314 Ει
754 3260 976 3314 meliore
1002 3264 1085 3313 vis
1115 3261 1213 3314 tria
1245 3276 1339 3329 per
1360 3261 1636 3315 crenacula
1659 3277 1847 3330 sospes

659 3352 876 3405 Ducitur
902 3350 966 3404 ad
998 3351 1217 3404 Paulum
1236 3392 1252 3417 ,
1283 3352 1435 3419 cujus
1462 3354 1842 3419 conspectibus
1869 3354 2052 3411 insons

479 3447 584 3501 800
654 3445 829 3514 Coepit
851 3444 1042 3500 adesse
1068 3459 1219 3513 puer,
1248 3445 1368 3501 vitae
1390 3442 1498 3512 jam
1523 3444 1715 3516 dignus
1740 3447 1973 3514 honore,

2339 3072 2520 3144 Teque
2545 3074 2670 3144 vigil
2705 3074 2773 3131 de
2808 3084 2983 3129 morte
3010 3074 3124 3129 leva
3150 3076 3163 3129 !
3193 3074 3365 3144 Super
3390 3076 3557 3129 ardua
3594 3079 3731 3129 trina

2339 3166 2638 3240 Prorucruit
2669 3166 2780 3237 jam
2812 3176 2955 3221 stare
2986 3182 3138 3237 puer,
3168 3169 3287 3237 quia
3314 3167 3562 3237 dogmate
3589 3170 3734 3223 trino

2086 3263 2132 3328 C
2161 3259 2265 3315 825
2336 3258 2643 3329 Comperit,
2673 3268 2888 3315 reterns:
2914 3274 3033 3327 quae
3060 3260 3131 3314 sit
3156 3259 3448 3313 substantia
3476 3260 3620 3313 vita).

2404 3353 2628 3421 Jamque
2654 3352 2947 3421 peragratis
2973 3351 3167 3405 Paulus
3193 3352 3511 3405 stationibus
3537 3350 3683 3405 orbis

2335 3444 2415 3502 Ad
2435 3444 2707 3515 Solymam
2732 3451 2986 3500 venturus
3008 3451 3157 3509 erat,
3183 3457 3292 3513 quo
3320 3442 3548 3513 Spiritus
3575 3442 3729 3497 illum

1973 3599 2199 3658 NOTAE.
2276 3664 2281 3669 _

473 3738 538 3791 de
561 3736 869 3808 prmﬁciendi
899 3735 1157 3808 (Pompeii
1188 3733 1680 3808 nempcjfacultate
1720 3734 2039 3799 dubitemus,

476 3806 576 3861 uisi
610 3818 774 3876 rotatu
801 3808 909 3860 illic
937 3806 1211 3876 periodum
1241 3821 1361 3859 cum
1388 3806 1599 3861 Graevio
1622 3816 1921 3876 suspectam
1951 3809 2044 3857 Ira-

473 3879 616 3932 hoas.
650 3867 986 3932 Mar’tialern'r
1017 3871 1193 3945 Epigr.
1221 3876 1288 3929 '56
1312 3917 1325 3939 ,
1353 3877 1540 3930 eodem
1569 3867 1730 3929 modo
1750 3886 1873 3927 ante
1900 3876 2043 3929 Scri-

468 3949 674 4013 verium
714 3957 1053 4013 corruptum,
1096 3945 1404 4000 emendavit
1442 3945 1687 4001 Heinsius
1710 3986 1725 4010 ,
1764 3952 1819 3998 et
1854 3946 2045 4013 probat

466 4011 721 4071 Burman.
746 4018 812 4069 ad
842 4011 1096 4071 Catalect.
1128 4030 1203 4079 ιι,
1233 4030 1285 4084 p.
1316 4015 1442 4070 422.
1467 4014 1706 4069 «Voss.
1737 4016 1800 4078 ὅ,
1828 4011 2040 4068 rectum.

543 4089 670 4139 771.
703 4084 924 4155 Levata-l
982 4085 1135 4139 Voss.
1171 4088 1222 4145 1,
1255 4089 1544 4155 Antverp.,
1594 4084 1733 4137 Bibl.
1780 4085 1945 4151 Lugd.
1988 4092 2044 4137 et

470 4157 773 4222 Fabricius,
805 4158 1014 4218 lavarw,
1060 4164 1117 4208 ut
1159 4156 1274 4210 haec
1314 4155 1531 4211 confusa
1563 4171 1613 4222 ι,
1642 4155 1770 4221 770,
1812 4155 2040 4208 alterum

467 4228 812 4295 praetulerim.
844 4228 1011 4293 Supra
1042 4240 1094 4287 t,
1130 4227 1260 4288 102,

592 4310 655 4366 Ut
680 4317 885 4377 piscator
908 4327 1056 4365 ovans
1074 4315 1209 4364 levet
1230 4315 1317 4363 has
1338 4313 1401 4363 de
1426 4312 1561 4363 fonte
1586 4321 1827 4364 catervas.

466 4396 594 4452 luit.
630 4397 768 4451 1142
786 4433 802 4460 ,

800 4483 944 4534 Salus
967 4495 1063 4531 uno
1086 4484 1150 4533 de
1174 4483 1306 4534 fonte
1340 4484 1545 4536 levatur.

534 4568 661 4623 776.
698 4566 922 4619 Rabidos

533 4639 658 4692 780.
696 4635 897 4707 Πίηιὶδ]
924 4635 1077 4707 Voss.
1108 4637 1168 4707 5,
1202 4637 1393 4691 dentes.

533 4710 657 4763 785.
692 4706 901 4777 Acerbql
935 4706 1089 4759 Voss.
1112 4706 1179 4777 Ξῖ,
1211 4722 1404 4762 acervo.
1440 4708 1571 4764 Vidc
1596 4726 1642 4776 ι,
1674 4708 1796 4766 705i.

527 4779 653 4834 784.
686 4776 821 4847 Erit]
851 4776 1094 4837 Cantab.,
1114 4776 1395 4832 Fabricius
1417 4788 1471 4833 et
1500 4782 1630 4833 llihl.
1660 4782 1853 4849 Lugd.,
1897 4791 2028 4837 erat.

460 4883 530 4894 -—
552 4851 654 4925 Per
681 4850 946 4925 adhwrerts
977 4850 1242 4925 expreSsit
1271 4852 1667 4925 συμπεριλαϐών
1691 4853 2030 4925 ;_corupf_e:rus

460 4923 621 4976 vertit
649 4922 892 4986 vulgatus
922 4919 1186 4992 interpres
1201 4919 1537 4992 .Act.apost.
1567 4936 1675 4992 sx,
1712 4922 1739 4992 ᾗ
1772 4919 1858 4977 10.
1891 4922 2028 4992 _\-'er-

460 4995 607 5058 bum,
631 4992 897 5056 plerisque
922 4989 1104 5042 Iexicis
1127 4989 1421 5059 neglectum
1438 5032 1453 5055 ,
1476 5007 1538 5045 ex
1563 4989 1794 5046 Luciano
1813 4990 2023 5047 etGrze-

458 5067 535 5114 cis
582 5062 642 5112 V.
685 5061 747 5114 Τ.
796 5059 1172 5125 interpretibus
1213 5062 1438 5114 asseruit
1488 5062 1650 5115 Maius
1691 5063 1914 5116 Observ.
1959 5061 2018 5116 S.

462 5128 966 5232 ζ¹ι›.ς›186;
1009 5145 1077 5184 ex
1118 5130 1400 5185 Plutarcho
1443 5131 1704 5187 Rhoerius
1746 5133 1868 5186 Fer.
1916 5131 2026 5185 Da-

455 5209 663 5255 veuter.
695 5214 730 5251 rt
749 5238 763 5261 ,
792 5209 847 5249 '2.
1998 5245 2013 5258 .

531 5270 654 5323 785.
694 5265 900 5336 Vocem]
930 5268 1143 5336 integer
1190 5270 1276 5323 hic
1304 5284 1492 5325 versus
1521 5270 1672 5326 deest
1699 5271 1749 5323 in
1780 5269 1939 5325 Voss.
1965 5270 2019 5324 5.

454 5341 612 5396 llunc
629 5339 800 5393 locum
828 5336 1075 5391 Barthius
1092 5341 1439 5394 contulitcum
1453 5340 1651 5394 Statior
1670 5341 1871 5405 ,Theb.
1892 5341 2018 5397 215:

580 5428 775 5480 Poudus
799 5428 939 5476 adest
961 5427 1141 5490 verbis,
1169 5438 1222 5479 et
1247 5443 1414 5480 vocem
1439 5432 1531 5481 fata
1549 5437 1840 5494 sequuntur.

398 5567 405 5575 ,
527 5515 651 5567 787.
674 5509 944 5585 ramulis]
999 5509 1149 5585 Voss.
1180 5513 1247 5578 Ξ,
1274 5515 1404 5568 edd.
1432 5516 1632 5580 Aldin.,
1664 5515 1829 5570 Turn.
1866 5517 1918 5579 1.
1949 5516 2030 5585 fa-

446 5586 638 5637 mulos.
671 5581 988 5655 Iictulerunt
1014 5581 1076 5632 ad
1106 5583 1264 5655 facit:
1292 5595 1543 5652 quantum
1574 5595 1811 5655 potestas
1838 5597 1926 5639 tua
1949 5581 2029 5638 fa-

444 5657 524 5708 '(‘il
554 5669 675 5722 erga
707 5654 932 5710 famulos
957 5658 969 5709 l
1000 5654 1093 5707 sed
1126 5664 1178 5708 et
1207 5653 1305 5707 Irae
1332 5653 1593 5711 sententia
1620 5665 1800 5709 sextus
1831 5658 2028 5723 putuiso

438 5735 536 5777 :set
562 5740 718 5777 casus
760 5726 998 5780 retineri.
1050 5726 1179 5777 Vide
1219 5725 1565 5791 Oudendorp.
1612 5727 1676 5777 ad
1726 5724 1915 5777 C(L'sur.
1964 5726 2020 5778 Β.

446 5797 522 5844 ’(ξ.
570 5808 618 5855 r,
662 5792 723 5857 6,
764 5793 818 5843 5.
843 5823 912 5833 —-
939 5797 1043 5851 Pro
1082 5796 1201 5862 facit
1245 5794 1420 5849 Aldiu.
1442 5832 1456 5858 ,
1489 5793 1766 5850 l'ulrnauui
1795 5795 1986 5853 Scltcd.
2008 5836 2021 5857 ,

438 5868 703 5930 -«Autvcrp.
722 5907 736 5931 ,
770 5864 927 5918 dedit.

997 4566 1147 4619 Voss.
1184 4564 1206 4616 1
1233 4611 1248 4634 ,
1282 4569 1509 4634 rapidas.
1544 4570 1676 4625 Vide
1705 4570 1770 4625 ad
1797 4584 1876 4626 vs.
1903 4571 2029 4626 242.
2062 4553 2115 4615 Ῐ)

2219 3730 2343 3804 792.
2372 3730 2556 3804 Teque]
2578 3730 2731 3804 Voss.
2756 3729 2820 3804 '2‘,
2837 3736 3016 3804 inque.
3043 3727 3282 3804 Deterius
3304 3728 3547 3799 quredam
3570 3731 3723 3804 e.dd.;

2147 3802 2371 3855 noluisse
2398 3799 2554 3854 mori.
2580 3800 2711 3854 Vide
2738 3800 2801 3855 ad
2836 3800 2930 3853 lib.
2963 3814 3016 3863 ι,
3050 3799 3178 3853 175.

2218 3871 2337 3925 795.
2370 3870 2512 3941 1am]
2563 3870 2717 3925 Voss.
2750 3872 2813 3938 2,
2838 3885 2866 3923 a
2894 3868 3126 3941 secunda
3156 3878 3514 3941 manuatum,
3550 3885 3578 3922 a
3614 3872 3715 3936 pri-

2147 3956 2231 3995 ma
2255 3958 2426 4008 quam.
2458 3938 2730 3995 Posterius
2752 3950 2833 3994 est
2858 3954 3069 4008 quoque
3094 3940 3146 3992 in
3175 3939 3325 3992 Voss.
3353 3938 3386 3991 5
3409 3956 3423 4002 ;
3450 3955 3562 3992 cum
3584 3941 3722 3994 Tor-

2148 4028 2279 4067 ntes.
2316 4011 2340 4064 1
2368 4028 2382 4065 :
2416 4010 2507 4064 sed
2540 4010 2654 4064 hinc
2680 4010 2997 4064 sententiam
3029 4009 3188 4062 nimis
3216 4011 3458 4079 turbant,
3491 4024 3556 4063 ex
3585 4014 3717 4064 scri-

2150 4092 2317 4153 ptura
2336 4095 2492 4153 quam
2526 4080 2976 4153 dedi_cla_rioreru.

2218 4146 2594 4219 804(Primazl
2642 4148 2718 4203 Ex
2747 4149 2900 4203 Voss.
2924 4146 2963 4219 2
2987 4156 3039 4202 et
3065 4149 3099 4203 5
3125 4148 3314 4218 glosste
3338 4148 3715 4211 interlineares

2143 4230 2435 4287 expenunt,
2456 4218 2668 4274 camera:
2692 4220 2885 4285 prima.
2915 4218 2970 4272 lu
2993 4219 3203 4273 caneris
3230 4221 3498 4282 omerrs,
3524 4226 3713 4292 primo.

2212 4291 2338 4361 805.
2370 4291 2746 4361 Secundinngx
2783 4287 2934 4361 Voss.
2962 4291 3016 4361 ᾗ.
3051 4290 3288 4361 Reliqui,
3316 4293 3611 4349 secundum.

2324 4331 2338 4345 .
2370 4305 2642 4349 δεευηαωι
2675 4305 2746 4344 EX
2788 4305 2934 4343 γοδς.
2965 4305 3016 4344 ὂ.
3051 4305 3288 4349 nettqur.
3316 4305 3611 4349 secundum.

2212 4306 2338 4345 uua.
2370 4306 2642 4361 oecurran
2675 4306 2746 4344 ω
2789 4306 2934 4343 voss.
2965 4306 3016 4344 ο.
3051 4306 3279 4361 neuqur,

2210 4360 2334 4431 800.
2366 4359 2788 4431 4ddiclu]7Voss.
2810 4360 2876 4431 Ῠ1,
2909 4359 3111 4431 amicta.
3142 4430 3151 4431 ί
3179 4430 3207 4431 η

2211 4429 2335 4501 807.
2369 4429 2570 4501 Fontis]
2588 4428 2682 4484 'lta
2724 4430 2882 4485 codd.
2924 4428 3049 4485 edd.
3092 4430 3300 4497 Aldin.,
3344 4430 3511 4487 Torn.
3546 4431 3597 4486 1.
3650 4432 3717 4489 in

2138 4500 2387 4568 reliquis,
2418 4500 2556 4554 lotis.

2208 4569 2520 4642 815.Νοε]
2587 4570 2658 4624 Ita
2702 4568 3005 4639 interpuuxi
3032 4610 3047 4633 ,
3094 4577 3152 4642 ut
3182 4570 3423 4640 jungitur
3461 4570 3711 4637 haberet,

2137 4641 2281 4711 quod
2313 4640 2411 4695 sibi
2453 4639 2835 4711 apponeretur,
2878 4639 3138 4693 sententia
3178 4639 3428 4697 t'acifiori.
3473 4642 3714 4698 Cretera—

2135 4710 2261 4782 quin
2293 4712 2540 4766 meliores
2568 4710 2693 4766 edd.
2729 4710 2921 4765 habent
2951 4724 2966 4767 :

2226 4801 2455 4865 Juugitur
2476 4801 2571 4850 alta
2592 4805 2795 4862 petens,
2821 4799 2928 4850 Noe
2951 4806 3045 4849 stat
3072 4800 3320 4863 proximus
3342 4814 3357 4852 :
3379 4799 3521 4851 infra.

2204 4889 2329 4943 8H.
2362 4886 2569 4957 Dedita]
2594 4887 2734 4957 Bibl.
2771 4886 2968 4957 Ltrgd.,
3002 4886 3189 4957 debita.

2200 4959 2327 5014 821.
2358 4953 2611 5028 Epistula]
2671 4958 2749 5010 Ad
2780 4953 2978 5027 Eplres.
3014 4970 3077 5022 v,
3111 4955 3139 5027 ᾗ
3174 4954 3259 5009 Ni.
3292 4953 3369 5011 De
3397 4956 3561 5013 verbo
3596 4957 3710 5011 cla-

2131 5044 2272 5082 mare
2300 5028 2421 5082 vide
2451 5028 2541 5081 lib.
2570 5044 2615 5091 ι.
2650 5028 2769 5081 105.

2202 5099 2328 5167 825.
2368 5097 2555 5167 Teque]
2589 5098 2769 5152 Aldiu.
2790 5137 2806 5160 ,
2838 5105 3008 5164 tuque.

2142 5223 2149 5229 ,
2204 5165 2327 5221 821.
2362 5163 2517 5238 Quia]
2544 5163 2825 5238 Pulrnanni
2855 5163 3050 5238 Selred.
3071 5205 3086 5225 ,
3115 5163 3374 5238 Antverp.
3394 5202 3409 5226 ,
3444 5165 3551 5238 qui.

2202 5238 2328 5292 827.
2363 5234 2649 5308 Solymum]
2682 5236 2835 5308 Voss.
2870 5238 2932 5297 ὅ,
2965 5234 3396 5308 Hierosolymam.
3449 5235 3504 5308 In
3533 5251 3707 5308 genus

2133 5305 2441 5362 femininum
2464 5305 2551 5362 hic
2576 5305 2883 5373 co'nSpiraut
2908 5306 3063 5358 codd.
3095 5305 3429 5374 Cmteroquin
3463 5305 3706 5372 Solymos

2134 5376 2296 5437 scribi
2326 5378 2611 5444 potuisset,
2640 5377 2779 5445 quod
2805 5392 2870 5429 ex
2896 5374 3215 5445 Christianis
3247 5376 3419 5438 poetis
3447 5377 3706 5445 produxit

2138 5447 2395 5501 Cellarius
2428 5445 2620 5515 Geogr.
2657 5444 2833 5514 Antiq.
2868 5460 2952 5511 ιιι,
2985 5447 3078 5510 15,
3110 5459 3163 5515 p.
3192 5444 3318 5499 329.
3372 5446 3426 5499 lrr
3456 5444 3704 5513 sequenti

2136 5518 2277 5571 enim
2309 5534 2405 5583 quo
2436 5514 2706 5571 subaudiri
2739 5527 2917 5584 posset
2944 5515 3075 5571 loco.
3100 5514 3443 5569 Ceusuerunt
3484 5515 3705 5583 quidem

2137 5588 2378 5640 nonnulli
2395 5630 2407 5649 ,
2434 5587 2669 5656 profanis
2690 5587 3045 5653 Scriptoribus
3067 5587 3227 5656 etiam
3244 5586 3542 5656 adhibitum
3568 5584 3707 5637 Ilie—

2132 5654 2461 5725 rosolymam‘.
2487 5657 2618 5711 Vide
2639 5657 2746 5711 illic
2767 5656 3073 5719 Cellariutu,
3096 5654 3358 5711 etDuker.
3387 5656 3451 5708 ad
3468 5654 3697 5725 Florum

2133 5742 2186 5780 tu
2208 5767 2223 5790 ,
2251 5724 2315 5787 5,
2348 5730 2415 5781 50
2441 5743 2455 5790 ;
2486 5727 2580 5781 sed
2614 5727 2799 5795 plurali
2833 5734 3033 5779 tanturn
3065 5741 3287 5780 numero
3320 5727 3420 5779 iliis
3453 5724 3707 5777 Hieroso-

2133 5802 2269 5864 lyma
2313 5797 2572 5864 placuisse
2614 5797 2879 5859 videntur,
2923 5796 3172 5865 locaque,
3216 5795 3302 5865 ubi
3342 5796 3566 5865 alterum
3610 5805 3711 5865 00f

2132 5862 2330 5924 currit.
2375 5866 2701 5924 emendanda
2750 5876 2930 5923 censet
2975 5862 3317 5935 Oudendorp.
3364 5867 3429 5920 ad
3473 5862 3705 5921 Sueten.
