4026 6196
430 364 520 417 23'!

680 478 836 550 275
862 478 1217 548 Arvernisque
1242 479 1411 547 canis,
1445 477 1729 533 Sidoniana
1760 476 1961 545 chelys.
2030 469 2117 536 ,δ’

606 574 742 626 tinta
768 573 893 625 mihi
917 571 1115 626 dudum
1146 572 1315 626 fuerat
1346 573 1637 641 puerilibus
1667 572 1843 635 annis,

426 657 492 710 fi")
681 662 935 717 Versibus
966 664 1237 717 assiduum
1266 663 1643 717 concelebrare
1671 662 1860 715 melos.

613 755 863 810 Scribere
889 770 1019 824 quas
1049 757 1207 809 etiam
1236 755 1504 810 simulavit
1536 755 1707 809 fabula
1737 762 1932 824 partes,

685 846 749 897 Et
780 862 873 914 per
903 846 1059 899 inane
1090 846 1279 899 fretum
1310 845 1411 899 sub
1442 846 1653 898 levitate
1684 844 1816 912 rapi.
2010 900 2013 903 ,

606 935 734 1002 Quae
764 950 882 989 cum
916 946 1092 989 nostra
1125 936 1213 988 tibi
1248 935 1446 1004 fragilis
1476 936 1759 990 cecinisset
1782 932 2004 1000 arundo,

679 1027 739 1078 Et
768 1026 916 1088 mihi,
948 1027 1129 1090 cltare,
1163 1037 1283 1080 tuus
1313 1042 1455 1094 smpe
1487 1026 1687 1080 faveret
1716 1039 1900 1090 amor;

430 1118 499 1171 55
607 1116 650 1171 Ο
694 1119 893 1171 utinam
927 1119 1128 1183 malles,
1154 1119 1353 1184 dixisti,
1386 1121 1583 1173 rectius
1614 1120 1770 1185 hujus

678 1208 757 1261 Ad
785 1207 991 1261 Domini
1031 1207 1214 1263 Iaudes
1244 1209 1457 1262 flectere
1488 1211 1634 1262 vocis
1666 1210 1792 1263 iter!

607 1297 697 1363 Et,
723 1300 844 1367 quia
878 1313 1072 1353 nomen
1101 1298 1286 1363 habes,
1317 1314 1423 1369 quo
1455 1309 1506 1352 te
1538 1300 1850 1363 vocitamus,
1881 1299 2012 1351 Ara-

1802 1387 1907 1459 [tor
1924 1429 1939 1454 ,

677 1475 791 1530 Non
823 1476 1067 1532 abstrusa
1101 1478 1194 1531 tibi
1226 1479 1319 1551 sit,
1347 1479 1441 1533 sed
1474 1487 1659 1549 aperta
1692 1493 1846 1549 seges

608 1568 896 1632 Constitui,
930 1568 1119 1630 fateor,
1149 1572 1191 1624 si
1222 1573 1436 1639 quando
1468 1571 1605 1625 forte
1634 1587 1871 1626 mererer

429 1658 500 1710 60
681 1657 880 1725 Ingenii
915 1659 1119 1714 fructus
1146 1662 1210 1714 ad
1239 1662 1456 1717 meliora
1487 1663 1659 1732 sequi,

608 1748 723 1813 Quo
774 1761 824 1802 te
854 1764 1061 1820 cunque
1089 1752 1187 1805 loci
1219 1755 1552 1823 contingeret
1592 1769 1733 1818 esse,
1777 1754 2012 1808 virorum

677 1838 925 1901 Maxime,
958 1842 1267 1906 transmitti,
1296 1846 1437 1911 quod
1468 1843 1792 1909 modularer,
1825 1859 1981 1910 opus.
2040 1853 2089 1911 Β

608 1931 723 1984 Jam
753 1933 992 1986 stimulat
1021 1935 1280 2002 promissa
1309 1934 1445 2000 dies,
1475 1945 1534 1989 ut
1552 1936 1729 1990 debita
1757 1936 1966 1990 tandem

674 2022 1097 2093 Contractusque
1127 2036 1278 2078 meos
1320 2027 1552 2091 solvere,
1587 2025 1761 2091 docte,
1793 2026 1971 2080 velim.

428 2111 497 2169 65
608 2113 793 2180 Sume,
834 2115 977 2184 quod
1007 2130 1074 2171 ex
1107 2116 1277 2172 nitido
1322 2117 1603 2173 lihavimus
1643 2133 1760 2187 tequ
1798 2134 1855 2172 re
1895 2132 2015 2173 caro

1768 2208 1934 2280 [men,

676 2297 740 2351 Et
763 2297 886 2353 licet
913 2298 1133 2369 exiguas
1155 2300 1367 2367 suscipe
1392 2309 1574 2370 gratus
1601 2315 1787 2366 aquas.

602 2388 847 2441 Oceanus
881 2402 1057 2443 rerum
1091 2390 1263 2458 spatio
1293 2375 1472 2446 manet
1498 2392 1638 2448 altus
1667 2392 1720 2446 in
1745 2392 1862 2460 illo,

678 2477 753 2533 De
771 2494 878 2545 quo
908 2480 994 2534 vix
1017 2480 1226 2535 laticem
1253 2483 1513 2536 traximus
1537 2498 1631 2538 ore
1657 2484 1896 2540 brevem.

605 2568 845 2639 [\‘amque
871 2584 993 2641 ego,
1028 2570 1287 2626 Romana:
1315 2574 1485 2627 caulis
1516 2574 1811 2643 permixtus
1836 2589 2006 2630 amm-

496 2722 509 2736 .
808 2728 811 2729 ,
1834 2664 1937 2737 [uis

425 2752 496 2808 70
678 2752 962 2819 Ecciesiaa,
994 2762 1151 2808 tonso
1179 2754 1382 2809 vertice
1411 2754 1585 2809 factus
1613 2756 1752 2823 ovis,

603 2844 768 2916 276
794 2843 995 2900 Pascua
1026 2844 1148 2900 laeta
1173 2844 1385 2913 videns,
1420 2854 1479 2901 et
1516 2847 1696 2915 aprica
1739 2845 2008 2901 volumina

1687 2935 1902 3010 [Christi
1918 2978 1933 3002 ,

681 3022 1000 3092 Quareliam
1030 3034 1189 3096 gustu
1220 3034 1440 3095 tangere
1464 3035 1657 3083 cuncta
1687 3043 1829 3085 mro.

601 3113 667 3179 Et
693 3129 855 3182 nunc,
885 3114 1150 3172 Davidicis
1189 3126 1436 3173 assuetus
1460 3116 1702 3186 ﬂoribus,
1734 3121 1866 3177 edas

1558 360 1868 417 VICTORIS
1908 357 2209 417 EPlSCOPl
2249 356 2549 414 CAPUANI

3584 356 3692 411 “252

2351 468 2623 535 Manderc,
2652 480 2793 522 nunc
2813 466 3042 523 GEnesin
3075 482 3227 524 mens
3251 470 3501 540 cupiebat
3528 471 3686 525 edax.

2112 563 2180 618 75
2286 562 2527 630 Cumque
2559 560 2717 615 simul
2744 560 2915 615 violas
2955 569 3011 616 et
3044 560 3151 616 Iiiia
3192 576 3414 631 carpere
3452 563 3688 624 mallem,

2351 653 2479 721 Quae
2509 659 2661 708 vetus
2689 660 2848 722 atque
2876 666 3045 708 novus
3070 657 3467 724 congeminavit
3493 656 3651 719 odor,

2290 743 2475 798 Incidit
2504 744 2593 799 ille
2618 743 2774 808 mihi,
2801 758 2958 810 quem
2990 744 3167 814 regula
3202 745 3443 800 nominat
3465 746 3654 809 Actus,

2358 833 2545 889 Messis
2574 833 2879 903 apostolica:
2901 834 3088 903 plenus
3120 834 3172 888 in
3203 834 3335 890 orbe
3358 835 3512 891 liber.

2286 923 2342 977 In
2373 939 2478 993 quo
2505 938 2603 977 nos
2630 924 2911 994 Dominus,
2941 924 3102 980 Petro
3129 926 3392 993 piscante,
3423 927 3618 983 levavit

2110 1013 2178 1070 80
2359 1014 2431 1069 De
2461 1016 2663 1084 gremio
2690 1015 2818 1069 salsi
2847 1015 3173 1084 caeruleique
3202 1018 3386 1071 maris.

2286 1107 2616 1177 Ostensaque
2641 1106 2790 1162 dedit
2816 1108 3051 1162 caelestis
3077 1107 3308 1177 imagine
3335 1122 3544 1177 navem,

2360 1194 2621 1252 Gentibus
2649 1198 2958 1266 assumptis,
2986 1206 3299 1253 exsaturare
3330 1198 3546 1253 famem.

2292 1289 2460 1358 Hujus
2489 1291 2556 1344 ab
2584 1289 2805 1345 historia
2831 1290 3064 1361 produxi
3091 1293 3328 1347 carmina
3362 1295 3485 1362 tiro,

2370 1380 2681 1449 Pastorique
2709 1394 2829 1436 meo
2858 1380 3077 1436 sedulus
3103 1397 3195 1436 ora
3226 1383 3370 1438 dedi.

2113 1471 2184 1527 85
2289 1470 2514 1540 Largius
2540 1470 2737 1525 auxilio
2765 1472 2851 1541 qui
2883 1471 2984 1526 fert
3016 1486 3148 1527 nova
3179 1474 3341 1529 verba
3374 1476 3620 1540 canenti,

2364 1563 2439 1617 De
2466 1577 2572 1633 quo
2603 1577 2760 1618 nemo
2790 1571 2994 1632 potest,
3030 1563 3132 1619 hoc
3160 1565 3307 1630 sine,
3337 1564 3492 1635 digna
3527 1566 3688 1635 loqui.

2291 1652 2422 1718 Quae
2448 1652 2593 1707 Patri
2619 1652 2836 1723 egregio
2867 1663 3152 1723 patuerunt
3188 1654 3377 1710 tradita
3407 1671 3578 1724 papae,

2363 1745 2679 1815 Scriniaque
2700 1745 2951 1801 Ecclesiae
2971 1745 3183 1802 condita
3207 1747 3311 1802 rite
3336 1758 3548 1818 gerunt.

2290 1835 2383 1892 Eia
2415 1839 2547 1907 age!
2581 1845 2859 1905 susceptos
2891 1836 3127 1892 celebret
3158 1837 3373 1891 collatio
3399 1837 3588 1893 libros.

2114 1929 2185 1985 90
2367 1926 2626 1984 Mereedis
2655 1927 2885 1997 pretium
2916 1942 3074 1984 causa
3100 1944 3333 1998 superna
3363 1929 3534 1985 dabit.

2291 2022 2426 2077 Sunt
2457 2020 2578 2090 quia
2609 2019 2889 2089 pontifices
2916 2021 2971 2075 in
3000 2021 3279 2092 relligione
3304 2020 3566 2091 magistri,

2365 2110 2531 2166 Gallia
2559 2126 2691 2179 quos
2720 2111 2917 2168 multos
2944 2111 3035 2167 dat
3059 2111 3303 2168 studiosa
3325 2112 3515 2167 bonos.

2293 2204 2392 2258 Est
2419 2203 2507 2259 ubi
2536 2201 2825 2271 Firminus,
2853 2205 3177 2262 venerabilis
3205 2206 3297 2261 ille
3321 2205 3597 2272 sacerdos,

2364 2297 2591 2352 Pascere
2618 2298 2710 2367 qui
2732 2298 2982 2367 populum
3013 2299 3279 2369 dogmatis
3302 2314 3398 2354 ore
3421 2307 3620 2368 potest.

2115 2394 2183 2449 95
2294 2392 2452 2463 277
2475 2390 2642 2460 Hujus
2671 2391 2737 2446 ad
2771 2390 2932 2446 Italia:
2964 2392 3135 2447 tendit
3161 2391 3396 2447 laudatio
3429 2391 3585 2458 fines,

2361 2485 2535 2551 Atque
2562 2481 2697 2536 ultra
2733 2482 2956 2551 patriam
2985 2482 3154 2551 gloria
3182 2497 3375 2538 nomen
3404 2482 3585 2540 habet.

2256 2614 2261 2620 ι
2292 2572 2370 2629 Ne
2398 2572 2604 2640 dubita,
2628 2573 2755 2642 quin
2785 2583 2932 2643 grata
2959 2572 3134 2629 forent
3160 2573 3478 2630 documenta
3501 2575 3694 2643 proba-

3508 2664 3620 2739 Itis.

2365 2756 2523 2814 Sedis
2550 2756 2857 2826 apostolica:
2876 2772 2995 2828 qua:
3025 2756 3274 2827 placuere
3306 2755 3442 2812 viro.

2290 2847 2399 2904 Nec
2428 2859 2481 2902 te
2511 2863 2703 2919 nempe
2732 2856 2883 2917 putes
2921 2847 3212 2903 cariturum
3255 2862 3480 2904 munere
3508 2847 3689 2917 fama,

2363 2938 2507 3003 Haec,
2540 2939 2756 3008 praelata
2786 2938 2956 3009 operi,
2988 2940 3185 3010 scripta
3211 2940 3351 3009 quod
3382 2940 3496 2996 edis
3525 2940 3621 2996 ibi.

2291 3029 2490 3085 Ibimus
2535 3018 2692 3085 ambo
2726 3030 2916 3097 simul,
2955 3044 3062 3101 quo
3100 3031 3285 3102 pagina
3326 3032 3538 3087 venerit
3566 3029 3690 3097 ista,

2358 3122 2808 3194 Partheniumque
2834 3123 2998 3180 decus
3029 3137 3241 3193 semper
3265 3122 3318 3177 in
3347 3137 3447 3180 ore
3474 3123 3632 3180 feret.

2113 2937 2217 2995 £00

1773 3270 1813 3291 ..ι
1928 3230 2161 3291 NOTAE.

422 3340 478 3396 in
525 3336 683 3413 epist.
719 3337 1016 3413 _ad_eumd.
1046 3354 1130 3395 vs.
1151 3339 1404 3413 _%._Sunt
1443 3294 1640 3413 etgalia
1681 3343 1736 3399 in
1776 3347 2002 3401 Aratore
2030 3348 2077 3413 α

421 3408 691 3475 exempla.
718 3408 794 3464 De
814 3409 1053 3465 Licentia
1080 3410 1199 3466 vide
1227 3409 1441 3466 Rabrie.
1473 3411 1607 3467 Bibl.
1644 3414 1787 3468 med.
1819 3425 1873 3472 et
1904 3415 1997 3470 inf.

422 3477 625 3554 Latin_.,
655 3478 747 3535 lib.
799 3494 876 3545 xi,
921 3496 975 3550 p.
998 3481 1133 3554 809.
1171 3481 1455 3554 Decentius
1479 3497 1544 3554 an
1577 3483 1628 3537 in
1651 3486 1824 3554 poetis
1845 3487 2001 3540 Chri-

424 3549 617 3627 stianis
669 3549 1009 3627 numeretur,
1050 3551 1137 3606 alii
1183 3552 1442 3627 videant.‘
1478 3549 1679 3627 Posset"
1716 3559 1848 3611 torte
1881 3560 2000 3627 quis

424 3619 683 3687 suspicari
723 3619 983 3697 decentius
1011 3635 1132 3676 esse
1153 3623 1403 3697 edacem,
1431 3623 1500 3677 ita
1526 3637 1581 3678 ut
1603 3624 1770 3692 prima
1806 3619 2001 3697 praéter

425 3704 632 3763 morem
676 3690 1232 3763 producatur,gqnalia
1276 3693 1328 3747 in
1362 3694 1587 3749 Aratnre
1605 3690 1825 3763 peccaui
1871 3698 2001 3752 satis

421 3768 557 3833 φησι,Δ
588 3760 908 3831 frequentia,
954 3761 1051 3817 sed
1077 3760 1200 3817 tum
1238 3764 1479 3833 sequenti
1517 3760 1673 3820 veréu
1710 3766 1845 3820 canit
1875 3768 2001 3822 scri-

421 3831 677 3886 bendum.

492 3902 582 3956 47.
624 3900 876 3974 leuauit]
921 3900 988 3957 Et
1030 3902 1119 3958 hic
1158 3903 1211 3957 in
1248 3904 1543 3974 quantitate
1586 3906 1773 3976 prima:
1814 3906 2001 3963 vitium

488 4041 580 4115 48.
622 4040 931 4115 Sidoniam]
976 4043 1031 4097 In
1060 4044 1491 4112 cod.,Iiemensi,
1522 4046 1661 4102 unde
1687 4047 2003 4103 Sirmondus

421 4111 843 4186 edidit,__lacuna
886 4111 967 4168 est
1001 4131 1014 4167 :
1054 4124 1257 4170 tantum
1297 4118 1348 4168 in
1387 4132 1454 4171 eo
1510 4117 1813 4186 legitur.....
1844 4119 2003 4173 niana

417 4184 570 4236 celes.
618 4182 841 4238 Versum
890 4186 1135 4257 mutilum
1186 4186 1488 4239 Harduiuus
1533 4182 1701 4249 cérta,
1745 4204 1903 4257 quam
1948 4190 2000 4244 in

422 4261 625 4329 textum
666 4257 873 4329 recepi,
914 4255 1513 4329 conjecturaexulevit,
1545 4255 1892 4329 intelligitque
1919 4258 2003 4313 Si-

420 4322 641 4395 donium
666 4322 1031 4379 Arvernorum
1062 4325 1365 4394 praesulem.
1398 4326 1529 4381 Vide
1561 4322 1768 4395 praefui.
1795 4322 1861 4383 ad
1889 4330 2003 4383 Sir-

422 4393 605 4446 mondi
634 4408 820 4461 opera.

2180 3347 2271 3404 58.
2315 3344 2495 3420 Sages]
2547 3345 2678 3402 Vide
2703 3346 2769 3402 ad
2800 3345 2959 3418 epist.
2991 3346 3059 3403 ad
3090 3346 3347 3413 Florian.,
3377 3361 3458 3402 vs.
3489 3349 3540 3403 i.

2180 3447 2269 3503 68.
2312 3442 2545 3516 Brevem]
2575 3445 2857 3513 Exiguum.
2905 3444 3037 3516 Vide
3074 3445 3547 3516 Cannegieterum,
3575 3445 3694 3500 Dis-

2104 3525 2238 3575 sert.
2267 3518 2335 3573 de
2360 3515 2591 3583 Aviano,
2615 3532 2667 3587 p.
2692 3516 2828 3583 5H;
2859 3515 3152 3587 WOpkens.
3174 3518 3240 3573 ad
3265 3515 3450 3574 Sedul.
3476 3532 3534 3582 II,
3558 3516 3689 3571 278.

2177 3611 2267 3665 7i.
2320 3609 2610 3683 Volumina]
2640 3611 2833 3666 Parum
2856 3620 2978 3683 apta
3012 3612 3128 3666 haec
3154 3626 3261 3683 vox
3301 3612 3488 3679 caulis,
3515 3621 3571 3666 et
3593 3627 3691 3682 pa-

2106 3683 2264 3746 scuis,
2297 3681 2609 3762 rectiusque
2645 3683 2713 3762 i.n_
2740 3681 3049 3762 metaphora
3081 3682 3350 3762 debuisset
3381 3681 3689 3762 persistere,

2110 3767 2284 3821 neque
2310 3748 2561 3807 convenit
2587 3753 2862 3820 epitheton
2884 3748 3085 3822 'aprica.
3117 3748 3220 3807 Sed
3242 3748 3561 3807 forte‘simili
3582 3748 3694 3807 ele-

2107 3824 2283 3894 gentia
2315 3822 2429 3876 haec
2459 3823 2622 3886 dicta,
2648 3832 2704 3876 ut
2732 3838 2855 3877 mox
2885 3838 2964 3875 vs.
2990 3822 3079 3887 75,
3111 3823 3238 3877 edas
3263 3824 3525 3878 mandere.

2107 3983 2144 4039 S
2300 3910 2581 4035 Datgdicia]
2610 3911 2925 3969 Sirmondus
2948 3912 3117 3968 edidit
3158 3909 3427 3969 Daviticia.
3462 3912 3594 3968 Vide
3619 3912 3687 3969 ad

2146 4001 2176 4037 e
2219 4000 2248 4037 u
2275 4022 2290 4038 .
2323 3998 2363 4039 ι.
2426 4021 2442 4038 .

2146 3998 2290 4038 euut.
2323 3998 2363 4046 ι,
2399 3998 2442 4038 ι.

2179 4074 2286 4145 82.
2314 4072 2648 4143 Exterarum]
2681 4074 2758 4129 Ex
2787 4074 3057 4132 Sirmondi
3105 4073 3415 4145 conjectura
3444 4075 3690 4145 reposui;

2112 4144 2164 4199 in
2188 4143 2314 4199 cod.
2336 4154 2442 4210 est,
2468 4160 2532 4198 ea:
2550 4147 2838 4199 saturitate.

2180 4236 2270 4309 δῖ.
2302 4234 2624 4309 _I’atuerunt]
2669 4235 2832 4293 Forte
2878 4236 3202 4309 placuerunt.
3254 4236 3460 4293 Caetera
3503 4234 3692 4292 confer

2108 4305 2496 4373 praefationem.

2178 4402 2267 4458 92.
2309 4400 2502 4473 Bonos]
2528 4402 2685 4459 Forte
2710 4403 2875 4458 bonis.

1781 4659 1948 4703 ANNO
1983 4659 2212 4703 DOMINI
2256 4660 2357 4703 DL.

1519 4788 2584 4950 VICTOR

1271 5035 1967 5142 EPISCOPUS
2071 5032 2592 5142 CAPUAN
2601 5036 2802 5141 US.

1235 5288 1660 5350 PREFATIO
1706 5287 2075 5352 VICTORIS
2118 5285 2464 5351 EPISCOPI
2507 5269 2857 5349 CAPUANI

891 5424 1007 5508 ΙΝ
1063 5423 1877 5508 EVANGELICAS
1934 5422 2104 5506 ΗΑ

2129 5424 2628 5508 ΞὶΜΟΝΙΑΞ
2681 5422 3231 5507 ΑΜΜΟΝΠ.

1819 5561 2280 5574 ψ..

501 5620 538 5675 l.
575 5618 707 5676 Dum
741 5620 958 5675 fortuito
985 5620 1037 5673 in
1074 5586 1263 5673 maniis
1289 5633 1439 5673 meas
1465 5618 1725 5674 incideret
1754 5634 1915 5691 unum
1942 5635 2005 5675 ex

428 5724 653 5782 quatuor
688 5713 1034 5781 Evangelium
1077 5727 1121 5767 ca
1146 5712 1461 5782 mpoitum,
1491 5720 1547 5766 et
1572 5711 1792 5767 ab-cnte
1831 5712 2003 5779 titulo,

431 5820 536 5860 non
565 5807 633 5858 inv
653 5804 857 5861 cniretn
888 5821 1082 5860 nomen
1107 5803 1343 5863 auctoris
1363 5846 1375 5870 ,
1400 5803 1683 5874 diligcntrr
1719 5802 2015 5873 inquirens,

2043 5648 2091 5709 ο
2121 5622 2243 5691 quis
2300 5630 2450 5691 gesta
2500 5620 2582 5676 vel
2640 5622 2777 5676 dicta
2822 5620 3032 5677 Domini
3075 5630 3129 5677 et
3177 5621 3473 5680 Salvatoris
3501 5624 3691 5691 nostri,

2122 5711 2429 5781 evangelica
2462 5711 2693 5768 lectione
2720 5710 2977 5779 discreta,
3004 5712 3058 5767 in
3087 5710 3330 5767 ordinem
3353 5728 3459 5782 quo
3483 5729 3541 5770 se
3564 5729 3694 5770 eon-

2130 5802 2281 5872 scqui
2314 5801 2651 5869 videbantur,
2704 5818 2809 5859 non
2839 5803 3065 5860 minimo
3113 5802 3276 5860 studii
3313 5802 3495 5860 labore
3542 5806 3692 5860 rede-
