4026 6196
346 340 462 393 255

1275 343 1337 398 ΙΝ
1376 344 1461 398 EV
1487 346 1853 401 \NCELICAS
1896 344 2292 401 llARMONIAS
2331 344 2719 401 PliaEFATlO.

3514 340 3615 395 93$!

344 451 509 519 gerit,
570 448 747 518 reperi
786 447 1128 505 Ammoninm
1174 455 1457 523 quemdam
1496 457 1937 520 Alexandrinum,
1968 461 2010 517 Α
2045 457 2314 526 accipiens
2364 456 2710 525 exemplum,
2767 454 3050 523 diligenter
3100 456 3370 520 excoluit,
3426 454 3618 520 quibus

341 540 442 607 qui
472 539 741 593 Canonum
766 553 981 608 quoque
1013 539 1279 612 Evangelii
1309 543 1474 598 fertur
1505 532 1768 611 inventor",
1803 547 1933 600 Mat-

344 630 475 684 tltmi
502 632 792 700 Evangelio
822 631 1149 701 reliquorum
1186 637 1344 687 trium
1391 646 1639 703 excerpta
1663 637 1930 706 junxisse,

343 737 414 777 ac
436 725 488 777 in
513 740 670 777 unam
694 723 889 778 seriem
924 725 1263 795 Evangelium
1290 728 1571 792 nexuisse;
1603 729 1734 783 sicut
1767 730 1934 784 Eusc-

342 815 470 871 bius
499 816 789 883 episcOpus
812 816 1079 884 Carpiano
1106 818 1317 871 cuidam
1365 820 1630 883 scribens,
1658 822 1710 875 in
1734 820 1935 887 praefa-

347 904 497 958 tione
519 904 768 958 editionis
801 920 915 959 Sua:
943 922 1044 975 qua
1078 921 1312 961 canones
1353 911 1630 963 memorati
1657 911 1931 981 Evangelii

348 995 539 1059 edidit,
586 997 885 1066 supradicti
942 998 1039 1050 viri
1096 998 1330 1053 imitatus
1376 1001 1632 1067 studium,
1686 1001 1848 1056 refert
1880 1003 1931 1055 in

348 1085 497 1141 hunc
521 1087 737 1141 modum
771 1105 782 1139 :
814 1089 1113 1143 Ammonius
1150 1090 1361 1159 quidam
1392 1091 1771 1147 Alexandrinus
1799 1088 1934 1146 mul-

346 1186 481 1245 tum,
532 1188 586 1232 ut
636 1181 749 1233 orbi
775 1196 886 1246 ror,
916 1181 1107 1234 laboris
1146 1193 1192 1236 et
1222 1183 1383 1237 studii
1422 1184 1739 1253 impendens,
1772 1201 1933 1239 unum

343 1287 414 1323 es
456 1281 677 1339 quatuor
724 1272 869 1324 nobis
919 1272 1120 1340 reliquit
1158 1269 1525 1343 Evangelium.
1579 1274 1657 1327 Ex
1707 1274 1931 1329 historia

343 1378 559 1428 quoque
589 1361 705 1429 ejus
733 1365 994 1431 comperi,
1030 1363 1173 1433 quod
1222 1363 1483 1418 Tatianus
1513 1365 1595 1418 vir
1632 1364 1934 1420 eruditissi-

343 1465 489 1514 mus,
512 1460 565 1504 et
589 1461 771 1505 orator
797 1452 940 1506 illius
991 1455 1250 1523 temporis
1287 1453 1637 1520 clarissimus,
1665 1470 1833 1509 unum
1859 1469 1931 1510 ex

339 1549 581 1608 Quatuor
632 1542 1094 1612 compaginaverit
1159 1545 1524 1613 Evangelium,
1578 1545 1663 1601 cui
1721 1546 1930 1601 titulum

346 1631 617 1687 Ducem-tt
643 1633 720 1703 (α)
748 1634 1023 1703 imposuit.
1050 1635 1147 1689 llic
1168 1634 1307 1690 beati
1336 1637 1525 1691 Justini
1555 1638 1857 1707 philosophi
1877 1646 1933 1693 et

340 1730 624 1800 martyris,
683 1729 806 1783 dum
850 1730 1023 1786 adhuc
1053 1732 1278 1798 viveret,
1335 1733 1631 1804 discipulus
1661 1734 1789 1788 fuit:
1823 1748 1927 1802 quo

2036 551 2393 605 communiter
2416 550 2484 603 ab
2511 546 2851 615 evangelistis
2896 545 3037 600 dicta
3096 548 3325 614 propriis
3369 556 3491 597 sunt
3520 562 3615 596 uo-

2035 643 2166 696 tnlis
2195 643 2500 703 declarata;
2532 640 2756 696 Domino
2794 639 3111 708 adjuvantc,
3153 640 3384 691 studiunt
3419 638 3614 691 laboris

2033 734 2266 801 impendi
2293 776 2311 799 ,
2359 744 2413 799 ut
2457 740 2782 787 memoratos
2815 745 3067 784 numeros
3098 744 3190 797 per
3224 731 3338 783 loca
3380 742 3613 798 congrua

2033 826 2066 877 (ι
2093 827 2319 892 ligenter
2348 824 2639 893 affigerem.
2665 821 2817 889 Quod
2848 823 2891 874 si
2924 819 3186 874 dubitatio
3216 817 3440 886 alicujus
3466 820 3614 872 vetiti

2037 916 2263 969 fortasse
2290 915 2620 982 provenerit,
2653 929 2715 966 ex
2748 910 3005 980 appositis
3054 910 3290 962 numeris
3332 911 3396 960 ad
3430 911 3610 976 plena-

2034 1008 2167 1058 riant
2220 1019 2507 1061 recu'rens
2551 1004 2776 1073 quilibet
2805 999 3075 1068 Evangelii
3111 999 3420 1064 lectionem,
3453 1015 3520 1051 an
3552 1006 3608 1051 et

2035 1098 2232 1152 ibidem
2270 1098 2340 1150 ita
2374 1112 2431 1151 sc
2471 1110 2651 1150 sermo
2684 1093 2877 1147 habeat
2906 1092 2972 1146 de
3003 1106 3107 1159 quo
3135 1090 3455 1159 ambiguitas
3487 1104 3612 1159 pro-

2038 1196 2259 1242 venerat
2280 1227 2295 1249 ,
2325 1187 2700 1241 incunctanter
2739 1183 3010 1247 inveniat,
3046 1190 3101 1235 et
3130 1181 3332 1249 absque
3362 1181 3615 1247 scrupulo
3700 1181 3714 1194 ’

2039 1276 2268 1332 studiosi
2308 1292 2460 1331 mens
2489 1290 2676 1330 secura
2708 1274 2809 1328 hoc
2840 1274 3007 1343 possit
3038 1273 3110 1326 uti
3141 1270 3432 1325 volumine.
3458 1271 3613 1336 Quod

2034 1368 2137 1422 etsi
2177 1383 2207 1421 a
2260 1367 2544 1435 compositi
2600 1364 2758 1435 hujus
2784 1373 3004 1419 auctore
3031 1363 3315 1417 voluminis
3344 1378 3464 1416 cntn
3517 1379 3615 1417 nu-

2035 1459 2197 1512 meris
2224 1458 2424 1512 editum
2443 1456 2561 1523 fuit,
2587 1456 2680 1511 sed
2707 1455 3177 1510 transcribentium
3206 1453 3407 1508 desidia
3432 1454 3615 1507 omissi

2035 1558 2305 1619 putantur,
2360 1562 2459 1601 nos
2499 1556 2674 1601 tamen
2722 1548 2775 1601 itt
2825 1561 2893 1601 eo
2941 1560 3128 1599 sumus
3167 1545 3348 1600 labore
3394 1546 3615 1609 versati,

2034 1652 2141 1709 quo
2168 1654 2330 1707 opera
2375 1639 2514 1693 solet
2572 1639 2782 1693 novella
2831 1636 3109 1706 praesumi.
3165 1635 3455 1691 Sciendum
3488 1652 3617 1688 sane

2034 1730 2173 1797 quod
2208 1730 2295 1783 hic
2341 1744 2600 1784 numerus
2650 1728 2967 1792 canonicos,
3020 1742 3188 1795 usque
3238 1727 3303 1781 ad
3335 1727 3610 1781 denariam

343 1821 612 1889 migrante
635 1820 703 1873 ad
730 1819 1014 1874 Dominum
1032 1836 1152 1875 cum
1182 1823 1359 1891 palma
1389 1823 1654 1892 martyrii,
1687 1824 1925 1893 magistri
1962 1820 2003 1880 Β
2037 1823 2308 1889 perveniat
2351 1822 2727 1890 quantitatem.
2773 1819 2956 1889 Neque
2998 1820 3285 1875 scribentis
3333 1821 3614 1874 voluntate

339 1920 583 1965 sanctam
611 1912 867 1966 deserens
888 1912 1246 1982 disciplinam,
1270 1924 1324 1970 et
1350 1914 1610 1970 doctrinae.
1637 1917 1927 1985 supercilio

340 2002 538 2067 elatus,
571 2001 753 2071 lapsus
785 2003 835 2056 in
880 2004 1273 2058 Encratitarnm
1326 2005 1606 2071 hmresim,
1641 2007 1929 2061 Marcionis

342 2094 521 2161 potius
550 2099 830 2163 amp‘exus
881 2110 1143 2162 errorem,
1200 2111 1357 2166 quam
1400 2096 1597 2152 Justini
1635 2098 1927 2155 Christiani

346 2189 651 2257 philosophi
680 2190 984 2256 veritatem,
1019 2204 1133 2244 sua:
1184 2191 1307 2245 vitm
1347 2192 1681 2260 perniciosus
1703 2193 1926 2258 exstitit,

346 2294 602 2333 ass-rens
654 2281 794 2335 inter
842 2281 969 2348 alia,
1022 2283 1236 2351 nuptias
1270 2291 1325 2337 et
1362 2289 1544 2352 stupra
1575 2283 1689 2353 pari
1718 2283 1928 2338 crimini

343 2377 643 2447 Subjztcere.

417 2469 481 2523 11.
506 2469 609 2524 Sed
639 2478 691 2523 et
712 2468 869 2523 dictis
901 2468 1211 2538 apostolicis
1239 2483 1427 2523 manus
1477 2468 1716 2540 profante
1747 2487 1928 2526 cmen-

343 2559 599 2621 dationis.
641 2559 726 2614 vel
777 2560 858 2631 (ut
912 2560 1086 2614 dicam
1115 2560 1315 2631 verius)
1341 2561 1701 2629 corruptionis
1734 2560 1930 2617 dicitur

343 2652 609 2707 intuli~se.
640 2652 747 2708 Sed
779 2650 901 2721 quia
933 2660 988 2707 et
1017 2651 1293 2706 hominum
1347 2652 1670 2721 perfidorum
1703 2652 1927 2725 (Christi

344 2743 444 2800 Dei
470 2745 643 2800 nostri
664 2753 921 2815 operante
951 2745 1212 2815 potentia)
1264 2744 1602 2802 confessione
1633 2747 1713 2801 vel
1743 2762 1924 2816 opere,
1956 2740 1960 2744 ’

341 2850 491 2904 sape
514 2836 811 2907 triumphat
851 2835 1021 2905 gloria
1068 2835 1309 2890 veritatis
1371 2836 1517 2909 (nam
1562 2846 1618 2893 et
1654 2836 1929 2893 daemones

341 2926 620 2985 Christum
652 2929 951 2986 fatebantur
980 2946 995 2995 ;
1022 2938 1078 2986 et
1107 2929 1199 2984 lilii
1234 2928 1420 2985 Scevat
1469 2929 1522 2984 in
1553 2929 1773 2985 Actibus
1800 2946 1929 3000 apo-

341 3021 606 3075 stolarum
636 3019 688 3075 in
723 3021 941 3075 nomine
968 3021 1123 3087 Jesu,
1156 3036 1314 3092 quem
1342 3020 1538 3077 Paulus
1586 3022 1927 3092 praedicaret,

342 3108 612 3164 damonia
639 3109 945 3181 fugabant);
979 3111 1237 3168 Tatianus
1264 3126 1497 3183 quoque,
1540 3111 1665 3170 licet
1694 3114 1930 3183 profanis

2036 1913 2224 1965 horum
2259 1927 2602 1966 numerorum
2639 1927 2847 1966 summa
2878 1912 3053 1966 defixa
3079 1920 3183 1979 est,
3216 1912 3309 1965 sed
3334 1912 3540 1966 ratione
3561 1920 3617 1966 et

2033 2003 2217 2072 regula
2250 2002 2476 2056 naturali
2506 2002 2574 2057 ab
2600 2001 2886 2058 Atnmonio
2928 2003 3142 2055 inventa
3184 2012 3267 2056 est
3320 2002 3610 2072 sagaciter.

2034 2093 2216 2162 Neque
2257 2094 2401 2148 enim
2452 2101 2546 2148 ant
2600 2092 2739 2147 infra
2798 2094 3098 2157 denarium,
3141 2103 3231 2147 aut
3254 2094 3390 2147 ultra
3422 2092 3618 2161 poterit

2036 2187 2143 2238 ullo
2164 2187 2323 2239 modo
2351 2185 2487 2240 alius
2518 2200 2772 2240 numerus
2800 2185 3045 2254 reperiri,
3075 2186 3166 2253 qui
3196 2195 3424 2252 quatuor
3452 2199 3616 2238 evan-

2031 2279 2345 2347 gelistarum
2382 2277 2520 2330 dicta
2563 2276 2865 2332 communia
2892 2283 2983 2329 aut
3013 2276 3223 2344 propria
3253 2275 3426 2328 Valeat
3447 2276 3615 2343 expli-

2033 2384 2177 2423 Care.
2215 2367 2366 2434 Quod
2401 2371 2652 2437 praesenti
2699 2366 2852 2420 facile
2895 2375 3068 2435 potest
3098 2368 3348 2434 exemplo
3378 2366 3610 2432 trobari.

2031 2459 2163 2515 Nam
2218 2468 2310 2512 aut
2357 2472 2548 2512 omnes
2587 2465 2817 2526 quatuor
2870 2456 2971 2511 sibi
3012 2457 3344 2512 concordare
3394 2472 3615 2512 necesse

2032 2558 2143 2614 est;
2193 2558 2284 2602 aut
2306 2548 2619 2613 ill-ulucos,
2652 2548 2886 2613 Marcus,
2941 2547 3217 2616 Lucasqne
3257 2548 3357 2603 sibi
3418 2563 3613 2601 conve-

2035 2641 2220 2706 niunt;
2244 2651 2331 2694 aut
2356 2640 2611 2695 Mitthaco
2638 2640 2874 2696 Joannes
2891 2639 3154 2694 consentit
3177 2655 3192 2704 ;
3218 2650 3308 2706 aut
3337 2639 3616 2695 Matthmus

2035 2656 2220 2706 ntnnt;
2244 2656 2331 2694 aut
2356 2656 2611 2695 ιιιιιιιιιιξο
2638 2656 2874 2696 Joannes
2891 2656 3154 2694 consenui
3177 2656 3192 2704 ;
3218 2656 3247 2692 a
3290 2656 3308 2693 t
3337 2656 3611 2695 matutinus

2035 2734 2191 2801 Lucro
2222 2734 2550 2799 concordat;
2610 2742 2702 2787 aut
2745 2726 3176 2805 Matthaeus'cum
3207 2656 3385 2790 hirco
3424 2735 3611 2790 eadem

2032 2827 2301 2896 loquitur;
2332 2836 2425 2881 aut
2455 2827 2663 2881 Marcus
2691 2840 2812 2881 eum
2866 2825 3008 2880 Luca
3040 2837 3091 2881 et
3137 2825 3346 2883 Joanne
3401 2829 3613 2898 propria

2034 2918 2297 2989 loquitur;
2320 2928 2411 2975 aut
2438 2919 2646 2974 Marcus
2671 2934 2792 2973 cum
2819 2916 3026 2973 Joanne
3051 2918 3318 2974 similibus
3348 2919 3611 2987 loquitur;

2029 3019 2124 3065 aut
2149 3011 2359 3065 Marcus
2379 3025 2499 3064 cum
2524 3008 2686 3073 Luca,
2712 3007 2902 3063 eadem
2930 3017 3115 3063 narrat
3138 3024 3152 3072 ;
3178 3018 3270 3063 aut
3291 3007 3464 3065 Lucas
3490 3025 3611 3063 cum

2031 3102 2239 3159 Joanne
2268 3102 2635 3171 discrepantia
2666 3100 2875 3166 refert;
2909 3110 3001 3155 aut
3032 3098 3230 3172 singuli
3285 3100 3501 3171 propria
3535 3100 3615 3155 in-

345 3200 639 3269 implieitus
683 3200 1001 3271 erroribus,
1054 3218 1160 3258 non
1189 3203 1377 3259 inutile
1435 3214 1611 3259 tamen
1665 3204 1929 3267 exhibens

2036 3194 2317 3250 veniuutur
2344 3207 2641 3263 exponere.

342 3292 608 3348 studiosis
631 3294 953 3371 exemplum,
986 3294 1088 3349 hoc
1118 3294 1466 3364 Evangelium
1517 3294 1601 3367 (ut
1627 3295 1759 3351 mihi
1783 3295 1932 3353 vide-

344 3383 461 3457 tur)
494 3385 683 3441 solerti
738 3386 1204 3458 compaginatione
1256 3387 1539 3459 disposuit.
1590 3388 1658 3444 Et
1706 3387 1930 3445 forsitan

343 3476 524 3533 adhuc
551 3476 694 3537 beati
734 3476 930 3534 Justini
960 3478 1248 3535 adbterens
1279 3479 1455 3545 lateri,
1498 3479 1648 3535 illius
1677 3479 1933 3536 eruditio-

346 3567 434 3622 nis
458 3567 674 3635 merito,
699 3567 804 3625 hee
831 3582 967 3640 opus
1007 3569 1289 3643 explicuit.
1343 3571 1593 3626 Arbitror
1620 3570 1764 3627 enim
1809 3586 1931 3642 pro-

345 3667 532 3728 pterea
550 3674 656 3713 non
684 3660 973 3728 Ammonii,
1011 3661 1109 3715 sed
1153 3660 1311 3732 hujus
1340 3676 1464 3719 esse
1493 3662 1785 3717 editionem
1818 3676 1931 3717 me—

341 3749 541 3804 morati
591 3749 874 3807 voluminis
905 3770 918 3805 :
954 3751 1096 3822 quod
1150 3753 1467 3808 Ammonius
1493 3753 1732 3808 Matthxi
1761 3752 1930 3809 fertur

342 3841 637 3907 relationi,
711 3845 952 3915 evangeli
986 3854 1164 3901 tarum
1225 3848 1556 3915 reliquorum
1609 3847 1930 3903 relationem

341 3932 586 3988 discreto
611 3936 930 3990 annexuisse
958 3950 1207 3991 sermone
1239 3954 1253 4002 ;
1298 3937 1385 3993 hic
1416 3952 1544 3993 vero
1576 3940 1747 3993 sancti
1773 3939 1931 3994 Luem

342 4022 611 4095 principia
642 4036 938 4097 assumpta,
977 4027 1102 4082 licet
1128 4044 1192 4084 ex
1225 4030 1456 4085 maxima
1502 4040 1655 4097 parte
1688 4030 1934 4101 Evange-

342 4110 427 4167 lio
472 4114 640 4168 sancti
669 4113 927 4184 Matthaei,
985 4117 1313 4188 reliquorum
1345 4118 1504 4173 trium
1536 4117 1677 4173 dicta
1708 4119 1930 4191 conjun-

347 4201 496 4257 xerit
520 4219 535 4262 :
573 4214 631 4258 ut
655 4202 781 4275 jure
800 4206 998 4278 ambigi
1042 4208 1209 4278 possit
1237 4220 1413 4263 utrum
1443 4209 1709 4264 Ammouii
1738 4224 1806 4262 an
1829 4210 1934 4265 'l‘a-

339 4296 480 4352 tiaui
507 4297 747 4356 inventio
785 4302 1027 4370 ejusdem
1059 4305 1238 4372 operis
1268 4303 1464 4358 debeat
1494 4304 1774 4358 aestimari.
1832 4303 1931 4359 Ve-

339 4397 672 4459 tamtamen,
705 4393 788 4449 vel
821 4393 866 4449 si
906 4392 1018 4464 jzttn
1053 4394 1439 4451 baaresiareltes
1492 4393 1649 4464 hujus
1680 4394 1933 4451 editionis

343 4491 536 4539 auctor
563 4486 744 4542 existit
794 4487 1073 4553 Tatianus,
1117 4490 1274 4546 verba
1307 4488 1519 4544 Domini
1571 4490 1674 4546 mei
1730 4505 1930 4561 cogno-

2108 3293 2197 3350 Ν.
2243 3292 2300 3348 In
2343 3301 2573 3364 quatuor
2604 3292 2764 3364 igitur
2810 3291 3180 3362 evangelistis,
3234 3289 3472 3347 evidenti
3518 3307 3620 3346 nu-

2031 3400 2307 3443 merorum
2356 3385 2567 3443 ratione
2596 3391 2953 3439 monstratum
2998 3393 3102 3450 est,
3134 3380 3275 3453 quod
3307 3396 3413 3438 non
3450 3381 3622 3439 valeat

2034 3478 2335 3533 communis
2357 3476 2675 3547 propriaque
2696 3475 2885 3532 relatio
2917 3475 3056 3530 ultra
3091 3475 3357 3546 progredi,
3388 3470 3445 3529 at
3472 3475 3615 3529 intra

2035 3568 2312 3624 denariam
2339 3567 2587 3625 contrahi
2611 3567 2985 3639 quantitatem.
3007 3567 3155 3635 Quos
3180 3577 3357 3623 tamen
3385 3582 3620 3623 canones

2035 3660 2272 3716 breviter
2293 3661 2482 3717 snbtcr
2512 3661 2765 3729 adnexui,
2816 3663 3015 3733 quibus
3044 3664 3415 3735 unusquisque
3442 3678 3614 3717 canon

2036 3755 2274 3809 numeris
2317 3753 2661 3823 declaretur;
2693 3755 2777 3812 vel
2818 3766 2875 3811 ut
2905 3757 3242 3812 manifestius
3296 3758 3388 3810 fiat
3429 3754 3620 3827 inquo

2036 3859 2241 3901 canone
2271 3845 2359 3914 qui
2386 3847 2728 3916 evangelista:
2766 3849 3071 3901 communia
3103 3846 3184 3901 vel
3216 3843 3432 3916 propria
3463 3844 3611 3899 dixe-

2035 3937 2165 4002 rint,
2208 3935 2369 3991 facile
2410 3938 2582 3992 lector
2626 3937 2886 3992 inveniat.
2917 3937 3175 3993 Ordinem
3209 3952 3339 3993 vero
3363 3953 3523 4008 quem
3569 3939 3623 3994 in

2042 4016 2308 4084 eanonum
2339 4028 2550 4083 ratione
2574 4027 2918 4099 digessimus,
2952 4028 3016 4081 ad
3050 4027 3151 4084 hoc
3182 4029 3537 4097 exseruimus,
3566 4037 3626 4084 ut

2035 4121 2149 4176 sola
2181 4119 2430 4188 probatio
2461 4119 2632 4185 ﬁeret,
2666 4118 3060 4174 rationabiliter
3100 4118 3307 4175 denarii
3357 4136 3621 4175 summam

2037 4209 2204 4266 fuisse
2223 4209 2604 4280 conscriptam.
2634 4208 2765 4264 Nam
2790 4224 2911 4280 qua:
2940 4225 2965 4263 s
2990 4220 3010 4263 t
3038 4224 3222 4265 eorum
3245 4209 3466 4281 positio,
3501 4209 3623 4265 bre-

2040 4303 2201 4367 viter,
2228 4309 2284 4354 ut
2306 4300 2565 4369 diximus,
2590 4300 2728 4355 infra
2754 4301 2926 4356 notari
2958 4301 3280 4356 curavimus.
3318 4301 3465 4371 Ipsos
3487 4315 3623 4373 quo-

2040 4410 2145 4465 que
2174 4408 2428 4450 numeros
2453 4396 2506 4448 in
2537 4376 2700 4449 unum
2745 4394 2944 4463 pariter
2981 4403 3358 4465 congregatos,
3412 4396 3463 4448 in
3507 4410 3622 4447 mo-

2040 4484 2166 4540 dum
2197 4500 2304 4555 quo
2344 4499 2439 4540 eos
2488 4494 2705 4539 sanctus
2763 4485 3123 4555 Hieronymus
3153 4484 3402 4555 digessit,
3438 4486 3623 4538 curavi

346 4586 534 4639 secus,
566 4575 800 4632 libenter
827 4578 1124 4649 amplector
1171 4580 1700 4649 interpretationem:
1735 4584 1779 4637 si
1808 4582 1933 4636 fuis-
1963 4574 2016 4633 D
2039 4574 2372 4638 describere,
2397 4573 2546 4644 juxta
2576 4575 2775 4629 seriem
2803 4573 3066 4629 duntaxat
3094 4590 3199 4645 qua
3252 4576 3416 4629 totius
3451 4575 3626 4628 Evan-

345 4674 434 4719 εει
468 4664 586 4736 ejus
629 4669 867 4737 propria,
901 4671 1086 4739 procul
1118 4671 1428 4739 abjiccrent.
1476 4671 1609 4727 Nam
1638 4680 1692 4727 et
1714 4673 1921 4728 Contra

342 4756 552 4813 Gentes
577 4761 891 4830 magnificos
920 4761 1087 4817 libros
1121 4762 1356 4818 edidisse
1398 4773 1673 4819 narratur.

425 4848 514 4904 ΙΙΙ.
543 4850 654 4907 lloc
682 4854 843 4922 igitur
873 4853 1246 4925 Evangelium,
1292 4870 1413 4909 cum
1447 4856 1649 4925 absque
1694 4854 1933 4910 numeris

348 4943 696 5011 reperissem,
720 4960 855 5014 quos
877 4945 1192 5000 Ammonius
1221 4946 1451 5001 mirabili
1484 4946 1660 5001 studio
1694 4947 1891 5015 reperit
1917 4964 1932 5013 ;

348 5038 617 5095 Eusebius
644 5054 772 5095 vero
796 5039 1043 5095 Ccsarca:
1072 5041 1352 5111 episcopus
1403 5040 1723 5108 Palaestinae,
1753 5041 1821 5095 ab
1872 5055 1937 5096 eo

422 5237 504 5309 (ιι)
532 5235 803 5312 Fabricius
834 5238 887 5312 in
913 5236 1068 5312 ‘Cod.
1102 5241 1301 5312 Apocr.
1345 5238 1409 5293 N.
1434 5237 1524 5312 T.,
1558 5247 1689 5294 tom.
1725 5240 1763 5302 l,
1800 5254 1920 5312 pag.

346 5307 723 5375 379.conjtcit
753 5324 818 5363 ex
843 5307 1154 5364 abbreviata
1202 5310 1462 5377 scriptura
1492 5311 1702 5364 diatess.
1731 5307 1922 5379 perpe-

349 5395 467 5450 ram
501 5380 697 5432 factum
726 5379 1005 5447 diapente:
1028 5389 1358 5450 repugnante
1403 5380 1653 5434 nimirum
1689 5381 1774 5434 vel
1807 5381 1923 5448 ipso

353 5449 568 5503 Victore
592 5454 904 5519 interprete,
941 5461 996 5504 ut
1041 5449 1283 5515 Eusebii,
1330 5451 1639 5521 llieronytni
1668 5451 1924 5505 aliorum-

350 5536 457 5589 que
485 5529 721 5575 \cterunt
772 5520 1073 5575 testimonia
1104 5522 1432 5575 omittamus.
1486 5520 1665 5589 Itaque
1696 5521 1925 5577 Victoris

351 5590 512 5645 ve-ba
543 5592 577 5644 Ι.
610 5606 661 5645 c.
693 5592 745 5644 in
770 5591 1001 5645 medium
1029 5592 1297 5646 adducens
1331 5591 1469 5645 idem
1505 5592 1801 5657 Fabricius,
1835 5606 1928 5656 pro

349 5663 591 5729 diapente
619 5661 865 5716 rescribit
889 5663 1238 5715 diatessarius.
1293 5665 1372 5716 An
1418 5664 1775 5716 diatessaron?
1823 5662 1930 5715 0b-

349 5744 532 5785 svrvat
564 5741 819 5797 pra-terea
842 5732 1237 5797 Casaubonutn,
1270 5734 1336 5786 ad
1367 5736 1558 5787 ltarou.
1594 5747 1708 5797 xm,
1730 5736 1785 5798 2,
1811 5748 1931 5801 pag.

348 5802 481 5874 εει,
509 5818 738 5877 eumque
759 5812 1000 5861 secutum
1025 5802 1262 5875 lttigiunt
1298 5805 1365 5860 de
1409 5801 1759 5863 llmresiareu.
1814 5817 1932 5873 pag.

2037 4669 2161 4739 gelii
2191 4668 2351 4738 hujus
2378 4668 2534 4723 lcetin
2582 4668 2878 4736 explicatur
2904 4684 2919 4733 ;
2948 4678 3005 4721 ιιι
3039 4670 3127 4738 qui
3160 4669 3348 4724 eadem
3378 4667 3463 4722 vel
3491 4668 3614 4733 alia,

2039 4772 2131 4817 aut
2180 4763 2265 4817 ubi
2299 4763 2515 4833 propria
2541 4761 2883 4832 evangelista:
2918 4760 3260 4831 protulerint,
3303 4767 3627 4814 memoratos

2046 4867 2299 4908 numeros
2323 4854 2469 4921 prius
2489 4855 2736 4907 curiosus
2759 4852 2950 4917 lector,
2974 4854 3017 4905 si
3045 4851 3191 4914 velit,
3216 4849 3528 4919 inspiciens,
3554 4847 3629 4902 fa-

2042 4944 2167 5012 cile,
2195 4960 2261 5000 ex
2291 4955 2417 4999 nota
2467 4945 2701 5006 numeri,
2730 4950 2943 5011 reperta
2996 4939 3309 5010 comprobet
3353 4939 3624 4995 lectione:

2042 5049 2280 5096 sanctam
2302 5050 2357 5095 et
2388 5038 2750 5095 beatiSsitnatn
2775 5035 3097 5090 Trinitatem
3133 5041 3413 5105 precantes
3441 5043 3501 5089 ut
3531 5048 3631 5089 nos

2032 5239 2158 5303 “20!,
2192 5238 2444 5294 maluisse
2486 5236 2626 5306 apud
2660 5234 2927 5289 Victorem
2958 5233 3044 5291 διὰ
3090 5237 3314 5293 πάντων.
3368 5236 3628 5291 Caeterum

2034 5326 2141 5363 non
2172 5310 2409 5363 defuisse
2463 5307 2606 5360 viros
2642 5306 2833 5360 doctos
2882 5306 3149 5376 agnoscit,
3173 5308 3367 5376 quibus
3401 5310 3625 5376 probata

2035 5380 2196 5434 fuerit
2227 5379 2538 5434 Victoriana
2565 5377 2722 5431 lectio
2771 5378 3031 5431 hactenus
3063 5379 3302 5446 vulgata;
3334 5394 3398 5431 eo
3424 5378 3631 5431 scilicet

2035 5452 2253 5505 nomine
2276 5452 2418 5518 quod
2471 5449 2757 5502 Tatianum
2811 5459 3008 5515 praeter
3053 5462 3278 5515 quatuor
3327 5448 3630 5516 Evangelia,

2036 5522 2305 5591 Evangeli
2332 5536 2543 5591 quoilue
2574 5522 2640 5573 ad
2676 5520 2931 5591 llebrmos
2965 5520 3244 5591 rationein
3264 5518 3513 5591 habuisse
3538 5535 3629 5585 pu-

2039 5588 2217 5646 tarint.
2256 5591 2466 5645 Videsis
2500 5588 2739 5643 Grotium
2774 5589 2825 5643 in
2865 5598 2976 5642 not.
3013 5588 3076 5640 ad
3107 5588 3313 5654 Mattlt.,
3346 5589 3445 5641 sub
3478 5591 3630 5655 iuit.;

2040 5662 2105 5718 ϐ.
2132 5662 2179 5715 J.
2212 5661 2458 5716 Vossium
2485 5661 2698 5715 dissort.
2724 5660 2792 5714 de
2813 5660 3019 5731 geneal.
3056 5656 3276 5731 Christi,
3312 5674 3431 5731 pag.
3460 5659 3629 5727 i7,‘0t

2042 5734 2342 5790 Simoniutn
2364 5732 2501 5789 ll-st.
2526 5732 2645 5786 erit.
2671 5740 2801 5786 text.
2830 5730 2890 5785 Ν.
2916 5728 3006 5795 T.,
3038 5744 3156 5798 pag.
3179 5730 3265 5785 Η.
