3980 6196
374 391 479 445 9.53

381 508 432 559 in
457 505 678 559 veritate
705 502 1100 569 Scripturarum
1132 508 1247 548 suat

382 597 721 652 discretionis
745 592 971 664 gratiam
1002 588 1236 642 tribuat:
1259 590 1541 652 quatenus,
1566 584 1621 627 ut
1650 568 1837 640 optimi
1863 576 1971 618 tra—

1512 368 1617 425 VIC
1634 364 1818 422 TUM“)
1858 351 2161 415 EPISCOPI
2202 343 2496 405 CAPUANI

1262 505 1347 544 um
1370 485 1584 544 erudire
1608 482 1878 547 dignetur,
1908 481 1961 527 et
1992 474 2035 529 Α
2069 466 2277 536 pezitac,
2300 458 2478 514 omnia
2506 455 2792 524 probemus
2823 443 3111 502 secundum
3141 438 3363 495 Paulum
3391 437 3441 510 (1
3475 437 3653 497 These,

2079 579 2133 629 v,
2163 558 2281 629 Ἢ),
2310 566 2363 612 et
2390 570 2511 625 qua:
2543 560 2665 606 sunt
2699 550 2838 604 bona
2867 554 3156 599 sectemur.

3540 326 3656 381 256

922 712 1749 910 Iit—tatam!
1822 752 3131 911 unumunum:

1099 1004 1478 1126 EVAN
1505 960 2946 1113 GELIGZE'HARMONUE,

1160 1195 1659 1269 INTEBPRETE
1701 1180 2054 1250 VICTORE
2096 1172 2474 1239 EPISCOPO
2516 1168 2905 1234 CAPUANO.

1786 1329 2268 1357 __________.

974 1461 1145 1519 PR/E
1154 1458 1321 1515 FATI
1332 1458 1396 1514 0.

484 1570 680 1630 Lt'c.t,
712 1564 825 1618 ι-ι.
873 1558 1139 1628 Quoniam
1163 1555 1376 1624 quidem
1424 1549 1580 1604 multi
1627 1544 1803 1600 conati
1851 1548 1979 1596 sunt

413 1666 665 1723 ordinare
711 1656 1075 1714 narrationem
1103 1665 1220 1719 qua:
1250 1651 1305 1702 in
1350 1646 1506 1699 nobis
1536 1640 1817 1709 completa:
1864 1641 1989 1689 sunt

413 1771 624 1819 rerum,
655 1752 792 1804 sicut
836 1745 1170 1800 tradiderunt
1208 1739 1365 1792 nobis
1416 1735 1503 1804 qui
1553 1732 1620 1785 ah
1663 1728 1814 1783 initio
1841 1726 1894 1779 vi

416 1855 563 1908 runt,
588 1852 642 1898 et
658 1838 881 1895 ministri
910 1836 1121 1889 luerunt
1143 1829 1442 1885 sermonis:
1477 1826 1650 1877 visum
1679 1830 1761 1873 est
1781 1826 1835 1872 et
1857 1830 1924 1908 mi

419 1906 664 1991 assecqu
682 1947 710 1983 a
735 1926 1017 1997 principio,
1046 1923 1113 1976 de
1130 1920 1381 1975 omnibus
1410 1915 1695 1984 diligenter
1716 1925 1781 1964 ex
1804 1906 1995 1961 ordine

421 2028 517 2083 tibi
538 2024 814 2087 .serlb‘ere,
834 2020 1035 2089 optime
1057 2013 1379 2081 Theophile,
1405 2018 1461 2063 ut
1482 2017 1777 2077 cognoscas
1808 2013 1992 2056 eorum

422 2118 709 2174 verborum
736 2112 807 2167 de
833 2111 1027 2181 quibus
1060 2105 1303 2161 eruditus
1333 2117 1392 2156 es
1424 2099 1725 2154 veritatem.

936 2216 1164 2274 CAPUT
1217 2210 1498 2268 PillllUil.

430 2321 493 2379 In
522 2319 768 2393 principio
807 2324 916 2370 erat
948 2315 1168 2393 verbum,
1203 2307 1335 2393 Deus
1357 2304 1496 2384 apud
1533 2300 1716 2365 Deum,
1741 2311 1830 2367 per
1857 2310 2006 2366 quem

794 2414 799 2419 -
980 2384 1113 2453 facta
1148 2386 1261 2432 sunt
1288 2392 1481 2429 omnia.

499 2507 654 2561 10m.
686 2516 720 2567 t,
751 2501 861 2555 1-5.
886 2498 942 2553 lu
975 2494 1237 2567 principio
1266 2502 1380 2544 erat
1409 2487 1662 2545 Verbum,
1689 2493 1741 2537 et
1772 2480 2005 2537 Verbum

433 2608 548 2653 erat
579 2594 715 2660 apud
750 2589 936 2648 Deum.
964 2598 1015 2640 et
1049 2587 1188 2639 Deus
1218 2591 1332 2636 erat
1384 2580 1640 2633 Verbum.
1673 2575 1784 2629 lloc
1814 2581 1929 2627 erat
1957 2572 2009 2624 in

434 2688 695 2758 principio
724 2684 863 2757 apud
916 2681 1101 2733 Deum.
1154 2675 1343 2759 Quintia
1370 2688 1461 2739 per
1487 2669 1658 2738 ipsum
1701 2666 1833 2720 fatta
1865 2673 2008 2729 sunt,

432 2799 487 2841 et
534 2785 651 2839 sine
695 2780 811 2849 ipso
844 2776 1039 2831 factum
1094 2781 1176 2826 est
1232 2769 1359 2823 nihil
1403 2764 1542 2834 quod
1576 2763 1769 2817 factum
1814 2768 1916 2813 est.
1952 2759 2008 2811 ln

437 2878 555 2945 ipso
585 2874 688 2929 vlta
713 2874 848 2927 erat.
880 2876 934 2922 et
963 2867 1065 2918 vita
1094 2872 1209 2917 erat
1245 2861 1331 2912 lux
1375 2856 1649 2910 hominum
1681 2872 1695 2908 :
1728 2861 1781 2906 et
1832 2851 1918 2903 lux
1939 2849 2011 2945 ‘in

440 2940 674 3020 tenebris
709 2963 872 3026 lucet,
915 2966 969 3012 ct
1018 2955 1250 3009 tcuebrm
1304 2965 1419 3004 eam
1454 2964 1558 3004 non
1592 2940 2015 3013 comprehende-

445 3067 587 3114 l'lllll.

1059 3135 1286 3192 CAPUT
1325 3132 1385 3189 11.

880 3232 955 3286 De
984 3230 1263 3285 sacerdotio
1302 3227 1343 3281 Ζ
1349 3223 1584 3279 ιιίΙιανὶιῑν.
2049 3208 2094 3271 C

516 3350 642 3407 Luc.
674 3366 711 3415 ι,
742 3336 892 3402 5-9.5.
937 3344 1056 3399 Fuit
1086 3344 1136 3396 in
1159 3340 1349 3396 diebus
1380 3336 1605 3392 tterodis
1636 3334 1775 3404 regis
1797 3332 2023 3398 Judtete,

451 3444 707 3501 sacerdos
755 3443 967 3508 quidam
1019 3422 1233 3493 nomine
1263 3434 1570 3500 Zacharias,
1604 3430 1671 3487 de
1710 3431 1827 3485 vice
1855 3429 2019 3494 Abia;

444 3547 500 3592 et
527 3552 659 3597 uxor
691 3534 763 3587 illi
803 3532 870 3586 de
902 3530 1109 3585 ﬁliabus
1140 3532 1338 3592 Aaron,
1371 3533 1423 3579 et
1451 3538 1646 3578 nomen
1694 3521 1807 3591 ejus
1853 3519 1908 3573 El
1937 3534 2020 3571 sa-

449 3627 599 3684 beth.
642 3627 1004 3679 Erantautem
1030 3619 1159 3689 justi
1196 3619 1351 3672 ambo
1384 3627 1505 3669 ante
1532 3615 1719 3678 Deum,
1760 3612 2022 3666 inceden-

449 3728 533 3773 tes
556 3717 607 3771 in
638 3714 885 3768 omnibus
911 3710 1174 3767 mandatis
1204 3719 1257 3764 et
1280 3706 1757 3778 jnstilicationihus
1786 3702 2019 3769 Domini,

448 3813 569 3866 sine
598 3808 837 3879 querela.
870 3804 939 3859 Et
987 3819 1092 3858 non
1139 3811 1253 3857 crat
1284 3802 1389 3855 illis
1420 3800 1585 3867 hlius,
1611 3812 1676 3853 eo
1706 3794 1845 3869 quod
1880 3802 2028 3849 CSSet

452 3899 722 3959 Elisnbetlt
770 3897 988 3962 sterilis,
1023 3906 1075 3949 et
1098 3895 1257 3947 ambo
1298 3892 1686 3962 processissent
1738 3889 1790 3942 in
1839 3886 2027 3941 diebus

448 3995 582 4051 sitis.
617 3992 835 4046 Factum
878 4001 957 4044 est
991 3993 1172 4041 autem
1203 4001 1322 4039 cum
1372 3982 1671 4039 sacerdotio
1714 3980 2029 4050 fungeretur

452 4084 743 4141 Zacharias
770 4084 823 4138 in
852 4082 1039 4136 ordine
1067 4081 1195 4134 vicis
1223 4093 1332 4131 sua:
1360 4087 1481 4130 ante
1507 4072 1672 4131 Deum
1692 4112 1707 4137 ,
1739 4072 2031 4127 secundum

450 4174 900 4232 consuetudinem
944 4171 1253 4238 sacerdotii,
1302 4182 1447 4226 sorte
1487 4170 1615 4225 exiit
1663 4179 1720 4224 ut
1758 4168 2035 4226 incensum

457 4281 706 4344 poneret,
738 4270 1011 4339 ingressus
1069 4268 1120 4320 in
1177 4266 1432 4334 templum
1485 4261 1715 4317 Domini.
1759 4263 1825 4316 Et
1860 4256 2036 4316 otunis

456 4360 741 4416 multitudo
770 4356 947 4428 populi
976 4367 1093 4410 erat
1120 4371 1277 4408 orans
1324 4353 1475 4418 foris,
1505 4356 1631 4407 hora
1675 4354 1897 4407 incensi.
1931 4354 2039 4422 Ap-

458 4451 636 4523 paruit
663 4457 839 4503 autem
868 4449 938 4501 illi
972 4447 1188 4527 angelus
1227 4445 1457 4512 Domini,
1485 4455 1631 4500 stans
1670 4461 1697 4497 a
1727 4445 1932 4499 dextris
1961 4446 2037 4498 al-

458 4540 595 4595 taris
625 4539 847 4594 incensi.
896 4539 959 4590 Et
1002 4535 1288 4589 Zacharias
1319 4538 1557 4591 turbatus
1590 4545 1693 4601 est,
1727 4536 1948 4600 videns;
1981 4544 2035 4591 et

461 4634 624 4687 timor
648 4628 800 4685 irruit
826 4642 988 4695 super
1009 4643 1152 4681 eum.
1179 4627 1263 4681 Ait
1298 4636 1476 4682 autem
1507 4627 1575 4682 ad
1607 4629 1753 4683 illum
1777 4630 2033 4698 angelus:

467 4720 544 4780 Ne
578 4725 790 4787 timeas,
818 4718 1097 4783 Zacharia,
1121 4721 1370 4789 quoniam
1402 4723 1657 4776 exaudita
1680 4731 1761 4777 est
1793 4721 2035 4791 precatio

461 4826 586 4879 tua;
611 4824 661 4869 et
688 4822 820 4867 uxor
850 4821 935 4865 tua
968 4809 1240 4865 Elisabeth
1273 4813 1443 4881 pariet
1474 4811 1564 4865 tihi
1594 4812 1783 4879 lilium,
1809 4820 1863 4865 et
1882 4828 2041 4867 voca-

462 4904 549 4973 bis
576 4918 770 4960 nomen
814 4904 929 4974 ejus
978 4900 1260 4959 Joannem.
1310 4904 1374 4957 Et
1424 4905 1525 4958 erit
1577 4904 1828 4974 gaudium
1862 4904 1958 4957 tibi
1991 4914 2047 4960 et

465 4997 802 5061 exsultatio;
836 5005 889 5050 et
918 4995 1071 5049 multi
1122 4993 1175 5048 in
1232 4993 1501 5048 naivitate
1549 4992 1665 5062 ejus
1710 4993 2041 5065 gaudebunt.

470 5084 592 5144 Erit
615 5087 755 5140 enim
784 5100 1005 5153 magnus
1035 5099 1216 5140 coram
1245 5082 1466 5138 Domino
1490 5100 1504 5148 ;
1536 5093 1589 5137 et
1618 5085 1797 5136 vinum
1826 5093 1881 5139 et
1910 5084 2050 5139 sice-

472 5192 591 5241 ram
624 5192 728 5229 non
760 5177 925 5239 bibet.
969 5177 1036 5229 Et
1076 5177 1275 5246 Spiritu
1317 5187 1501 5231 sancto
1549 5177 1848 5245 replebitur
1877 5176 2052 5231 adhuc

471 5283 542 5325 ex
574 5275 725 5320 utero
748 5268 935 5319 matris
960 5282 1095 5320 sua.
1124 5267 1187 5321 Et
1212 5268 1409 5323 multos
1453 5266 1682 5322 ﬁliorum
1716 5267 1874 5322 lsrael
1923 5280 2055 5323 con—

478 5368 652 5416 vertet
673 5355 740 5410 ad
770 5355 1050 5409 Dominum
1081 5354 1246 5410 Deum
1273 5360 1537 5425 ipsorum:
1570 5368 1625 5413 et
1646 5358 1761 5426 ipse
1788 5357 2057 5426 prtecedet

476 5460 605 5507 ante
635 5450 779 5504 illum
808 5448 860 5501 in
909 5445 1101 5515 spiritu
1145 5457 1198 5503 et
1243 5449 1442 5504 virtute
1485 5451 1635 5515 Eliae,
1680 5461 1737 5504 ut
1775 5459 2052 5505 convertat

477 5541 644 5597 corda
674 5550 881 5610 patrum
907 5540 959 5594 in
995 5539 1154 5605 ﬁlios,
1186 5547 1241 5593 et
1266 5540 1570 5596 incredulos
1600 5543 1664 5596 ad
1712 5541 2048 5611 prudentiam

484 5632 771 5697 justorum,
825 5643 1013 5699 parare
1082 5629 1308 5684 Domino
1358 5631 1562 5699 plebem
1618 5634 1932 5701 perfectam.
1980 5632 2048 5686 Et

488 5719 622 5773 dixit
649 5718 932 5774 lacltarias
967 5720 1030 5775 ad
1061 5720 1346 5791 angelum:
1382 5721 1533 5777 Unde
1583 5725 1685 5779 hoc
1729 5724 1933 5778 sciam?
1957 5738 2057 5791 ego

490 5809 518 5845 ν
538 5825 653 5868 sum
677 5823 864 5876 senex,
891 5820 941 5869 et
968 5825 1098 5866 uxor
1122 5826 1236 5868 mea
1255 5813 1518 5882 processit
1546 5813 1597 5867 in
1622 5812 1806 5867 diebus
1836 5814 1967 5870 suis.
1994 5813 2060 5869 Et
2097 5848 2109 5859 .

2074 4589 2123 4648 D

2090 1432 2421 1503 respondens
2447 1425 2682 1497 angelus,
2712 1424 2845 1480 dixit
2873 1424 2923 1480 ei
2950 1441 2964 1477 :
2991 1424 3100 1493 Ego
3142 1438 3267 1477 sum
3283 1422 3527 1489 Gabriel,
3577 1424 3675 1494 qui

2090 1526 2253 1584 adsto
2270 1530 2396 1575 ante
2426 1519 2594 1573 Deum
2619 1532 2636 1582 ;
2663 1524 2717 1569 ct
2743 1516 2941 1571 missus
2965 1528 3085 1571 sum
3116 1514 3260 1583 loqui
3290 1513 3355 1566 ad
3380 1522 3451 1579 te,
3495 1524 3547 1570 et
3574 1515 3679 1570 hoc

2093 1618 2189 1674 tibi
2211 1608 2702 1682 evangelizaro-Et
2732 1621 2856 1662 ecce
2885 1606 2995 1661 eris
3023 1615 3226 1673 tacens,
3255 1614 3311 1660 et
3342 1619 3446 1658 non
3472 1605 3678 1672 poteris

1897 1725 1991 1778 de.
2035 1709 2047 1719 ”
2095 1714 2241 1783 loqui
2278 1722 2447 1778 usque
2469 1706 2523 1759 in
2554 1702 2696 1758 diem
2719 1717 2825 1773 quo
2869 1701 2983 1756 ha'c
3010 1700 3160 1767 (lant,
3186 1714 3283 1766 pro
3310 1715 3374 1754 eo
3405 1700 3547 1768 quod
3574 1716 3682 1755 non

1913 1813 1986 1866 ihi
2028 1830 2072 1892 Β
2097 1803 2369 1862 credidisti
2400 1798 2582 1854 verbis
2615 1797 2773 1864 meis,
2803 1812 2921 1865 qua:
2953 1795 3314 1860 implebantur
3343 1792 3396 1846 in
3441 1801 3688 1861 tempore

2099 1913 2220 1955 suo.
2281 1895 2346 1948 Et
2387 1900 2503 1946 erat
2531 1889 2678 1956 plebs
2717 1894 3036 1956 exspectans
3058 1884 3410 1940 Zachariam:
3437 1894 3492 1939 et
3522 1886 3687 1937 mira-

2102 1988 2299 2043 bantur
2325 1981 2465 2052 quod
2498 1968 2732 2033 tardaret
2755 1978 2869 2048 ipse
2896 1977 2947 2030 in
2981 1975 3201 2044 templo.
3225 1974 3483 2043 Egressus
3508 1985 3687 2028 autem

2104 2094 2211 2136 non
2254 2082 2461 2146 poterat
2491 2070 2632 2140 loqui
2661 2068 2727 2123 ad
2753 2082 2869 2124 eos.
2934 2066 2999 2122 Et
3034 2073 3406 2137 cognoverunt
3433 2064 3572 2131 quod
3604 2062 3688 2117 vi.

2105 2171 2310 2225 sionem
2343 2165 2561 2217 vidisset
2603 2162 2655 2215 iu
2691 2161 2910 2229 templo.
2943 2158 3009 2213 Et
3050 2158 3166 2226 ipse
3190 2166 3307 2211 erat
3354 2157 3585 2210 innuens
3628 2156 3694 2210 il-

2108 2260 2199 2325 lis,
2232 2267 2287 2312 et
2338 2252 2634 2325 permansit
2682 2259 2882 2305 mutus.
2916 2249 2988 2304 Et
3035 2248 3227 2302 factum
3275 2254 3361 2302 est
3399 2255 3457 2301 ut
3486 2245 3694 2314 impleti

2109 2358 2233 2404 sunt
2273 2347 2389 2400 dies
2436 2340 2601 2397 ofﬁcii
2636 2340 2773 2409 ejus,
2821 2354 2940 2393 cum
2999 2338 3131 2391 abiit
3161 2338 3211 2390 in
3255 2337 3473 2390 domum
3514 2350 3694 2389 suam.

2114 2441 2241 2495 Post
2269 2439 2366 2490 hos
2386 2443 2561 2489 autem
2595 2431 2709 2485 dies
2730 2430 2972 2497 concepit
3006 2429 3276 2483 Elisabeth
3310 2443 3376 2481 ux
3417 2443 3440 2479 r
3469 2426 3612 2496 ejus,
3635 2438 3691 2480 et

2113 2528 2419 2584 occultabat
2456 2537 2516 2577 se
2557 2521 2831 2576 mensibus
2872 2521 3128 2590 quinque,
3181 2518 3404 2573 dicens:
3438 2518 3568 2584 Quia
3618 2519 3699 2573 sic

2116 2618 2248 2675 mihi
2274 2616 2397 2671 fecit
2430 2613 2679 2669 Dominus
2702 2613 2754 2666 in
2788 2611 2977 2669 diebus
3004 2611 3197 2680 quibus
3225 2610 3460 2679 respexit
3484 2608 3700 2665 auferre

2118 2707 2460 2780 Opprobrium
2511 2718 2685 2760 meum
2717 2703 2854 2756 inter
2887 2702 3156 2756 homines.

2732 2793 2956 2850 CAPUT
2998 2793 3085 2847 lll.

2149 2948 2154 2953 ,
2372 2885 2597 2956 Angelus
2621 2881 2828 2939 Gabriel
2853 2884 2921 2937 ad
2954 2883 3177 2937 Mariam
3205 2882 3451 2954 loquitur.

2191 2981 2323 3036 Luc.
2350 2996 2385 3047 ι,
2416 2976 2601 3033 26-56.
2659 2975 2711 3029 ln
2764 2989 2947 3029 mense
2985 2984 3161 3029 autem
3207 2985 3358 3028 sexto
3390 2975 3583 3032 missus
3616 2985 3701 3031 est

2123 3078 2343 3143 angelus
2372 3067 2582 3127 Gabriel
2613 3083 2640 3122 a
2680 3068 2784 3121 Deo
2829 3066 2879 3120 iit
2911 3066 3180 3120 civitatem
3214 3064 3448 3122 Galilceze
3486 3067 3570 3121 cui
3600 3082 3708 3122 no-

2128 3182 2251 3223 men
2282 3162 2561 3227 Nazareth,
2611 3159 2676 3214 ad
2732 3159 2990 3228 virginem
3039 3158 3417 3226 desponsatam
3461 3160 3575 3213 viro
3619 3160 3710 3215 cui

2130 3276 2324 3316 nomen
2357 3266 2474 3314 erat
2501 3254 2725 3323 .loscph,
2762 3252 2829 3307 de
2861 3252 3020 3309 domo
3053 3252 3255 3317 David;
3281 3260 3334 3307 et
3376 3268 3570 3307 nomen
3598 3253 3712 3306 vir-

2130 3352 2292 3423 ginis,
2345 3349 2533 3403 Maria.
2586 3346 2650 3403 Et
2692 3346 2967 3413 ingressus
3018 3345 3237 3413 angelus
3270 3343 3333 3397 ad
3367 3360 3487 3399 eam
3537 3344 3710 3398 dixit:

2133 3445 2270 3506 Ave,
2303 3439 2472 3511 gratia
2499 3437 2656 3506 plena
2680 3474 2699 3499 ,
2731 3436 2988 3489 Dominus
3020 3445 3194 3491 tecum
3216 3475 3233 3500 ,
3265 3435 3539 3499 benedicta
3565 3445 3619 3488 tu
3657 3435 3714 3489 in

2124 3531 2463 3601 mulieribus.
2518 3529 2647 3594 Qua:
2692 3540 2812 3583 cum
2843 3526 3100 3591 audisset,
3151 3526 3356 3580 turbata
3398 3526 3479 3581 est
3508 3529 3559 3581 in
3592 3542 3715 3583 ser:

2134 3640 2258 3679 mou
2284 3652 2287 3655 λ
2315 3623 2451 3690 ejus,
2476 3630 2529 3677 et
2555 3618 2824 3689 cogitabat
2854 3618 3027 3688 qualis
3052 3625 3195 3672 esset
3225 3619 3327 3671 ista
3354 3619 3622 3673 salutatio.
3649 3619 3720 3672 Et

2134 3717 2210 3770 ait
2230 3714 2490 3783 angelus"L
2507 3728 2522 3765 :
2539 3711 2616 3767 Ne
2642 3712 2853 3775 timeas,
2874 3711 3056 3775 Maria,
3076 3709 3318 3765 inveuiSIi
3336 3712 3474 3765 enim
3491 3712 3719 3780 gratiam

2136 3807 2273 3875 apud
2324 3805 2624 3859 Dominum.
2657 3804 2793 3858 Ecce
2844 3802 3112 3871 concipies
3150 3809 3205 3856 et.
3246 3802 3421 3873 paries
3468 3802 3635 3856 lilium
3663 3802 3723 3856 in

2139 3907 2330 3961 utero;
2374 3906 2431 3963 et
2458 3895 2676 3950 vocabis
2718 3908 2916 3948 nomen
2942 3896 3059 3963 ejus
3088 3893 3293 3947 .lesum.
3342 3893 3440 3948 llic
3473 3893 3575 3948 erit
3606 3908 3724 3949 nia-

2136 4005 2292 4061 gnus.
2323 4000 2380 4045 et
2406 3989 2571 4045 Filius
2600 3986 2859 4043 Altissimi
2892 3986 3206 4043 vocabitur:
3230 3993 3285 4042 et
3313 3986 3462 4041 dabit
3484 3988 3563 4041 illi
3610 3988 3725 4043 Do-

2139 4087 2316 4137 minus
2343 4082 2482 4136 Deus
2513 4079 2697 4134 sedero
2726 4077 2891 4133 David
2921 4078 3084 4147 patris
3111 4078 3247 4149 ejus,
3296 4087 3349 4133 et
3390 4078 3641 4145 regnabit
3667 4080 3722 4132 in

2140 4176 2301 4230 domo
2325 4173 2489 4227 Jacob
2521 4172 2575 4226 in
2602 4182 2885 4237 :eternum,
2910 4181 2963 4225 et
2987 4172 3133 4241 regni
3165 4169 3283 4240 ejus
3306 4186 3409 4229 non
3437 4171 3540 4225 erit
3579 4170 3723 4225 litus.

2147 4267 2290 4322 Dixit
2316 4265 2479 4319 Maria
2514 4264 2577 4316 ad
2603 4263 2887 4332 angelum:
2918 4261 3197 4328 Quomodo
3248 4262 3337 4317 [iet
3385 4262 3555 4326 istud,
3584 4278 3727 4329 quo-

2144 4361 2282 4413 niam
2313 4358 2481 4411 virum
2522 4369 2625 4409 non
2657 4353 2962 4425 cognosco?
3014 4354 3077 4408 Et
3109 4353 3439 4421 respondens
3476 4356 3723 4423 angelus,

2146 4449 2341 4504 dixitci
2366 4466 2378 4499 :
2404 4446 2633 4517 Spiritus
2662 4455 2878 4500 sanctus
2906 4447 3248 4513 superveniet
3290 4448 3342 4499 iu
3376 4457 3446 4517 te,
3478 4456 3534 4499 ct
3559 4446 3732 4500 virtus

2149 4539 2409 4594 Altissimi
2432 4538 2770 4592 obnmbrabit
2802 4537 2893 4591 tibi
2921 4551 2934 4586 :
2979 4536 3207 4607 ideoque
3231 4548 3285 4591 et
3307 4538 3446 4607 quod
3473 4545 3732 4593 nascetur

2147 4646 2211 4686 ex
2246 4643 2297 4685 te
2323 4641 2590 4693 sanctum,
2621 4628 2897 4683 vocabitur
2924 4628 3092 4683 Filius
3130 4629 3247 4683 Dei.
3292 4630 3357 4685 Et
3383 4644 3509 4686 ecce
3552 4629 3727 4684 Elisa.

2150 4723 2274 4777 bcth
2306 4734 2533 4791 cognata
2570 4730 2676 4783 tua,
2702 4730 2752 4774 et
2782 4719 2895 4787 ipsa
2922 4719 3168 4788 concepit
3190 4718 3354 4774 lilium
3379 4720 3431 4774 in
3454 4729 3736 4777 senectute

2151 4829 2242 4869 sua
2272 4831 2284 4874 ;
2319 4826 2369 4868 et
2403 4813 2487 4867 hic
2516 4812 2716 4867 mensis
2741 4823 2924 4867 sextus
2970 4822 3051 4867 est
3082 4812 3182 4878 illi,
3217 4827 3336 4881 qum
3366 4824 3588 4868 vocatur
3614 4821 3733 4867 ste.

2153 4906 2289 4973 rilis,
2333 4905 2455 4973 quia
2480 4918 2584 4958 non
2607 4905 2708 4958 erit
2731 4902 3055 4972 impossibile
3078 4904 3217 4973 apud
3242 4904 3406 4957 Deum
3435 4918 3596 4958 omne
3617 4921 3738 4961 vero

2159 4998 2307 5053 brm.
2341 4997 2488 5051 Dixit
2517 5006 2691 5050 autem
2718 4995 2917 5050 Maria:
2952 4995 3090 5049 Ecce
3136 4994 3328 5049 ancilla
3361 4994 3604 5056 Domini;
3644 4996 3741 5049 liat

2157 5089 2284 5141 mihi
2334 5088 2627 5142 secundum
2694 5087 2913 5141 verbum
2966 5095 3133 5139 tuum.
3167 5085 3230 5140 Et
3278 5086 3525 5140 discessit
3552 5087 3618 5139 ab
3648 5088 3738 5140 illa

2157 5182 2395 5252 angulus.
2423 5180 2725 5249 Exsurgens
2750 5192 2925 5234 autem
2960 5179 3122 5233 Maria
3148 5177 3200 5231 in
3223 5177 3412 5233 diebus
3443 5179 3574 5247 illis,
3605 5178 3745 5233 abiit

2161 5275 2213 5330 in
2257 5283 2507 5327 montana
2535 5287 2655 5327 cum
2706 5271 3072 5336 festinatione,
3103 5270 3156 5325 in
3188 5271 3457 5325 civitatem
3487 5271 3651 5326 Juda:
3686 5281 3743 5327 et

2163 5364 2382 5420 intravit
2421 5364 2473 5417 in
2496 5363 2712 5417 domum
2744 5362 3046 5426 Zachariae,
3078 5361 3407 5416 etsalutavit
3437 5361 3736 5416 Elisabetb.

2166 5456 2234 5511 Et
2262 5456 2454 5510 factum
2485 5462 2589 5521 est,
2621 5465 2679 5508 ut
2716 5453 2919 5508 audivit
2948 5452 3323 5508 salutationem
3360 5452 3535 5508 Maria:
3569 5454 3746 5507 lilii-a-

2165 5546 2312 5613 beth,
2346 5546 2629 5600 exsultavit
2660 5544 2833 5599 infans
2874 5544 2928 5599 in
2962 5553 3113 5598 utero
3136 5542 3272 5613 ejus.
3320 5544 3382 5599 Et
3433 5546 3631 5615 repleta
3662 5556 3748 5602 est

2166 5636 2367 5706 Spiritu
2393 5646 2577 5691 sancto
2608 5634 2900 5697 Elisabeth,
2942 5643 2997 5688 et
3023 5635 3344 5689 exclamavit
3371 5651 3499 5689 voce
3529 5652 3747 5705 magna,

2166 5735 2222 5781 et
2246 5726 2381 5779 dixit
2404 5726 2488 5780 ei:
2518 5724 2802 5780 Benedicta
2832 5732 2887 5777 tu
2933 5723 3074 5777 inter
3103 5723 3380 5785 mulieres,
3418 5734 3474 5777 et
3516 5724 3743 5778 lienedi-

2170 5824 2290 5872 ctus
2316 5814 2514 5871 fructus
2542 5816 2737 5871 ventris
2778 5814 2872 5869 tui.
2909 5814 2972 5869 Et
2997 5813 3137 5869 unde
3164 5811 3263 5869 hoc
3292 5812 3443 5881 mihi,
3480 5822 3536 5868 ut
3569 5816 3747 5870 veniat
