3980 6196
433 327 534 382 2559

436 455 518 500 est
571 461 598 498 a
650 443 874 498 Domino
929 456 1022 511 per
1079 438 1426 509 prophetam,
1484 437 1753 490 dicentem
1802 452 1814 487 :

433 540 581 609 virgo
608 538 659 591 iit
684 546 839 589 utero
868 533 1105 595 ltabcltit,
1146 541 1201 586 et
1224 531 1398 600 pariet
1419 530 1620 592 Iilittm;
1650 538 1704 582 et
1745 526 2010 580 vocabunt

435 646 626 685 nomen
653 628 774 696 ejus
799 625 1134 691 Emmanuel,
1165 624 1305 693 quod
1331 630 1410 677 est
1440 620 1877 689 interpretatum,
1902 616 2011 670 No-

436 724 637 777 biscum
671 721 810 773 Deus
832 716 966 788 (Isa.
1002 732 1097 779 vn,
1132 714 1241 785 ιι).
1276 715 1588 782 Exsurgens
1608 722 1785 765 autem
1811 708 2010 775 Ioseph

434 829 463 866 a
495 828 705 876 somno,
742 811 868 864 fecit
894 809 1032 863 sicut
1064 806 1313 877 prtecepit
1352 806 1400 860 ei
1430 805 1649 874 angelus
1694 801 1927 864 Domini,
1959 808 2011 854 et

435 905 639 971 act-epit
666 901 947 970 conjugem
999 914 1169 954 suam.
1223 898 1288 952 Et
1327 911 1432 950 non
1475 892 1836 963 cognoscebat
1864 905 2008 955 eam,

436 995 609 1048 donec
638 992 837 1061 peperit
871 990 1037 1044 lilium
1086 1002 1241 1042 suum
1276 987 1723 1055 primogenitum;
1753 993 1810 1037 et
1854 995 2013 1034 voca.

444 1087 519 1140 vit
559 1099 756 1138 nomen
805 1082 921 1152 ejus
948 1081 1149 1136 Iesum.
1178 1109 1247 1117 —
1270 1079 1400 1133 Luc.
1430 1094 1491 1143 tt,
1526 1077 1642 1131 I-7.
1685 1077 1902 1131 Factum
1934 1081 2016 1126 est

439 1189 617 1232 autem
647 1176 697 1230 in
730 1175 837 1229 illis
864 1174 1073 1236 diebus,
1102 1170 1239 1226 exiit
1265 1170 1497 1223 edictum
1531 1183 1561 1221 a
1591 1168 1802 1222 Caesare
1832 1171 2013 1230 Augu-

438 1282 545 1333 sto,
578 1278 634 1323 ut
674 1265 1070 1322 describeretur
1115 1264 1398 1318 universus
1441 1260 1607 1315 orbis.
1641 1258 1765 1313 llaec
1814 1256 2019 1312 descri-

439 1362 551 1429 ptio
598 1359 767 1427 prima
813 1357 951 1411 laeta
994 1362 1079 1410 est
1120 1369 1150 1407 a
1196 1353 1423 1421 prteside
1469 1349 1640 1420 Syria:
1686 1348 1910 1419 Cyrino.
1952 1347 2018 1400 Et

443 1450 589 1505 ibant
614 1461 821 1511 omnes,
869 1455 926 1500 ut
955 1444 1341 1511 proﬁterentur
1380 1443 1573 1512 singuli
1629 1443 1681 1495 itt
1709 1455 1860 1496 suam
1891 1441 2017 1495 civi-

443 1550 626 1595 tatem.
653 1537 911 1593 Ascendit
946 1546 1124 1589 autem
1155 1545 1209 1589 et
1235 1534 1433 1601 Ioseph
1472 1548 1501 1586 a
1533 1532 1753 1587 Galilzea
1784 1530 1852 1585 de
1891 1531 2016 1584 civi-

444 1642 553 1686 tate
587 1629 873 1692 Nazaretlt,
907 1630 959 1682 in
1004 1629 1244 1683 Iudaeam
1291 1627 1345 1680 iu
1387 1627 1658 1681 civitatem
1692 1623 1857 1677 David
1902 1639 2023 1690 quae

442 1735 661 1780 vocatur
694 1723 962 1778 Bethleem
986 1761 1001 1786 ,
1034 1736 1099 1774 eo
1139 1719 1279 1786 quod
1309 1727 1455 1772 esset
1484 1717 1552 1771 de
1579 1717 1740 1770 domo
1775 1724 1831 1769 et
1863 1714 2019 1768 fami-

1573 315 1882 374 VICTUIKIS
1923 312 2229 369 EPISCUI'I
2270 312 2564 367 CAl‘UANI

1866 434 2005 486 Ecce
2038 433 2087 492 A
2112 428 2195 499 6),
2228 429 2463 482 tulerunt
2489 428 2636 481 illum
2665 427 2718 481 itt
2749 427 3042 483 Jerusalem
3074 439 3132 482 ιιι
3159 428 3410 483 sisterent
3433 441 3555 481 cum
3588 427 3689 482 Do-

3588 313 3698 367 2b“

2116 521 2283 585 mino,
2310 520 2451 574 sicut
2470 520 2729 588 scriptum
2758 529 2838 574 est
2868 520 2919 574 in
2953 522 3067 588 lege
3096 520 3303 574 Domini
3336 536 3349 574 :
3378 520 3512 587 Q-tia
3537 534 3703 575 omne

2113 608 2472 663 masculinum
2523 608 2841 676 adapericns
2891 610 3132 675 vulvam,
3182 619 3425 664 sanctum
3474 610 3704 664 Domino

2111 697 2389 753 vocabitur
2418 696 2612 767 (Exod.
2643 713 2753 763 ιιιι,
2788 698 2883 769 2);
2914 710 2970 753 et
3019 709 3077 753 ut
3103 700 3294 754 darent
3322 700 3577 766 hostiam,
3617 716 3706 754 se-

2115 789 2348 843 cundum
2377 790 2517 858 quod
2549 789 2747 844 dictum
2790 801 2869 845 est
2897 792 2947 844 in
2978 793 3093 863 lege
3140 792 3365 857 Domini,
3404 808 3497 861 par
3528 802 3709 847 turtu-

2115 894 2232 933 rum
2274 889 2366 932 aut
2391 879 2525 934 duos
2555 880 2731 949 pullos
2777 881 3145 935 columbarum
3193 881 3339 951 (Leti.
3374 899 3467 946 xu,
3515 884 3597 951 8).
3639 884 3708 936 Et

2116 986 2243 1026 ecce
2270 974 2429 1025 homo
2457 985 2574 1026 erat
2605 974 2654 1026 in
2684 960 2978 1027 Jerusalem
3009 974 3095 1027 cui
3127 989 3319 1027 nomen
3353 974 3571 1029 Simeon
3603 992 3616 1025 :
3645 985 3707 1028 et

2120 1063 2281 1117 homo
2316 1065 2415 1118 iste
2452 1064 2628 1133 justus
2666 1075 2722 1118 et
2753 1068 3056 1131 timoratus,
3104 1075 3430 1133 exspectans
3457 1067 3715 1118 conpla-

2119 1159 2317 1212 tionem
2346 1157 2539 1223 Israel;
2571 1168 2627 1211 et
2650 1158 2884 1226 Spiritus
2918 1168 3137 1212 sanctus
3160 1166 3280 1211 erat
3318 1158 3369 1211 in
3402 1172 3488 1209 eo.
3519 1157 3585 1209 Et
3614 1172 3710 1209 re.-

2123 1259 2378 1314 Sponsum
2408 1256 2691 1314 acceperat
2712 1263 2741 1296 a
2772 1244 2973 1310 Spiritu
3002 1254 3208 1309 sancto,
3246 1261 3352 1299 non
3379 1245 3617 1299 visurum
3652 1260 3725 1301 se

2122 1349 2374 1402 mortem,
2410 1338 2693 1406 nisi‘prius
2716 1337 2923 1391 videret
2947 1338 3214 1391 Christum
3258 1335 3485 1390 Domini.
3520 1336 3587 1387 Et
3608 1349 3718 1388 ve—

2122 1430 2200 1484 nit
2229 1430 2281 1483 in
2321 1429 2516 1499 spiritu
2562 1429 2615 1483 in
2647 1430 2927 1496 templum.
2974 1428 3189 1483 Etcum
3231 1428 3545 1482 inducerent
3576 1442 3719 1494 pue-

2122 1534 2240 1575 rum
2262 1518 2444 1573 Jesum
2474 1528 2722 1586 parentes
2743 1519 2881 1589 ejus,
2911 1516 2964 1572 u't
2997 1519 3233 1573 lacerent
3256 1518 3549 1573 secundum
3573 1533 3718 1572 con-

2124 1613 2459 1666 suetudinem
2491 1612 2623 1680 legis
2654 1627 2749 1679 pro
2792 1626 2879 1676 eo,
2925 1621 2976 1664 trt
3008 1613 3119 1679 ipse
3166 1612 3367 1679 accepit
3400 1626 3522 1664 eum
3551 1612 3604 1663 itt
3637 1610 3724 1663 ul-

2125 1720 2225 1759 nas
2256 1719 2401 1766 suas,
2431 1712 2487 1757 et
2517 1702 2789 1757 benedixit
2817 1703 3001 1767 Deum,
3028 1712 3081 1755 et
3104 1702 3237 1755 dixit
3264 1718 3278 1753 :
3308 1700 3459 1755 Nunc
3484 1700 3721 1754 dimittis

443 1818 511 1872 lia
544 1816 731 1880 David,
762 1824 819 1868 ut
850 1815 1338 1882 proﬁtereturcum
1370 1808 1533 1865 ttat-ia
1563 1807 1885 1877 desponsata
1917 1804 2019 1860 sibi
2053 1793 2101 1852 B
2126 1811 2343 1851 servum
2377 1806 2545 1859 ιιιιιιη.
2589 1794 2837 1857 Domine.
2872 1791 3166 1848 muluium
3198 1793 3420 1847 verbum
3452 1801 3623 1857 mum.
3656 1792 3720 1882 in

447 1924 618 1965 uxore
641 1914 970 1978 praegnante.
1006 1903 1224 1959 Factum
1250 1913 1335 1958 est
1372 1910 1550 1957 autem
1577 1915 1698 1954 cum
1720 1906 1903 1954 essent
1928 1898 2021 1963 ibi,

446 2001 652 2069 impleti
679 2010 804 2053 sunt
832 1998 948 2052 dies
980 2003 1041 2051 ut
1068 2002 1301 2065 pareret.
1332 1993 1401 2048 Et
1430 1990 1637 2063 peperit
1664 1988 1828 2044 ﬁlium
1867 2003 2024 2043 suum

446 2092 883 2161 primogenitum,
912 2096 970 2142 et
994 2088 1185 2158 pannis
1210 2099 1335 2141 eum
1376 2084 1621 2149 involvit,
1663 2090 1721 2137 et
1747 2080 2028 2137 reclinavit

443 2196 568 2236 eum
597 2181 652 2236 in
679 2178 963 2251 praesepio,
992 2177 1118 2249 quia
1146 2191 1253 2233 non
1283 2184 1399 2232 erat
1424 2174 1455 2211 “
1487 2174 1538 2230 ei
1562 2175 1710 2228 locus
1748 2172 1800 2227 in
1842 2170 2025 2226 divero

444 2289 608 2330 ωηο.

1059 2383 1285 2441 CAPUT
1325 2382 1413 2439 Vl.

825 2498 1048 2572 Angelus
1072 2499 1312 2571 apparuit
1340 2494 1654 2571 pastoribus.

520 2634 653 2692 Luc.
682 2647 744 2698 tt,
776 2633 932 2689 7-20.
974 2632 1044 2687 Et
1083 2641 1325 2702 pastores
1371 2640 1526 2686 erant
1570 2629 1623 2685 in
1670 2628 1892 2702 regione
1939 2641 2030 2682 ea-

451 2725 597 2791 dem,
626 2723 912 2795 vigilantes
941 2733 995 2778 et
1020 2720 1389 2782 custodientes
1417 2720 1628 2791 vigilias
1662 2719 1838 2775 noctis
1867 2731 2043 2788 super.

449 2830 665 2886 gregem
705 2828 882 2868 suum.
914 2812 982 2868 Et
1022 2826 1153 2868 ecce
1186 2811 1410 2882 angelus
1460 2810 1672 2867 Domini
1695 2810 1844 2866 stetit
1876 2808 2033 2879 juxta

453 2907 599 2971 illos,
627 2914 684 2960 et
704 2904 922 2961 claritas
945 2902 1038 2958 Dei
1069 2900 1426 2958 circummisit
1452 2900 1594 2966 illos,
1646 2910 1702 2955 et
1742 2899 2035 2955 timuerunt

456 2996 651 3052 timore
681 3009 894 3065 magno.
926 2992 993 3047 Et
1017 2991 1151 3047 dixit
1177 2991 1287 3048 illis
1310 2992 1532 3060 angelus
1555 3007 1571 3045 :
1597 2989 1772 3046 Nolite
1801 2990 1991 3045 limere
2014 3006 2030 3044 :

455 3102 587 3142 ecce
622 3100 723 3154 ego
760 3083 1071 3153 evangelise
1109 3081 1258 3137 vobis
1296 3082 1546 3152 gaudium
1588 3097 1858 3151 magnum,
1889 3082 2030 3151 quod

2130 1901 2295 1956 pace;
2338 1886 2460 1956 quia
2495 1885 2747 1940 viderunt
2773 1883 2915 1938 oculi
2968 1885 3072 1937 mei
3099 1884 3336 1937 salutare
3363 1890 3531 1945 tuum,
3565 1881 3719 1949 quod

2130 1977 2326 2046 parasti
2357 1986 2483 2029 ante
2514 1974 2703 2029 faciem
2736 1974 2976 2027 omnium
3008 1973 3323 2042 populorum
3351 1988 3366 2025 :
3400 1970 3605 2025 Lumen
3642 1970 3720 2025 ad

2129 2068 2510 2124 revelationem
2543 2064 2798 2135 gentium,
2833 2073 2891 2119 et
2927 2064 3149 2134 gloriam
3178 2061 3349 2132 plebis
3394 2072 3498 2116 tua:
3524 2061 3718 2115 Israel.

2129 2165 2195 2217 Et
2218 2169 2334 2215 erat
2363 2167 2514 2227 pater
2552 2158 2669 2227 ejus
2696 2166 2751 2210 et
2790 2166 2961 2210 mater
2995 2156 3257 2210 mirantes
3297 2168 3459 2221 super
3483 2152 3565 2206 his
3592 2166 3723 2222 quae

2129 2253 2445 2308 dicebautur
2468 2251 2535 2305 de
2560 2249 2675 2315 illo,
2704 2256 2762 2304 et
2788 2247 3062 2303 benedixit
3088 2248 3196 2301 illis
3225 2245 3468 2310 Simeon,
3498 2253 3554 2299 et
3578 2244 3725 2297 dixit

2129 2344 2198 2399 ad
2244 2343 2466 2399 Mariam
2515 2350 2740 2395 matrem
2780 2339 2939 2407 ejus:
2971 2339 3110 2394 Ecce
3159 2336 3365 2407 positus
3411 2345 3492 2389 est
3533 2333 3622 2388 hic
3663 2335 3729 2387 itt

2131 2436 2343 2489 ruinam
2373 2444 2429 2488 et
2466 2431 2920 2488 resurrectionem
2950 2429 3240 2484 multorum
3272 2429 3328 2483 in
3364 2427 3546 2491 Israel,
3577 2426 3721 2481 etin

2130 2527 2341 2594 signum
2370 2524 2457 2578 cui
2503 2520 2926 2577 contradicetur.
2971 2520 3039 2575 Et
3085 2530 3229 2575 tuam
3274 2520 3442 2589 ipsius
3475 2519 3722 2573 animam

2131 2611 2477 2685 pertran~ihit
2501 2612 2730 2683 gladius.
2762 2620 2820 2666 ut
2859 2610 3265 2679 revelantur,“
3300 2607 3485 2664 multis
3524 2607 3714 2663 cordi-

2130 2706 2234 2761 bns
2262 2704 2635 2773 cogitationes.
2665 2702 2734 2758 Et
2751 2708 2873 2758 erat
2888 2700 3042 2757 Anna
3066 2698 3407 2771 prophetissa
3434 2698 3544 2753 lilia
3572 2696 3723 2753 Pha-

2133 2797 2283 2862 nuel,
2310 2796 2379 2851 de
2409 2795 2549 2851 tribu
2576 2795 2733 2850 Aser.
2766 2791 2892 2848 Hac
2912 2800 3248 2862 processerat
3273 2790 3327 2845 in
3356 2790 3547 2846 diebus
3577 2788 3727 2845 mul-

2135 2888 2227 2954 tis,
2246 2895 2303 2943 et
2325 2887 2533 2941 vixerat
2553 2898 2677 2940 cum
2711 2899 2743 2938 v
2764 2898 2827 2940 ro
2859 2898 2959 2939 suo
3001 2883 3158 2938 annis
3199 2890 3409 2952 septem
3436 2896 3467 2936 a
3493 2882 3726 2951 virgini-

2134 2987 2246 3033 tate
2286 2992 2407 3032 sua.
2453 2976 2520 3031 Et
2563 2975 2679 3031 hac
2703 2975 2859 3031 vidua
2899 2988 3068 3045 usque
3112 2973 3181 3029 ad
3228 2988 3398 3029 annos
3436 2976 3725 3043 octoginta

2135 3078 2389 3137 quatuor,
2421 3080 2540 3135 quae
2570 3080 2678 3121 non
2719 3064 3031 3121 discedebat
3071 3063 3139 3119 de
3169 3064 3385 3132 templo,
3411 3062 3635 3133 jejunits‘
3664 3077 3729 3119 et

454 3177 562 3232 erit
584 3176 730 3230 omni
760 3175 960 3243 populo
988 3190 1002 3227 :
1026 3173 1153 3242 quia
1184 3184 1341 3227 natus
1362 3184 1447 3228 est
1474 3172 1627 3227 vobis
1656 3173 1817 3229 hodie
1846 3174 2027 3229 Salva-

2140 3157 2611 3214 obsecrationihus
2640 3157 2884 3211 serviens
2909 3163 3066 3210 nocte
3103 3169 3168 3213 ac
3196 3154 3304 3209 die.
3338 3154 3406 3208 Et
3439 3154 3574 3219 tunc,
3604 3155 3731 3220 ipsa

455 3278 559 3337 tor,
585 3268 677 3338 qui
711 3277 795 3323 est
825 3265 1070 3322 Christus
1110 3264 1366 3320 Dominus
1395 3266 1452 3320 in
1480 3264 1700 3321 civitate
1739 3265 1930 3320 David.
1964 3267 2032 3323 Et

455 3359 559 3415 hoc
583 3358 734 3414 vobis
760 3359 971 3428 signum
999 3373 1015 3410 ε
1040 3355 1330 3412 Invenietis
1372 3356 1628 3411 infantem
1659 3357 1849 3425 pannis
1878 3357 2029 3411 invo-

453 3449 646 3517 lutum,
691 3457 745 3502 et
774 3449 1002 3518 positum
1049 3446 1102 3499 in
1137 3436 1416 3515 praesepio.
1457 3447 1523 3501 Et
1563 3447 1743 3502 subito
1782 3446 1917 3501 facta
1948 3458 2034 3503 est

453 3555 576 3596 cum
626 3541 817 3611 angelo
858 3538 1140 3593 multitudo
1168 3537 1370 3592 militia:
1400 3539 1657 3603 caelestis,
1703 3538 2031 3595 laudantiutn

455 3631 648 3696 Deum,
676 3639 731 3684 et
771 3631 1060 3685 dicentium
1090 3645 1104 3684 :
1130 3627 1310 3683 Gloria
1340 3629 1396 3683 in
1424 3630 1703 3685 altissimis
1732 3629 1862 3693 Deo,
1891 3641 1947 3685 et
1977 3630 2033 3685 in

456 3733 597 3779 terra
622 3739 724 3793 pax
762 3722 1069 3777 hominibus
1090 3723 1248 3777 bona:
1270 3722 1579 3776 voluntatis.
1607 3721 1673 3776 Et
1700 3721 1898 3777 factum
1926 3733 2032 3789 est,

457 3825 515 3868 ut
539 3815 903 3869 discesserunt
926 3813 995 3868 ab
1029 3812 1110 3866 eis
1138 3813 1314 3882 angeli
1352 3814 1404 3865 in
1434 3814 1654 3877 caelum,
1686 3822 1926 3881 pastores
1955 3813 2037 3867 lo-

452 3905 753 3976 qnebantur
819 3904 886 3958 ad
950 3903 1181 3959 invicem
1232 3921 1247 3958 :
1299 3902 1656 3960 Transeamus
1716 3919 1884 3973 usque
1935 3904 2035 3960 Be-

457 3997 678 4063 thleem,
725 4004 777 4051 et
809 3996 1088 4050 videamus
1116 3995 1219 4051 hoc
1256 3996 1477 4051 verbum
1508 3996 1651 4066 quod
1689 3995 1884 4051 factum
1932 4007 2032 4062 est,

455 4087 599 4160 quod
629 4088 882 4143 Dominus
910 4086 1146 4142 ostendit
1185 4088 1362 4142 nobis.
1398 4087 1465 4141 Et
1489 4098 1751 4143 venerunt
1778 4089 2036 4143 festinan-

458 4193 561 4243 tes.
596 4191 652 4236 et
696 4183 1012 4237 invenerunt
1058 4181 1300 4247 Mariam,
1345 4192 1400 4238 et
1426 4182 1645 4251 Ioseph,
1685 4192 1741 4239 et
1781 4183 2035 4239 infantem

457 4275 689 4344 positum
730 4275 785 4327 in
825 4268 1106 4343 prmsepio.
1148 4273 1399 4328 Videntes
1427 4283 1628 4339 autem,
1671 4284 2045 4345 cognoverunt

459 4366 526 4419 de
563 4365 729 4419 verbo
777 4364 915 4433 quod
949 4365 1149 4420 dictum
1199 4374 1317 4419 erat
1354 4366 1460 4420 illis
1506 4365 1573 4421 de
1604 4380 1771 4435 puero
1803 4366 1923 4422 hoc.
1974 4369 2038 4424 Et

457 4468 647 4508 omnes
676 4454 762 4523 qui
792 4453 1072 4507 audierant
1116 4454 1291 4507 mirati
1333 4464 1488 4518 sunt,
1520 4464 1576 4509 et
1602 4455 1671 4509 de
1701 4456 1784 4510 his
1809 4473 1929 4525 quae
1958 4458 2034 4512 di-

2140 3251 2271 3303 ltora
2301 3247 2712 3318 superveniens,
2757 3246 3113 3304 conﬁtebatur
3146 3246 3393 3313 Domino,
3440 3254 3497 3299 et
3532 3244 3733 3315 loque-

2134 3338 2292 3395 batur
2338 3340 2404 3394 de
2446 3339 2539 3393 illo
2580 3338 2828 3393 omnibus
2855 3338 2947 3408 qui
2986 3338 3367 3407 exspectabant
3394 3335 3734 3406 redetoptio~

2134 3433 2298 3487 netn‘
2318 3429 2669 3485 Hierusalem.
2700 3428 2763 3483 Et
2788 3437 2843 3483 ιιι
2860 3429 3199 3499 perfecerunt
3221 3429 3400 3482 omnia
3424 3428 3727 3482 secundum

2135 3525 2305 3594 legem
2346 3521 2574 3585 Domini,
2607 3520 2811 3575 reversi
2856 3530 2981 3576 sunt
3024 3521 3076 3575 in
3112 3518 3413 3585 Galilaeam,
3449 3519 3502 3573 in
3531 3517 3731 3573 civita-

2136 3626 2243 3671 tem
2272 3630 2419 3668 suam
2449 3613 2489 3667 N
2511 3613 2738 3667 tzaretlt.

2728 3764 2951 3821 CAPUT
2994 3765 3123 3821 Vlll.

2431 3854 2509 3911 De
2535 3859 2693 3930 magis
2723 3859 2808 3927 qui
2834 3870 3073 3912 venerunt
3094 3858 3154 3910 ab
3186 3856 3407 3911 Oriente.

2120 3984 2123 3985 ⁷
2211 3990 2418 4045 Manu.
2454 4006 2511 4055 ιι,
2549 3988 2696 4043 I-I2.
2743 3992 2874 4043 Cum
2922 4004 3051 4058 ergo
3094 4002 3249 4043 natus
3299 3996 3442 4043 esset
3480 3988 3639 4044 Jesus
3672 3991 3732 4044 in

2138 4082 2462 4137 Betltleetn'
2509 4080 2730 4147 Juduae,
2779 4083 2831 4134 itt
2880 4081 3068 4135 diebus
3116 4080 3341 4134 Herodis
3387 4082 3551 4151 regis,
3598 4098 3737 4139 ecce

2139 4176 2276 4245 magi
2310 4175 2377 4228 ab
2406 4173 2627 4229 Oriente
2666 4186 2934 4229 venerunt
2965 4174 3391 4245 Hierosolymam
3435 4178 3679 4231 dicentes
3710 4198 3728 4234 :

2141 4266 2242 4323 Ubi
2272 4275 2354 4321 est
2380 4267 2468 4335 qui
2497 4274 2653 4321 natus
2691 4276 2776 4320 est
2807 4280 2899 4320 rex
2929 4265 3274 4320 Judacorum?
3305 4266 3545 4321 Vidimus
3575 4270 3728 4322 enim

2141 4358 2351 4414 stellam
2389 4358 2506 4427 ejus
2548 4358 2603 4411 in
2648 4357 2889 4419 Oriente,
2936 4364 2989 4412 et
3036 4358 3283 4412 venimus
3312 4358 3538 4413 adorare
3578 4374 3730 4413 eum.

2141 4449 2379 4503 Audiens
2419 4456 2596 4503 autem
2628 4447 2868 4503 Herodes
2908 4463 3001 4503 res
3034 4450 3278 4504 turbatus
3306 4461 3412 4513 est,
3450 4462 3505 4504 et
3549 4454 3734 4505 omnis

457 4554 541 4595 cta
577 4552 730 4595 erant
758 4558 787 4594 ιι
817 4542 1115 4610 pastoribus
1135 4544 1202 4597 ad
1236 4544 1399 4611 ipsos.
1429 4544 1591 4599 naria
1613 4558 1789 4601 autem
1820 4562 2038 4603 conser-
2067 4533 2118 4593 D
2146 4540 2514 4611 Hierosolyma
2554 4555 2673 4595 cum
2715 4540 2823 4596 illo.
2863 4542 2931 4594 Et
2952 4554 3286 4611 congregans
3315 4556 3503 4596 omnes
3532 4543 3735 4610 prioci-

458 4635 619 4690 vahat
654 4635 833 4689 omnia
870 4635 1036 4690 verba
1066 4634 1199 4701 hinc,
1231 4636 1513 4692 conferens
1541 4640 1594 4692 in
1617 4639 1782 4695 corde
1821 4655 1938 4695 suo.
1970 4642 2038 4697 Et

458 4724 663 4778 reversi
718 4732 842 4778 sunt
900 4733 1181 4793 pastores,
1241 4725 1602 4795 gloriﬁcantes
1648 4736 1704 4782 et
1759 4729 2038 4786 laudantes

462 4817 625 4868 Deum
667 4815 718 4868 itt
752 4816 1007 4869 oumibus
1050 4830 1171 4885 quae
1196 4818 1477 4873 audierant
1518 4827 1574 4874 et
1602 4819 1866 4885 viderant,
1900 4824 2038 4877 sicut

455 4905 654 4959 dictum
682 4919 764 4961 est
785 4907 847 4960 ad
879 4908 1019 4961 illos.

1064 5034 1288 5109 CAPUT
1319 5054 1429 5108 Vll.

531 5162 861 5215 Circumcisio
884 5159 1114 5218 Domini.
1144 5163 1294 5219 Jesus
1327 5166 1588 5219 inducitur
1617 5168 1668 5220 in
1695 5168 1960 5239 templum.

532 5275 663 5328 Luc.
687 5290 743 5336 tt,
769 5274 828 5326 ξιι
864 5274 955 5327 39.
986 5274 1049 5328 Et
1082 5289 1361 5345 postquam
1392 5280 1745 5333 consummati
1773 5294 1898 5336 sunt
1922 5284 2037 5338 dies

455 5377 599 5431 octo,
647 5375 706 5420 ut
743 5366 1212 5423 circutncitlcretur
1254 5385 1403 5438 puer,
1429 5383 1680 5426 vocatum
1722 5387 1801 5429 εει
1841 5391 2034 5432 nomen

454 5462 573 5526 ejus
601 5458 781 5523 Iesus,
821 5457 1235 5526 quod-vocatum
1287 5470 1369 5515 est
1400 5461 1466 5516 ab
1505 5465 1695 5531 angelo
1730 5465 2035 5533 priusquam

456 5550 511 5603 in
544 5560 695 5604 utero
720 5550 1115 5617 conciperetur.
1142 5550 1200 5603 Et
1235 5562 1512 5621 postquam
1546 5554 1746 5623 impleti
1776 5568 1901 5609 sunt
1924 5558 2036 5614 dies

458 5637 788 5707 purgationis
834 5636 948 5707 ejus
996 5640 1288 5693 secundum
1338 5642 1504 5711 legem
1554 5643 1722 5713 Moysi
1769 5645 1909 5713 (Leu.
1943 5663 2040 5713 stt,

2145 4648 2241 4703 pes
2279 4632 2618 4687 sacerdotum
2649 4641 2703 4687 et
2749 4630 2955 4686 scribas
2998 4632 3197 4701 populi,
3237 4633 3618 4687 sciscitabatur
3657 4635 3736 4687 ab

2144 4726 2221 4780 eis
2242 4723 2330 4779 ubi
2346 4724 2591 4778 Christus
2618 4734 2950 4779 nasceretur.
2978 4728 3046 4777 At
3077 4723 3153 4777 illi
3178 4724 3507 4778 dixerunt":
3538 4725 3594 4778 In
3623 4725 3733 4780 Be-

2146 4817 2341 4870 thleem
2372 4801 2600 4880 Iud-aere;
2641 4815 2729 4869 Sic
2774 4816 2915 4869 enini
2945 4815 3201 4884 scriptum
3240 4827 3323 4870 est
3362 4832 3457 4884 per
3499 4818 3737 4887 prophe-

2147 4921 2251 4963 tam
2277 4927 2289 4961 :
2316 4911 2382 4964 Et
2407 4920 2460 4962 tu
2487 4909 2754 4962 Bethleem
2789 4916 2927 4984 terra
2957 4907 3114 4974 Iuda,
3140 4924 3470 4978 nequaquam
3507 4911 3732 4964 minima

2146 5020 2202 5055 es
2236 5004 2288 5055 in
2334 5001 2664 5071 principibus
2691 5000 2846 5061 Juda,
2894 5016 2957 5055 es
3021 5010 3071 5054 te
3112 5003 3257 5054 enim
3299 5004 3445 5055 exiet
3484 5006 3588 5053 dus
3636 5002 3732 5069 qui

2146 5106 2291 5165 regat
2323 5096 2516 5164 papulu
2542 5113 2571 5146 ιι
2611 5109 2785 5147 meum
2816 5091 2979 5148 Israel
3010 5091 3204 5161 (Iliclt.
3247 5108 3301 5155 v,
3329 5092 3410 5160 2).
3439 5092 3587 5148 Tune
3626 5093 3736 5148 lle-

2146 5195 2304 5245 rudes
2333 5192 2473 5244 clam
2525 5190 2725 5245 vocatis
2757 5189 2948 5259 magis,
3003 5188 3289 5258 diligenter
3326 5187 3512 5240 didicit
3553 5189 3621 5241 ab
3650 5188 3734 5241 eis

2148 5294 2356 5348 tempus
2388 5282 2554 5335 stellae
2594 5296 2715 5350 qua:
2744 5280 2993 5349 apparuit
3022 5281 3141 5345 eis;
3175 5288 3230 5333 et
3259 5279 3479 5335 mittens
3524 5281 3643 5333 illos
3677 5282 3732 5335 in

2149 5373 2449 5435 Bethleem,
2500 5372 2685 5432 dixit:
2720 5373 2796 5425 Ite
2840 5385 2891 5426 et
2945 5374 3273 5441 interrogate
3326 5372 3612 5441 diligenter
3663 5352 3737 5426 de

2147 5480 2340 5534 puero;
2367 5475 2419 5518 et
2446 5480 2564 5517 cum
2597 5465 2926 5529 inveneritis,
2953 5465 3255 5520 renuntiate
3286 5465 3437 5529 mihi,
3471 5476 3528 5518 ut
3553 5475 3606 5519 et
3630 5480 3735 5535 ego

2142 5560 2361 5611 veniens
2410 5556 2625 5609 adorem
2684 5572 2828 5609 eum.
2874 5557 2970 5621 Qui
3014 5570 3133 5609 cum
3186 5556 3464 5611 audissent
3515 5571 3727 5625 regem,

2151 5650 2418 5702 abierunt.
2464 5648 2528 5701 Et
2573 5663 2697 5701 ecce
2742 5649 2892 5701 stella
2933 5664 3090 5717 quam
3131 5646 3378 5703 videratt
3419 5648 3471 5701 in
3512 5646 3735 5703 Oriente

532 5803 555 5830 ⁸
592 5796 656 5849 Ut
705 5795 756 5848 in
802 5805 951 5849 textu
998 5794 1277 5863 hodierno,
1323 5806 1412 5860 τῆς
1442 5796 1709 5859 tonsa“.
1755 5801 1861 5875 Sic-
1889 5816 2027 5869 mox,

2138 5803 2235 5871 ira,
2279 5804 2349 5873 ᾗ.
2385 5802 2435 5858 5.
2472 5802 2647 5874 Vulg”
2680 5802 2833 5856 Jsrta.
