4026 6196
320 313 428 368 26!
458 318 461 319 ⁷

1091 317 1679 379 ΕνΑΝῦΕιιοΑιιυιι
1723 321 2225 380 IIARMONIARUM
2265 324 2836 385 INTERPRETATIO.

3488 326 3594 382 262

314 424 674 481 antecedebat
710 440 826 494 eos,
883 442 1053 497 usque
1095 428 1220 484 dum
1264 434 1487 488 veniens
1535 443 1703 489 staret
1745 449 1903 504 supra
1934 438 1985 499 Α
2014 435 2160 491 lem:
2193 448 2249 492 et
2277 455 2379 495 non
2401 453 2768 511 cognoverunt
2796 452 3045 512 parentes
3071 444 3209 514 ejus.
3242 444 3595 501 Estimantes

312 520 413 574 ubi
453 528 567 573 erat
606 533 760 589 puer.
799 518 1059 575 Videntes
1099 530 1277 579 autem
1317 524 1548 593 stellam,
1590 524 1755 594 gavisi
1784 535 1909 581 sunt
2012 543 2190 588 autem
2218 535 2364 589 illum
2395 552 2517 592 esse
2556 537 2609 592 in
2656 540 2935 603 coniintu,
2968 549 3231 593 venerunt
3255 540 3355 594 iter
3383 541 3509 603 diei.
3540 551 3595 596 et

310 613 557 681 gaudio‘
579 612 756 668 valde.
789 613 854 667 Et
886 614 1150 670 intrantes
1171 615 1417 684 domum,
1441 618 1759 673 invenerunt
1779 634 1902 688 pne.

314 722 435 759 rum
467 720 586 759 cum
608 702 773 760 Maria
802 713 974 760 matre
996 705 1115 774 ejus
1148 724 1160 759 :
1190 715 1244 761 et
1274 707 1617 776 procidentes
1642 708 1906 766 adorave-

313 806 443 852 runt
479 810 623 851 eum.
667 795 736 850 Et
777 796 980 863 apertis
1031 797 1298 853 thesauris
1347 799 1462 854 Suis
1507 800 1819 856 obtulerunt
1853 802 1903 856 ei

310 904 558 951 munera,
590 904 803 954 aurum,
840 888 963 944 thus
1005 898 1059 945 et
1088 892 1383 963 myrrham.
1428 890 1495 947 Et
1523 907 1785 963 reaponso
1816 906 1903 947 ac-

311 988 476 1048 cepto
500 980 553 1032 in
583 979 791 1033 somnis
834 994 904 1033 ne
935 979 1173 1035 redirent
1201 980 1267 1034 ad
1299 981 1587 1049 Herodem,
1616 998 1712 1053 per
1741 983 1900 1038 aliam

307 1071 454 1124 viam
486 1070 688 1125 reversi
717 1079 845 1124 sunt
879 1069 930 1125 in
964 1072 1239 1140 regionem
1268 1088 1441 1129 suam.

927 1183 1151 1240 CAPUT
1191 1185 1283 1241 IX.

436 1268 677 1344 Fugutus
704 1272 736 1327 J
744 1290 881 1340 esus,
904 1284 951 1330 et
978 1288 1214 1346 parentes
1237 1280 1352 1351 ejus
1380 1280 1432 1334 iu
1458 1280 1767 1354 IEgyptum.

382 1380 603 1437 Manu.
639 1399 706 1453 ιι,
741 1386 927 1443 15-15.
955 1387 1055 1455 Qui
1085 1403 1206 1445 cum
1245 1392 1618 1461 recessissent,
1649 1410 1776 1452 ecce
1804 1384 1901 1453 an;

301 1471 465 1542 gelus
516 1474 725 1532 Domini
766 1480 1008 1549 apparuit
1064 1480 1118 1535 in
1162 1484 1368 1537 somnis
1395 1482 1593 1555 .loseph
1617 1527 1633 1551 ,
1664 1486 1849 1543 dicens
1878 1505 1895 1545 :

302 1565 484 1636 Surge
508 1576 565 1623 et
602 1570 787 1639 accipe
815 1587 1041 1641 puerum
1085 1582 1139 1628 et
1186 1585 1412 1630 matrem
1444 1574 1580 1645 ejus,
1612 1587 1666 1632 et
1692 1578 1815 1649 fuge
1844 1581 1894 1636 iu

299 1658 624 1733 Egyptum,
646 1672 702 1717 et
727 1674 843 1721 esto
873 1664 946 1720 ibi
967 1680 1133 1735 usque
1155 1666 1279 1721 dum
1303 1667 1476 1723 dicant
1503 1669 1629 1735 tibi;
1659 1669 1894 1728 futurum

300 1763 391 1808 est
422 1755 565 1808 enim
614 1764 672 1811 ut
702 1756 941 1813 Herodes
967 1766 1171 1828 quarat
1201 1775 1422 1830 puerum
1449 1761 1515 1816 ad
1565 1764 1892 1832 perdendum

299 1863 456 1902 eum.
478 1848 579 1916 Qui
606 1864 957 1921 con~urgens,
982 1852 1193 1921 accepit
1212 1868 1433 1923 puerum
1464 1864 1518 1911 et
1534 1868 1757 1912 matrem
1780 1859 1894 1928 ejus

299 1949 488 2002 nocte,
518 1948 572 1993 et
601 1941 822 1999 secessit
870 1940 923 1997 in
955 1940 1265 2013 Egyptum.
1298 1943 1367 1998 Et
1392 1954 1503 2000 erat
1537 1945 1608 2001 ibi
1633 1960 1800 2019 usque
1826 1948 1893 2003 ad

297 2030 513 2085 obitum
538 2032 766 2088 Herodis
791 2050 806 2097 ;
839 2043 896 2088 ut
942 2034 1325 2105 adimpleretur
1350 2038 1492 2109 quod
1522 2039 1723 2096 dictum
1752 2050 1836 2098 est
1862 2058 1893 2099 a

303 2119 539 2177 Domino
568 2138 663 2193 per
702 2124 1040 2195 prepbetsm,
1068 2126 1333 2186 dicentem
1362 2146 1378 2185 :
1409 2131 1492 2186 Ex
1534 2131 1767 2207 Egypto
1799 2150 1889 2192 vo-

297 2215 418 2269 cavi
441 2215 610 2272 lilium
656 2232 834 2275 meum
859 2217 1004 2292 (Ose.
1036 2232 1114 2288 ιι,
1142 2219 1217 2292 1).

937 2330 1165 2388 CAPUT
1196 2330 1264 2387 Χ.

737 2420 967 2478 Herodes
991 2424 1232 2495 interﬁcit
1257 2440 1464 2496 pueros.

368 2526 591 2585 Manu.
618 2545 679 2599 ιι,
711 2532 901 2590 1648.
938 2533 1087 2590 Tunc
1143 2535 1384 2591 Herodes
1411 2536 1599 2592 videns
1638 2537 1888 2607 quoniam

291 2621 493 2677 illusus
512 2631 698 2679 esseta
724 2626 920 2695 magis,
951 2626 1120 2681 iratus
1143 2635 1227 2683 est
1252 2627 1441 2694 valde;
1476 2634 1528 2685 et
1558 2628 1776 2684 mittens
1800 2643 1891 2685 oc-

289 2714 433 2769 cidit
482 2730 673 2773 omnes
702 2733 898 2788 pueros
938 2722 1029 2793 qui
1057 2723 1291 2778 erantin
1333 2722 1610 2780 Bethleem
1639 2733 1697 2780 et
1714 2725 1888 2779 omni-
1931 2742 1935 2746 '

287 2805 403 2859 bus
428 2805 626 2862 ﬁnibus
664 2810 802 2879 ejus,
828 2827 857 2865 a
896 2812 1098 2869 bimatu
1129 2824 1183 2869 et
1228 2813 1366 2870 infra
1386 2856 1402 2882 ,
1433 2816 1727 2872 secundum
1756 2827 1891 2874 tetu-

287 2911 403 2965 pns
426 2899 570 2967 quod
590 2902 914 2971 exquisimt
957 2919 984 2958 a
1012 2908 1202 2974 magis.
1257 2906 1407 2963 Tunc
1431 2907 1780 2977 adimpletum
1804 2917 1889 2965 est

287 2988 442 3055 qmd
473 2987 675 3045 dictum
701 3001 778 3047 est
799 3008 897 3063 per
913 2993 1201 3051 Jeremiam
1221 2997 1556 3068 prophetam,
1581 2999 1883 3056 dicentem:

292 3077 415 3131 Vox
449 3079 505 3132 iu
535 3078 700 3136 Rama
722 3083 903 3139 audita
924 3097 1037 3153 est;
1062 3088 1303 3157 ploratus
1326 3089 1623 3147 etululatus
1647 3093 1841 3148 multus
1866 3109 1881 3148 :

2011 626 2360 694 requirebant
2392 643 2511 682 eum
2539 629 2677 683 inter
2704 638 2959 697 cegnatos
2990 639 3043 683 et
3069 639 3244 685 notus.
3273 630 3336 685 Et
3360 646 3466 685 non
3508 632 3591 685 iu-

2013 717 2327 784 venieutes,
2356 721 2584 788 regressi
2616 731 2739 774 sunt
2789 721 2840 775 in
2883 720 3214 775 HieruSalcm
3258 722 3594 791 requirentes

2006 822 2153 863 eum.
2182 807 2251 862 Et
2272 810 2470 865 factum
2501 821 2584 866 est
2610 823 2729 882 post
2769 813 3021 875 triduum,
3047 812 3366 866 invenerunt
3391 827 3511 866 eum
3537 813 3591 866 in
3660 887 3665 891 _

2005 900 2531 968 templo,sedentem
2563 904 2615 957 in
2657 903 2834 959 medio
2861 902 3163 969 doctorum,
3189 903 3490 957 audientem
3530 904 3592 957 il-

2002 986 2086 1041 los
2108 999 2162 1042 et
2216 991 2635 1059 interrogantem
2684 1009 2799 1047 eos.
2853 992 3157 1061 Stupebant
3201 1002 3377 1046 autem
3405 1007 3590 1047 omnes

2004 1078 2093 1148 qui
2125 1094 2245 1133 eum
2302 1081 2586 1136 audiebant
2614 1124 2631 1149 ,
2673 1098 2834 1151 super
2888 1084 3166 1152 prudentia
3225 1094 3277 1137 ct
3320 1086 3590 1152 responsis

2003 1168 2141 1235 ejus.
2166 1168 2232 1222 Et
2256 1168 2504 1225 videntes
2537 1168 2793 1226 admirati~
2819 1182 2967 1227 sunt.
3021 1173 3090 1227 Et
3113 1172 3245 1227 dixit
3277 1183 3448 1228 mater
3475 1173 3593 1243 ejus

2003 1259 2069 1313 ad
2094 1260 2240 1315 illum
2278 1277 2293 1314 :
2327 1262 2424 1317 Fili
2450 1265 2540 1329 mi,
2574 1265 2697 1332 quid
2728 1265 2899 1319 fecisti
2941 1266 3097 1320 nobis
3127 1266 3239 1319 sic?
3266 1267 3403 1321 Ecce
3438 1278 3591 1336 pater

2005 1361 2126 1406 tuus
2148 1362 2202 1407 et
2230 1367 2352 1421 ego,
2382 1354 2627 1409 dolentes
2656 1354 3029 1423 quaerebamus
3054 1365 3120 1408 te.
3158 1356 3223 1410 Et
3251 1357 3321 1410 ait
3348 1358 3413 1411 ad
3444 1359 3587 1412 illos:

2000 1442 2136 1509 Quid
2167 1452 2246 1497 est
2278 1444 2417 1512 quod
2476 1459 2562 1499 me
2613 1445 2972 1513 quaerebatis?
3019 1444 3352 1501 Nesciebatis
3380 1450 3501 1517 quia
3534 1450 3586 1501 in

2001 1532 2086 1586 his
2111 1547 2230 1601 quia:
2257 1530 2434 1588 Patris
2462 1536 2566 1589 mei
2589 1545 2712 1591 sunt
2738 1544 3055 1605 oportetme
3083 1536 3237 1592 esse?
3266 1537 3330 1591 Et
3353 1537 3454 1605 ipsi
3480 1553 3587 1592 non

2001 1623 2382 1681 intellexerunt
2432 1629 2655 1683 verbum
2701 1628 2841 1698 quod
2883 1629 3088 1683 locutus
3122 1638 3202 1684 est
3230 1629 3296 1684 ad
3329 1630 3471 1685 illos.
3520 1632 3586 1686 Et

1999 1714 2279 1771 descendit
2318 1733 2439 1774 cum
2464 1720 2560 1787 ,eis
2586 1762 2603 1788 ,
2657 1730 2712 1776 et
2747 1720 2895 1775 venit
2922 1720 3210 1787 Nazareth,
3240 1732 3293 1777 et
3322 1730 3439 1777 erat
3462 1724 3589 1776 sub-

1927 1815 1969 1872 Β
1998 1807 2141 1871 ditus
2168 1809 2297 1866 illis.
2330 1811 2400 1866 Et
2439 1823 2610 1867 mater
2650 1813 2768 1883 ejus
2795 1813 3153 1869 conservabat
3198 1815 3377 1870 omnia
3423 1818 3585 1875 verba

2001 1899 2117 1954 hrec
2148 1900 2201 1955 in
2232 1901 2395 1958 corde
2414 1917 2533 1957 suo.
2568 1903 2636 1959 Et
2665 1903 2820 1959 .lesus
2866 1905 3182 1975 proﬁt-iebat
3219 1906 3505 1979 sapientis,
3532 1917 3587 1965 et

1996 1999 2177 2060 astate,
2206 2001 2262 2049 et
2284 1995 2453 2065 gratia
2478 1994 2619 2066 apud
2650 1995 2816 2050 Deum
2849 2006 2904 2051 et
2939 1998 3205 2055 homines.

2585 2086 2811 2143 CAPUT
2856 2087 2993 2143 XIII.

2264 2172 2493 2229 Joannes
2517 2174 2756 2244 Baptista
2778 2180 3018 2249 apparuit
3043 2180 3094 2233 in
3123 2178 3313 2238 Israel.

2067 2263 2198 2320 ch.
2225 2280 2282 2320 ιιι
2310 2305 2326 2332 ,
2363 2266 2476 2323 1-3.
2512 2267 2671 2321 Auno
2716 2279 2894 2324 autem
2927 2271 3328 2340 quintodecimo
3372 2273 3581 2345 imperii

1997 2353 2202 2412 Tiberii
2232 2357 2481 2424 Ctesaris,
2535 2368 2858 2428 procurante
2890 2359 3080 2417 Pontio
3117 2362 3289 2420 Pilato
3316 2364 3579 2429 Judmam.

1995 2448 2264 2503 tetrarcha
2312 2457 2491 2507 autem
2522 2446 2755 2506 Galilaea:
2813 2449 3022 2507 Herode
3051 2496 3070 2523 ,
3119 2452 3370 2524 Philippo
3399 2463 3580 2511 autem

1996 2537 2161 2596 fratre
2188 2539 2307 2609 ejus
2341 2540 2610 2596 tetrarcha
2640 2539 2837 2597 Iturea:
2857 2549 2913 2599 et
2931 2541 3290 2600 Traconitidis
3319 2545 3577 2617 regionis,

1992 2630 2309 2703 et‘Lysania
2339 2631 2569 2687 Abilina
2598 2632 2892 2699 tetrarcha,
2917 2633 3020 2689 sub
3048 2634 3381 2706 principibus
3400 2650 3579 2694 sacer-

1991 2722 2176 2779 dotutn
2204 2723 2358 2779 Anus
2385 2732 2441 2779 et
2488 2723 2710 2795 Caipha,
2755 2724 2953 2780 factum
2994 2733 3080 2782 est
3108 2725 3328 2783 verbum
3366 2727 3580 2786 Domini

1993 2828 2160 2886 super
2173 2815 2439 2871 Joannem
2467 2814 2745 2870 Zachariae
2769 2814 2937 2871 illium
2956 2814 3012 2871 in
3035 2816 3274 2874 deserto.
3323 2818 3389 2873 Et
3430 2819 3580 2875 venit

1991 2911 2047 2967 ia
2075 2922 2291 2964 omnem
2316 2909 2592 2980 regionem
2620 2906 2893 2977 Iordanis,
2936 2909 3232 2981 pradicans
3253 2912 3581 2984 baptismum

1991 3001 2344 3073 paenitentiae,
2401 3000 2455 3057 in
2501 3000 2871 3057 remissionem
2927 3012 3270 3071 peccatorum
3292 3049 3309 3074 ,
3339 3005 3527 3061 dicens
3559 3024 3573 3060 :

1987 3121 2063 3136 —-
2088 3093 2300 3150 Manu.
2329 3108 2413 3160 tu,
2445 3092 2563 3161 1-3;
2586 3093 2761 3149 Huc.
2793 3109 2834 3161 t,
2853 3094 2977 3150 3-5.
3008 3094 3381 3153 Peuiteutiam
3410 3099 3573 3170 agite.
3602 3110 3605 3115 ‘

284 3168 502 3225 Rachel
525 3171 742 3242 plorans
790 3177 929 3234 ﬁlios
962 3193 1118 3246 suos;
1147 3190 1200 3238 et
1228 3182 1398 3239 noluit
1416 3185 1679 3241 consolari
1704 3224 1723 3254 ,
1760 3186 1884 3257 quia
1915 3189 1961 3250 ο
1991 3186 2443 3256 appropinquavit
2466 3186 2608 3241 enim
2640 3200 2863 3256 regnum
2893 3185 3179 3244 calorum.
3205 3186 3299 3243 Hic
3323 3200 3406 3245 est
3431 3168 3577 3246 enim

284 3274 406 3314 non
432 3272 559 3318 sunt
587 3260 717 3334 (Jer.
736 3281 885 3335 uxr,
914 3267 1025 3341 i5).

904 3380 1132 3440 CAPUT
1186 3384 1277 3440 XI.

682 3470 834 3526 Iesus
863 3486 1126 3531 revocatur
1158 3495 1222 3533 ea:
1249 3476 1502 3551 zEyypw.

374 3578 587 3636 Mure.
618 3598 677 3651 ιι,
712 3586 901 3641 19-25.
938 3588 1202 3646 Defuncto
1230 3601 1407 3648 autem
1456 3592 1701 3661 Herode,
1758 3611 1886 3654 ecce

284 3674 541 3742 ³ΡΡ²1⁵ιιὶῑ
570 3677 790 3747 angelus
824 3680 1037 3739 Domini
1064 3684 1115 3739 iu
1152 3686 1357 3742 somnis
1399 3685 1598 3758 Ioseph
1630 3688 1683 3745 in
1715 3689 1882 3763 Egy-

283 3770 392 3831 pto
418 3808 434 3833 ,
489 3765 672 3823 dicens
704 3786 718 3822 :
750 3770 953 3842 Surge.
999 3782 1054 3829 et
1099 3777 1283 3846 accipe
1311 3794 1530 3847 puerum
1562 3789 1618 3836 et
1658 3790 1882 3838 matrem

281 3850 436 3921 ejus.
469 3862 523 3907 et
564 3856 700 3911 vade
725 3865 752 3895 ι
775 3858 826 3913 in
862 3870 1056 3917 terram
1100 3863 1259 3931 Juda,
1320 3866 1557 3924 defuncti
1588 3871 1730 3925 enim
1762 3881 1886 3926 sunt

284 3943 386 4011 qui
409 3944 719 4011 quaerebant
747 3950 979 4007 animam
1008 3955 1176 4021 pueri.
1215 3955 1316 4024 Qui
1361 3971 1620 4031 surgens,
1673 3963 1885 4031 accepit

283 4048 521 4102 puerum
569 4046 625 4091 et
656 4050 880 4097 matrem
912 4044 1051 4113 ejus,
1098 4050 1331 4104 etvenit
1362 4050 1412 4103 in
1445 4059 1641 4107 terram
1697 4053 1879 4109 Israel.

283 4124 534 4181 Audiens
564 4138 743 4186 autem
773 4135 913 4200 quod
946 4137 1241 4193 Archelaus
1294 4152 1543 4210 regnaret
1591 4144 1642 4197 in
1694 4144 1878 4201 .ludzea

286 4230 398 4283 pro
426 4216 637 4275 Herode
669 4233 819 4291 patre
845 4238 942 4279 suo
962 4266 977 4292 ,
1025 4229 1197 4283 timuit
1225 4230 1315 4284 illo
1349 4232 1465 4298 ire;
1496 4240 1550 4288 et
1578 4234 1884 4294 admonitus

284 4306 351 4359 in
380 4308 614 4374 somnis,
647 4314 871 4369 secessit
901 4316 953 4370 in
985 4327 1162 4386 partes
1211 4320 1468 4376 Gaiilaue.
1502 4323 1567 4378 Et
1612 4325 1838 4382 veniens
1863 4370 1879 4395 ,

287 4398 555 4455 habitavit
582 4403 635 4457 in
657 4404 869 4463 civitate
891 4424 1010 4478 qua:
1041 4422 1262 4469 vocatur
1287 4416 1573 4487 Nazareth,
1622 4428 1677 4473 ut
1705 4421 1879 4475 adim-

287 4491 534 4579 p‘lerctur
569 4496 709 4564 quod
756 4497 955 4555 dictum
983 4511 1065 4557 est
1112 4517 1210 4573 per
1249 4507 1579 4576 prophetas:
1609 4509 1874 4579 Quoniam

285 4577 576 4638 Nazaraeus
605 4586 904 4642 vocabitur.

899 4700 1127 4760 CAPUT
1159 4703 1273 4761 ΧΗ.

517 4783 779 4843 liemausit
799 4788 951 4846 Iesus
973 4795 1025 4848 in
1056 4795 1245 4866 templo
1270 4796 1663 4871 Hierosolymis.

364 4892 496 4949 Luc.
528 4911 587 4961 ιι,
615 4897 806 4954 40-52.
839 4902 979 4958 Puer
1003 4913 1180 4962 autem
1211 4910 1490 4965 crescebat
1521 4920 1575 4967 et
1604 4914 1876 4971 conforta-

285 4983 471 5049 batur,
503 4987 691 5055 plenus
711 4992 973 5059 sapientia
1000 5010 1013 5058 ;
1047 5004 1101 5050 et
1128 4999 1297 5067 gratia
1334 5001 1425 5056 Dei
1444 5012 1563 5057 erat
1593 5004 1645 5058 in
1671 5004 1784 5061 illo.
1810 5006 1878 5062 Et

287 5080 441 5132 ibant
472 5091 726 5149 parentes
747 5086 866 5154 ejus
894 5103 988 5156 per
1014 5104 1201 5145 omnes
1230 5106 1399 5149 annos
1431 5095 1485 5149 in
1515 5095 1876 5165 Hierusalem,

288 5171 340 5223 in
374 5170 467 5225 die
492 5174 719 5228 solemni
745 5176 987 5232 Paschze.
1013 5180 1077 5234 Et
1103 5196 1225 5236 cum
1253 5182 1425 5240 iactus
1446 5197 1591 5243 esset
1612 5204 1876 5246 annorum

286 5263 595 5329 duodecim,
628 5270 1044 5326 ascendentibus
1070 5272 1176 5328 illis
1227 5274 1648 5349 Hierosolymam
1681 5297 1877 5338 secun-

276 5354 421 5407 dum
450 5359 897 5415 consuetudinem
924 5361 1035 5425 dici
1068 5365 1207 5432 festi,
1239 5373 1732 5442 consummatisque
1765 5374 1879 5429 die-

289 5446 413 5512 bus,
441 5462 563 5504 cum
597 5450 853 5519 redirent,
877 5457 1138 5512 remansit
1160 5473 1294 5528 puer
1342 5459 1500 5517 Iesus
1542 5462 1596 5517 in
1624 5464 1873 5520 Hierusa-

365 5639 391 5664 ι
419 5621 1070 5714 interiit-ctissivelibrarii
1092 5642 1235 5697 aliud
1255 5646 1463 5714 agentis
1477 5646 1725 5702 mendum
1758 5661 1879 5705 esse

291 5704 554 5786 suspicor.
711 5708 1127 5786 sicjﬁu'lu’pan'l,
1159 5724 1214 5767 ut
1239 5704 1475 5785 inVVulg.

370 5768 396 5807 ⁵
430 5771 541 5827 Vox
568 5778 753 5832 uitium
775 5768 1245 5839 desider'atur'tum
1264 5787 1318 5839 in
1347 5768 1514 5856 texam,
1540 5788 1727 5844 tumin
1752 5788 1874 5846 Vul-

1988 3275 2080 3344 qui
2101 3276 2279 3332 dictus
2306 3285 2391 3332 est
2421 3291 2516 3346 per
2563 3275 2755 3331 Isaiam
2793 3275 3141 3346 prophetam.
3182 3278 3473 3347 dicentem,
3502 3309 3578 3323 —

1987 3366 2117 3423 Luc.
2150 3381 2230 3436 ιιι,
2259 3365 2392 3421 6-6ε
2424 3365 2534 3421 Vox
2566 3366 2843 3422 clamantis
2876 3366 2930 3422 iu
2961 3368 3197 3436 deserto,
3227 3370 3414 3426 Parate
3434 3373 3572 3425 viam

1988 3455 2222 3522 Domini,
2256 3464 2429 3510 rectas
2473 3453 2631 3511 tacite
2658 3456 2879 3512 seminis
2911 3456 3053 3527 ejus.
3085 3458 3272 3513 Omnis
3295 3460 3447 3515 vallis
3476 3461 3578 3516 iin-
3682 3470 3689 3491 ¹

1987 3549 2256 3621 plebitur,
2287 3558 2343 3605 et
2375 3550 2551 3605 omnis
2583 3566 2738 3606 mons
2776 3562 2831 3607 et
2874 3552 3029 3607 collis
3084 3552 3474 3612 bumiliabitur.
3508 3558 3572 3612 Et

1988 3648 2144 3695 erunt
2178 3653 2345 3709 prava
2367 3639 2419 3695 iu
2449 3640 2681 3709 directa,
2721 3651 2775 3697 et
2796 3657 2985 3712 aspera
3030 3644 3082 3699 in
3120 3646 3230 3699 vias
3263 3646 3446 3715 planas
3475 3664 3489 3701 :
3518 3659 3574 3703 ct

1988 3729 2187 3785 videbit
2208 3730 2384 3785 omnis
2405 3746 2531 3786 caro
2554 3731 2785 3786 salutare
2807 3731 2900 3788 Dei
2924 3732 3059 3805 (Isa.
3085 3752 3175 3801 ιιι..
3194 3736 3573 3809 5-5).—Jou.

1990 3834 2028 3889 ι,
2054 3820 2206 3875 5-l8.
2241 3820 2335 3875 Hic
2383 3821 2529 3876 venit
2571 3821 2624 3875 in
2667 3824 3057 3891 testimonium,
3097 3835 3155 3879 ut
3213 3826 3575 3882 testimonium

1989 3911 2293 3983 perhiberet
2321 3911 2391 3965 de
2422 3911 2644 3977 lumine,
2667 3920 2723 3965 ut
2747 3927 2935 3968 omnes
2956 3914 3240 3970 crederent
3282 3931 3379 3986 per
3404 3917 3572 3973 illum.

1988 4007 2103 4062 Non
2134 4016 2247 4059 erat
2271 4006 2360 4059 ille
2407 4006 2518 4074 lux,
2545 4004 2637 4060 sed
2672 4014 2730 4059 ut
2780 4008 3142 4062 testimonium
3176 4008 3476 4078 perhiberet
3505 4011 3576 4069 de

1991 4098 2215 4152 lumine.
2247 4098 2374 4151 Erat
2397 4097 2486 4151 ius
2525 4110 2591 4152 ve
2621 4111 2650 4150 a
2680 4114 2797 4167 qua:
2827 4098 3091 4155 illuminat
3134 4116 3349 4157 omnem
3402 4099 3576 4158 hour-

1988 4205 2110 4245 nem
2137 4188 2431 4244 venientem
2458 4189 2509 4244 in
2544 4189 2683 4244 hunc
2735 4189 3011 4247 mundum.
3072 4193 3127 4247 In
3177 4194 3376 4249 mundo
3427 4206 3566 4260 erat,

1984 4292 2042 4339 et
2116 4282 2346 4338 mundus
2406 4297 2503 4352 per
2574 4282 2747 4354 ipsum
2797 4282 2969 4340 factus
3021 4294 3107 4341 est
3152 4327 3167 4352 ,
3218 4297 3274 4343 et
3345 4290 3575 4345 mundus

1988 4387 2112 4428 eum
2176 4388 2284 4427 non
2354 4374 2623 4442 cognovit.
2689 4373 2745 4428 ιιι
2806 4376 3023 4446 propria
3086 4378 3276 4445 venit,
3354 4391 3409 4435 et
3462 4382 3570 4435 ἐιιὶ

1989 4477 2110 4519 eum
2144 4478 2252 4519 non
2307 4473 2646 4534 receperunt.
2701 4464 2973 4536 Quotquot
3029 4478 3207 4525 autem
3253 4483 3572 4543 receperunt
3622 4495 3641 4509 ο

1910 4565 1964 4628 ι)
1989 4567 2134 4618 eum,
2166 4552 2312 4607 dedit
2358 4553 2436 4608 eis
2473 4562 2791 4624 potestatem
2848 4556 2986 4611 illius
3017 4556 3113 4613 Dei
3145 4560 3257 4616 fieri
3285 4604 3300 4627 ,
3349 4564 3432 4618 his
3484 4567 3572 4633 qui

1987 4644 2214 4699 credunt
2258 4644 2311 4699 in
2362 4645 2579 4702 nomine
2607 4646 2724 4715 ejus
2754 4665 2767 4702 :
2797 4647 2895 4715 Qui
2927 4664 3031 4703 non
3076 4665 3140 4704 cx
3184 4655 3533 4723 sanguinihus
3555 4698 3570 4720 ,

1988 4750 2161 4805 neque
2190 4750 2255 4790 ex
2283 4736 2558 4791 voluntate
2584 4739 2781 4804 carnis,
2814 4755 2985 4806 neque
3012 4743 3289 4798 voluntate
3325 4745 3442 4809 viri,
3477 4748 3569 4799 sed

1984 4840 2046 4880 ex
2067 4825 2176 4880 Deo
2199 4826 2307 4880 nati
2334 4840 2478 4881 sunt.
2511 4828 2575 4881 Et
2604 4827 2836 4882 Verbum
2860 4844 2986 4882 caro
3035 4828 3232 4884 factum
3262 4841 3364 4898 est,
3396 4842 3449 4886 et
3480 4834 3569 4886 ha-

1982 4917 2169 4973 bitavit
2198 4918 2247 4972 in
2280 4918 2435 4974 nobis
2466 4936 2481 4973 :
2511 4930 2564 4974 et
2585 4919 2817 4974 vidimus
2870 4921 3095 4990 gloriam
3145 4922 3291 4992 ejus,
3344 4923 3567 4992 gloriam

1983 5009 2137 5077 quasi
2168 5008 2424 5079 unigeniti
2456 5024 2483 5062 a
2518 5009 2696 5077 Patre,
2749 5011 2965 5078 plenum
2993 5012 3175 5080 gratia:
3208 5026 3260 5068 et
3309 5016 3565 5072 veritatis.

1987 5100 2218 5156 Joannes
2246 5102 2605 5156 testimonium
2641 5103 2883 5170 perhibet
2908 5102 2975 5157 de
3015 5104 3151 5172 ipso,
3179 5115 3229 5161 et
3269 5108 3464 5164 clamat
3492 5110 3571 5165 di-

1984 5210 2110 5249 cens
2136 5213 2148 5250 :
2181 5195 2275 5250 llic
2304 5207 2418 5249 erat
2436 5195 2464 5233 ι’
2489 5211 2646 5265 quem
2675 5193 2784 5248 dixi
2803 5194 2972 5261 vobis,
2994 5198 3024 5232 ⁴¹
3044 5199 3164 5266 quia
3196 5210 3315 5270 post
3335 5216 3420 5257 me
3442 5217 3571 5257 ven-

1985 5294 2134 5339 turus
2166 5294 2271 5351 est,
2304 5295 2356 5339 et
2383 5295 2505 5341 ante
2554 5300 2641 5341 me
2667 5287 2835 5340 tactus
2866 5297 2969 5351 est,
2997 5289 3118 5359 quia
3143 5294 3287 5362 prior
3325 5308 3409 5348 me
3431 5305 3565 5349 erat.

1983 5375 2051 5430 Et
2077 5376 2143 5430 de
2173 5376 2506 5443 plenitudine
2534 5377 2650 5446 ejus
2675 5393 2770 5432 nos
2795 5395 2980 5435 omnes
3018 5384 3339 5453 accepimus,
3371 5394 3424 5440 et
3444 5400 3568 5454 gra-
3664 5410 3669 5413 η

1981 5466 2106 5521 tiam
2123 5479 2217 5535 pro
2231 5466 2399 5536 gratia
2430 5483 2444 5520 :
2469 5468 2589 5537 quia
2622 5467 2707 5523 lex
2740 5483 2835 5539 per
2862 5471 3082 5543 Moysen
3109 5474 3230 5529 data
3248 5483 3363 5541 est;
3389 5480 3562 5545 gratia

1987 5659 2130 5742 gata.
2150 5652 2425 5742 (Funerum
2459 5657 2857 5742 aliudilillium
2883 5660 3004 5742 cod.
3037 5660 3192 5718 Cant.
3225 5662 3384 5742 habet
3405 5662 3573 5742 eius:

1986 5725 2124 5800 ὑμῖν.
2150 5725 2250 5800 §ed
2275 5740 2435 5800 supra
2464 5729 2711 5783 scribitur
2743 5737 2866 5800 ὑμῖν
2896 5730 2998 5783 alia
3025 5747 3205 5788 manu.
3242 5732 3453 5791 Vidcsis
3475 5754 3572 5795 uu-

1987 5794 2115 5851 viss.
2150 5794 2433 5854 Wctstcnii
2464 5800 2590 5856 edit.
2623 5801 2675 5855 iu
2703 5794 2842 5858 hunc
2864 5802 3060 5861 locum.
