3980 6196
405 297 513 352 26'}

1541 286 1857 351 VICTORIS
1898 285 2197 341 EPISCOPI
2236 284 2532 343 CAPUANI

3510 238 3513 239 ν
3574 278 3683 335 est

404 424 461 468 et
490 412 686 467 veritas
718 426 811 482 per
840 410 1020 467 .leswn
1044 405 1314 463 Christum
1340 404 1475 463 facta
1504 413 1605 461 ρει.
1644 403 1808 457 Deum
1834 415 1990 455 nemo
2018 398 2063 458 Α
2084 412 2121 455 .a
2155 397 2374 455 Galilzca
2399 399 2453 463 in
2485 397 2796 464 Jortianem,
2818 395 2881 451 ad
2906 394 3189 462 Joannem,
3223 404 3280 447 ut
3318 393 3682 464 baptizaretur

406 506 535 559 vidit
558 502 1149 574 unquam.ilnigenitus
1171 498 1339 565 Filius
1355 497 1445 569 qui
1469 506 1552 552 est
1582 497 1631 549 in
1655 495 1779 549 sinu
1795 495 1985 557 Patris,

406 600 520 667 ipse
558 596 920 653 enarravit.--
946 594 1164 655 MATTH.
1195 607 1273 659 ιιι,
1308 590 1467 655 ι-ιο;
1494 590 1667 647 Mane.
1711 589 1824 650 1-6;
1858 587 1986 642 Luc.

404 707 485 755 ιιι,
517 691 631 746 7ο9.
656 692 772 757 Ipse
792 698 969 751 autem
1004 687 1239 741 Joannes
1270 685 1499 740 habebat
1529 683 1902 741 vestimentum
1926 682 1992 734 de

406 783 526 850 pilis
556 782 910 843 camelorum,
963 788 1019 832 et
1061 792 1250 831 zonam
1284 776 1558 843 pclliceam
1593 773 1733 829 circa
1783 770 1992 833 lumbos

403 885 550 926 S'IOS.
576 870 720 929 .Esca
748 879 925 941 autem
950 869 1065 935 ejus
1095 876 1213 919 erat
1241 868 1455 925 locustae
1486 874 1541 918 ct
1583 863 1685 917 mel
1719 863 1992 917 silvestre.

407 963 559 1016 Tunc
588 962 770 1016 exibat
798 960 864 1019 ad
914 976 1032 1013 eum
1068 957 1458 1029 Hierosolyma,
1502 967 1556 1009 .ct
1582 954 1758 1009 omnis
1788 952 1991 1013 .Iudu-a,

405 1061 460 1105 ct
499 1054 675 1105 omnis
702 1052 849 1120 regio
878 1051 1031 1113 .cirra
1074 1049 1358 1104 Jordanem
1387 1064 1401 1111 ;
1431 1056 1485 1100 et
1509 1045 1911 1114 baptizabantur
1944 1046 1993 1103 in

407 1142 642 1203 Joi‘danie
671 1143 738 1195 ab
779 1156 864 1201 eo,
913 1142 1233 1197 conﬁtentes
1258 1148 1475 1207 peccata
1504 1151 1622 1189 sua.
1677 1133 1875 1187 Videtis
1903 1148 1995 1184 au-

412 1243 515 1284 tem
544 1233 745 1293 inultos
776 1231 1170 1285 pilﬂl'ISillUl’lllll
1194 1239 1247 1283 et
1276 1226 1695 1282 Sadducmorum
1719 1222 1997 1278 venientes

408 1325 472 1376 ad
504 1324 832 1393 baptismum
882 1336 1038 1377 suum
1071 1362 1088 1385 ,
1142 1321 1281 1375 dixit
1326 1320 1404 1375 eis
1429 1337 1444 1373 ;
1472 1318 1764 1387 Progenies
1792 1317 2000 1385 vipera—

410 1432 553 1480 rom,
585 1415 705 1485 quis
730 1413 1125 1473 demonstravit
1172 1413 1323 1471 vobis
1354 1411 1539 1480 fugere
1574 1427 1599 1462 a
1630 1420 1851 1464 ventura
1884 1408 1999 1462 ira?

414 1508 595 1561 Facite
630 1523 762 1576 ergo
792 1508 1022 1560 fructum
1050 1505 1266 1575 dignum
1288 1503 1647 1573 .pmniteutiau
1670 1501 1746 1561 ,Et
1768 1516 1834 1557 ne
1867 1500 1997 1553 vcli~

408 1600 478 1653 tis
530 1599 709 1653 dicere
748 1601 902 1661 intra
958 1612 1052 1651 vos
1084 1613 1099 1651 :
1131 1597 1342 1651 Patrem
1402 1595 1660 1661 habemus
1708 1593 1996 1655 Abraham.

414 1691 543 1747 Dico
568 1693 715 1745 enim
761 1693 933 1755 vobis,
958 1690 1214 1759 quopiam
1270 1699 1446 1758 potest
1480 1689 1618 1745 Deus
1645 1704 1710 1743 ex
1738 1686 2002 1755 lapidibus

2096 487 2163 542 ab
2194 504 2279 543 eo.
2309 518 2391 528 -η
2431 489 2556 544 ιω.
2601 504 2677 558 ιιι,
2708 486 2795 543 25.
2834 486 2900 541 Ει
2940 488 3051 555 ipse
3081 496 3197 543 erat
3228 487 3490 557 incipiens
3528 490 3685 563 quasi

2094 596 2355 647 annorum
2393 580 2627 652 triginta,
2656 590 2713 636 ut
2753 582 3057 652 putabatur,
3104 581 3244 634 [ilius
3268 579 3680 650 JosephJoan-

2098 688 2196 739 nes
2225 686 2404 739 autem
2432 672 2751 743 prohibebat
2779 687 2924 736 eum,
2951 670 3136 724 dicens
3161 686 3175 722 :
3211 668 3322 740 Ego
3350 684 3377 722 a
3412 681 3462 731 te
3511 670 3686 726 debeo

2097 765 2374 833 baptizari,
2391 773 2445 819 et
2468 773 2520 817 tu
2548 762 2701 818 venis
2718 764 2782 816 ad
2804 778 2888 818 me
2906 762 2928 813 Ἰ
2951 760 3301 831 Respondens
3318 774 3500 817 autem
3525 762 3686 818 Iesus

2096 859 2231 925 dixit
2249 860 2295 913 ei
2319 877 2330 910 :
2352 860 2479 915 Sine
2502 857 2683 925 modo,
2716 857 2794 912 sic
2809 860 2948 913 enim
2972 859 3126 913 decet
3158 874 3254 912 nos
3266 860 3688 929 adimplereom-

2099 950 2515 1021 nemjustitiam.
2545 950 2694 1005 Tunc
2713 950 2922 1007 dimisit
2947 966 3094 1007 cum.
3119 982 3188 991 —
3206 951 3335 1007 Luc.
3367 968 3447 1021 tu,
3476 953 3685 1018 2|,22.

2100 1041 2316 1095 Factum
2333 1050 2416 1096 est
2443 1053 2618 1096 autem
2644 1058 2764 1097 cum
2798 1043 3159 1112 baptizaretur
3175 1045 3347 1098 omnis
3362 1046 3610 1114 populus,
3632 1054 3690 1101 et

2098 1133 2228 1189 Jesu
2258 1134 2523 1203 baptizato
2546 1142 2820 1198 etorantc,
2848 1136 3126 1187 confestim
3147 1138 3385 1189 ascendit
3417 1138 3483 1191 de
3499 1153 3639 1206 aqua
3670 1155 3685 1189 :

2100 1233 2154 1278 et
2174 1239 2299 1279 ecce
2328 1224 2498 1293 aperti
2532 1226 2718 1279 suntei
2748 1225 2891 1291 cmli,
2943 1236 2997 1280 et
3026 1226 3156 1279 vidit
3178 1227 3434 1295 Spiritum
3469 1228 3563 1285 Dei
3582 1229 3692 1291 ‘de-

2101 1315 2446 1370 scendentem
2475 1316 2739 1384 corporali
2781 1317 2963 1385 specie
2994 1318 3130 1371 sicut
3159 1317 3487 1383 columbam,
3512 1326 3568 1373 et
3594 1334 3692 1373 ve-

2107 1408 2346 1460 nientem
2371 1421 2534 1475 super
2573 1423 2653 1461 sc.
2685 1408 2747 1461 Et
2780 1422 2905 1462 ecce
2932 1425 3028 1461 vox
3054 1408 3121 1463 de
3163 1411 3313 1463 ('(BIis
3340 1410 3524 1465 dicens
3558 1429 3571 1463 :
3605 1411 3691 1465 Tu

2104 1512 2161 1550 es
2182 1496 2351 1551 Filius
2365 1514 2514 1552 meus
2530 1498 2775 1561 directus.
2793 1502 2843 1553 in
2865 1511 2913 1553 te
2926 1501 3218 1568 complacui
3241 1502 3623 1557 mihi.-—.loau.
3647 1517 3689 1568 ι,

2105 1588 2299 1643 32-54.
2352 1590 2415 1643 Et
2457 1591 2820 1644 tesdmoninm
2860 1594 3130 1659 perhibuit
3167 1593 3425 1659 Joannes,
3455 1595 3641 1651 dicens
3676 1615 3690 1649 :

2108 1680 2241 1746 Quia
2272 1689 2300 1716 ι
2349 1680 2554 1734 vidistis
2584 1681 2841 1748 Spiritum
2869 1683 3280 1738 descendentem
3308 1687 3458 1753 quasi
3484 1687 3697 1740 colum-

409 1783 527 1837 istis
550 1784 816 1845 suscitare
850 1782 988 1836 ﬁlios
1042 1780 1293 1837 Abrahae.
1340 1780 1456 1835 .lam
1505 1780 1649 1845 enim
1692 1777 1908 1841 securis
1932 1777 1999 1829 a-J
2032 1771 2228 1833 B.bam
2277 1773 2345 1826 de
2370 1773 2533 1837 caelo,
2579 1783 2633 1828 et
2678 1776 2873 1829 mansit
2899 1791 3059 1844 super
3088 1792 3241 1841 eum;
3265 1786 3319 1831 et
3355 1793 3453 1845 ego
3484 1781 3695 1833 nescie-

413 1874 646 1930 raditem
676 1874 931 1939 arborum
969 1876 1277 1942 positaest.
1298 1870 1500 1929 Omnis
1531 1886 1659 1941 ergo
1689 1868 1850 1923 arbor
1879 1882 2000 1935 qua:

412 1980 519 2017 non
561 1966 684 2017 facit
715 1965 943 2023 fructum
978 1964 1197 2027 bonum,
1245 1960 1611 2023 exscindetur,
1645 1967 1699 2012 et
1743 1959 1792 2012 in
1826 1957 2002 2035 ignem

412 2058 677 2112 mittetur.
702 2086 771 2096 —
804 2055 937 2109 Luc.
985 2070 1083 2118 ιιι,
1117 2054 1306 2108 19-15.
1348 2052 1411 2105 Et
1438 2048 1851 2117 interrogabant
1878 2062 2001 2101 eum

414 2148 585 2200 turba:
627 2147 870 2201 dicentes
904 2164 917 2199 :
952 2145 1086 2213 Quid
1133 2160 1261 2214 ergo
1305 2141 1598 2201 faciemus?
1648 2136 2002 2213 Respondens

412 2249 628 2303 autem,
680 2239 891 2309 dicebat
938 2238 1045 2292 illis
1076 2255 1093 2305 ἐ
1128 2236 1228 2305 Qui
1262 2234 1424 2293 habet
1476 2233 1610 2293 duas
1643 2231 1848 2285 tunicas
1870 2270 1886 2296 ,
1915 2228 2006 2281 det

412 2348 518 2385 non
543 2332 789 2396 babenti;
835 2331 1003 2398 etqui
1038 2329 1197 2383 habet
1216 2341 1396 2393 escas,
1419 2324 1667 2379 similiter
1690 2321 1879 2389 faciat.
1905 2320 2015 2393 Ve—I

411 2432 610 2478 nerunt
633 2422 989 2491 eLpubliqani
1016 2430 1075 2473 ut
1123 2420 1547 2488 baptizarenlur,
1576 2427 1632 2473 et
1658 2415 1909 2477 dixerunt
1937 2413 2005 2468 ad

416 2516 564 2568 illum
598 2514 902 2581 :Alagister,
932 2512 1055 2582 quid
1078 2510 1377 2571 iaciemus?
1410 2508 1479 2567 At
1506 2508 1597 2565 ille
1622 2506 1763 2582 dixit
1788 2506 1852 2559 ad
1878 2520 2004 2560 eos:

414 2604 554 2659 Nihil
580 2580 816 2672 amplius
845 2580 1001 2675 quain
1036 2600 1393 2669 constituiutp
1424 2608 1525 2655 .cst
1552 2580 1753 2662 vobis;
1776 2598 2005 2661 faciatis.

418 2680 980 2765 Interrogabanteutu
1021 2703 1075 2751 et
1105 2694 1328 2754 milites,
1348 2691 1603 2765 dicentes
1626 2706 1642 2765 γε
1676 2690 1813 2763 Quid
1847 2690 2003 2757 (acie-

424 2762 753 2853 mus.et'nos
780 2786 801 2837 ἵ
835 2788 899 2843 Et
927 2784 1000 2843 ait
1022 2784 1187 2851 illis:
1221 2762 1499 2851 Neminem
1522 2762 1880 2855 eon‘ctttiatis,
1902 2796 2007 2839 ne-

424 2878 877 2947 mpeeaiumuian‘.
910 2876 1233 2953 faciatis,ct
1253 2875 1490 2943 contenti
1514 2883 1695 2945 estote
1731 2875 2010 2949 stipendiis

414 2973 629 3035 vestris.
671 2970 1025 3037 Extstiutantc
1077 2970 1519 3039 autem,popalo,
1547 2976 1602 3029 et
1648 2968 2008 3039 Cogitantibus

416 3064 668 3119 omnibus
695 3061 747 3115 in
781 3060 1033 3133 cordibus
1058 3060 1191 3127 suis
1221 3059 1290 3114 de
1338 3058 1571 3129 Joanne,
1601 3072 1669 3113 ne
1686 3106 1693 3121 ,
1711 3058 1847 3125 forte
1872 3116 1876 3120 ,
1897 3060 2011 3135 ipse

2107 1864 2228 1917 bam
2276 1879 2430 1927 eum;
2463 1865 2557 1919 sed
2586 1867 2674 1933 qni
2709 1868 2854 1919 misit
2887 1883 2973 1921 me
3026 1868 3296 1935 baptizare
3327 1869 3379 1922 in
3410 1884 3568 1937 aqua,
3602 1870 3698 1925 ille

2112 1959 2242 2012 mihi
2268 1959 2403 2013 dixit
2434 1976 2448 2011 :
2478 1960 2652 2024 Super
2697 1976 2855 2029 quem
2900 1960 3140 2014 videritis
3169 1962 3425 2030 Spiritum
3471 1963 3700 2017 desceno

2106 2049 2345 2115 dentem,
2373 2062 2427 2104 et
2456 2060 2758 2104 manentem
2785 2067 2946 2118 super
2966 2067 3112 2114 eum,
3137 2053 3316 2108 hicest
3338 2054 3429 2120 qui
3460 2054 3702 2121 baptizat

2108 2140 2162 2192 in
2190 2139 2390 2208 Spiritu
2420 2149 2638 2197 saneto.
2664 2142 2773 2211 Ego
2802 2142 2933 2210 vidi,
2961 2151 3019 2197 et
3055 2143 3419 2198 testimonium
3450 2143 3699 2213 perhibni

2108 2230 2231 2302 quia
2261 2232 2346 2287 hic
2367 2242 2448 2287 est
2477 2231 2642 2287 Filius
2675 2232 2786 2287 Dei.

2701 2324 2929 2385 CAPUT
2978 2323 3102 2385 ΧΥ.

2339 2415 2535 2470 Ductus
2561 2428 2633 2473 est
2661 2416 2814 2474 ὥδευε
2843 2435 2875 2471 ιι
2895 2418 3081 2483 spiritu
3110 2417 3165 2471 in
3190 2416 3458 2475 desertum.

2183 2528 2399 2585 Nutu.
2432 2545 2506 2591 IV,
2541 2529 2658 2582 1ι11
2688 2545 2702 2593 ;
2738 2528 2909 2585 Mane.
2944 2543 2979 2591 t,
3015 2527 3100 2588 I3,
3145 2527 3242 2591 i3;
3276 2527 3503 2591 1400.“,
3543 2527 3703 2583 1-15.

2114 2619 2267 2677 Tunc
2288 2619 2668 2683 lesusductus
2690 2627 2771 2675 est
2806 2617 2861 2675 in
2885 2619 3155 2681 desertum
3180 2636 3208 2672 a
3232 2618 3423 2685 spiritu
3443 2658 3461 2681 ,
3491 2628 3551 2672 ut
3581 2628 3702 2677 ten-

2026 2762 2029 2765 λ
2116 2721 2320 2769 taretur
2340 2728 2369 2771 a
2394 2712 2629 2771 diabolo.
2658 2712 2870 2771 Etcum
2892 2711 3193 2781 jejunasset
3214 2713 3560 2781 quadraginta
3583 2712 3703 2768 die-

2116 2804 2215 2865 bus
2239 2813 2295 2858 et
2319 2804 2967 2875 quadragintanoctibns,
3000 2814 3185 2872 postea
3222 2804 3429 2869 esui-iit.
3455 2804 3520 2859 Et
3536 2819 3703 2863 acco-

2117 2896 2519 2955 daustentator
2536 2896 2681 2955 dixit
2714 2915 2751 2950 τη
2778 2896 2833 2953 Si
2850 2896 3029 2957 .Filius
3050 2897 3158 2954 Dei
3184 2897 3389 2961 es,dic
3412 2905 3472 2951 ut
3493 2896 3705 2965 lapides

2118 2989 2589 3057 istipanestiant.
2628 2990 2729 3055 Qui
2778 2992 3153 3055 resnon'ens,
3213 2990 3347 3045 dixit
3378 3003 3401 3044 τη
3428 2990 3709 3056 Scriptum

2118 3089 2203 3139 est
2231 3098 2246 3134 ι
2277 3080 2481 3137 Nonin
2510 3095 2645 3150 pane
2681 3080 2803 3136 solo
2824 3080 2955 3137 vivit
2985 3080 3167 3147 homo,
3190 3078 3297 3136 sed
3324 3081 3375 3137 in
3402 3081 3547 3137 enini
3578 3095 3708 3134 ver-

416 3164 561 3221 essct
601 3153 868 3220 Christus,
898 3152 1143 3215 -μιολιι
1168 3153 1430 3221 t,i9-25,
1460 3151 1914 3227 MiseruntJuda-i
1944 3152 2005 3208 ab

2122 3149 2629 3245 boquqdproeedit
2658 3174 2864 3233 .deere
2914 3172 3009 3231 Dci
3058 3171 3238 3239 (Deut.
3270 3169 3494 3239 iiuna).
3549 3170 3709 3226 Tunc

416 3243 1135 3319 Hierosolymissacerdotes
1159 3254 1211 3297 et
1233 3244 1418 3299 levitas
1435 3244 1499 3299 ad
1525 3260 1669 3310 eum,
1700 3255 1756 3301 ut
1784 3245 2012 3305 interro—

418 3344 607 3405 garent
636 3351 757 3391 eum
792 3352 805 3387 :
835 3334 915 3389 Tu
942 3335 1060 3402 quis
1098 3335 1195 3389 es?
1232 3335 1293 3389 Et
1348 3335 1623 3389 Confessus
1671 3343 1775 3409 est,
1821 3345 1875 3389 et
1905 3348 2009 3409 non

420 3425 660 3496 negavit;
690 3435 744 3487 et
763 3426 1041 3491 confessus
1072 3434 1154 3478 est
1187 3443 1202 3479 :
1245 3425 1378 3491 Quia
1410 3442 1512 3477 non
1541 3440 1660 3479 sum
1714 3440 1814 3492 ego
1860 3425 2012 3487 Chri-

424 3526 559 3587 stus.
588 3516 653 3569 Et
678 3514 1159 3583 interrogaverunt
1195 3529 1315 3569 eum
1353 3531 1365 3566 :
1398 3512 1727 3582 Quidergo?
1775 3513 1915 3569 Elias
1955 3530 2013 3570 es

423 3606 515 3662 tu?
536 3607 601 3679 Et
650 3606 823 3665 dixit:
857 3605 972 3660 Non
1004 3620 1144 3659 sum.
1178 3603 1300 3671 Pio,
1323 3603 1447 3659 beta
1470 3619 1527 3659 es
1554 3614 1606 3657 tu
1628 3603 1651 3654 ?
1677 3604 1744 3657 Et
1789 3618 2015 3672 respon-

423 3698 503 3751 dit
535 3715 549 3753 :
580 3697 718 3755 Non.
752 3698 1016 3757 Dixerunt
1037 3711 1164 3764 ergo
1191 3694 1243 3749 ei
1270 3710 1283 3745 :
1311 3694 1441 3759 Quis
1487 3708 1568 3757 es,
1602 3703 2014 3763 utgrcsponsum

423 3787 612 3845 demus
638 3786 720 3839 his
749 3787 836 3854 qui
878 3784 951 3838 mi
984 3793 1144 3839 etunt
1167 3783 1301 3837 nos?
1348 3782 1479 3849 Quid
1510 3782 1646 3838 dicis
1687 3782 1755 3837 de
1783 3794 1833 3836 te
1864 3782 2015 3850 ipso?

426 3878 557 3932 Ait:
594 3878 731 3947 Ego,
771 3892 890 3932 sum
933 3892 1035 3929 vox
1091 3873 1374 3929 clamantis
1422 3873 1473 3926 in
1530 3873 1748 3927 deserto
1777 3890 1788 3926 :
1822 3873 2015 3927 Parate

424 3973 566 4025 viam
595 3968 824 4034 Domini,
855 3968 993 4022 sicut
1024 3966 1159 4022 dixit
1190 3966 1347 4019 Isaias
1371 3964 1629 4034 propheta
1658 3964 1790 4035 (15a.
1821 3980 1907 4027 ιι..
1934 3964 2025 4034 ὃ).

427 4064 495 4118 Ει
525 4064 612 4135 qui
639 4063 785 4121 missi
817 4064 1047 4126 l'ucrant,
1079 4070 1326 4116 erantex
1358 4058 1661 4116 Pliarisxeis.
1694 4058 1758 4113 Et
1786 4058 2025 4113 interro-

422 4164 686 4225 gavrruut
712 4171 854 4218 eun,
878 4164 937 4215 et
960 4154 1213 4209 dixerunt
1247 4170 1260 4207 :
1295 4150 1433 4219 Quid
1457 4166 1584 4223 ergo
1607 4152 1861 4222 baptizas,
1892 4150 1937 4205 si
1963 4161 2017 4205 tu

429 4263 535 4301 non
563 4262 621 4301 es
641 4245 1113 4313 Christus,.ncqne
1140 4245 1302 4313 Elius,
1353 4258 1527 4312 neque
1572 4243 1870 4313 propheta?
1890 4243 2016 4307 ,Βε-

423 4336 643 4403 spondit
664 4336 742 4390 eis
767 4320 1022 4399 Joannes,
1053 4335 1261 4397 dicens,
1294 4364 1365 4374 —
1396 4335 1608 4408 liin'rn.
1652 4349 1750 4400 ιιι,
1792 4334 1879 4403 11,
1916 4336 2016 4401 12;

374 4473 401 4495 ,
425 4424 595 4479 Manu.
614 4440 652 4489 I,
674 4424 804 4488 7,8;
834 4423 1707 4491 Luc.ut,iti-18;.loau.t,26,‘27:
1726 4424 1880 4495 *Ego
1897 4426 2019 4492 qui-

428 4514 551 4566 dem
588 4512 799 4581 baptizo
828 4527 920 4565 vos
954 4514 1003 4565 in
1033 4527 1190 4581 aqua,
1226 4513 1276 4566 in
1307 4514 1697 4581 paenitentiam.

431 4612 553 4671 post
584 4620 666 4659 tne
692 4612 947 4656 venturus
982 4613 1085 4668 est,
1120 4602 1305 4661 fortior
1346 4618 1432 4656 tne
1458 4612 1561 4664 est.
1593 4604 1745 4671 cujus
1769 4620 1876 4659 non
1898 4622 2015 4667 sum

430 4696 622 4764 dignus
649 4697 1011 4751 calceamenta
1048 4707 1280 4762 portare.
1325 4694 1526 4749 Medius
1564 4704 1741 4753 autem
1775 4707 2015 4757 vestrum

432 4787 784 4856 stetit,quem
816 4802 909 4841 vos
941 4786 1180 4841 nescitis.
1218 4785 1334 4854 Ipse
1360 4800 1457 4839 vos
1487 4787 1781 4855 baptizahit
1812 4789 1862 4842 in
1894 4790 2014 4856 Spi-

431 4881 542 4936 ritu
557 4890 743 4939 sancto
765 4889 819 4935 et
840 4879 980 4949 igne.
1027 4877 1575 4947 Cujusyentilabrum
1606 4880 1657 4934 iu
1690 4882 2016 4951 manuejus,

435 4986 490 5031 et
521 4976 894 5045 perinundabit
924 4990 1102 5030 arcam
1128 4988 1305 5040 suam,
1337 4983 1389 5029 et
1410 4975 1756 5046 congregabit
1784 4977 2016 5032 triticum

438 5081 592 5121 suum
627 5068 678 5120 in
710 5068 987 5133 horreum,
1020 5068 1200 5136 paleas
1221 5078 1399 5126 autem
1424 5066 1703 5122 coniburet
1731 5068 1837 5139 igni
1868 5067 2019 5125 inex-

436 5159 753 5228 stinguibili.
786 5162 949 5216 Multa
974 5154 1190 5232 quidem
1214 5174 1268 5220 et
1313 5164 1417 5219 alia
1447 5163 1761 5229 exhortans,
1791 5179 2021 5235 evangeo

437 5251 631 5311 l'tzabat
658 5252 876 5321 populo.
911 5283 983 5294 —
1005 5255 1310 5324 JOAN.I,9.8.
1345 5258 1472 5313 Ησιε
1508 5258 1562 5313 in
1595 5256 1852 5313 Bethania
1881 5256 2020 5314 facta

334 5392 339 5395 .
437 5352 737 5423 suntttaus
761 5343 1075 5414 Iordanem,
1106 5348 1193 5401 ubi
1225 5357 1343 5402 erat
1371 5348 1605 5407 Joannes
1628 5348 1925 5420 baptizans.

1032 5430 1258 5513 CAPUT
1298 5460 1438 5514 xw.

829 5549 1134 5618 Baptizatur
1171 5547 1322 5604 Iesus
1351 5567 1383 5604 α
1408 5549 1630 5607 Joanne.

512 5637 721 5698 Murri.
754 5659 828 5707 Ill,
864 5642 1250 5708 iii-thinks.
1282 5657 1320 5708 I,
1350 5643 1505 5697 9-11.
1531 5642 1679 5698 Tunc
1697 5643 1842 5698 venit
1866 5643 2023 5701 .lcsus

513 5772 538 5797 ⁸·
572 5760 746 5829 Vu'g.,
783 5761 916 5827 Quia
957 5761 1146 5817 υἱῶν..

2117 3262 2409 3331 assumpsit
2439 3278 2560 3316 eum
2586 3262 2834 3316 diabolus
2862 3262 2913 3316 in
2932 3270 3172 3325 sanctam
3193 3262 3485 3328 civitatem,
3500 3270 3577 3316 ,οι
3593 3271 3713 3315 sta-

2120 3355 2220 3406 tuit
2263 3368 2384 3407 eum
2420 3368 2583 3422 supra
2616 3353 3194 3423 pinnaculum-tcmpli,
3247 3364 3303 3407 et
3355 3352 3483 3406 dixit
3512 3352 3560 3406 ei
3598 3370 3610 3403 :
3643 3353 3709 3408 Si

2120 3444 2285 3498 Filius
2313 3445 2407 3499 Dei
2447 3461 2527 3511 es,
2556 3446 2708 3501 mitte
2736 3458 2789 3501 te
2816 3446 3092 3511 deorsum.
3113 3446 3378 3521 Scriptum
3399 3455 3480 3499 est
3507 3446 3652 3499 enim
3690 3463 3706 3498 :

2116 3536 2246 3603 Quia
2271 3539 2473 3607 angelis
2506 3539 2618 3603 suis
2645 3539 2912 3593 mandavit
2934 3539 3001 3595 de
3028 3550 3099 3603 te,
3131 3549 3187 3599 et
3226 3541 3275 3592 in
3321 3538 3563 3613 manibus
3593 3538 3710 3597 tol-

2119 3632 2228 3686 lent
2253 3640 2321 3695 te,
2356 3648 2422 3685 ne
2452 3631 2590 3686 forte
2636 3632 2876 3685 olTendas
2920 3631 2983 3683 ad
3034 3630 3267 3696 lapidem
3312 3630 3499 3697 pedem
3555 3639 3708 3682 tuum

2121 3719 2317 3791 (Prol.
2355 3737 2438 3783 xc.
2471 3722 2527 3775 11
2568 3721 2609 3790 ).
2659 3723 2745 3775 Ait
2806 3722 2878 3774 illi
2931 3721 3224 3775 Dominus:
3280 3718 3510 3773 Rursum
3572 3719 3716 3772 srri-

2121 3823 2266 3881 ptum
2320 3823 2402 3867 est
2454 3830 2467 3865 :
2513 3812 2625 3866 Non
2684 3813 2912 3866 tentabis
2964 3810 3249 3866 Dominum
3328 3798 3491 3864 Deum
3554 3819 3712 3864 tuum

2122 3902 2299 3971 (Deut.
2337 3918 2408 3966 vt,
2455 3903 2565 3973 1(3).
2618 3903 2811 3958 lterum
2852 3905 3144 3975 assumpsit
3184 3919 3303 3957 eum
3360 3903 3605 3957 diabolus
3653 3903 3714 3957 in

2123 4003 2358 4047 montem
2391 3995 2661 4049 excelsum
2692 3994 2867 4060 valde,
2899 4003 2953 4050 et
2988 3994 3224 4049 ostendit
3250 3994 3296 4049 ei
3328 3994 3506 4049 omnia
3540 4008 3711 4060 regna

2123 4087 2329 4152 mundi,
2365 4097 2417 4141 et
2454 4088 2675 4157 gloriam
2707 4101 2915 4142 eorum.
2961 4087 3023 4140 Et
3050 4086 3191 4155 dixit
3214 4087 3288 4140 illi
3318 4104 3330 4138 :
3367 4086 3491 4140 llaec
3523 4087 3715 4138 omnia

2124 4178 2218 4233 tibi
2238 4179 2398 4245 dabo,
2416 4182 2459 4234 si
2476 4181 2673 4235 cadens
2697 4180 3004 4239 adoraveris
3025 4194 3129 4233 me.
3144 4178 3291 4233 Tunc
3305 4178 3433 4233 dicit
3454 4176 3500 4232 ei
3526 4175 3711 4239 lusus:

2125 4267 2293 4337 Vade,
2325 4269 2582 4343 Satanas;
2613 4272 2870 4340 scriptum
2896 4281 2977 4324 est
3002 4268 3146 4325 enim
3179 4287 3193 4323 :
3229 4269 3510 4343 Dominum
3537 4267 3713 4322 Deum

2123 4369 2270 4414 tuum
2301 4361 2575 4426 adorabis,
2594 4358 2653 4416 et
2675 4360 2751 4415 illi
2779 4361 2879 4415 soli
2910 4357 3321 4427 servies(lbid.,
3350 4359 3455 4430 15).
3478 4388 3547 4399 -—
3576 4358 3714 4415 hcc.

2127 4471 2200 4523 IV,
2226 4457 2312 4513 15.
2348 4456 2414 4511 Ει
2443 4465 2810 4515 consummata
2836 4455 2980 4509 omni
3008 4455 3321 4523 lentatione,
3358 4453 3719 4519 tuncreliqnit

1722 4514 1823 4585 Qui
1838 4525 2005 4577 autem

2125 4514 2244 4601 cuin
2277 4547 2522 4601 diabolus
2546 4563 2714 4618 usque
2743 4548 2809 4603 ad
2835 4538 3145 4617 tempus“;—
3167 4514 3343 4603 Manc.
3374 4562 3412 4615 ι,
3443 4547 3528 4601 15.
3557 4514 3692 4613 Erat

2122 4652 2225 4708 que
2252 4654 2372 4692 cum
2412 4640 2615 4693 bestiis.
2658 4640 2722 4693 Et
2764 4654 2890 4694 ecce
2933 4639 3105 4708 angeli
3138 4648 3502 4703 accesserunt,
3532 4646 3589 4689 ct
3614 4639 3704 4690 ini-

2124 4730 2420 4784 nistrabant
2440 4731 2509 4783 vi.
2800 4753 2812 4765 ’

2704 4815 2930 4872 CAPUT
2972 4817 3111 4871 XVI.

2332 4911 2450 4965 Duo
2478 4911 2719 4981 discipuli
2739 4909 2954 4965 Joannis
2984 4912 3141 4964 secuti
3166 4918 3284 4963 sunt
3306 4908 3503 4963 luunt.

2199 5008 2355 5062 .Iom.
2385 5021 2424 5071 ι,
2449 5004 2639 5061 55-42.
2675 5005 2855 5059 Altera
2896 5004 2982 5057 die
3010 5004 3204 5057 iterum
3233 5002 3408 5055 stabat
3447 5001 3713 5064 Joannes,

2122 5107 2263 5153 etes
2286 5095 2558 5165 discipulis
2592 5095 2710 5164 ejus
2730 5094 2857 5149 duo.
2890 5095 2956 5148 Et
2984 5094 3278 5163 respiciens
3297 5091 3478 5147 Iesum
3511 5093 3709 5145 ambu-

2125 5190 2320 5243 lantem
2345 5188 2478 5241 dicit
2507 5205 2521 5241 :
2556 5187 2695 5241 Ecce
2730 5187 2911 5257 Agnus
2962 5185 3082 5250 Dei,
3110 5199 3237 5240 ecce
3265 5186 3356 5254 qui
3398 5184 3534 5238 tollit
3576 5198 3711 5250 pec-

2123 5294 2238 5336 cata
2268 5278 2471 5335 mundi.
2509 5280 2573 5333 Et
2594 5278 2720 5334 audi
2758 5288 2882 5333 runt
2908 5293 3032 5333 eum
3067 5277 3176 5332 duo
3208 5276 3456 5345 discipuli
3484 5275 3713 5343 loquen-

2126 5384 2252 5440 tem,
2282 5382 2337 5427 et
2386 5372 2558 5427 secuti
2586 5380 2711 5425 sunt
2735 5370 2938 5426 lesum.
2992 5370 3302 5424 conversus
3329 5377 3504 5421 autem
3527 5364 3716 5431 Jesus,

2128 5474 2184 5520 et
2211 5465 2396 5517 videns
2422 5477 2517 5517 eos
2542 5471 2830 5531 sequentes
2856 5475 2937 5524 se,
2966 5460 3095 5515 dicit
3114 5460 3194 5514 cis
3226 5474 3242 5514 :
3272 5458 3410 5526 Quid
3433 5456 3672 5528 qua-ritis
3690 5456 3717 5509 ι

2127 5554 2229 5620 Qui
2260 5552 2506 5607 dixerunt
2532 5552 2580 5607 ei
2614 5569 2625 5603 :
2661 5551 2824 5605 Rabbi
2849 5550 3023 5620 (Quod
3052 5550 3249 5607 dicitur
3280 5550 3716 5619 interpretatum,

2131 5645 2249 5715 ﬂag
2271 5644 2422 5714 ster),
2457 5643 2544 5700 ubi
2566 5641 2810 5699 habitas?
2850 5643 2989 5698 Dicit
3035 5643 3115 5699 eis
3146 5658 3162 5697 :
3192 5639 3404 5711 Venite,
3432 5648 3489 5697 et
3513 5638 3712 5694 videte.

1201 5776 1349 5830 suprr
1377 5773 1522 5829 quem
1558 5757 1759 5811 videris.
1816 5756 2009 5828 Neque.
2027 5757 2183 5814 aliter
2218 5755 2391 5813 (ιι-ωε.
