4026 6196
259 396 358 454 965

263 511 556 571 Venerunt,
600 514 653 561 ct
694 503 942 559 vidi-runt
984 503 1072 558 ubi
1115 512 1374 568 manetet,
1415 512 1470 556 et
1515 499 1653 568 apud
1705 513 1825 553 eum
1856 500 1906 558 Α

262 608 564 658 manserunt
607 597 834 652 dieillo.
871 595 1008 649 liora
1040 608 1217 648 autem
1273 603 1385 648 erat
1422 593 1572 662 quasi
1601 591 1828 645 decima.

264 695 381 749 Erat
416 701 590 743 autem
634 687 875 741 Andreas
907 687 1070 750 frater
1117 683 1353 739 Simoois
1386 683 1548 748 Petri,
1581 697 1716 736 unus
1759 694 1830 735 ex

263 782 462 837 duobus
490 778 578 848 qui
633 778 910 831 audierunt
952 791 979 828 a
1037 776 1262 840 Joanne,
1317 783 1372 828 et
1425 773 1591 827 secuti
1625 771 1835 825 luerunt

263 889 399 928 eum.
435 870 638 924 Invenit
678 869 762 921 hic
817 868 1045 937 primunt
1105 866 1322 919 fratrem
1355 869 1516 917 suum‘
1534 862 1829 928 Simonem,

266 976 312 1018 et
346 963 472 1016 dicit
500 963 574 1016 ei:
605 959 908 1014 Invenimus
946 957 1192 1012 Messium
1223 955 1383 1024 (quod
1407 963 1487 1010 est
1525 955 1837 1020 interpreta-

265 1067 368 1109 tum
394 1051 687 1122 Christus).
727 1051 795 1105 Et
839 1048 1060 1104 adduxit
1086 1063 1205 1102 eum
1246 1047 1310 1100 ad
1359 1045 1559 1100 Jesum.
1616 1044 1837 1098 intuitus

267 1160 435 1201 autem
461 1161 580 1201 eum
605 1144 780 1210 Iesus,
799 1142 934 1196 dixit
958 1159 971 1193 :
999 1140 1080 1194 Tu
1104 1154 1162 1194 es
1184 1140 1368 1194 Simon
1399 1138 1538 1192 Iilins
1568 1136 1768 1191 Joanna
1787 1144 1834 1189 οε

265 1251 316 1294 tu
354 1237 632 1294 vocaberis
660 1236 868 1303 Ccpltas
892 1233 1054 1304 (quod
1085 1233 1470 1301 interpretatur
1500 1228 1736 1298 Petrus).

847 1342 1072 1397 CAPUT
1111 1340 1271 1396 XVII.

683 1431 760 1487 De
785 1431 1028 1501 Philippo
1050 1439 1096 1484 et
1125 1429 1467 1485 Nat/tanaele.

328 1546 487 1602 Joan.
519 1561 557 1612 l,
580 1544 769 1599 45-51.
821 1543 878 1597 In
912 1541 1204 1597 crastinum
1257 1550 1431 1596 autem
1484 1540 1653 1595 voluit
1690 1540 1840 1595 exire

265 1637 316 1691 in
337 1636 634 1690 Galilzeam.
661 1635 725 1688 Et
746 1635 948 1688 invenit
977 1633 1303 1701 Philippum,
1336 1631 1535 1685 etdicit
1567 1631 1617 1686 ei
1641 1631 1797 1687 Jesus
1823 1647 1838 1685 :

265 1726 500 1794 Sequere
521 1739 626 1779 tne.
655 1723 966 1777 Eratautem
992 1722 1265 1791 Philippus
1303 1735 1332 1774 a
1364 1720 1668 1786 Bethsaida,
1710 1721 1842 1776 civi-

269 1827 368 1871 tate
402 1816 629 1870 Andreaa
659 1826 711 1868 et
731 1815 894 1870 Petri.
955 1813 1158 1868 Invenit
1205 1811 1478 1882 Philippus
1522 1812 1837 1877 Nathanael,

197 1907 208 1915 ’
266 1921 316 1964 et
335 1910 466 1963 dicit
487 1909 533 1962 ei
558 1907 757 1974 :Qnem
779 1901 1282 1975 ScripsitMoysesin
1315 1905 1450 1973 lege,
1475 1896 1835 1973 ctprophette,

269 2002 561 2055 invenimus
588 2001 768 2055 Jesum
799 1999 962 2051 lilium
991 1996 1186 2065 Joseph
1227 2013 1255 2049 a
1298 1995 1578 2049 Nazaretlt.
1611 1996 1678 2049 Et
1703 1995 1842 2050 dixit

269 2092 598 2146 Nathanael:
635 2096 672 2145 A
708 2089 966 2144 Nazarcth
1016 2097 1192 2158 potest
1249 2086 1449 2156 aliquid
1501 2087 1624 2141 boni
1681 2088 1844 2142 esse?

274 2181 406 2236 Dicit
427 2182 474 2236 ei
505 2181 777 2250 Philippus
803 2198 814 2231 :
851 2179 983 2234 Veni
1014 2187 1064 2233 et
1107 2179 1246 2232 vide.
1271 2176 1417 2232 Vidit
1467 2176 1620 2231 Jesus
1651 2177 1848 2231 Natha-

275 2277 385 2330 nael
417 2278 714 2332 venientem
747 2274 810 2327 ad
831 2288 907 2339 se,
931 2273 1123 2345 etdicit
1149 2272 1216 2326 de
1241 2286 1307 2326 eo
1332 2289 1344 2323 :
1372 2271 1510 2326 Ecce
1531 2286 1658 2326 vere
1682 2271 1848 2325 Israe-

269 2368 375 2436 lita,
404 2369 456 2422 in
476 2384 579 2438 quo
601 2369 752 2421 dolus
780 2352 882 2420 non
907 2374 1008 2419 est.
1042 2364 1242 2419 Dicitei
1292 2361 1583 2416 Nathanael
1623 2379 1636 2413 :
1695 2360 1847 2416 Unde

272 2476 350 2514 me
382 2459 568 2514 nosti?
595 2458 888 2528 lieSpondit
915 2456 1090 2521 Jesus,
1121 2465 1175 2510 et
1215 2455 1351 2509 dixit
1393 2455 1442 2508 ei
1478 2471 1489 2504 :
1535 2453 1844 2524 Priusquam

273 2561 321 2606 te
341 2551 621 2620 Philippus
651 2558 884 2614 vocaret,
905 2563 1026 2604 cum
1052 2561 1201 2602 esses
1221 2547 1320 2600 sub
1355 2547 1479 2612 licu,
1507 2544 1615 2599 vidi
1639 2552 1712 2599 te.
1746 2543 1849 2600 lie-

269 2643 484 2712 spondit
513 2645 560 2697 ei
590 2640 909 2707 Nathanael,
936 2648 991 2695 et
1019 2642 1126 2692 ait:
1157 2636 1348 2701 Rabbi,
1373 2647 1428 2691 tu
1463 2651 1518 2692 es
1540 2635 1705 2691 Filius
1729 2635 1845 2701 Dei,

271 2746 322 2790 tu
341 2750 407 2790 es
432 2735 541 2789 liex
561 2733 741 2788 Israel.
773 2730 1266 2800 ResponditJesus,
1292 2739 1347 2783 et
1371 2729 1503 2784 dixit
1548 2728 1598 2784 ei
1654 2746 1669 2781 :
1715 2728 1850 2794 Quia

268 2828 371 2881 dixi
414 2827 526 2890 tibi,
561 2825 676 2880 Vidi
694 2835 744 2880 te
770 2826 866 2880 sub
896 2825 1020 2890 licu,
1063 2823 1237 2878 credis
1260 2823 1283 2875 γ
1305 2822 1476 2890 majus
1505 2821 1585 2876 his
1615 2820 1844 2876 videbis.

272 2918 331 2969 Et
352 2916 490 2970 dicit
516 2916 598 2971 eis
630 2933 643 2967 :
676 2914 867 2980 Amen,
894 2929 1049 2967 amen
1077 2911 1199 2966 dico
1225 2912 1398 2975 vobis,
1447 2911 1696 2966 videbitis
1739 2925 1848 2966 cte-

270 3007 374 3061 lum
402 3016 663 3075 apertum,
691 3014 748 3060 et
769 3005 984 3072 angelos
1029 3001 1122 3057 Dei
1141 3001 1489 3056 ascendentes
1514 2999 1542 3038 δ
1567 3014 1724 3069 supra
1766 3001 1853 3054 Fi-

270 3097 402 3150 liutn
434 3096 685 3152 hominis.
716 3125 784 3135 —
811 3094 937 3148 Luc.
976 3108 1050 3160 tv,
1103 3092 1287 3146 M-l5.
1339 3091 1406 3145 Et
1451 3103 1728 3160 regressus
1769 3098 1854 3146 est

269 3187 429 3244 Jesns
455 3188 508 3242 in
533 3187 728 3243 virtute
766 3185 985 3258 spiritus
1019 3185 1070 3240 in
1108 3183 1380 3239 Galilaeam
1411 3199 1424 3237 :
1476 3195 1529 3240 et
1555 3184 1692 3239 fama
1721 3184 1850 3241 exiit

273 3295 363 3349 per
391 3280 552 3334 unive
582 3294 694 3333 sam
723 3279 993 3346 regionem
1021 3277 1088 3332 de
1111 3278 1225 3331 illo.
1259 3274 1322 3329 Et
1383 3274 1496 3344 ipse
1546 3273 1770 3331 docebat
1793 3275 1846 3330 in

272 3372 560 3444 synagogis
607 3385 816 3437 eorum,
840 3379 895 3426 et
919 3367 1357 3441 ma-gttilicabatur
1406 3367 1474 3422 ab
1511 3368 1779 3424 omnibus.

855 3481 1081 3548 CAPUT
1120 3479 1305 3534 XVIII.

524 3575 592 3630 In
615 3589 877 3646 synagoga
898 3572 1018 3642 legit
1044 3569 1196 3624 Iesus
1219 3569 1411 3622 librum
1427 3567 1604 3622 Isaiae.

348 3689 481 3744 Luc.
515 3701 588 3753 tv,
620 3684 808 3741 IG-Ql.
839 3684 905 3738 Et
931 3684 1073 3737 venit
1104 3680 1366 3735 Nazareth
1407 3680 1494 3735 ubi
1540 3689 1655 3735 erat
1683 3681 1853 3736 nutri-

282 3790 386 3845 tus,
412 3789 468 3834 et
494 3776 711 3831 intravit
763 3773 1054 3829 secundum
1085 3771 1521 3827 consuetudinem
1575 3784 1726 3824 suam
1772 3771 1858 3825 die

283 3868 488 3923 sabbati
515 3867 567 3921 in
599 3879 946 3935 synagogam,
976 3871 1032 3918 et
1053 3862 1288 3916 surrexit
1309 3861 1506 3930 legere,
1537 3869 1590 3915 et
1631 3859 1858 3914 traditus

281 3968 363 4012 est
386 3959 459 4012 illi
490 3959 623 4012 liber
656 3956 804 4010 lsaizc
830 3953 1120 4024 prophetas.
1156 3952 1221 4006 Et
1262 3961 1320 4005 ut
1365 3949 1593 4004 revolvit
1639 3949 1858 4013 librum,

286 4051 490 4102 invenit
518 4049 692 4102 locum
725 4045 812 4100 ubi
834 4045 1088 4112 scriptum
1145 4047 1260 4096 erat
1308 4055 1323 4093 :
1367 4038 1596 4108 Spiritus
1649 4037 1860 4092 Domini

284 4156 448 4210 super
471 4155 587 4204 me;
617 4148 832 4209 propter
852 4135 991 4206 quod
1018 4133 1175 4188 unxit
1202 4146 1308 4197 me,
1337 4131 1706 4199 cvangelizare
1729 4143 1861 4198 pau-

290 4232 505 4298 peribus
535 4229 680 4283 misit
715 4243 821 4291 me,
845 4240 1038 4282 sanare
1092 4223 1353 4280 contritos
1381 4222 1545 4277 corde
1572 4231 1620 4287 α,
1667 4220 1861 4290 pradi-

290 4335 413 4375 cate
437 4320 662 4389 captivis
684 4319 1075 4382 remissionem,
1096 4324 1152 4371 et
1176 4315 1332 4370 caecis
1378 4314 1572 4378 visum,
1595 4313 1865 4367 dimittere

289 4412 656 4466 coniractosin
679 4411 1072 4476 remissionem,
1106 4409 1399 4479 praedicare
1432 4421 1627 4459 annum
1653 4404 1864 4459 Domini

1000 386 1586 446 EVANGELICARUM
1626 379 2129 440 IIARMONIABUM
2171 375 2741 434 INTERPRETATIO.

3392 384 3496 440 $86

2530 490 2756 546 CAPUT
2797 490 2936 546 XIX.
3584 565 3591 574 '

1930 585 1960 638 J
1969 602 2080 641 esus
2104 585 2297 640 vocavit
2313 584 2522 639 Petrum
2544 581 3132 649 etAndream,Jacobum
3151 596 3197 640 et
3226 585 3501 641 Joannem.

2005 726 2221 782 Mum.
2256 741 2326 792 tv,
2364 725 2552 781 18-22.
2609 724 2900 779 Ambulans
2937 732 3111 777 autem
3159 725 3304 794 juxta
3360 742 3508 782 mare

1933 821 2188 888 Galiltcze,
2247 819 2377 874 vidit
2405 820 2536 874 duos
2563 818 2773 882 fratres,
2830 817 3102 874 Simonem
3153 819 3241 886 qui
3290 829 3508 872 vocatur

1935 911 2147 976 Petrus,
2175 923 2223 966 et
2242 911 2507 966 Andream
2536 910 2756 964 fratrem
2780 910 2915 980 ejus,
2971 909 3240 963 mittentes
3284 920 3394 963 rete
3457 911 3509 962 in

1935 1017 2104 1058 mare.
2131 1003 2294 1056 Erant
2323 1003 2463 1056 enim
2530 1002 2839 1070 piscatores.
2894 1002 2957 1054 Et
3010 1001 3083 1054 ait
3135 1001 3276 1054 illis:
3327 1000 3510 1056 Venite

1937 1101 2059 1162 post
2083 1108 2201 1158 me;
2233 1091 2418 1145 iaciam
2449 1105 2542 1156 vos
2594 1091 2710 1144 li'eri
2777 1091 3066 1158 piscatores
3105 1089 3402 1144 hominum.
3444 1094 3513 1144 At

1939 1183 2018 1236 illi
2049 1183 2302 1236 continuo
2333 1182 2531 1235 relictis
2590 1179 2812 1246 retibus,
2863 1180 3031 1234 secuti
3092 1189 3220 1234 sunt
3269 1196 3413 1235 eum.
3444 1181 3513 1236 Et

1940 1272 2405 1341 procedensimle,
2461 1272 2590 1325 vidit
2640 1271 2772 1324 alios
2801 1271 2934 1328 duos
2979 1270 3202 1337 fratres,
3253 1271 3510 1327 Jacobttm

1940 1366 2181 1421 Zebedzei
2207 1375 2260 1422 et
2288 1366 2543 1420 Joannem
2578 1366 2791 1419 fratrem
2821 1365 2956 1433 ejus,
2985 1365 3034 1418 in
3063 1363 3179 1418 navi
3207 1380 3326 1418 cum
3347 1365 3515 1419 lebe-

1939 1458 2058 1511 dteo
2076 1468 2223 1527 patre
2245 1472 2449 1518 eorum,
2478 1457 2776 1510 relicictttes
2793 1457 2921 1509 retia
2941 1469 3054 1519 sua,
3084 1464 3138 1508 et
3167 1456 3372 1508 vocavit
3394 1469 3509 1509 eos.

1945 1548 2238 1614 llliautem,
2263 1545 2439 1601 statim
2459 1546 2658 1601 relictis
2686 1545 2886 1600 retibus
2919 1555 2969 1599 ct
2994 1554 3160 1614 patre,
3199 1547 3365 1599 secuti
3389 1557 3516 1600 sunt

1941 1639 2380 1703 enim—Luem,
2401 1637 2546 1693 I-IO.
2571 1638 2786 1692 Factum
2801 1647 2880 1692 est
2899 1647 3075 1696 autem
3099 1652 3218 1691 cum
3242 1623 3516 1692 turbzeir-

1946 1741 2163 1786 ruerent
2186 1731 2236 1784 in
2264 1745 2409 1798 eum,
2425 1740 2480 1783 ut
2505 1729 2749 1784 audirent
2767 1730 2984 1783 verbum
3001 1729 3115 1796 Dei,
3132 1740 3185 1784 et
3206 1731 3321 1798 ipse
3342 1731 3518 1788 stabat

1949 1835 2104 1876 secus
2134 1831 2376 1890 stagnum
2403 1820 2967 1886 Genezareth,etvidit
2997 1821 3127 1875 duas
3142 1831 3517 1878 navesstantcs

1949 1925 2103 1966 secus
2134 1925 2377 1981 stagnum
2415 1927 2426 1961 :
2457 1910 2749 1980 piscatores
2787 1921 2964 1965 autem
2995 1911 3415 1978 descenderant,
3464 1925 3518 1976 et

1946 2001 2197 2055 lavabant
2224 2001 2354 2055 retia
2385 2015 2500 2054 sua.
2527 2001 2834 2055 Aseendens
2858 2008 3032 2055 autem
3067 2001 3118 2055 in
3149 2017 3307 2056 tinam
3340 2003 3516 2064 navim

1947 2105 2068 2160 qua:
2097 2100 2214 2146 erat
2235 2090 2488 2152 Simonis,
2520 2091 2725 2158 rogavit
2752 2106 2872 2144 cum
2895 2105 2925 2145 a
2959 2100 3096 2145 terra
3127 2093 3386 2147 reducere
3423 2108 3521 2161 pu-

1947 2183 2124 2236 sillum
2154 2200 2164 2234 :
2193 2193 2245 2236 et
2288 2183 2485 2238 sedens
2538 2182 2763 2237 docebat
2806 2184 2874 2238 de
2926 2184 3166 2238 navicula
3221 2184 3422 2239 turbas.
3457 2187 3521 2240 Ut

1943 2275 2176 2328 cessavit
2208 2266 2383 2328 autem
2414 2273 2579 2342 loqui,
2607 2273 2737 2327 dixit
2764 2275 2828 2327 ad
2854 2274 3123 2330 Simonem
3158 2292 3169 2326 :
3207 2275 3315 2328 Duc
3358 2276 3408 2328 in
3439 2275 3519 2328 al-

1949 2371 2084 2426 tuin,
2109 2374 2161 2417 et
2194 2363 2366 2415 laxate
2397 2363 2528 2416 retia
2559 2373 2734 2416 vestra
2764 2365 2816 2417 in
2868 2375 3168 2434 capturum.
3203 2365 3264 2418 Et
3293 2380 3518 2435 respon-

1948 2454 2082 2509 dens
2107 2455 2292 2510 Simon
2324 2455 2458 2509 dixit
2478 2454 2554 2508 illi
2582 2471 2593 2506 :
2619 2455 2942 2525 Pra‘ceptor,
2975 2471 3070 2527 per
3119 2466 3281 2512 totam
3313 2468 3520 2513 noctem

1949 2546 2254 2602 laborantes
2271 2546 2402 2601 nihil
2430 2547 2668 2616 cepimus
2701 2564 2713 2601 :
2749 2548 2798 2601 in
2819 2548 2981 2602 verbo
3012 2558 3187 2602 autem
3214 2558 3302 2603 tuo
3332 2549 3524 2607 laxabo

1949 2647 2086 2694 rete.
2136 2641 2199 2692 lit
2252 2655 2370 2692 cum
2419 2639 2519 2692 hoc
2549 2638 2820 2704 fecissent,
2851 2639 3230 2692 concluserunt
3300 2640 3522 2708 piscium

1917 2737 1920 2741 '
1949 2729 2345 2784 multitudinem
2374 2730 2666 2798 c0piosam.
2697 2731 3062 2800 Rumpcbatur
3087 2739 3268 2786 autem
3299 2741 3412 2787 rete
3426 2748 3524 2788 eo-

1950 2836 2089 2875 rum.
2123 2823 2187 2874 Et
2231 2831 2529 2876 annuerant
2553 2823 2712 2878 sociis
2733 2825 2819 2892 qui
2851 2833 3002 2878 erant
3045 2824 3095 2876 in
3127 2824 3228 2877 alia
3277 2826 3396 2879 navi
3423 2867 3438 2893 ,
3466 2833 3527 2881 ut

1951 2912 2196 2967 venirent
2217 2922 2269 2967 et
2297 2913 2615 2983 adjuvarent
2641 2927 2756 2968 eos.
2790 2913 2856 2966 Et
2907 2925 3187 2980 venerunt,
3227 2923 3282 2970 et
3331 2916 3523 2985 imple-

1951 3011 2144 3059 verunt
2164 3005 2350 3058 ambas
2381 3006 2674 3073 naviculas,
2729 3008 2799 3060 ita
2819 3013 2875 3060 ut
2929 3008 3348 3076 trcrgerentur'.
3375 3010 3526 3076 Quod

1953 3109 2075 3151 cum
2104 3096 2309 3151 videret
2338 3095 2522 3151 Simon
2571 3098 2757 3151 Petrus
2806 3097 3030 3165 procidit
3078 3098 3142 3152 ad
3183 3113 3352 3168 genua
3399 3099 3526 3155 Jesu

1955 3187 2138 3242 dicens
2170 3203 2185 3240 :
2236 3187 2330 3240 Exi
2356 3202 2384 3239 a
2415 3202 2518 3252 me,
2544 3189 2663 3256 quia
2695 3187 2852 3241 bono
2883 3197 3128 3256 peccator
3172 3203 3310 3255 sum,
3349 3189 3531 3243 Domi-

1958 3290 2045 3332 ne.
2068 3277 2265 3347 Stupor
2297 3279 2437 3332 enim
2469 3278 2895 3332 circumdederat
2921 3293 3064 3341 eum,
3118 3288 3172 3332 et
3223 3295 3409 3335 omnes
3436 3282 3527 3349 qni

1955 3386 2076 3425 cum
2108 3372 2408 3437 illoerant,
2437 3368 2490 3422 in
2519 3379 2735 3438 captura
2779 3370 2998 3437 piscium
3025 3384 3182 3438 quam
3228 3381 3482 3438 ceperant
3515 3389 3526 3422 :

1957 3461 2204 3516 similiter
2231 3469 2408 3514 autem
2432 3457 2688 3512 Jacobum
2711 3469 2766 3512 et
2790 3458 3046 3513 Joannem
3081 3461 3218 3514 Iilios
3262 3459 3527 3530 Zebedaei,

1958 3552 2048 3622 qui
2076 3552 2382 3606 eratttsocii
2402 3551 2654 3605 Simonis.
2687 3550 2752 3605 Et
2778 3551 2852 3603 ait
2899 3549 2964 3603 ad
3013 3550 3284 3605 Simonem
3327 3552 3482 3607 Jesus
3517 3571 3532 3607 :

1959 3639 2077 3694 Noli
2105 3643 2294 3696 timere
2325 3657 2338 3693 :
2371 3655 2436 3695 ex
2465 3639 2568 3694 hoc
2590 3641 2696 3694 eris
2724 3639 2962 3694 homines
2985 3639 3216 3707 capiens.
3255 3670 3324 3680 ——
3374 3640 3528 3696 Joas.

1953 3745 2016 3800 tt,
2047 3731 2127 3786 ll.
2168 3731 2234 3786 Et
2261 3732 2615 3788 crediderunt
2654 3733 2705 3787 in
2748 3747 2872 3788 eum
2912 3731 3164 3799 discipuli
3205 3729 3350 3795 ejus.
3387 3728 3521 3784 an.

1950 3837 2004 3876 v.
2046 3821 2131 3878 Il.
2162 3823 2229 3878 Et
2261 3823 2543 3878 subductis
2581 3841 2606 3877 τι
2639 3831 2785 3880 terra
2820 3823 3070 3887 navibus,
3098 3819 3310 3874 relictis
3339 3820 3521 3873 omni-

1950 3915 2074 3982 bus,
2101 3919 2272 3972 secuti
2309 3927 2434 3972 snttt
2466 3919 2637 3976 il'um.

2568 4047 2790 4103 CAPUT
2828 4046 2946 4100 XX.

2212 4147 2362 4201 Jesus
2385 4143 2572 4198 uocauit
2596 4140 2895 4194 Matthwum
2941 4136 3286 4208 publicanum.

2039 4244 2254 4299 Manu.
2286 4255 2362 4303 tx,
2393 4239 2455 4301 9;
2497 4237 2666 4290 hunc.
2709 4232 2883 4298 tt,M;
2909 4229 3312 4292 Luc.v,27-28.
3334 4225 3537 4281 Etcum

1968 4337 2225 4393 transiret
2256 4332 2376 4388 inde
2402 4331 2578 4394 Jesus,
2611 4327 2744 4382 vidit
2775 4325 3040 4379 hominem
3064 4322 3339 4376 sedentem
3388 4320 3439 4373 in
3462 4329 3538 4376 te-

1969 4430 2134 4494 lonio,
2168 4428 2471 4483 Manna-um
2499 4421 2732 4488 nomine,
2762 4427 2814 4474 et
2836 4419 2911 4471 ait
2953 4415 3028 4470 illi
3081 4432 3094 4467 :
3143 4414 3378 4484 Sequere
3430 4425 3538 4469 me.

291 4516 565 4574 acceptum
582 4505 788 4558 etdiem
804 4498 1312 4569 retributionisUsa.
1340 4515 1449 4563 Litt,
1467 4498 1623 4591 βξ).
1656 4498 1865 4591 Etcum
1893 4581 1935 4591 “
1972 4523 2038 4579 Ει
2065 4533 2309 4591 turgens,
2341 4518 2541 4574 regia-,5
2559 4513 2806 4571 omnibus
2835 4518 3047 4567 secutus
3073 4516 3158 4563 ρει
3183 4522 3326 4563 eum.

297 4588 1863 4664 plicuissetlibrum,reddiditministro,etsedi‘t.Etomnium
1893 4581 1943 4641 D

297 4693 350 4740 in
377 4701 644 4756 synagoga
674 4685 807 4738 oculi
828 4673 987 4738 erant
1024 4681 1364 4736 intendentcs
1411 4680 1463 4734 in
1525 4693 1671 4734 eum.
1695 4677 1869 4748 Carpit

296 4787 475 4830 autent
506 4776 691 4830 dicere
720 4775 784 4827 ad
818 4775 940 4828 illos
974 4792 986 4827 :
1014 4773 1146 4839 Quia
1179 4771 1334 4826 hodie
1360 4771 1573 4840 impleta
1626 4780 1710 4826 est
1753 4771 1867 4826 Ιιωο

294 4870 566 4938 Scriptura
601 4869 654 4922 in
674 4867 892 4919 auribus
913 4866 1201 4918 vestris.-—
1217 4864 1428 4918 ΜΑττιι.
1459 4879 1532 4930 tv,
1558 4863 1655 4926 I7;
1691 4863 1862 4918 Maso.

293 4975 333 5024 ι,
391 4961 474 5018 15.
505 4959 711 5014 Exinde
742 4957 1073 5025 etnpitJesus
1099 4956 1388 5025 praedicare
1408 4956 1656 5010 ctdicere
1682 4973 1693 5008 :
1726 4956 1866 5022 Quo-

295 5054 439 5104 niam
470 5052 743 5120 impletum
771 5059 853 5103 est
900 5057 1108 5116 tempus
1145 5065 1155 5098 :
1192 5049 1557 5114 paenitentiam
1601 5049 1759 5116 agite,
1813 5056 1869 5101 et

296 5144 500 5198 credite
524 5143 810 5211 Evangelii)
840 5159 854 5193 ς
883 5139 1324 5210 appropinquavit
1351 5141 1494 5192 enim
1527 5154 1743 5207 regnum
1764 5153 1870 5193 c03-

299 5236 496 5290 lorum.

383 5476 408 5501 ⁸
435 5467 548 5522 Gr..
575 5467 736 5515 Ἰωνᾶ.
788 5460 893 5522 A|.,
922 5457 1167 5511 Ἰωάννου.
1198 5455 1327 5508 Vide
1349 5455 1564 5507 Millittm
1605 5463 1726 5517 tum
1755 5453 1861 5516 hic,

309 5544 424 5594 tum
441 5537 500 5588 ad
533 5532 713 5584 Matth.
744 5545 850 5590 xvi,
907 5529 992 5589 I7,
1022 5530 1108 5595 qui
1152 5537 1207 5577 et
1247 5526 1526 5579 IeCtionent
1552 5524 1772 5578 Joanntc
1801 5538 1866 5576 ex

307 5599 1034 5673 antiquisi’atribttsLatinis
1073 5596 1293 5667 proli-rt.
1323 5597 1396 5673 S._
1431 5595 1782 5673 Iiteronymns
1816 5595 1867 5645 itt

306 5663 692 5730 nunclocum-z
723 5687 742 5719 ι
784 5665 1310 5734 VolnntscriptOrnm
1352 5663 1480 5717 vitio
1499 5664 1868 5734 depravatum,

311 5758 366 5799 ut
403 5759 490 5811 pro
512 5742 612 5795 Bar
635 5738 872 5811 λυπηηυῖ
906 5737 1004 5789 hoc
1034 5731 1134 5796 est,
1159 5736 1215 5811 ﬁl
1239 5752 1294 5811 tt:
1342 5733 1594 5799 Joannis,
1647 5731 1874 5800 Barjoua

318 5805 560 5882 striptum
591 5812 681 5872 sit,
709 5821 810 5861 una
839 5807 1075 5860 detracta
1100 5805 1327 5873 syllaba.
1357 5821 1376 5854 ι

556 5911 822 5974 Parnm”
873 5908 1151 5970 LXVIII.

2562 4645 2786 4702 CAPUT
2818 4643 2960 4698 XXI.

1971 4747 2196 4802 Audiens
2216 4743 2365 4799 Iesus
2387 4739 2520 4811 quod
2545 4737 2775 4811 Joannes
2819 4735 3228 4811 traditus-esset,
3271 4729 3544 4784 secessitin
3620 4713 3628 4718 I

2321 4803 2767 4894 ﬁnibuqlabulon
2793 4814 2839 4859 et
2870 4803 3225 4873 Neplttltalim.

2041 4953 2193 5007 JOAN.
2218 4964 2297 5014 ttt,
2327 4945 2515 4998 22-36.
2551 4942 2678 4996 Post
2707 4939 2821 4993 haec
2843 4936 2988 4991 venit
3015 4934 3172 4987 Jesus
3198 4939 3255 4986 et
3299 4928 3546 4998 discipuli

1974 5048 2089 5116 ejus
2113 5048 2164 5097 in
2187 5053 2254 5097 tet
2270 5055 2382 5095 ram
2408 5037 2667 5100 Judatam,
2689 5045 2740 5088 et
2762 5031 2868 5086 illic
2904 5023 3283 5082 demorabatur
3305 5037 3424 5076 eum
3445 5023 3544 5086 eis,

1977 5113 2030 5192 et
2061 5131 2381 5204 baptizabat.
2407 5129 2533 5182 Erat
2577 5134 2752 5178 autem
2775 5129 2841 5173 et.
2879 5118 3112 5172 Joannes
3163 5114 3438 5182 baptizans
3494 5113 3545 5163 itt

1985 5200 2195 5288 Ennoit,
2240 5221 2389 5290 juxta
2415 5216 2580 5272 Salim
2626 5231 2638 5264 :
2671 5210 2795 5280 quia
2823 5221 2975 5278 aqua:
3001 5206 3183 5260 multa:
3211 5213 3362 5259 erant
3415 5200 3545 5262 illic,

2046 5447 2187 5501 bSic
2240 5445 2366 5500 editi
2436 5441 2894 5509 interpretationis
2950 5437 3290 5509 Victorianr,
3336 5433 3547 5509 omissis

1976 5521 2088 5571 sive
2115 5517 2456 5570 librariorum
2485 5506 2597 5566 sive
2629 5506 3311 5580 typot!tetar_utn_incuria,
3363 5514 3408 5554 et
3456 5506 3548 5580 tle-

1976 5592 2266 5642 scendentes
2291 5603 2308 5646 ;
2339 5601 2457 5653 quin
2485 5595 2595 5637 tum
2618 5575 2669 5636 in
2690 5575 2895 5635 'Gmcis
2924 5577 2987 5632 Ν.
3022 5577 3106 5641 Τ.,
3141 5588 3250 5628 tum
3280 5575 3330 5626 itt
3355 5577 3557 5630 versio-

1981 5660 2135 5712 ttibns
2154 5666 2382 5710 exstant.

2057 5740 2075 5765 ε
2103 5728 2225 5782 llaec
2251 5727 2470 5782 deerant
2496 5725 2546 5779 in
2577 5723 2695 5778 aliis
2724 5720 2876 5777 editt.
