  <div class='ocr_page' id='page_1' title='image "/cluster/home/n/w/nwhite01/storage/ocr_20150623/68/hvd.32044054758719/141.png"; bbox 0 0 4026 6196; ppageno 0'>
   <div class='ocr_carea' id='block_1_1' title="bbox 450 377 553 430">
    <p class='ocr_par' dir='ltr' id='par_1_1' title="bbox 450 377 553 430">
     <span class='ocr_line' id='line_1_1' title="bbox 450 377 553 430; baseline -0.019 0"><span class='ocrx_word' id='word_1_1' title='bbox 450 377 553 430; x_wconf 69' lang='grc' dir='ltr'><strong>’ὶὗῖ</strong></span> 
     </span>
    </p>
   </div>
   <div class='ocr_carea' id='block_1_2' title="bbox 1590 346 2579 416">
    <p class='ocr_par' dir='ltr' id='par_1_2' title="bbox 1590 346 2579 416">
     <span class='ocr_line' id='line_1_2' title="bbox 1590 346 2579 416; baseline -0.013 1"><span class='ocrx_word' id='word_1_2' title='bbox 1590 362 1698 416; x_wconf 75' lang='lat' dir='ltr'><strong>VlC</strong></span> <span class='ocrx_word' id='word_1_3' title='bbox 1712 356 1901 413; x_wconf 72' lang='lat' dir='ltr'><strong>TORIS</strong></span> <span class='ocrx_word' id='word_1_4' title='bbox 1945 352 2244 410; x_wconf 79' lang='lat' dir='ltr'><strong>EPiSCOPl</strong></span> <span class='ocrx_word' id='word_1_5' title='bbox 2283 346 2579 409; x_wconf 73' lang='lat' dir='ltr'><strong>CAPUANJ</strong></span> 
     </span>
    </p>
   </div>
   <div class='ocr_carea' id='block_1_3' title="bbox 3613 345 3726 403">
    <p class='ocr_par' dir='ltr' id='par_1_3' title="bbox 3613 345 3726 403">
     <span class='ocr_line' id='line_1_3' title="bbox 3613 345 3726 403; baseline 0.018 -2"><span class='ocrx_word' id='word_1_6' title='bbox 3613 345 3726 403; x_wconf 69' lang='lat'><strong>263</strong></span> 
     </span>
    </p>
   </div>
   <div class='ocr_carea' id='block_1_4' title="bbox 451 463 3716 549">
    <p class='ocr_par' dir='ltr' id='par_1_4' title="bbox 451 463 3716 549">
     <span class='ocr_line' id='line_1_4' title="bbox 451 463 3716 549; baseline -0.007 -9"><span class='ocrx_word' id='word_1_7' title='bbox 451 502 500 540; x_wconf 78' lang='lat' dir='ltr'><strong>et</strong></span> <span class='ocrx_word' id='word_1_8' title='bbox 527 484 898 549; x_wconf 70' lang='lat' dir='ltr'><strong>adveniebant,</strong></span> <span class='ocrx_word' id='word_1_9' title='bbox 928 490 978 535; x_wconf 90' lang='lat' dir='ltr'><strong>et</strong></span> <span class='ocrx_word' id='word_1_10' title='bbox 1005 475 1410 548; x_wconf 65' lang='lat' dir='ltr'><strong>baptizabantur</strong></span> <span class='ocrx_word' id='word_1_11' title='bbox 1440 473 1705 527; x_wconf 68' lang='lat' dir='ltr'><strong>.nondnin</strong></span> <span class='ocrx_word' id='word_1_12' title='bbox 1729 472 1872 526; x_wconf 88' lang='lat' dir='ltr'><strong>enim</strong></span> <span class='ocrx_word' id='word_1_13' title='bbox 1903 466 2029 520; x_wconf 86' lang='lat' dir='ltr'><strong>mis-</strong></span> <span class='ocrx_word' id='word_1_14' title='bbox 2058 468 2107 527; x_wconf 80' lang='grc' dir='ltr'><strong>Α</strong></span> <span class='ocrx_word' id='word_1_15' title='bbox 2134 465 2236 521; x_wconf 87' lang='lat' dir='ltr'><strong>cim</strong></span> <span class='ocrx_word' id='word_1_16' title='bbox 2265 479 2385 519; x_wconf 91' lang='lat' dir='ltr'><strong>cum</strong></span> <span class='ocrx_word' id='word_1_17' title='bbox 2412 464 2522 529; x_wconf 91' lang='lat' dir='ltr'><strong>illo,</strong></span> <span class='ocrx_word' id='word_1_18' title='bbox 2556 478 2690 534; x_wconf 87' lang='lat' dir='ltr'><strong>quos</strong></span> <span class='ocrx_word' id='word_1_19' title='bbox 2726 471 2781 519; x_wconf 88' lang='lat' dir='ltr'><strong>et</strong></span> <span class='ocrx_word' id='word_1_20' title='bbox 2821 463 3094 532; x_wconf 80' lang='lat' dir='ltr'><strong>apostolos</strong></span> <span class='ocrx_word' id='word_1_21' title='bbox 3153 463 3449 520; x_wconf 74' lang='lat' dir='ltr'><strong>nominavit</strong></span> <span class='ocrx_word' id='word_1_22' title='bbox 3476 482 3488 517; x_wconf 89' lang='lat'><strong>;</strong></span> <span class='ocrx_word' id='word_1_23' title='bbox 3535 463 3716 519; x_wconf 85' lang='lat' dir='ltr'><strong>Simo-</strong></span> 
     </span>
    </p>
   </div>
   <div class='ocr_carea' id='block_1_5' title="bbox 454 566 2030 633">
    <p class='ocr_par' dir='ltr' id='par_1_5' title="bbox 454 566 2030 633">
     <span class='ocr_line' id='line_1_5' title="bbox 454 566 2030 633; baseline -0.013 1"><span class='ocrx_word' id='word_1_24' title='bbox 454 594 547 633; x_wconf 81' lang='lat' dir='ltr'><strong>sus</strong></span> <span class='ocrx_word' id='word_1_25' title='bbox 574 579 744 631; x_wconf 72' lang='lat' dir='ltr'><strong>fuerat</strong></span> <span class='ocrx_word' id='word_1_26' title='bbox 788 576 841 630; x_wconf 87' lang='lat' dir='ltr'><strong>in</strong></span> <span class='ocrx_word' id='word_1_27' title='bbox 887 578 1159 627; x_wconf 76' lang='lat' dir='ltr'><strong>carcerem</strong></span> <span class='ocrx_word' id='word_1_28' title='bbox 1215 570 1469 625; x_wconf 81' lang='lat' dir='ltr'><strong>Joannes.</strong></span> <span class='ocrx_word' id='word_1_29' title='bbox 1518 566 1675 621; x_wconf 84' lang='lat' dir='ltr'><strong>Facta</strong></span> <span class='ocrx_word' id='word_1_30' title='bbox 1722 572 1805 619; x_wconf 90' lang='lat' dir='ltr'><strong>est</strong></span> <span class='ocrx_word' id='word_1_31' title='bbox 1851 568 2030 616; x_wconf 87' lang='lat' dir='ltr'><strong>autem</strong></span> 
     </span>
    </p>
   </div>
   <div class='ocr_carea' id='block_1_6' title="bbox 455 654 2036 738">
    <p class='ocr_par' dir='ltr' id='par_1_6' title="bbox 455 654 2036 738">
     <span class='ocr_line' id='line_1_6' title="bbox 455 654 2036 738; baseline -0.011 -15"><span class='ocrx_word' id='word_1_32' title='bbox 455 671 681 738; x_wconf 70' lang='lat' dir='ltr'><strong>q‘umstio</strong></span> <span class='ocrx_word' id='word_1_33' title='bbox 732 682 796 722; x_wconf 73' lang='lat' dir='ltr'><strong>ex</strong></span> <span class='ocrx_word' id='word_1_34' title='bbox 844 663 1119 733; x_wconf 78' lang='lat' dir='ltr'><strong>discipulis</strong></span> <span class='ocrx_word' id='word_1_35' title='bbox 1167 662 1386 715; x_wconf 82' lang='lat' dir='ltr'><strong>Joannis</strong></span> <span class='ocrx_word' id='word_1_36' title='bbox 1415 672 1537 714; x_wconf 91' lang='lat' dir='ltr'><strong>cum</strong></span> <span class='ocrx_word' id='word_1_37' title='bbox 1564 658 1763 713; x_wconf 69' lang='lat' dir='ltr'><strong>Judmis</strong></span> <span class='ocrx_word' id='word_1_38' title='bbox 1785 656 1851 709; x_wconf 91' lang='lat' dir='ltr'><strong>de</strong></span> <span class='ocrx_word' id='word_1_39' title='bbox 1890 654 2036 725; x_wconf 81' lang='lat' dir='ltr'><strong>purj-</strong></span> 
     </span>
    </p>
   </div>
   <div class='ocr_carea' id='block_1_7' title="bbox 460 743 2032 815">
    <p class='ocr_par' dir='ltr' id='par_1_7' title="bbox 460 743 2032 815">
     <span class='ocr_line' id='line_1_7' title="bbox 460 743 2032 815; baseline -0.013 0"><span class='ocrx_word' id='word_1_40' title='bbox 460 759 722 815; x_wconf 78' lang='lat' dir='ltr'><strong>licalinnc.</strong></span> <span class='ocrx_word' id='word_1_41' title='bbox 753 755 821 809; x_wconf 85' lang='lat' dir='ltr'><strong>Et</strong></span> <span class='ocrx_word' id='word_1_42' title='bbox 854 761 1113 808; x_wconf 89' lang='lat' dir='ltr'><strong>venerunt</strong></span> <span class='ocrx_word' id='word_1_43' title='bbox 1134 751 1200 806; x_wconf 90' lang='lat' dir='ltr'><strong>ad</strong></span> <span class='ocrx_word' id='word_1_44' title='bbox 1230 751 1520 815; x_wconf 84' lang='lat' dir='ltr'><strong>Joannem,</strong></span> <span class='ocrx_word' id='word_1_45' title='bbox 1552 757 1606 803; x_wconf 89' lang='lat' dir='ltr'><strong>et</strong></span> <span class='ocrx_word' id='word_1_46' title='bbox 1649 746 1900 801; x_wconf 81' lang='lat' dir='ltr'><strong>dixerunt</strong></span> <span class='ocrx_word' id='word_1_47' title='bbox 1945 743 2032 798; x_wconf 89' lang='lat' dir='ltr'><strong>ei:</strong></span> 
     </span>
    </p>
   </div>
   <div class='ocr_carea' id='block_1_8' title="bbox 460 834 2036 917">
    <p class='ocr_par' dir='ltr' id='par_1_8' title="bbox 460 834 2036 917">
     <span class='ocr_line' id='line_1_8' title="bbox 460 834 2036 917; baseline -0.012 -11"><span class='ocrx_word' id='word_1_48' title='bbox 460 850 650 912; x_wconf 81' lang='lat' dir='ltr'><strong>ltabbi,</strong></span> <span class='ocrx_word' id='word_1_49' title='bbox 675 848 763 917; x_wconf 87' lang='lat' dir='ltr'><strong>qui</strong></span> <span class='ocrx_word' id='word_1_50' title='bbox 787 856 901 900; x_wconf 86' lang='lat' dir='ltr'><strong>erat</strong></span> <span class='ocrx_word' id='word_1_51' title='bbox 931 854 1103 899; x_wconf 80' lang='lat' dir='ltr'><strong>tecum</strong></span> <span class='ocrx_word' id='word_1_52' title='bbox 1136 852 1282 897; x_wconf 88' lang='lat' dir='ltr'><strong>trans</strong></span> <span class='ocrx_word' id='word_1_53' title='bbox 1310 841 1615 905; x_wconf 72' lang='lat' dir='ltr'><strong>Jortlaeem,</strong></span> <span class='ocrx_word' id='word_1_54' title='bbox 1643 838 1728 893; x_wconf 91' lang='lat' dir='ltr'><strong>cui</strong></span> <span class='ocrx_word' id='word_1_55' title='bbox 1770 846 1825 890; x_wconf 90' lang='lat' dir='ltr'><strong>tu</strong></span> <span class='ocrx_word' id='word_1_56' title='bbox 1881 834 2036 889; x_wconf 56' lang='lat' dir='ltr'><strong>testi-</strong></span> 
     </span>
    </p>
   </div>
   <div class='ocr_carea' id='block_1_9' title="bbox 461 934 2037 1009">
    <p class='ocr_par' dir='ltr' id='par_1_9' title="bbox 461 934 2037 1009">
     <span class='ocr_line' id='line_1_9' title="bbox 461 934 2037 1009; baseline -0.01 -13"><span class='ocrx_word' id='word_1_57' title='bbox 461 944 697 999; x_wconf 80' lang='lat' dir='ltr'><strong>monium</strong></span> <span class='ocrx_word' id='word_1_58' title='bbox 731 940 1068 1009; x_wconf 83' lang='lat' dir='ltr'><strong>perhibuisti,</strong></span> <span class='ocrx_word' id='word_1_59' title='bbox 1096 952 1222 994; x_wconf 88' lang='lat' dir='ltr'><strong>ecce</strong></span> <span class='ocrx_word' id='word_1_60' title='bbox 1250 937 1335 990; x_wconf 90' lang='lat' dir='ltr'><strong>hic</strong></span> <span class='ocrx_word' id='word_1_61' title='bbox 1362 934 1622 1004; x_wconf 84' lang='lat' dir='ltr'><strong>baptizat;</strong></span> <span class='ocrx_word' id='word_1_62' title='bbox 1649 941 1704 988; x_wconf 91' lang='lat' dir='ltr'><strong>et</strong></span> <span class='ocrx_word' id='word_1_63' title='bbox 1729 944 1915 986; x_wconf 86' lang='lat' dir='ltr'><strong>omnes</strong></span> <span class='ocrx_word' id='word_1_64' title='bbox 1942 943 2037 982; x_wconf 88' lang='lat' dir='ltr'><strong>ve-</strong></span> 
     </span>
    </p>
   </div>
   <div class='ocr_carea' id='block_1_10' title="bbox 460 1024 2038 1105">
    <p class='ocr_par' dir='ltr' id='par_1_10' title="bbox 460 1024 2038 1105">
     <span class='ocr_line' id='line_1_10' title="bbox 460 1024 2038 1105; baseline -0.012 -10"><span class='ocrx_word' id='word_1_65' title='bbox 460 1042 611 1095; x_wconf 72' lang='lat' dir='ltr'><strong>niunt</strong></span> <span class='ocrx_word' id='word_1_66' title='bbox 634 1041 697 1095; x_wconf 87' lang='lat' dir='ltr'><strong>ad</strong></span> <span class='ocrx_word' id='word_1_67' title='bbox 729 1054 872 1095; x_wconf 90' lang='lat' dir='ltr'><strong>eum.</strong></span> <span class='ocrx_word' id='word_1_68' title='bbox 904 1035 1199 1105; x_wconf 78' lang='lat' dir='ltr'><strong>Respondit</strong></span> <span class='ocrx_word' id='word_1_69' title='bbox 1228 1033 1481 1096; x_wconf 81' lang='lat' dir='ltr'><strong>Joannes,</strong></span> <span class='ocrx_word' id='word_1_70' title='bbox 1507 1041 1559 1085; x_wconf 90' lang='lat' dir='ltr'><strong>et</strong></span> <span class='ocrx_word' id='word_1_71' title='bbox 1582 1029 1719 1083; x_wconf 81' lang='lat' dir='ltr'><strong>dixit</strong></span> <span class='ocrx_word' id='word_1_72' title='bbox 1751 1044 1763 1079; x_wconf 90' lang='lat'><strong>:</strong></span> <span class='ocrx_word' id='word_1_73' title='bbox 1802 1024 1916 1080; x_wconf 84' lang='lat' dir='ltr'><strong>Non</strong></span> <span class='ocrx_word' id='word_1_74' title='bbox 1942 1037 2038 1091; x_wconf 52' lang='lat' dir='ltr'><strong>po.</strong></span> 
     </span>
    </p>
   </div>
   <div class='ocr_carea' id='block_1_11' title="bbox 459 1115 2040 1197">
    <p class='ocr_par' dir='ltr' id='par_1_11' title="bbox 459 1115 2040 1197">
     <span class='ocr_line' id='line_1_11' title="bbox 459 1115 2040 1197; baseline -0.009 -14"><span class='ocrx_word' id='word_1_75' title='bbox 459 1140 565 1185; x_wconf 90' lang='lat' dir='ltr'><strong>test</strong></span> <span class='ocrx_word' id='word_1_76' title='bbox 597 1132 753 1184; x_wconf 90' lang='lat' dir='ltr'><strong>homo</strong></span> <span class='ocrx_word' id='word_1_77' title='bbox 778 1128 1021 1197; x_wconf 89' lang='lat' dir='ltr'><strong>accipere</strong></span> <span class='ocrx_word' id='word_1_78' title='bbox 1042 1126 1353 1196; x_wconf 77' lang='lat' dir='ltr'><strong>quidquam,</strong></span> <span class='ocrx_word' id='word_1_79' title='bbox 1382 1122 1481 1176; x_wconf 88' lang='lat' dir='ltr'><strong>nisi</strong></span> <span class='ocrx_word' id='word_1_80' title='bbox 1513 1120 1671 1175; x_wconf 79' lang='lat' dir='ltr'><strong>fuerit</strong></span> <span class='ocrx_word' id='word_1_81' title='bbox 1691 1118 1741 1172; x_wconf 91' lang='lat' dir='ltr'><strong>ei</strong></span> <span class='ocrx_word' id='word_1_82' title='bbox 1761 1116 1943 1170; x_wconf 88' lang='lat' dir='ltr'><strong>datum</strong></span> <span class='ocrx_word' id='word_1_83' title='bbox 1974 1115 2040 1169; x_wconf 90' lang='lat' dir='ltr'><strong>de</strong></span> 
     </span>
    </p>
   </div>
   <div class='ocr_carea' id='block_1_12' title="bbox 461 1207 2040 1293">
    <p class='ocr_par' dir='ltr' id='par_1_12' title="bbox 461 1207 2040 1293">
     <span class='ocr_line' id='line_1_12' title="bbox 461 1207 2040 1293; baseline -0.011 -14"><span class='ocrx_word' id='word_1_84' title='bbox 461 1225 620 1279; x_wconf 67' lang='lat' dir='ltr'><strong>cwlo.</strong></span> <span class='ocrx_word' id='word_1_85' title='bbox 672 1223 773 1293; x_wconf 92' lang='lat' dir='ltr'><strong>Ipsi</strong></span> <span class='ocrx_word' id='word_1_86' title='bbox 804 1237 896 1275; x_wconf 86' lang='lat' dir='ltr'><strong>vos</strong></span> <span class='ocrx_word' id='word_1_87' title='bbox 928 1221 1056 1274; x_wconf 88' lang='lat' dir='ltr'><strong>mihi</strong></span> <span class='ocrx_word' id='word_1_88' title='bbox 1116 1216 1477 1273; x_wconf 77' lang='lat' dir='ltr'><strong>teStimonium</strong></span> <span class='ocrx_word' id='word_1_89' title='bbox 1528 1212 1842 1283; x_wconf 77' lang='lat' dir='ltr'><strong>perhibetis,</strong></span> <span class='ocrx_word' id='word_1_90' title='bbox 1898 1207 2040 1278; x_wconf 87' lang='lat' dir='ltr'><strong>quod</strong></span> 
     </span>
    </p>
   </div>
   <div class='ocr_carea' id='block_1_13' title="bbox 461 1300 2040 1385">
    <p class='ocr_par' dir='ltr' id='par_1_13' title="bbox 461 1300 2040 1385">
     <span class='ocr_line' id='line_1_13' title="bbox 461 1300 2040 1385; baseline -0.011 -16"><span class='ocrx_word' id='word_1_91' title='bbox 461 1315 686 1370; x_wconf 79' lang='lat' dir='ltr'><strong>dixerim</strong></span> <span class='ocrx_word' id='word_1_92' title='bbox 718 1332 731 1368; x_wconf 91' lang='lat'><strong>:</strong></span> <span class='ocrx_word' id='word_1_93' title='bbox 766 1314 878 1385; x_wconf 85' lang='lat' dir='ltr'><strong>Ego</strong></span> <span class='ocrx_word' id='word_1_94' title='bbox 919 1327 1024 1366; x_wconf 89' lang='lat' dir='ltr'><strong>non</strong></span> <span class='ocrx_word' id='word_1_95' title='bbox 1057 1325 1174 1366; x_wconf 87' lang='lat' dir='ltr'><strong>sum</strong></span> <span class='ocrx_word' id='word_1_96' title='bbox 1200 1308 1477 1371; x_wconf 75' lang='lat' dir='ltr'><strong>Christus,</strong></span> <span class='ocrx_word' id='word_1_97' title='bbox 1528 1305 1623 1361; x_wconf 89' lang='lat' dir='ltr'><strong>sed</strong></span> <span class='ocrx_word' id='word_1_98' title='bbox 1675 1303 1798 1373; x_wconf 86' lang='lat' dir='ltr'><strong>quia</strong></span> <span class='ocrx_word' id='word_1_99' title='bbox 1847 1300 2040 1355; x_wconf 88' lang='lat' dir='ltr'><strong>missus</strong></span> 
     </span>
    </p>
   </div>
   <div class='ocr_carea' id='block_1_14' title="bbox 461 1399 2039 1471">
    <p class='ocr_par' dir='ltr' id='par_1_14' title="bbox 461 1399 2039 1471">
     <span class='ocr_line' id='line_1_14' title="bbox 461 1399 2039 1471; baseline -0.011 -11"><span class='ocrx_word' id='word_1_100' title='bbox 461 1422 576 1461; x_wconf 90' lang='lat' dir='ltr'><strong>sum</strong></span> <span class='ocrx_word' id='word_1_101' title='bbox 608 1412 731 1459; x_wconf 86' lang='lat' dir='ltr'><strong>ante</strong></span> <span class='ocrx_word' id='word_1_102' title='bbox 758 1403 930 1457; x_wconf 89' lang='lat' dir='ltr'><strong>illum.</strong></span> <span class='ocrx_word' id='word_1_103' title='bbox 983 1403 1084 1471; x_wconf 90' lang='lat' dir='ltr'><strong>Qui</strong></span> <span class='ocrx_word' id='word_1_104' title='bbox 1137 1401 1297 1461; x_wconf 80' lang='lat' dir='ltr'><strong>habet</strong></span> <span class='ocrx_word' id='word_1_105' title='bbox 1350 1412 1625 1467; x_wconf 86' lang='lat' dir='ltr'><strong>sponsam,</strong></span> <span class='ocrx_word' id='word_1_106' title='bbox 1662 1408 1891 1464; x_wconf 89' lang='lat' dir='ltr'><strong>sponsus</strong></span> <span class='ocrx_word' id='word_1_107' title='bbox 1920 1399 2039 1447; x_wconf 77' lang='lat' dir='ltr'><strong>est:</strong></span> 
     </span>
    </p>
   </div>
   <div class='ocr_carea' id='block_1_15' title="bbox 461 1482 2045 1563">
    <p class='ocr_par' dir='ltr' id='par_1_15' title="bbox 461 1482 2045 1563">
     <span class='ocr_line' id='line_1_15' title="bbox 461 1482 2045 1563; baseline -0.008 -14"><span class='ocrx_word' id='word_1_108' title='bbox 461 1496 665 1551; x_wconf 89' lang='lat' dir='ltr'><strong>amicus</strong></span> <span class='ocrx_word' id='word_1_109' title='bbox 707 1503 884 1549; x_wconf 83' lang='lat' dir='ltr'><strong>autent</strong></span> <span class='ocrx_word' id='word_1_110' title='bbox 909 1494 1089 1563; x_wconf 82' lang='lat' dir='ltr'><strong>sponsi</strong></span> <span class='ocrx_word' id='word_1_111' title='bbox 1118 1492 1208 1561; x_wconf 87' lang='lat' dir='ltr'><strong>qui</strong></span> <span class='ocrx_word' id='word_1_112' title='bbox 1240 1499 1349 1545; x_wconf 80' lang='lat' dir='ltr'><strong>stat</strong></span> <span class='ocrx_word' id='word_1_113' title='bbox 1383 1497 1437 1544; x_wconf 86' lang='lat' dir='ltr'><strong>et</strong></span> <span class='ocrx_word' id='word_1_114' title='bbox 1465 1489 1612 1543; x_wconf 89' lang='lat' dir='ltr'><strong>audit</strong></span> <span class='ocrx_word' id='word_1_115' title='bbox 1656 1501 1802 1553; x_wconf 87' lang='lat' dir='ltr'><strong>eum,</strong></span> <span class='ocrx_word' id='word_1_116' title='bbox 1852 1482 2045 1555; x_wconf 88' lang='lat' dir='ltr'><strong>gaudio</strong></span> 
     </span>
    </p>
   </div>
   <div class='ocr_carea' id='block_1_16' title="bbox 464 1575 2042 1654">
    <p class='ocr_par' dir='ltr' id='par_1_16' title="bbox 464 1575 2042 1654">
     <span class='ocr_line' id='line_1_16' title="bbox 464 1575 2042 1654; baseline -0.008 -15"><span class='ocrx_word' id='word_1_117' title='bbox 464 1586 658 1654; x_wconf 87' lang='lat' dir='ltr'><strong>gaudet</strong></span> <span class='ocrx_word' id='word_1_118' title='bbox 685 1595 902 1652; x_wconf 89' lang='lat' dir='ltr'><strong>pr0pter</strong></span> <span class='ocrx_word' id='word_1_119' title='bbox 953 1596 1138 1636; x_wconf 90' lang='lat' dir='ltr'><strong>vocem</strong></span> <span class='ocrx_word' id='word_1_120' title='bbox 1197 1580 1404 1650; x_wconf 87' lang='lat' dir='ltr'><strong>sponsi.</strong></span> <span class='ocrx_word' id='word_1_121' title='bbox 1462 1580 1571 1633; x_wconf 89' lang='lat' dir='ltr'><strong>lloc</strong></span> <span class='ocrx_word' id='word_1_122' title='bbox 1616 1592 1745 1647; x_wconf 90' lang='lat' dir='ltr'><strong>ergo</strong></span> <span class='ocrx_word' id='word_1_123' title='bbox 1796 1575 2042 1646; x_wconf 77' lang='lat' dir='ltr'><strong>gaudium</strong></span> 
     </span>
    </p>
   </div>
   <div class='ocr_carea' id='block_1_17' title="bbox 468 1672 2043 1741">
    <p class='ocr_par' dir='ltr' id='par_1_17' title="bbox 468 1672 2043 1741">
     <span class='ocr_line' id='line_1_17' title="bbox 468 1672 2043 1741; baseline -0.008 -10"><span class='ocrx_word' id='word_1_124' title='bbox 468 1692 645 1731; x_wconf 88' lang='lat' dir='ltr'><strong>meum</strong></span> <span class='ocrx_word' id='word_1_125' title='bbox 679 1674 953 1741; x_wconf 81' lang='lat' dir='ltr'><strong>impletum</strong></span> <span class='ocrx_word' id='word_1_126' title='bbox 985 1681 1088 1729; x_wconf 90' lang='lat' dir='ltr'><strong>est.</strong></span> <span class='ocrx_word' id='word_1_127' title='bbox 1123 1672 1276 1727; x_wconf 86' lang='lat' dir='ltr'><strong>Illum</strong></span> <span class='ocrx_word' id='word_1_128' title='bbox 1295 1676 1505 1739; x_wconf 85' lang='lat' dir='ltr'><strong>oportet</strong></span> <span class='ocrx_word' id='word_1_129' title='bbox 1532 1680 1799 1731; x_wconf 78' lang='lat' dir='ltr'><strong>crescere,</strong></span> <span class='ocrx_word' id='word_1_130' title='bbox 1824 1680 1909 1720; x_wconf 89' lang='lat' dir='ltr'><strong>me</strong></span> <span class='ocrx_word' id='word_1_131' title='bbox 1946 1680 2043 1718; x_wconf 79' lang='lat' dir='ltr'><strong>au-</strong></span> 
     </span>
    </p>
   </div>
   <div class='ocr_carea' id='block_1_18' title="bbox 468 1753 2044 1830">
    <p class='ocr_par' dir='ltr' id='par_1_18' title="bbox 468 1753 2044 1830">
     <span class='ocr_line' id='line_1_18' title="bbox 468 1753 2044 1830; baseline -0.01 -9"><span class='ocrx_word' id='word_1_132' title='bbox 468 1773 574 1821; x_wconf 90' lang='lat' dir='ltr'><strong>tem</strong></span> <span class='ocrx_word' id='word_1_133' title='bbox 596 1762 895 1830; x_wconf 87' lang='lat' dir='ltr'><strong>minui.Qui</strong></span> <span class='ocrx_word' id='word_1_134' title='bbox 918 1762 1196 1818; x_wconf 74' lang='lat' dir='ltr'><strong>desursum</strong></span> <span class='ocrx_word' id='word_1_135' title='bbox 1228 1760 1395 1827; x_wconf 82' lang='lat' dir='ltr'><strong>venit,</strong></span> <span class='ocrx_word' id='word_1_136' title='bbox 1414 1773 1573 1829; x_wconf 84' lang='lat' dir='ltr'><strong>super</strong></span> <span class='ocrx_word' id='word_1_137' title='bbox 1596 1771 1785 1811; x_wconf 89' lang='lat' dir='ltr'><strong>omnes</strong></span> <span class='ocrx_word' id='word_1_138' title='bbox 1810 1762 1910 1810; x_wconf 86' lang='lat' dir='ltr'><strong>est.</strong></span> <span class='ocrx_word' id='word_1_139' title='bbox 1943 1753 2044 1819; x_wconf 86' lang='lat' dir='ltr'><strong>Qui</strong></span> 
     </span>
    </p>
   </div>
   <div class='ocr_carea' id='block_1_19' title="bbox 2137 553 3721 625">
    <p class='ocr_par' dir='ltr' id='par_1_19' title="bbox 2137 553 3721 625">
     <span class='ocr_line' id='line_1_19' title="bbox 2137 553 3721 625; baseline -0.001 -16"><span class='ocrx_word' id='word_1_140' title='bbox 2137 570 2256 609; x_wconf 88' lang='lat' dir='ltr'><strong>nem</strong></span> <span class='ocrx_word' id='word_1_141' title='bbox 2278 570 2435 624; x_wconf 89' lang='lat' dir='ltr'><strong>quem</strong></span> <span class='ocrx_word' id='word_1_142' title='bbox 2457 555 2852 625; x_wconf 78' lang='lat' dir='ltr'><strong>cognominavit</strong></span> <span class='ocrx_word' id='word_1_143' title='bbox 2910 554 3145 618; x_wconf 84' lang='lat' dir='ltr'><strong>Petrum,</strong></span> <span class='ocrx_word' id='word_1_144' title='bbox 3180 563 3238 609; x_wconf 88' lang='lat' dir='ltr'><strong>et</strong></span> <span class='ocrx_word' id='word_1_145' title='bbox 3284 553 3554 610; x_wconf 79' lang='lat' dir='ltr'><strong>Andream</strong></span> <span class='ocrx_word' id='word_1_146' title='bbox 3608 553 3721 607; x_wconf 80' lang='lat' dir='ltr'><strong>fra-</strong></span> 
     </span>
    </p>
   </div>
   <div class='ocr_carea' id='block_1_20' title="bbox 2138 632 3720 714">
    <p class='ocr_par' dir='ltr' id='par_1_20' title="bbox 2138 632 3720 714">
     <span class='ocr_line' id='line_1_20' title="bbox 2138 632 3720 714; baseline 0 -16"><span class='ocrx_word' id='word_1_147' title='bbox 2138 632 2271 699; x_wconf 85' lang='lat' dir='ltr'><strong>trem</strong></span> <span class='ocrx_word' id='word_1_148' title='bbox 2301 645 2436 714; x_wconf 67' lang='lat' dir='ltr'><strong>eju&lt;,</strong></span> <span class='ocrx_word' id='word_1_149' title='bbox 2468 654 2523 699; x_wconf 91' lang='lat' dir='ltr'><strong>et</strong></span> <span class='ocrx_word' id='word_1_150' title='bbox 2546 643 2802 700; x_wconf 74' lang='lat' dir='ltr'><strong>Jacobum</strong></span> <span class='ocrx_word' id='word_1_151' title='bbox 2835 643 3101 708; x_wconf 66' lang='lat' dir='ltr'><strong>Zebedmi,</strong></span> <span class='ocrx_word' id='word_1_152' title='bbox 3129 654 3183 699; x_wconf 88' lang='lat' dir='ltr'><strong>et</strong></span> <span class='ocrx_word' id='word_1_153' title='bbox 3208 644 3469 700; x_wconf 89' lang='lat' dir='ltr'><strong>Joannem</strong></span> <span class='ocrx_word' id='word_1_154' title='bbox 3499 644 3720 699; x_wconf 83' lang='lat' dir='ltr'><strong>fratrem</strong></span> 
     </span>
    </p>
   </div>
   <div class='ocr_carea' id='block_1_21' title="bbox 2138 734 3723 805">
    <p class='ocr_par' dir='ltr' id='par_1_21' title="bbox 2138 734 3723 805">
     <span class='ocr_line' id='line_1_21' title="bbox 2138 734 3723 805; baseline 0 -16"><span class='ocrx_word' id='word_1_155' title='bbox 2138 734 2343 799; x_wconf 87' lang='lat' dir='ltr'><strong>Jacobi,</strong></span> <span class='ocrx_word' id='word_1_156' title='bbox 2374 734 2568 802; x_wconf 85' lang='lat' dir='ltr'><strong>quibus</strong></span> <span class='ocrx_word' id='word_1_157' title='bbox 2617 734 2871 803; x_wconf 86' lang='lat' dir='ltr'><strong>imposuit</strong></span> <span class='ocrx_word' id='word_1_158' title='bbox 2927 734 3139 788; x_wconf 81' lang='lat' dir='ltr'><strong>nomina</strong></span> <span class='ocrx_word' id='word_1_159' title='bbox 3194 734 3517 805; x_wconf 87' lang='lat' dir='ltr'><strong>Boanerges,</strong></span> <span class='ocrx_word' id='word_1_160' title='bbox 3571 736 3723 804; x_wconf 79' lang='lat' dir='ltr'><strong>quod</strong></span> 
     </span>
    </p>
   </div>
   <div class='ocr_carea' id='block_1_22' title="bbox 2139 824 3723 895">
    <p class='ocr_par' dir='ltr' id='par_1_22' title="bbox 2139 824 3723 895">
     <span class='ocr_line' id='line_1_22' title="bbox 2139 824 3723 895; baseline 0 -16"><span class='ocrx_word' id='word_1_161' title='bbox 2139 838 2221 881; x_wconf 89' lang='lat' dir='ltr'><strong>est</strong></span> <span class='ocrx_word' id='word_1_162' title='bbox 2255 825 2349 881; x_wconf 84' lang='lat' dir='ltr'><strong>ﬁlii</strong></span> <span class='ocrx_word' id='word_1_163' title='bbox 2376 825 2634 887; x_wconf 80' lang='lat' dir='ltr'><strong>tonitrui;</strong></span> <span class='ocrx_word' id='word_1_164' title='bbox 2669 824 2972 895; x_wconf 83' lang='lat' dir='ltr'><strong>Philippum</strong></span> <span class='ocrx_word' id='word_1_165' title='bbox 3004 834 3057 879; x_wconf 91' lang='lat' dir='ltr'><strong>et</strong></span> <span class='ocrx_word' id='word_1_166' title='bbox 3082 825 3548 893; x_wconf 77' lang='lat' dir='ltr'><strong>Bartholomzeum,</strong></span> <span class='ocrx_word' id='word_1_167' title='bbox 3577 825 3723 881; x_wconf 68' lang='lat' dir='ltr'><strong>llat-</strong></span> 
     </span>
    </p>
   </div>
   <div class='ocr_carea' id='block_1_23' title="bbox 2140 915 3727 985">
    <p class='ocr_par' dir='ltr' id='par_1_23' title="bbox 2140 915 3727 985">
     <span class='ocr_line' id='line_1_23' title="bbox 2140 915 3727 985; baseline -0.001 -13"><span class='ocrx_word' id='word_1_168' title='bbox 2140 919 2339 972; x_wconf 69' lang='lat' dir='ltr'><strong>thceum</strong></span> <span class='ocrx_word' id='word_1_169' title='bbox 2382 927 2430 972; x_wconf 91' lang='lat' dir='ltr'><strong>et</strong></span> <span class='ocrx_word' id='word_1_170' title='bbox 2465 916 2749 983; x_wconf 83' lang='lat' dir='ltr'><strong>Thomam,</strong></span> <span class='ocrx_word' id='word_1_171' title='bbox 2780 915 3036 971; x_wconf 64' lang='lat' dir='ltr'><strong>Jacobnm</strong></span> <span class='ocrx_word' id='word_1_172' title='bbox 3085 916 3317 985; x_wconf 73' lang='lat' dir='ltr'><strong>Alphzei,</strong></span> <span class='ocrx_word' id='word_1_173' title='bbox 3349 926 3401 970; x_wconf 91' lang='lat' dir='ltr'><strong>et</strong></span> <span class='ocrx_word' id='word_1_174' title='bbox 3442 916 3727 972; x_wconf 85' lang='lat' dir='ltr'><strong>Simonem</strong></span> 
     </span>
    </p>
   </div>
   <div class='ocr_carea' id='block_1_24' title="bbox 2141 1008 3729 1081">
    <p class='ocr_par' dir='ltr' id='par_1_24' title="bbox 2141 1008 3729 1081">
     <span class='ocr_line' id='line_1_24' title="bbox 2141 1008 3729 1081; baseline -0.001 -16"><span class='ocrx_word' id='word_1_175' title='bbox 2141 1011 2228 1081; x_wconf 89' lang='lat' dir='ltr'><strong>qui</strong></span> <span class='ocrx_word' id='word_1_176' title='bbox 2254 1020 2470 1065; x_wconf 85' lang='lat' dir='ltr'><strong>vocatur</strong></span> <span class='ocrx_word' id='word_1_177' title='bbox 2492 1010 2725 1076; x_wconf 84' lang='lat' dir='ltr'><strong>Zelotcs,</strong></span> <span class='ocrx_word' id='word_1_178' title='bbox 2754 1017 2810 1066; x_wconf 86' lang='lat' dir='ltr'><strong>et</strong></span> <span class='ocrx_word' id='word_1_179' title='bbox 2835 1009 3026 1065; x_wconf 89' lang='lat' dir='ltr'><strong>Judam</strong></span> <span class='ocrx_word' id='word_1_180' title='bbox 3048 1009 3253 1081; x_wconf 83' lang='lat' dir='ltr'><strong>Jacobi,</strong></span> <span class='ocrx_word' id='word_1_181' title='bbox 3283 1020 3334 1063; x_wconf 91' lang='lat' dir='ltr'><strong>et</strong></span> <span class='ocrx_word' id='word_1_182' title='bbox 3357 1008 3547 1064; x_wconf 81' lang='lat' dir='ltr'><strong>Judam</strong></span> <span class='ocrx_word' id='word_1_183' title='bbox 3578 1008 3729 1064; x_wconf 78' lang='lat' dir='ltr'><strong>lsca—</strong></span> 
     </span>
    </p>
   </div>
   <div class='ocr_carea' id='block_1_25' title="bbox 2143 1099 3725 1172">
    <p class='ocr_par' dir='ltr' id='par_1_25' title="bbox 2143 1099 3725 1172">
     <span class='ocr_line' id='line_1_25' title="bbox 2143 1099 3725 1172; baseline -0.004 -14"><span class='ocrx_word' id='word_1_184' title='bbox 2143 1105 2301 1168; x_wconf 89' lang='lat' dir='ltr'><strong>rioth,</strong></span> <span class='ocrx_word' id='word_1_185' title='bbox 2332 1105 2419 1172; x_wconf 88' lang='lat' dir='ltr'><strong>qui</strong></span> <span class='ocrx_word' id='word_1_186' title='bbox 2444 1102 2543 1155; x_wconf 90' lang='lat' dir='ltr'><strong>luit</strong></span> <span class='ocrx_word' id='word_1_187' title='bbox 2571 1100 2831 1170; x_wconf 88' lang='lat' dir='ltr'><strong>proditor.</strong></span> <span class='ocrx_word' id='word_1_188' title='bbox 2860 1129 2931 1141; x_wconf 88' lang='lat'><strong>—</strong></span> <span class='ocrx_word' id='word_1_189' title='bbox 2962 1101 3173 1155; x_wconf 69' lang='lat' dir='ltr'><strong>Mure.</strong></span> <span class='ocrx_word' id='word_1_190' title='bbox 3209 1116 3262 1165; x_wconf 91' lang='lat' dir='ltr'><strong>v,</strong></span> <span class='ocrx_word' id='word_1_191' title='bbox 3292 1100 3449 1165; x_wconf 72' lang='lat'><strong>1-12;</strong></span> <span class='ocrx_word' id='word_1_192' title='bbox 3480 1099 3605 1154; x_wconf 84' lang='lat' dir='ltr'><strong>LUC.</strong></span> <span class='ocrx_word' id='word_1_193' title='bbox 3640 1115 3725 1167; x_wconf 82' lang='lat' dir='ltr'><strong>vt,</strong></span> 
     </span>
    </p>
   </div>
   <div class='ocr_carea' id='block_1_26' title="bbox 2140 1190 3729 1259">
    <p class='ocr_par' dir='ltr' id='par_1_26' title="bbox 2140 1190 3729 1259">
     <span class='ocr_line' id='line_1_26' title="bbox 2140 1190 3729 1259; baseline -0.001 -12"><span class='ocrx_word' id='word_1_194' title='bbox 2140 1194 2330 1247; x_wconf 59' lang='lat'><strong>‘20-‘25.</strong></span> <span class='ocrx_word' id='word_1_195' title='bbox 2368 1193 2434 1246; x_wconf 83' lang='lat' dir='ltr'><strong>Et</strong></span> <span class='ocrx_word' id='word_1_196' title='bbox 2460 1200 2803 1247; x_wconf 89' lang='lat' dir='ltr'><strong>accesserunt</strong></span> <span class='ocrx_word' id='word_1_197' title='bbox 2828 1190 2892 1245; x_wconf 86' lang='lat' dir='ltr'><strong>ad</strong></span> <span class='ocrx_word' id='word_1_198' title='bbox 2921 1206 3042 1246; x_wconf 83' lang='lat' dir='ltr'><strong>eum</strong></span> <span class='ocrx_word' id='word_1_199' title='bbox 3072 1191 3320 1259; x_wconf 81' lang='lat' dir='ltr'><strong>discipuli</strong></span> <span class='ocrx_word' id='word_1_200' title='bbox 3342 1191 3479 1259; x_wconf 83' lang='lat' dir='ltr'><strong>ejus.</strong></span> <span class='ocrx_word' id='word_1_201' title='bbox 3515 1191 3580 1245; x_wconf 85' lang='lat' dir='ltr'><strong>Et</strong></span> <span class='ocrx_word' id='word_1_202' title='bbox 3604 1192 3729 1246; x_wconf 80' lang='lat' dir='ltr'><strong>ele-</strong></span> 
     </span>
    </p>
   </div>
   <div class='ocr_carea' id='block_1_27' title="bbox 2149 1282 3734 1359">
    <p class='ocr_par' dir='ltr' id='par_1_27' title="bbox 2149 1282 3734 1359">
     <span class='ocr_line' id='line_1_27' title="bbox 2149 1282 3734 1359; baseline 0 -23"><span class='ocrx_word' id='word_1_203' title='bbox 2149 1285 2287 1359; x_wconf 47' lang='lat' dir='ltr'><strong>vagis</strong></span> <span class='ocrx_word' id='word_1_204' title='bbox 2319 1282 2488 1336; x_wconf 85' lang='lat' dir='ltr'><strong>oculis</strong></span> <span class='ocrx_word' id='word_1_205' title='bbox 2522 1284 2572 1335; x_wconf 91' lang='lat' dir='ltr'><strong>in</strong></span> <span class='ocrx_word' id='word_1_206' title='bbox 2603 1296 2697 1336; x_wconf 89' lang='lat' dir='ltr'><strong>eos</strong></span> <span class='ocrx_word' id='word_1_207' title='bbox 2718 1322 2730 1343; x_wconf 91' lang='lat'><strong>,</strong></span> <span class='ocrx_word' id='word_1_208' title='bbox 2754 1297 2836 1351; x_wconf 62' lang='lat' dir='ltr'><strong>ape</strong></span> <span class='ocrx_word' id='word_1_209' title='bbox 2857 1284 3000 1336; x_wconf 77' lang='lat' dir='ltr'><strong>riens</strong></span> <span class='ocrx_word' id='word_1_210' title='bbox 3048 1297 3109 1336; x_wconf 91' lang='lat' dir='ltr'><strong>os</strong></span> <span class='ocrx_word' id='word_1_211' title='bbox 3160 1298 3334 1347; x_wconf 83' lang='lat' dir='ltr'><strong>suum,</strong></span> <span class='ocrx_word' id='word_1_212' title='bbox 3368 1283 3609 1345; x_wconf 83' lang='lat' dir='ltr'><strong>docebat,</strong></span> <span class='ocrx_word' id='word_1_213' title='bbox 3638 1284 3734 1336; x_wconf 78' lang='lat' dir='ltr'><strong>di-</strong></span> 
     </span>
    </p>
   </div>
   <div class='ocr_carea' id='block_1_28' title="bbox 2144 1373 3735 1443">
    <p class='ocr_par' dir='ltr' id='par_1_28' title="bbox 2144 1373 3735 1443">
     <span class='ocr_line' id='line_1_28' title="bbox 2144 1373 3735 1443; baseline 0 -16"><span class='ocrx_word' id='word_1_214' title='bbox 2144 1391 2274 1432; x_wconf 84' lang='lat' dir='ltr'><strong>cens</strong></span> <span class='ocrx_word' id='word_1_215' title='bbox 2304 1393 2316 1427; x_wconf 90' lang='lat'>:</span> <span class='ocrx_word' id='word_1_216' title='bbox 2351 1376 2496 1429; x_wconf 82' lang='lat' dir='ltr'><strong>Beati</strong></span> <span class='ocrx_word' id='word_1_217' title='bbox 2526 1387 2784 1443; x_wconf 83' lang='lat' dir='ltr'><strong>pauperes</strong></span> <span class='ocrx_word' id='word_1_218' title='bbox 2810 1373 3018 1442; x_wconf 87' lang='lat' dir='ltr'><strong>spiritu,</strong></span> <span class='ocrx_word' id='word_1_219' title='bbox 3049 1375 3297 1443; x_wconf 87' lang='lat' dir='ltr'><strong>quoniam</strong></span> <span class='ocrx_word' id='word_1_220' title='bbox 3358 1375 3593 1443; x_wconf 88' lang='lat' dir='ltr'><strong>ipsorum</strong></span> <span class='ocrx_word' id='word_1_221' title='bbox 3637 1380 3735 1427; x_wconf 77' lang='lat' dir='ltr'><strong>est</strong></span> 
     </span>
    </p>
   </div>
   <div class='ocr_carea' id='block_1_29' title="bbox 2148 1469 3734 1539">
    <p class='ocr_par' dir='ltr' id='par_1_29' title="bbox 2148 1469 3734 1539">
     <span class='ocr_line' id='line_1_29' title="bbox 2148 1469 3734 1539; baseline 0.002 -17"><span class='ocrx_word' id='word_1_222' title='bbox 2148 1484 2368 1537; x_wconf 82' lang='lat' dir='ltr'><strong>regnum</strong></span> <span class='ocrx_word' id='word_1_223' title='bbox 2392 1470 2675 1524; x_wconf 72' lang='lat' dir='ltr'><strong>crrlorum.</strong></span> <span class='ocrx_word' id='word_1_224' title='bbox 2700 1470 3040 1537; x_wconf 88' lang='lat' dir='ltr'><strong>Beatimites,</strong></span> <span class='ocrx_word' id='word_1_225' title='bbox 3071 1470 3325 1539; x_wconf 87' lang='lat' dir='ltr'><strong>quoniam</strong></span> <span class='ocrx_word' id='word_1_226' title='bbox 3354 1470 3453 1539; x_wconf 90' lang='lat' dir='ltr'><strong>ipsi</strong></span> <span class='ocrx_word' id='word_1_227' title='bbox 3485 1469 3734 1538; x_wconf 82' lang='lat' dir='ltr'><strong>posside-</strong></span> 
     </span>
    </p>
   </div>
   <div class='ocr_carea' id='block_1_30' title="bbox 2148 1559 3735 1631">
    <p class='ocr_par' dir='ltr' id='par_1_30' title="bbox 2148 1559 3735 1631">
     <span class='ocr_line' id='line_1_30' title="bbox 2148 1559 3735 1631; baseline 0.001 -18"><span class='ocrx_word' id='word_1_228' title='bbox 2148 1559 2278 1613; x_wconf 88' lang='lat' dir='ltr'><strong>bunt</strong></span> <span class='ocrx_word' id='word_1_229' title='bbox 2316 1569 2527 1613; x_wconf 89' lang='lat' dir='ltr'><strong>terram.</strong></span> <span class='ocrx_word' id='word_1_230' title='bbox 2563 1559 2709 1615; x_wconf 83' lang='lat' dir='ltr'><strong>Beati</strong></span> <span class='ocrx_word' id='word_1_231' title='bbox 2736 1562 2823 1631; x_wconf 88' lang='lat' dir='ltr'><strong>qui</strong></span> <span class='ocrx_word' id='word_1_232' title='bbox 2848 1561 3048 1631; x_wconf 83' lang='lat' dir='ltr'><strong>lugent,</strong></span> <span class='ocrx_word' id='word_1_233' title='bbox 3078 1560 3329 1631; x_wconf 88' lang='lat' dir='ltr'><strong>quoniam</strong></span> <span class='ocrx_word' id='word_1_234' title='bbox 3362 1560 3461 1631; x_wconf 90' lang='lat' dir='ltr'><strong>ipsi</strong></span> <span class='ocrx_word' id='word_1_235' title='bbox 3483 1561 3735 1615; x_wconf 80' lang='lat' dir='ltr'><strong>consola-</strong></span> 
     </span>
    </p>
   </div>
   <div class='ocr_carea' id='block_1_31' title="bbox 2149 1649 3736 1722">
    <p class='ocr_par' dir='ltr' id='par_1_31' title="bbox 2149 1649 3736 1722">
     <span class='ocr_line' id='line_1_31' title="bbox 2149 1649 3736 1722; baseline 0.003 -21"><span class='ocrx_word' id='word_1_236' title='bbox 2149 1649 2364 1704; x_wconf 88' lang='lat' dir='ltr'><strong>buntur.</strong></span> <span class='ocrx_word' id='word_1_237' title='bbox 2398 1650 2545 1705; x_wconf 84' lang='lat' dir='ltr'><strong>Beati</strong></span> <span class='ocrx_word' id='word_1_238' title='bbox 2572 1654 2662 1720; x_wconf 87' lang='lat' dir='ltr'><strong>qui</strong></span> <span class='ocrx_word' id='word_1_239' title='bbox 2688 1652 2929 1706; x_wconf 81' lang='lat' dir='ltr'><strong>esuriunt</strong></span> <span class='ocrx_word' id='word_1_240' title='bbox 2949 1661 3002 1707; x_wconf 90' lang='lat' dir='ltr'><strong>et</strong></span> <span class='ocrx_word' id='word_1_241' title='bbox 3030 1653 3218 1707; x_wconf 87' lang='lat' dir='ltr'><strong>sitiunt</strong></span> <span class='ocrx_word' id='word_1_242' title='bbox 3261 1652 3541 1721; x_wconf 43' lang='lat' dir='ltr'><strong>justitiam,</strong></span> <span class='ocrx_word' id='word_1_243' title='bbox 3592 1667 3736 1722; x_wconf 83' lang='lat' dir='ltr'><strong>quo-</strong></span> 
     </span>
    </p>
   </div>
   <div class='ocr_carea' id='block_1_32' title="bbox 2148 1741 3731 1811">
    <p class='ocr_par' dir='ltr' id='par_1_32' title="bbox 2148 1741 3731 1811">
     <span class='ocr_line' id='line_1_32' title="bbox 2148 1741 3731 1811; baseline 0 -17"><span class='ocrx_word' id='word_1_244' title='bbox 2148 1742 2292 1795; x_wconf 86' lang='lat' dir='ltr'><strong>niam</strong></span> <span class='ocrx_word' id='word_1_245' title='bbox 2324 1741 2425 1811; x_wconf 88' lang='lat' dir='ltr'><strong>ipsi</strong></span> <span class='ocrx_word' id='word_1_246' title='bbox 2465 1742 2859 1796; x_wconf 87' lang='lat' dir='ltr'><strong>saturabuntur.</strong></span> <span class='ocrx_word' id='word_1_247' title='bbox 2923 1742 3071 1797; x_wconf 84' lang='lat' dir='ltr'><strong>Beati</strong></span> <span class='ocrx_word' id='word_1_248' title='bbox 3125 1742 3521 1808; x_wconf 82' lang='lat' dir='ltr'><strong>misericordes,</strong></span> <span class='ocrx_word' id='word_1_249' title='bbox 3580 1756 3731 1811; x_wconf 78' lang='lat' dir='ltr'><strong>quo-</strong></span> 
     </span>
    </p>
   </div>
   <div class='ocr_carea' id='block_1_33' title="bbox 466 1831 2051 1921">
    <p class='ocr_par' dir='ltr' id='par_1_33' title="bbox 466 1848 2044 1921">
     <span class='ocr_line' id='line_1_33' title="bbox 466 1848 2044 1921; baseline -0.006 -9"><span class='ocrx_word' id='word_1_250' title='bbox 466 1867 550 1912; x_wconf 81' lang='lat' dir='ltr'><strong>est</strong></span> <span class='ocrx_word' id='word_1_251' title='bbox 574 1858 640 1912; x_wconf 87' lang='lat' dir='ltr'><strong>de</strong></span> <span class='ocrx_word' id='word_1_252' title='bbox 671 1867 832 1921; x_wconf 88' lang='lat' dir='ltr'><strong>terra,</strong></span> <span class='ocrx_word' id='word_1_253' title='bbox 852 1857 1074 1910; x_wconf 82' lang='lat' dir='ltr'><strong>delet-ra</strong></span> <span class='ocrx_word' id='word_1_254' title='bbox 1102 1863 1205 1919; x_wconf 90' lang='lat' dir='ltr'><strong>est,</strong></span> <span class='ocrx_word' id='word_1_255' title='bbox 1233 1862 1287 1907; x_wconf 91' lang='lat' dir='ltr'><strong>et</strong></span> <span class='ocrx_word' id='word_1_256' title='bbox 1317 1853 1384 1906; x_wconf 91' lang='lat' dir='ltr'><strong>de</strong></span> <span class='ocrx_word' id='word_1_257' title='bbox 1412 1861 1551 1907; x_wconf 81' lang='lat' dir='ltr'><strong>terra</strong></span> <span class='ocrx_word' id='word_1_258' title='bbox 1571 1851 1825 1918; x_wconf 87' lang='lat' dir='ltr'><strong>loqttitnr.</strong></span> <span class='ocrx_word' id='word_1_259' title='bbox 1851 1849 1952 1915; x_wconf 87' lang='lat' dir='ltr'><strong>Qui</strong></span> <span class='ocrx_word' id='word_1_260' title='bbox 1979 1848 2044 1902; x_wconf 90' lang='lat' dir='ltr'><strong>de</strong></span> 
     </span>
    </p>
   </div>
   <div class='ocr_carea' id='block_1_34' title="bbox 2158 1831 3737 1921">
    <p class='ocr_par' dir='ltr' id='par_1_34' title="bbox 2158 1831 3737 1901">
     <span class='ocr_line' id='line_1_34' title="bbox 2158 1831 3737 1901; baseline 0 -15"><span class='ocrx_word' id='word_1_261' title='bbox 2158 1836 2291 1886; x_wconf 87' lang='lat' dir='ltr'><strong>niam</strong></span> <span class='ocrx_word' id='word_1_262' title='bbox 2318 1833 2416 1901; x_wconf 83' lang='lat' dir='ltr'><strong>ipsi</strong></span> <span class='ocrx_word' id='word_1_263' title='bbox 2448 1831 2871 1886; x_wconf 74' lang='lat' dir='ltr'><strong>misericordiam</strong></span> <span class='ocrx_word' id='word_1_264' title='bbox 2886 1842 3301 1901; x_wconf 86' lang='lat' dir='ltr'><strong>consequentur.</strong></span> <span class='ocrx_word' id='word_1_265' title='bbox 3353 1831 3502 1886; x_wconf 88' lang='lat' dir='ltr'><strong>Beati</strong></span> <span class='ocrx_word' id='word_1_266' title='bbox 3528 1832 3737 1887; x_wconf 86' lang='lat' dir='ltr'><strong>mundo</strong></span> 
     </span>
    </p>
   </div>
   <div class='ocr_carea' id='block_1_35' title="bbox 468 1938 2046 2017">
    <p class='ocr_par' dir='ltr' id='par_1_35' title="bbox 468 1938 2046 2017">
     <span class='ocr_line' id='line_1_35' title="bbox 468 1938 2046 2017; baseline -0.009 -14"><span class='ocrx_word' id='word_1_267' title='bbox 468 1949 607 2005; x_wconf 71' lang='lat' dir='ltr'><strong>cmlo</strong></span> <span class='ocrx_word' id='word_1_268' title='bbox 631 1948 796 2009; x_wconf 83' lang='lat' dir='ltr'><strong>venit,</strong></span> <span class='ocrx_word' id='word_1_269' title='bbox 829 1961 991 2017; x_wconf 89' lang='lat' dir='ltr'><strong>super</strong></span> <span class='ocrx_word' id='word_1_270' title='bbox 1008 1959 1197 2001; x_wconf 89' lang='lat' dir='ltr'><strong>omnes</strong></span> <span class='ocrx_word' id='word_1_271' title='bbox 1210 1953 1310 1999; x_wconf 89' lang='lat' dir='ltr'><strong>est.</strong></span> <span class='ocrx_word' id='word_1_272' title='bbox 1327 1942 1396 1997; x_wconf 80' lang='lat' dir='ltr'><strong>Et</strong></span> <span class='ocrx_word' id='word_1_273' title='bbox 1417 1941 1558 2012; x_wconf 83' lang='lat' dir='ltr'><strong>quod</strong></span> <span class='ocrx_word' id='word_1_274' title='bbox 1598 1940 1732 1996; x_wconf 77' lang='lat' dir='ltr'><strong>vidit</strong></span> <span class='ocrx_word' id='word_1_275' title='bbox 1751 1948 1805 1995; x_wconf 89' lang='lat' dir='ltr'><strong>et</strong></span> <span class='ocrx_word' id='word_1_276' title='bbox 1825 1938 2046 2007; x_wconf 78' lang='lat' dir='ltr'><strong>audivit,</strong></span> 
     </span>
    </p>
   </div>
   <div class='ocr_carea' id='block_1_36' title="bbox 468 2029 2050 2103">
    <p class='ocr_par' dir='ltr' id='par_1_36' title="bbox 468 2029 2050 2103">
     <span class='ocr_line' id='line_1_36' title="bbox 468 2029 2050 2103; baseline -0.008 -10"><span class='ocrx_word' id='word_1_277' title='bbox 468 2039 570 2094; x_wconf 86' lang='lat' dir='ltr'><strong>hoc</strong></span> <span class='ocrx_word' id='word_1_278' title='bbox 587 2046 842 2093; x_wconf 86' lang='lat' dir='ltr'><strong>testatur:</strong></span> <span class='ocrx_word' id='word_1_279' title='bbox 862 2047 916 2092; x_wconf 91' lang='lat' dir='ltr'><strong>et</strong></span> <span class='ocrx_word' id='word_1_280' title='bbox 942 2035 1303 2092; x_wconf 76' lang='lat' dir='ltr'><strong>testimoztium</strong></span> <span class='ocrx_word' id='word_1_281' title='bbox 1318 2033 1437 2103; x_wconf 84' lang='lat' dir='ltr'><strong>ejus</strong></span> <span class='ocrx_word' id='word_1_282' title='bbox 1448 2046 1604 2087; x_wconf 88' lang='lat' dir='ltr'><strong>nemo</strong></span> <span class='ocrx_word' id='word_1_283' title='bbox 1621 2030 1830 2101; x_wconf 89' lang='lat' dir='ltr'><strong>accipit.</strong></span> <span class='ocrx_word' id='word_1_284' title='bbox 1848 2029 1946 2096; x_wconf 85' lang='lat' dir='ltr'><strong>Qui</strong></span> <span class='ocrx_word' id='word_1_285' title='bbox 1969 2042 2050 2082; x_wconf 85' lang='lat' dir='ltr'><strong>ac-</strong></span> 
     </span>
    </p>
   </div>
   <div class='ocr_carea' id='block_1_37' title="bbox 467 2122 2046 2198">
    <p class='ocr_par' dir='ltr' id='par_1_37' title="bbox 467 2122 2046 2198">
     <span class='ocr_line' id='line_1_37' title="bbox 467 2122 2046 2198; baseline -0.009 -13"><span class='ocrx_word' id='word_1_286' title='bbox 467 2131 738 2198; x_wconf 88' lang='lat' dir='ltr'><strong>ccpitejus</strong></span> <span class='ocrx_word' id='word_1_287' title='bbox 775 2129 1163 2193; x_wconf 77' lang='lat' dir='ltr'><strong>testimonium,</strong></span> <span class='ocrx_word' id='word_1_288' title='bbox 1196 2125 1421 2195; x_wconf 76' lang='lat' dir='ltr'><strong>signavit</strong></span> <span class='ocrx_word' id='word_1_289' title='bbox 1443 2124 1563 2193; x_wconf 89' lang='lat' dir='ltr'><strong>quia</strong></span> <span class='ocrx_word' id='word_1_290' title='bbox 1579 2122 1719 2177; x_wconf 87' lang='lat' dir='ltr'><strong>Deus</strong></span> <span class='ocrx_word' id='word_1_291' title='bbox 1750 2134 1911 2175; x_wconf 82' lang='lat' dir='ltr'><strong>verax</strong></span> <span class='ocrx_word' id='word_1_292' title='bbox 1944 2127 2046 2173; x_wconf 90' lang='lat' dir='ltr'><strong>est.</strong></span> 
     </span>
    </p>
   </div>
   <div class='ocr_carea' id='block_1_38' title="bbox 468 2211 2049 2299">
    <p class='ocr_par' dir='ltr' id='par_1_38' title="bbox 468 2211 2049 2299">
     <span class='ocr_line' id='line_1_38' title="bbox 468 2211 2049 2299; baseline -0.008 -23"><span class='ocrx_word' id='word_1_293' title='bbox 468 2222 635 2288; x_wconf 83' lang='lat' dir='ltr'><strong>Quem</strong></span> <span class='ocrx_word' id='word_1_294' title='bbox 658 2222 797 2276; x_wconf 91' lang='lat' dir='ltr'><strong>enim</strong></span> <span class='ocrx_word' id='word_1_295' title='bbox 823 2222 967 2275; x_wconf 89' lang='lat' dir='ltr'><strong>misit</strong></span> <span class='ocrx_word' id='word_1_296' title='bbox 996 2222 1156 2287; x_wconf 88' lang='lat' dir='ltr'><strong>Deus,</strong></span> <span class='ocrx_word' id='word_1_297' title='bbox 1178 2218 1341 2274; x_wconf 90' lang='lat' dir='ltr'><strong>verba</strong></span> <span class='ocrx_word' id='word_1_298' title='bbox 1358 2217 1457 2299; x_wconf 68' lang='lat' dir='ltr'><strong>Dei</strong></span> <span class='ocrx_word' id='word_1_299' title='bbox 1485 2216 1740 2285; x_wconf 89' lang='lat' dir='ltr'><strong>loquitur.</strong></span> <span class='ocrx_word' id='word_1_300' title='bbox 1770 2213 1884 2267; x_wconf 82' lang='lat' dir='ltr'><strong>Non</strong></span> <span class='ocrx_word' id='word_1_301' title='bbox 1907 2211 2049 2267; x_wconf 89' lang='lat' dir='ltr'><strong>enim</strong></span> 
     </span>
    </p>
   </div>
   <div class='ocr_carea' id='block_1_39' title="bbox 469 2306 2049 2382">
    <p class='ocr_par' dir='ltr' id='par_1_39' title="bbox 469 2306 2049 2382">
     <span class='ocr_line' id='line_1_39' title="bbox 469 2306 2049 2382; baseline -0.004 -16"><span class='ocrx_word' id='word_1_302' title='bbox 469 2314 537 2369; x_wconf 87' lang='lat' dir='ltr'><strong>ad</strong></span> <span class='ocrx_word' id='word_1_303' title='bbox 560 2329 863 2369; x_wconf 88' lang='lat' dir='ltr'><strong>mensuram</strong></span> <span class='ocrx_word' id='word_1_304' title='bbox 891 2315 982 2368; x_wconf 92' lang='lat' dir='ltr'><strong>dat</strong></span> <span class='ocrx_word' id='word_1_305' title='bbox 1012 2315 1151 2369; x_wconf 89' lang='lat' dir='ltr'><strong>Deus</strong></span> <span class='ocrx_word' id='word_1_306' title='bbox 1179 2313 1445 2382; x_wconf 87' lang='lat' dir='ltr'><strong>spiritum.</strong></span> <span class='ocrx_word' id='word_1_307' title='bbox 1471 2310 1629 2364; x_wconf 80' lang='lat' dir='ltr'><strong>Pater</strong></span> <span class='ocrx_word' id='word_1_308' title='bbox 1659 2308 1826 2378; x_wconf 78' lang='lat' dir='ltr'><strong>diligit</strong></span> <span class='ocrx_word' id='word_1_309' title='bbox 1859 2306 2049 2369; x_wconf 83' lang='lat' dir='ltr'><strong>Flium,</strong></span> 
     </span>
    </p>
   </div>
   <div class='ocr_carea' id='block_1_40' title="bbox 469 2397 2051 2474">
    <p class='ocr_par' dir='ltr' id='par_1_40' title="bbox 469 2397 2051 2474">
     <span class='ocr_line' id='line_1_40' title="bbox 469 2397 2051 2474; baseline -0.007 -14"><span class='ocrx_word' id='word_1_310' title='bbox 469 2414 526 2461; x_wconf 90' lang='lat' dir='ltr'><strong>et</strong></span> <span class='ocrx_word' id='word_1_311' title='bbox 553 2406 732 2460; x_wconf 86' lang='lat' dir='ltr'><strong>omnia</strong></span> <span class='ocrx_word' id='word_1_312' title='bbox 749 2405 895 2460; x_wconf 90' lang='lat' dir='ltr'><strong>dedit</strong></span> <span class='ocrx_word' id='word_1_313' title='bbox 922 2406 973 2459; x_wconf 91' lang='lat' dir='ltr'><strong>in</strong></span> <span class='ocrx_word' id='word_1_314' title='bbox 1009 2418 1168 2459; x_wconf 89' lang='lat' dir='ltr'><strong>manu</strong></span> <span class='ocrx_word' id='word_1_315' title='bbox 1197 2404 1333 2474; x_wconf 86' lang='lat' dir='ltr'><strong>ejus.</strong></span> <span class='ocrx_word' id='word_1_316' title='bbox 1366 2402 1468 2471; x_wconf 88' lang='lat' dir='ltr'><strong>Qui</strong></span> <span class='ocrx_word' id='word_1_317' title='bbox 1509 2399 1682 2456; x_wconf 86' lang='lat' dir='ltr'><strong>credit</strong></span> <span class='ocrx_word' id='word_1_318' title='bbox 1731 2398 1785 2452; x_wconf 90' lang='lat' dir='ltr'><strong>in</strong></span> <span class='ocrx_word' id='word_1_319' title='bbox 1838 2397 2051 2458; x_wconf 84' lang='lat' dir='ltr'><strong>Filium,</strong></span> 
     </span>
    </p>
   </div>
   <div class='ocr_carea' id='block_1_41' title="bbox 473 2486 2051 2565">
    <p class='ocr_par' dir='ltr' id='par_1_41' title="bbox 473 2486 2051 2565">
     <span class='ocr_line' id='line_1_41' title="bbox 473 2486 2051 2565; baseline -0.007 -15"><span class='ocrx_word' id='word_1_320' title='bbox 473 2497 631 2552; x_wconf 82' lang='lat' dir='ltr'><strong>habet</strong></span> <span class='ocrx_word' id='word_1_321' title='bbox 648 2499 809 2551; x_wconf 88' lang='lat' dir='ltr'><strong>vitam</strong></span> <span class='ocrx_word' id='word_1_322' title='bbox 833 2506 1117 2563; x_wconf 72' lang='lat' dir='ltr'><strong>mternam;</strong></span> <span class='ocrx_word' id='word_1_323' title='bbox 1145 2498 1232 2565; x_wconf 90' lang='lat' dir='ltr'><strong>qui</strong></span> <span class='ocrx_word' id='word_1_324' title='bbox 1260 2504 1439 2550; x_wconf 89' lang='lat' dir='ltr'><strong>autem</strong></span> <span class='ocrx_word' id='word_1_325' title='bbox 1461 2491 1769 2547; x_wconf 89' lang='lat' dir='ltr'><strong>incredulus</strong></span> <span class='ocrx_word' id='word_1_326' title='bbox 1791 2497 1872 2543; x_wconf 90' lang='lat' dir='ltr'><strong>est</strong></span> <span class='ocrx_word' id='word_1_327' title='bbox 1895 2486 2051 2549; x_wconf 83' lang='lat' dir='ltr'><strong>Filio,</strong></span> 
     </span>
    </p>
   </div>
   <div class='ocr_carea' id='block_1_42' title="bbox 476 2585 2054 2651">
    <p class='ocr_par' dir='ltr' id='par_1_42' title="bbox 476 2585 2054 2651">
     <span class='ocr_line' id='line_1_42' title="bbox 476 2585 2054 2651; baseline -0.009 -8"><span class='ocrx_word' id='word_1_328' title='bbox 476 2602 582 2643; x_wconf 89' lang='lat' dir='ltr'><strong>non</strong></span> <span class='ocrx_word' id='word_1_329' title='bbox 633 2587 833 2642; x_wconf 84' lang='lat' dir='ltr'><strong>videbit</strong></span> <span class='ocrx_word' id='word_1_330' title='bbox 862 2589 1045 2651; x_wconf 88' lang='lat' dir='ltr'><strong>vitam,</strong></span> <span class='ocrx_word' id='word_1_331' title='bbox 1076 2585 1170 2641; x_wconf 84' lang='lat' dir='ltr'><strong>sed</strong></span> <span class='ocrx_word' id='word_1_332' title='bbox 1199 2585 1278 2639; x_wconf 91' lang='lat' dir='ltr'><strong>ira</strong></span> <span class='ocrx_word' id='word_1_333' title='bbox 1304 2585 1397 2639; x_wconf 91' lang='lat' dir='ltr'><strong>Dei</strong></span> <span class='ocrx_word' id='word_1_334' title='bbox 1428 2590 1607 2638; x_wconf 84' lang='lat' dir='ltr'><strong>manet</strong></span> <span class='ocrx_word' id='word_1_335' title='bbox 1629 2594 1791 2649; x_wconf 89' lang='lat' dir='ltr'><strong>super</strong></span> <span class='ocrx_word' id='word_1_336' title='bbox 1819 2591 1962 2633; x_wconf 88' lang='lat' dir='ltr'><strong>eum.</strong></span> <span class='ocrx_word' id='word_1_337' title='bbox 1985 2605 2054 2616; x_wconf 90' lang='lat'>—</span> 
     </span>
    </p>
   </div>
   <div class='ocr_carea' id='block_1_43' title="bbox 473 2667 2057 2748">
    <p class='ocr_par' dir='ltr' id='par_1_43' title="bbox 473 2667 2057 2748">
     <span class='ocr_line' id='line_1_43' title="bbox 473 2667 2057 2748; baseline -0.011 -12"><span class='ocrx_word' id='word_1_338' title='bbox 473 2679 901 2745; x_wconf 72' lang='lat' dir='ltr'><strong>Joatt.tv,l-3.Ut</strong></span> <span class='ocrx_word' id='word_1_339' title='bbox 916 2694 1043 2748; x_wconf 83' lang='lat' dir='ltr'><strong>ergo</strong></span> <span class='ocrx_word' id='word_1_340' title='bbox 1056 2677 1301 2747; x_wconf 75' lang='lat' dir='ltr'><strong>cogno‘vit</strong></span> <span class='ocrx_word' id='word_1_341' title='bbox 1316 2675 1475 2731; x_wconf 90' lang='lat' dir='ltr'><strong>Jesus</strong></span> <span class='ocrx_word' id='word_1_342' title='bbox 1494 2674 1613 2743; x_wconf 88' lang='lat' dir='ltr'><strong>quia</strong></span> <span class='ocrx_word' id='word_1_343' title='bbox 1628 2671 1911 2725; x_wconf 87' lang='lat' dir='ltr'><strong>audierunt</strong></span> <span class='ocrx_word' id='word_1_344' title='bbox 1925 2667 2057 2721; x_wconf 84' lang='lat' dir='ltr'><strong>Pha-</strong></span> 
     </span>
    </p>
   </div>
   <div class='ocr_carea' id='block_1_44' title="bbox 476 2764 2053 2843">
    <p class='ocr_par' dir='ltr' id='par_1_44' title="bbox 476 2764 2053 2843">
     <span class='ocr_line' id='line_1_44' title="bbox 476 2764 2053 2843; baseline -0.008 -18"><span class='ocrx_word' id='word_1_345' title='bbox 476 2772 615 2827; x_wconf 72' lang='lat' dir='ltr'><strong>risaei</strong></span> <span class='ocrx_word' id='word_1_346' title='bbox 629 2775 750 2843; x_wconf 88' lang='lat' dir='ltr'><strong>quia</strong></span> <span class='ocrx_word' id='word_1_347' title='bbox 764 2771 919 2827; x_wconf 86' lang='lat' dir='ltr'><strong>Jesus</strong></span> <span class='ocrx_word' id='word_1_348' title='bbox 935 2771 1114 2839; x_wconf 75' lang='lat' dir='ltr'><strong>plures</strong></span> <span class='ocrx_word' id='word_1_349' title='bbox 1139 2768 1428 2839; x_wconf 87' lang='lat' dir='ltr'><strong>discipulus</strong></span> <span class='ocrx_word' id='word_1_350' title='bbox 1445 2766 1565 2820; x_wconf 77' lang='lat' dir='ltr'><strong>facit</strong></span> <span class='ocrx_word' id='word_1_351' title='bbox 1580 2774 1632 2819; x_wconf 89' lang='lat' dir='ltr'><strong>et</strong></span> <span class='ocrx_word' id='word_1_352' title='bbox 1654 2764 1882 2831; x_wconf 85' lang='lat' dir='ltr'><strong>baptizat</strong></span> <span class='ocrx_word' id='word_1_353' title='bbox 1898 2774 2053 2830; x_wconf 80' lang='lat' dir='ltr'><strong>quam</strong></span> 
     </span>
    </p>
   </div>
   <div class='ocr_carea' id='block_1_45' title="bbox 468 2850 2055 2932">
    <p class='ocr_par' dir='ltr' id='par_1_45' title="bbox 468 2850 2055 2932">
     <span class='ocr_line' id='line_1_45' title="bbox 468 2850 2055 2932; baseline -0.01 -14"><span class='ocrx_word' id='word_1_354' title='bbox 468 2861 1327 2932; x_wconf 87' lang='lat' dir='ltr'><strong>Joannes(quanquamJesusnon</strong></span> <span class='ocrx_word' id='word_1_355' title='bbox 1341 2856 1650 2927; x_wconf 83' lang='lat' dir='ltr'><strong>baptizaret,</strong></span> <span class='ocrx_word' id='word_1_356' title='bbox 1683 2853 1777 2910; x_wconf 88' lang='lat' dir='ltr'><strong>sed</strong></span> <span class='ocrx_word' id='word_1_357' title='bbox 1812 2850 2055 2921; x_wconf 75' lang='lat' dir='ltr'><strong>discipuli</strong></span> 
     </span>
    </p>
   </div>
   <div class='ocr_carea' id='block_1_46' title="bbox 469 2946 2051 3027">
    <p class='ocr_par' dir='ltr' id='par_1_46' title="bbox 469 2946 2051 3027">
     <span class='ocr_line' id='line_1_46' title="bbox 469 2946 2051 3027; baseline -0.009 -16"><span class='ocrx_word' id='word_1_358' title='bbox 469 2954 631 3027; x_wconf 84' lang='lat' dir='ltr'><strong>ejus),</strong></span> <span class='ocrx_word' id='word_1_359' title='bbox 663 2986 730 2996; x_wconf 95' lang='lat'><strong>—</strong></span> <span class='ocrx_word' id='word_1_360' title='bbox 751 2956 980 3020; x_wconf 74' lang='lat' dir='ltr'><strong>MARCJ,</strong></span> <span class='ocrx_word' id='word_1_361' title='bbox 1014 2950 1326 3022; x_wconf 72' lang='lat' dir='ltr'><strong>M,etquod</strong></span> <span class='ocrx_word' id='word_1_362' title='bbox 1363 2949 1595 3004; x_wconf 89' lang='lat' dir='ltr'><strong>Joannes</strong></span> <span class='ocrx_word' id='word_1_363' title='bbox 1622 2946 1844 3001; x_wconf 82' lang='lat' dir='ltr'><strong>traditus</strong></span> <span class='ocrx_word' id='word_1_364' title='bbox 1890 2954 2051 3007; x_wconf 87' lang='lat' dir='ltr'><strong>esset,</strong></span> 
     </span>
    </p>
   </div>
   <div class='ocr_carea' id='block_1_47' title="bbox 472 3038 2055 3118">
    <p class='ocr_par' dir='ltr' id='par_1_47' title="bbox 472 3038 2055 3118">
     <span class='ocr_line' id='line_1_47' title="bbox 472 3038 2055 3118; baseline -0.008 -16"><span class='ocrx_word' id='word_1_365' title='bbox 472 3049 684 3118; x_wconf 87' lang='lat' dir='ltr'><strong>reliquit</strong></span> <span class='ocrx_word' id='word_1_366' title='bbox 699 3048 958 3111; x_wconf 74' lang='lat' dir='ltr'><strong>Judmam,</strong></span> <span class='ocrx_word' id='word_1_367' title='bbox 974 3057 1028 3103; x_wconf 86' lang='lat' dir='ltr'><strong>et</strong></span> <span class='ocrx_word' id='word_1_368' title='bbox 1042 3045 1173 3100; x_wconf 89' lang='lat' dir='ltr'><strong>abiit</strong></span> <span class='ocrx_word' id='word_1_369' title='bbox 1190 3046 1379 3099; x_wconf 90' lang='lat' dir='ltr'><strong>iterum</strong></span> <span class='ocrx_word' id='word_1_370' title='bbox 1395 3043 1445 3096; x_wconf 91' lang='lat' dir='ltr'><strong>in</strong></span> <span class='ocrx_word' id='word_1_371' title='bbox 1459 3038 2055 3105; x_wconf 62' lang='lat' dir='ltr'><strong>Galilaeam—Murri.</strong></span> 
     </span>
    </p>
   </div>
   <div class='ocr_carea' id='block_1_48' title="bbox 470 3129 2054 3208">
    <p class='ocr_par' dir='ltr' id='par_1_48' title="bbox 470 3129 2054 3208">
     <span class='ocr_line' id='line_1_48' title="bbox 470 3129 2054 3208; baseline -0.011 -11"><span class='ocrx_word' id='word_1_372' title='bbox 470 3141 753 3208; x_wconf 58' lang='lat' dir='ltr'><strong>mli-16.</strong></span> <span class='ocrx_word' id='word_1_373' title='bbox 779 3137 911 3193; x_wconf 90' lang='lat' dir='ltr'><strong>Cum</strong></span> <span class='ocrx_word' id='word_1_374' title='bbox 939 3148 1114 3192; x_wconf 88' lang='lat' dir='ltr'><strong>autem</strong></span> <span class='ocrx_word' id='word_1_375' title='bbox 1147 3134 1381 3189; x_wconf 81' lang='lat' dir='ltr'><strong>audisset</strong></span> <span class='ocrx_word' id='word_1_376' title='bbox 1400 3132 1539 3203; x_wconf 89' lang='lat' dir='ltr'><strong>quod</strong></span> <span class='ocrx_word' id='word_1_377' title='bbox 1566 3130 1802 3187; x_wconf 84' lang='lat' dir='ltr'><strong>Joannes</strong></span> <span class='ocrx_word' id='word_1_378' title='bbox 1830 3129 2054 3183; x_wconf 88' lang='lat' dir='ltr'><strong>traditus</strong></span> 
     </span>
    </p>
   </div>
   <div class='ocr_carea' id='block_1_49' title="bbox 2152 1923 3729 1995">
    <p class='ocr_par' dir='ltr' id='par_1_49' title="bbox 2152 1923 3729 1995">
     <span class='ocr_line' id='line_1_49' title="bbox 2152 1923 3729 1995; baseline -0.002 -15"><span class='ocrx_word' id='word_1_379' title='bbox 2152 1926 2333 1992; x_wconf 90' lang='lat' dir='ltr'><strong>corde,</strong></span> <span class='ocrx_word' id='word_1_380' title='bbox 2358 1927 2607 1995; x_wconf 89' lang='lat' dir='ltr'><strong>quoniam</strong></span> <span class='ocrx_word' id='word_1_381' title='bbox 2639 1924 2741 1994; x_wconf 90' lang='lat' dir='ltr'><strong>ipsi</strong></span> <span class='ocrx_word' id='word_1_382' title='bbox 2773 1925 2936 1980; x_wconf 89' lang='lat' dir='ltr'><strong>Deum</strong></span> <span class='ocrx_word' id='word_1_383' title='bbox 2966 1924 3257 1980; x_wconf 69' lang='lat' dir='ltr'><strong>videbunt.</strong></span> <span class='ocrx_word' id='word_1_384' title='bbox 3302 1923 3446 1980; x_wconf 88' lang='lat' dir='ltr'><strong>Beati</strong></span> <span class='ocrx_word' id='word_1_385' title='bbox 3496 1924 3729 1993; x_wconf 79' lang='lat' dir='ltr'><strong>paciﬁci,</strong></span> 
     </span>
    </p>
   </div>
   <div class='ocr_carea' id='block_1_50' title="bbox 2152 2015 3736 2093">
    <p class='ocr_par' dir='ltr' id='par_1_50' title="bbox 2152 2015 3736 2093">
     <span class='ocr_line' id='line_1_50' title="bbox 2152 2015 3736 2093; baseline -0.001 -23"><span class='ocrx_word' id='word_1_386' title='bbox 2152 2017 2403 2085; x_wconf 79' lang='lat' dir='ltr'><strong>quoniam</strong></span> <span class='ocrx_word' id='word_1_387' title='bbox 2434 2016 2529 2071; x_wconf 85' lang='lat' dir='ltr'><strong>lilii</strong></span> <span class='ocrx_word' id='word_1_388' title='bbox 2560 2016 2655 2093; x_wconf 80' lang='lat' dir='ltr'><strong>Dei</strong></span> <span class='ocrx_word' id='word_1_389' title='bbox 2682 2016 3031 2072; x_wconf 86' lang='lat' dir='ltr'><strong>vocabuntur.</strong></span> <span class='ocrx_word' id='word_1_390' title='bbox 3088 2016 3232 2070; x_wconf 87' lang='lat' dir='ltr'><strong>Beati</strong></span> <span class='ocrx_word' id='word_1_391' title='bbox 3262 2017 3352 2087; x_wconf 91' lang='lat' dir='ltr'><strong>qui</strong></span> <span class='ocrx_word' id='word_1_392' title='bbox 3402 2015 3736 2084; x_wconf 60' lang='lat' dir='ltr'><strong>persecutio.</strong></span> 
     </span>
    </p>
   </div>
   <div class='ocr_carea' id='block_1_51' title="bbox 2154 2109 3732 2179">
    <p class='ocr_par' dir='ltr' id='par_1_51' title="bbox 2154 2109 3732 2179">
     <span class='ocr_line' id='line_1_51' title="bbox 2154 2109 3732 2179; baseline 0.002 -17"><span class='ocrx_word' id='word_1_393' title='bbox 2154 2125 2274 2163; x_wconf 90' lang='lat' dir='ltr'><strong>nem</strong></span> <span class='ocrx_word' id='word_1_394' title='bbox 2308 2109 2578 2178; x_wconf 85' lang='lat' dir='ltr'><strong>patiuntur</strong></span> <span class='ocrx_word' id='word_1_395' title='bbox 2606 2118 2823 2178; x_wconf 86' lang='lat' dir='ltr'><strong>propter</strong></span> <span class='ocrx_word' id='word_1_396' title='bbox 2869 2109 3155 2178; x_wconf 90' lang='lat' dir='ltr'><strong>justitiam,</strong></span> <span class='ocrx_word' id='word_1_397' title='bbox 3205 2109 3456 2179; x_wconf 88' lang='lat' dir='ltr'><strong>quoniam</strong></span> <span class='ocrx_word' id='word_1_398' title='bbox 3488 2109 3732 2177; x_wconf 85' lang='lat' dir='ltr'><strong>ipsorum</strong></span> 
     </span>
    </p>
   </div>
   <div class='ocr_carea' id='block_1_52' title="bbox 2154 2199 3738 2270">
    <p class='ocr_par' dir='ltr' id='par_1_52' title="bbox 2154 2199 3738 2270">
     <span class='ocr_line' id='line_1_52' title="bbox 2154 2199 3738 2270; baseline 0.002 -17"><span class='ocrx_word' id='word_1_399' title='bbox 2154 2211 2234 2254; x_wconf 86' lang='lat' dir='ltr'><strong>est</strong></span> <span class='ocrx_word' id='word_1_400' title='bbox 2257 2214 2477 2270; x_wconf 78' lang='lat' dir='ltr'><strong>regnum</strong></span> <span class='ocrx_word' id='word_1_401' title='bbox 2501 2201 2780 2255; x_wconf 63' lang='lat' dir='ltr'><strong>caelorum.</strong></span> <span class='ocrx_word' id='word_1_402' title='bbox 2812 2199 2958 2254; x_wconf 88' lang='lat' dir='ltr'><strong>Beati</strong></span> <span class='ocrx_word' id='word_1_403' title='bbox 3012 2200 3145 2256; x_wconf 90' lang='lat' dir='ltr'><strong>estis</strong></span> <span class='ocrx_word' id='word_1_404' title='bbox 3183 2216 3305 2256; x_wconf 91' lang='lat' dir='ltr'><strong>cum</strong></span> <span class='ocrx_word' id='word_1_405' title='bbox 3356 2200 3738 2257; x_wconf 77' lang='lat' dir='ltr'><strong>maledixerint</strong></span> 
     </span>
    </p>
   </div>
   <div class='ocr_carea' id='block_1_53' title="bbox 2158 2290 3740 2360">
    <p class='ocr_par' dir='ltr' id='par_1_53' title="bbox 2158 2290 3740 2360">
     <span class='ocr_line' id='line_1_53' title="bbox 2158 2290 3740 2360; baseline 0.002 -16"><span class='ocrx_word' id='word_1_406' title='bbox 2158 2291 2308 2347; x_wconf 83' lang='lat' dir='ltr'><strong>vobis</strong></span> <span class='ocrx_word' id='word_1_407' title='bbox 2331 2291 2595 2357; x_wconf 83' lang='lat' dir='ltr'><strong>homines,</strong></span> <span class='ocrx_word' id='word_1_408' title='bbox 2628 2301 2682 2346; x_wconf 92' lang='lat' dir='ltr'><strong>et</strong></span> <span class='ocrx_word' id='word_1_409' title='bbox 2710 2290 2924 2347; x_wconf 87' lang='lat' dir='ltr'><strong>oderint</strong></span> <span class='ocrx_word' id='word_1_410' title='bbox 2941 2306 3060 2357; x_wconf 88' lang='lat' dir='ltr'><strong>vos,</strong></span> <span class='ocrx_word' id='word_1_411' title='bbox 3089 2300 3144 2347; x_wconf 89' lang='lat' dir='ltr'><strong>et</strong></span> <span class='ocrx_word' id='word_1_412' title='bbox 3174 2293 3437 2360; x_wconf 88' lang='lat' dir='ltr'><strong>persecuti</strong></span> <span class='ocrx_word' id='word_1_413' title='bbox 3472 2306 3567 2347; x_wconf 91' lang='lat' dir='ltr'><strong>vos</strong></span> <span class='ocrx_word' id='word_1_414' title='bbox 3610 2292 3740 2347; x_wconf 80' lang='lat' dir='ltr'><strong>fue-</strong></span> 
     </span>
    </p>
   </div>
   <div class='ocr_carea' id='block_1_54' title="bbox 2154 2383 3721 2461">
    <p class='ocr_par' dir='ltr' id='par_1_54' title="bbox 2154 2383 3721 2461">
     <span class='ocr_line' id='line_1_54' title="bbox 2154 2383 3721 2461; baseline 0 -23"><span class='ocrx_word' id='word_1_415' title='bbox 2154 2386 2287 2452; x_wconf 90' lang='lat' dir='ltr'><strong>rint,</strong></span> <span class='ocrx_word' id='word_1_416' title='bbox 2322 2393 2376 2440; x_wconf 90' lang='lat' dir='ltr'><strong>et</strong></span> <span class='ocrx_word' id='word_1_417' title='bbox 2396 2383 2629 2440; x_wconf 86' lang='lat' dir='ltr'><strong>dixerint</strong></span> <span class='ocrx_word' id='word_1_418' title='bbox 2648 2399 2809 2439; x_wconf 91' lang='lat' dir='ltr'><strong>omne</strong></span> <span class='ocrx_word' id='word_1_419' title='bbox 2830 2384 3025 2461; x_wconf 89' lang='lat' dir='ltr'><strong>malum</strong></span> <span class='ocrx_word' id='word_1_420' title='bbox 3072 2384 3351 2440; x_wconf 79' lang='lat' dir='ltr'><strong>adversum</strong></span> <span class='ocrx_word' id='word_1_421' title='bbox 3405 2400 3522 2449; x_wconf 90' lang='lat' dir='ltr'><strong>vos,</strong></span> <span class='ocrx_word' id='word_1_422' title='bbox 3582 2398 3721 2440; x_wconf 70' lang='lat' dir='ltr'><strong>men</strong></span> 
     </span>
    </p>
   </div>
   <div class='ocr_carea' id='block_1_55' title="bbox 2156 2477 3740 2546">
    <p class='ocr_par' dir='ltr' id='par_1_55' title="bbox 2156 2477 3740 2546">
     <span class='ocr_line' id='line_1_55' title="bbox 2156 2477 3740 2546; baseline 0 -15"><span class='ocrx_word' id='word_1_423' title='bbox 2156 2478 2386 2542; x_wconf 87' lang='lat' dir='ltr'><strong>tientes;</strong></span> <span class='ocrx_word' id='word_1_424' title='bbox 2418 2486 2611 2532; x_wconf 87' lang='lat' dir='ltr'><strong>etcum</strong></span> <span class='ocrx_word' id='word_1_425' title='bbox 2639 2479 3010 2546; x_wconf 88' lang='lat' dir='ltr'><strong>separaverint</strong></span> <span class='ocrx_word' id='word_1_426' title='bbox 3035 2490 3153 2543; x_wconf 90' lang='lat' dir='ltr'><strong>vos,</strong></span> <span class='ocrx_word' id='word_1_427' title='bbox 3179 2485 3234 2531; x_wconf 89' lang='lat' dir='ltr'><strong>et</strong></span> <span class='ocrx_word' id='word_1_428' title='bbox 3262 2477 3740 2545; x_wconf 79' lang='lat' dir='ltr'><strong>exprobraverint,</strong></span> 
     </span>
    </p>
   </div>
   <div class='ocr_carea' id='block_1_56' title="bbox 2157 2568 3742 2638">
    <p class='ocr_par' dir='ltr' id='par_1_56' title="bbox 2157 2568 3742 2638">
     <span class='ocr_line' id='line_1_56' title="bbox 2157 2568 3742 2638; baseline 0 -15"><span class='ocrx_word' id='word_1_429' title='bbox 2157 2578 2209 2623; x_wconf 90' lang='lat' dir='ltr'><strong>et</strong></span> <span class='ocrx_word' id='word_1_430' title='bbox 2230 2568 2486 2638; x_wconf 88' lang='lat' dir='ltr'><strong>ejecerint</strong></span> <span class='ocrx_word' id='word_1_431' title='bbox 2513 2578 2706 2623; x_wconf 88' lang='lat' dir='ltr'><strong>nomen</strong></span> <span class='ocrx_word' id='word_1_432' title='bbox 2739 2577 2981 2622; x_wconf 90' lang='lat' dir='ltr'><strong>vestrum</strong></span> <span class='ocrx_word' id='word_1_433' title='bbox 3014 2578 3260 2638; x_wconf 87' lang='lat' dir='ltr'><strong>tanquam</strong></span> <span class='ocrx_word' id='word_1_434' title='bbox 3287 2569 3484 2622; x_wconf 89' lang='lat' dir='ltr'><strong>malum</strong></span> <span class='ocrx_word' id='word_1_435' title='bbox 3519 2578 3742 2638; x_wconf 80' lang='lat' dir='ltr'><strong>propter</strong></span> 
     </span>
    </p>
   </div>
   <div class='ocr_carea' id='block_1_57' title="bbox 2162 2657 3737 2724">
    <p class='ocr_par' dir='ltr' id='par_1_57' title="bbox 2162 2657 3737 2724">
     <span class='ocr_line' id='line_1_57' title="bbox 2162 2657 3737 2724; baseline 0.001 -11"><span class='ocrx_word' id='word_1_436' title='bbox 2162 2659 2350 2714; x_wconf 84' lang='lat' dir='ltr'><strong>Filium</strong></span> <span class='ocrx_word' id='word_1_437' title='bbox 2385 2658 2638 2714; x_wconf 85' lang='lat' dir='ltr'><strong>hominis.</strong></span> <span class='ocrx_word' id='word_1_438' title='bbox 2693 2657 2933 2714; x_wconf 81' lang='lat' dir='ltr'><strong>Gaudete</strong></span> <span class='ocrx_word' id='word_1_439' title='bbox 2972 2660 3026 2713; x_wconf 93' lang='lat' dir='ltr'><strong>in</strong></span> <span class='ocrx_word' id='word_1_440' title='bbox 3077 2660 3163 2714; x_wconf 91' lang='lat' dir='ltr'><strong>illa</strong></span> <span class='ocrx_word' id='word_1_441' title='bbox 3193 2658 3302 2719; x_wconf 86' lang='lat' dir='ltr'><strong>die.</strong></span> <span class='ocrx_word' id='word_1_442' title='bbox 3356 2668 3411 2713; x_wconf 86' lang='lat' dir='ltr'><strong>et</strong></span> <span class='ocrx_word' id='word_1_443' title='bbox 3448 2659 3737 2724; x_wconf 81' lang='lat' dir='ltr'><strong>exsultatc.</strong></span> 
     </span>
    </p>
   </div>
   <div class='ocr_carea' id='block_1_58' title="bbox 2158 2749 3738 2819">
    <p class='ocr_par' dir='ltr' id='par_1_58' title="bbox 2158 2749 3738 2819">
     <span class='ocr_line' id='line_1_58' title="bbox 2158 2749 3738 2819; baseline 0 -16"><span class='ocrx_word' id='word_1_444' title='bbox 2158 2750 2408 2819; x_wconf 90' lang='lat' dir='ltr'><strong>quoniam</strong></span> <span class='ocrx_word' id='word_1_445' title='bbox 2439 2762 2645 2803; x_wconf 88' lang='lat' dir='ltr'><strong>merces</strong></span> <span class='ocrx_word' id='word_1_446' title='bbox 2662 2757 2838 2803; x_wconf 90' lang='lat' dir='ltr'><strong>vestra</strong></span> <span class='ocrx_word' id='word_1_447' title='bbox 2853 2749 3068 2816; x_wconf 80' lang='lat' dir='ltr'><strong>cepiosa</strong></span> <span class='ocrx_word' id='word_1_448' title='bbox 3083 2763 3162 2804; x_wconf 87' lang='lat' dir='ltr'><strong>est</strong></span> <span class='ocrx_word' id='word_1_449' title='bbox 3192 2749 3245 2803; x_wconf 91' lang='lat' dir='ltr'><strong>in</strong></span> <span class='ocrx_word' id='word_1_450' title='bbox 3263 2749 3418 2804; x_wconf 66' lang='lat' dir='ltr'><strong>caelis</strong></span> <span class='ocrx_word' id='word_1_451' title='bbox 3441 2767 3453 2802; x_wconf 92' lang='lat'>:</span> <span class='ocrx_word' id='word_1_452' title='bbox 3487 2751 3565 2804; x_wconf 87' lang='lat' dir='ltr'><strong>sic</strong></span> <span class='ocrx_word' id='word_1_453' title='bbox 3591 2751 3738 2804; x_wconf 85' lang='lat' dir='ltr'><strong>enim</strong></span> 
     </span>
    </p>
   </div>
   <div class='ocr_carea' id='block_1_59' title="bbox 2158 2838 3738 2911">
    <p class='ocr_par' dir='ltr' id='par_1_59' title="bbox 2158 2838 3738 2911">
     <span class='ocr_line' id='line_1_59' title="bbox 2158 2838 3738 2911; baseline 0.002 -17"><span class='ocrx_word' id='word_1_454' title='bbox 2158 2839 2422 2909; x_wconf 82' lang='lat' dir='ltr'><strong>persecuti</strong></span> <span class='ocrx_word' id='word_1_455' title='bbox 2451 2848 2573 2893; x_wconf 88' lang='lat' dir='ltr'><strong>sunt</strong></span> <span class='ocrx_word' id='word_1_456' title='bbox 2603 2838 2889 2909; x_wconf 86' lang='lat' dir='ltr'><strong>prophetas</strong></span> <span class='ocrx_word' id='word_1_457' title='bbox 2910 2840 2997 2909; x_wconf 89' lang='lat' dir='ltr'><strong>qui</strong></span> <span class='ocrx_word' id='word_1_458' title='bbox 3022 2840 3231 2895; x_wconf 85' lang='lat' dir='ltr'><strong>luerunt</strong></span> <span class='ocrx_word' id='word_1_459' title='bbox 3258 2848 3381 2896; x_wconf 89' lang='lat' dir='ltr'><strong>ante</strong></span> <span class='ocrx_word' id='word_1_460' title='bbox 3405 2855 3517 2906; x_wconf 87' lang='lat' dir='ltr'><strong>vos,</strong></span> <span class='ocrx_word' id='word_1_461' title='bbox 3556 2851 3738 2911; x_wconf 80' lang='lat' dir='ltr'><strong>patres</strong></span> 
     </span>
    </p>
   </div>
   <div class='ocr_carea' id='block_1_60' title="bbox 2160 2944 2367 2985">
    <p class='ocr_par' dir='ltr' id='par_1_60' title="bbox 2160 2944 2367 2985">
     <span class='ocr_line' id='line_1_60' title="bbox 2160 2944 2367 2985; baseline -0.024 -1"><span class='ocrx_word' id='word_1_462' title='bbox 2160 2944 2342 2985; x_wconf 88' lang='lat' dir='ltr'><strong>eorum</strong></span> <span class='ocrx_word' id='word_1_463' title='bbox 2352 2964 2367 2979; x_wconf 67' lang='grc' dir='ltr'><strong>ι</strong></span> 
     </span>
    </p>
   </div>
   <div class='ocr_carea' id='block_1_61' title="bbox 2713 2990 3162 3079">
    <p class='ocr_par' dir='ltr' id='par_1_61' title="bbox 2713 2990 3162 3079">
     <span class='ocr_line' id='line_1_61' title="bbox 2713 2990 3162 3079; baseline -0.009 -1"><span class='ocrx_word' id='word_1_464' title='bbox 2713 2990 2939 3079; x_wconf 76' lang='lat' dir='ltr'><strong>CAPU&#39;i‘</strong></span> <span class='ocrx_word' id='word_1_465' title='bbox 2977 3022 3162 3077; x_wconf 86' lang='lat' dir='ltr'><strong>xxm.</strong></span> 
     </span>
    </p>
   </div>
   <div class='ocr_carea' id='block_1_62' title="bbox 2683 3114 3230 3187">
    <p class='ocr_par' dir='ltr' id='par_1_62' title="bbox 2683 3114 3230 3187">
     <span class='ocr_line' id='line_1_62' title="bbox 2683 3114 3230 3187; baseline 0.009 -20"><span class='ocrx_word' id='word_1_466' title='bbox 2683 3114 2972 3187; x_wconf 78' lang='lat' dir='ltr'><strong>Increpatio</strong></span> <span class='ocrx_word' id='word_1_467' title='bbox 2990 3117 3230 3172; x_wconf 72' lang='lat' dir='ltr'><strong>divitum.</strong></span> 
     </span>
    </p>
   </div>
   <div class='ocr_carea' id='block_1_63' title="bbox 475 3200 3743 3297">
    <p class='ocr_par' dir='ltr' id='par_1_63' title="bbox 475 3200 3743 3297">
     <span class='ocr_line' id='line_1_63' title="bbox 475 3200 3743 3297; baseline -0.009 -7"><span class='ocrx_word' id='word_1_468' title='bbox 475 3200 640 3297; x_wconf 82' lang='lat' dir='ltr'><strong>esset,</strong></span> <span class='ocrx_word' id='word_1_469' title='bbox 667 3233 891 3288; x_wconf 71' lang='lat' dir='ltr'><strong>secessit</strong></span> <span class='ocrx_word' id='word_1_470' title='bbox 922 3231 975 3285; x_wconf 90' lang='lat' dir='ltr'><strong>in</strong></span> <span class='ocrx_word' id='word_1_471' title='bbox 1004 3229 1302 3285; x_wconf 61' lang='lat' dir='ltr'><strong>Galilaeam.</strong></span> <span class='ocrx_word' id='word_1_472' title='bbox 1336 3227 1401 3281; x_wconf 87' lang='lat' dir='ltr'><strong>Et</strong></span> <span class='ocrx_word' id='word_1_473' title='bbox 1418 3200 1609 3281; x_wconf 77' lang='lat' dir='ltr'><strong>relicta</strong></span> <span class='ocrx_word' id='word_1_474' title='bbox 1631 3223 1847 3278; x_wconf 73' lang='lat' dir='ltr'><strong>diritate</strong></span> <span class='ocrx_word' id='word_1_475' title='bbox 1891 3220 2050 3276; x_wconf 79' lang='lat' dir='ltr'><strong>Naza-</strong></span> <span class='ocrx_word' id='word_1_476' title='bbox 2077 3200 2126 3266; x_wconf 69' lang='grc' dir='ltr'>ο</span> <span class='ocrx_word' id='word_1_477' title='bbox 2231 3207 2466 3297; x_wconf 53' lang='lat' dir='ltr'><strong>LUC-fl.</strong></span> <span class='ocrx_word' id='word_1_478' title='bbox 2495 3205 2688 3263; x_wconf 65' lang='grc' dir='ltr'><strong>ἓιοὲϐι</strong></span> <span class='ocrx_word' id='word_1_479' title='bbox 2714 3208 3096 3266; x_wconf 77' lang='lat' dir='ltr'><strong>Verumtamen</strong></span> <span class='ocrx_word' id='word_1_480' title='bbox 3144 3225 3224 3265; x_wconf 68' lang='lat' dir='ltr'><strong>va:</strong></span> <span class='ocrx_word' id='word_1_481' title='bbox 3281 3212 3434 3265; x_wconf 85' lang='lat' dir='ltr'><strong>vobis</strong></span> <span class='ocrx_word' id='word_1_482' title='bbox 3463 3213 3743 3280; x_wconf 69' lang='lat' dir='ltr'><strong>divitibus,</strong></span> 
     </span>
    </p>
   </div>
   <div class='ocr_carea' id='block_1_64' title="bbox 473 3314 2052 3395">
    <p class='ocr_par' dir='ltr' id='par_1_64' title="bbox 473 3314 2052 3395">
     <span class='ocr_line' id='line_1_64' title="bbox 473 3314 2052 3395; baseline -0.01 -12"><span class='ocrx_word' id='word_1_483' title='bbox 473 3330 615 3395; x_wconf 84' lang='lat' dir='ltr'><strong>retb,</strong></span> <span class='ocrx_word' id='word_1_484' title='bbox 648 3327 860 3382; x_wconf 88' lang='lat' dir='ltr'><strong>venith</strong></span> <span class='ocrx_word' id='word_1_485' title='bbox 920 3324 1185 3379; x_wconf 87' lang='lat' dir='ltr'><strong>habitavit</strong></span> <span class='ocrx_word' id='word_1_486' title='bbox 1231 3321 1607 3391; x_wconf 90' lang='lat' dir='ltr'><strong>Capharuaum</strong></span> <span class='ocrx_word' id='word_1_487' title='bbox 1657 3317 1976 3371; x_wconf 86' lang='lat' dir='ltr'><strong>maritimam</strong></span> <span class='ocrx_word' id='word_1_488' title='bbox 2001 3314 2052 3368; x_wconf 90' lang='lat' dir='ltr'><strong>in</strong></span> 
     </span>
    </p>
   </div>
   <div class='ocr_carea' id='block_1_65' title="bbox 474 3407 2057 3483">
    <p class='ocr_par' dir='ltr' id='par_1_65' title="bbox 474 3407 2057 3483">
     <span class='ocr_line' id='line_1_65' title="bbox 474 3407 2057 3483; baseline -0.011 -6"><span class='ocrx_word' id='word_1_489' title='bbox 474 3422 666 3477; x_wconf 80' lang='lat' dir='ltr'><strong>ﬁnibus</strong></span> <span class='ocrx_word' id='word_1_490' title='bbox 695 3419 954 3483; x_wconf 84' lang='lat' dir='ltr'><strong>Zabulon,</strong></span> <span class='ocrx_word' id='word_1_491' title='bbox 978 3428 1029 3471; x_wconf 89' lang='lat' dir='ltr'><strong>et</strong></span> <span class='ocrx_word' id='word_1_492' title='bbox 1054 3426 1195 3470; x_wconf 86' lang='lat' dir='ltr'><strong>terra</strong></span> <span class='ocrx_word' id='word_1_493' title='bbox 1238 3411 1600 3480; x_wconf 87' lang='lat' dir='ltr'><strong>Nephthalim,</strong></span> <span class='ocrx_word' id='word_1_494' title='bbox 1656 3417 1713 3464; x_wconf 92' lang='lat' dir='ltr'><strong>ut</strong></span> <span class='ocrx_word' id='word_1_495' title='bbox 1745 3407 2057 3475; x_wconf 90' lang='lat' dir='ltr'><strong>impleretur</strong></span> 
     </span>
    </p>
   </div>
   <div class='ocr_carea' id='block_1_66' title="bbox 474 3496 2053 3579">
    <p class='ocr_par' dir='ltr' id='par_1_66' title="bbox 474 3496 2053 3579">
     <span class='ocr_line' id='line_1_66' title="bbox 474 3496 2053 3579; baseline -0.011 -13"><span class='ocrx_word' id='word_1_496' title='bbox 474 3512 613 3579; x_wconf 89' lang='lat' dir='ltr'><strong>quod</strong></span> <span class='ocrx_word' id='word_1_497' title='bbox 672 3511 872 3565; x_wconf 89' lang='lat' dir='ltr'><strong>dictum</strong></span> <span class='ocrx_word' id='word_1_498' title='bbox 921 3517 1004 3563; x_wconf 89' lang='lat' dir='ltr'><strong>est</strong></span> <span class='ocrx_word' id='word_1_499' title='bbox 1053 3504 1394 3577; x_wconf 63' lang='lat' dir='ltr'><strong>per‘lsaiam</strong></span> <span class='ocrx_word' id='word_1_500' title='bbox 1455 3499 1769 3570; x_wconf 87' lang='lat' dir='ltr'><strong>prophetam</strong></span> <span class='ocrx_word' id='word_1_501' title='bbox 1824 3516 1835 3549; x_wconf 90' lang='lat'><strong>:</strong></span> <span class='ocrx_word' id='word_1_502' title='bbox 1889 3496 2053 3551; x_wconf 74' lang='lat' dir='ltr'><strong>Terra</strong></span> 
     </span>
    </p>
   </div>
   <div class='ocr_carea' id='block_1_67' title="bbox 474 3584 2052 3665">
    <p class='ocr_par' dir='ltr' id='par_1_67' title="bbox 474 3584 2052 3665">
     <span class='ocr_line' id='line_1_67' title="bbox 474 3584 2052 3665; baseline -0.011 -9"><span class='ocrx_word' id='word_1_503' title='bbox 474 3596 719 3657; x_wconf 83' lang='lat' dir='ltr'><strong>Zabulon</strong></span> <span class='ocrx_word' id='word_1_504' title='bbox 749 3611 804 3655; x_wconf 89' lang='lat' dir='ltr'><strong>et</strong></span> <span class='ocrx_word' id='word_1_505' title='bbox 836 3610 981 3655; x_wconf 88' lang='lat' dir='ltr'><strong>terra</strong></span> <span class='ocrx_word' id='word_1_506' title='bbox 997 3594 1359 3665; x_wconf 86' lang='lat' dir='ltr'><strong>Nephthalim,</strong></span> <span class='ocrx_word' id='word_1_507' title='bbox 1388 3592 1471 3645; x_wconf 92' lang='lat' dir='ltr'><strong>via</strong></span> <span class='ocrx_word' id='word_1_508' title='bbox 1501 3590 1664 3645; x_wconf 87' lang='lat' dir='ltr'><strong>maris</strong></span> <span class='ocrx_word' id='word_1_509' title='bbox 1691 3598 1837 3642; x_wconf 89' lang='lat' dir='ltr'><strong>trans</strong></span> <span class='ocrx_word' id='word_1_510' title='bbox 1865 3584 2052 3642; x_wconf 76' lang='lat' dir='ltr'><strong>Jorda~</strong></span> 
     </span>
    </p>
   </div>
   <div class='ocr_carea' id='block_1_68' title="bbox 476 3681 2055 3763">
    <p class='ocr_par' dir='ltr' id='par_1_68' title="bbox 476 3681 2055 3763">
     <span class='ocr_line' id='line_1_68' title="bbox 476 3681 2055 3763; baseline -0.009 -13"><span class='ocrx_word' id='word_1_511' title='bbox 476 3711 599 3751; x_wconf 90' lang='lat' dir='ltr'><strong>nem</strong></span> <span class='ocrx_word' id='word_1_512' title='bbox 626 3694 858 3751; x_wconf 65' lang='lat' dir='ltr'><strong>Galilaea:</strong></span> <span class='ocrx_word' id='word_1_513' title='bbox 884 3693 1137 3763; x_wconf 85' lang='lat' dir='ltr'><strong>gentium.</strong></span> <span class='ocrx_word' id='word_1_514' title='bbox 1161 3687 1391 3757; x_wconf 85' lang='lat' dir='ltr'><strong>Populus</strong></span> <span class='ocrx_word' id='word_1_515' title='bbox 1419 3686 1508 3756; x_wconf 88' lang='lat' dir='ltr'><strong>qui</strong></span> <span class='ocrx_word' id='word_1_516' title='bbox 1538 3683 1841 3740; x_wconf 89' lang='lat' dir='ltr'><strong>ambulabat</strong></span> <span class='ocrx_word' id='word_1_517' title='bbox 1889 3681 1945 3737; x_wconf 89' lang='lat' dir='ltr'><strong>in</strong></span> <span class='ocrx_word' id='word_1_518' title='bbox 1976 3689 2055 3736; x_wconf 83' lang='lat' dir='ltr'><strong>te-</strong></span> 
     </span>
    </p>
   </div>
   <div class='ocr_carea' id='block_1_69' title="bbox 475 3774 2056 3849">
    <p class='ocr_par' dir='ltr' id='par_1_69' title="bbox 475 3774 2056 3849">
     <span class='ocr_line' id='line_1_69' title="bbox 475 3774 2056 3849; baseline -0.009 -8"><span class='ocrx_word' id='word_1_519' title='bbox 475 3785 677 3849; x_wconf 87' lang='lat' dir='ltr'><strong>nebris,</strong></span> <span class='ocrx_word' id='word_1_520' title='bbox 710 3784 840 3838; x_wconf 84' lang='lat' dir='ltr'><strong>vidit</strong></span> <span class='ocrx_word' id='word_1_521' title='bbox 858 3782 1029 3838; x_wconf 88' lang='lat' dir='ltr'><strong>lucem</strong></span> <span class='ocrx_word' id='word_1_522' title='bbox 1051 3792 1295 3849; x_wconf 78' lang='lat' dir='ltr'><strong>magnam</strong></span> <span class='ocrx_word' id='word_1_523' title='bbox 1319 3794 1332 3830; x_wconf 90' lang='lat'><strong>:</strong></span> <span class='ocrx_word' id='word_1_524' title='bbox 1358 3786 1411 3831; x_wconf 89' lang='lat' dir='ltr'><strong>et</strong></span> <span class='ocrx_word' id='word_1_525' title='bbox 1435 3776 1746 3831; x_wconf 85' lang='lat' dir='ltr'><strong>sedentibus</strong></span> <span class='ocrx_word' id='word_1_526' title='bbox 1762 3774 1814 3829; x_wconf 93' lang='lat' dir='ltr'><strong>in</strong></span> <span class='ocrx_word' id='word_1_527' title='bbox 1838 3774 2056 3843; x_wconf 78' lang='lat' dir='ltr'><strong>regione</strong></span> 
     </span>
    </p>
   </div>
   <div class='ocr_carea' id='block_1_70' title="bbox 474 3866 1993 3940">
    <p class='ocr_par' dir='ltr' id='par_1_70' title="bbox 474 3866 1993 3940">
     <span class='ocr_line' id='line_1_70' title="bbox 474 3866 1993 3940; baseline -0.009 -11"><span class='ocrx_word' id='word_1_528' title='bbox 474 3878 676 3934; x_wconf 78' lang='lat' dir='ltr'><strong>umbra:</strong></span> <span class='ocrx_word' id='word_1_529' title='bbox 709 3876 915 3940; x_wconf 87' lang='lat' dir='ltr'><strong>mortis,</strong></span> <span class='ocrx_word' id='word_1_530' title='bbox 947 3875 1031 3930; x_wconf 82' lang='lat' dir='ltr'><strong>lux</strong></span> <span class='ocrx_word' id='word_1_531' title='bbox 1064 3881 1177 3927; x_wconf 88' lang='lat' dir='ltr'><strong>orta</strong></span> <span class='ocrx_word' id='word_1_532' title='bbox 1211 3881 1294 3928; x_wconf 85' lang='lat' dir='ltr'><strong>est</strong></span> <span class='ocrx_word' id='word_1_533' title='bbox 1325 3870 1400 3925; x_wconf 85' lang='lat' dir='ltr'><strong>eis</strong></span> <span class='ocrx_word' id='word_1_534' title='bbox 1434 3869 1565 3938; x_wconf 86' lang='lat' dir='ltr'><strong>(lsa.</strong></span> <span class='ocrx_word' id='word_1_535' title='bbox 1601 3884 1671 3928; x_wconf 76' lang='lat' dir='ltr'><strong>ix,</strong></span> <span class='ocrx_word' id='word_1_536' title='bbox 1729 3867 1776 3929; x_wconf 86' lang='lat' dir='ltr'><strong>l,</strong></span> <span class='ocrx_word' id='word_1_537' title='bbox 1808 3866 1887 3934; x_wconf 77' lang='lat'><strong>9.).</strong></span> <span class='ocrx_word' id='word_1_538' title='bbox 1986 3871 1993 3877; x_wconf 80' lang='lat'><strong><em>‘</em></strong></span> 
     </span>
    </p>
   </div>
   <div class='ocr_carea' id='block_1_71' title="bbox 1042 3960 1473 4020">
    <p class='ocr_par' dir='ltr' id='par_1_71' title="bbox 1042 3960 1473 4020">
     <span class='ocr_line' id='line_1_71' title="bbox 1042 3960 1473 4020; baseline -0.012 0"><span class='ocrx_word' id='word_1_539' title='bbox 1042 3960 1267 4020; x_wconf 67' lang='lat' dir='ltr'><strong>CAPUT</strong></span> <span class='ocrx_word' id='word_1_540' title='bbox 1308 3960 1473 4017; x_wconf 80' lang='lat' dir='ltr'><strong>XXII.</strong></span> 
     </span>
    </p>
   </div>
   <div class='ocr_carea' id='block_1_72' title="bbox 473 4049 2058 4124">
    <p class='ocr_par' dir='ltr' id='par_1_72' title="bbox 473 4049 2058 4124">
     <span class='ocr_line' id='line_1_72' title="bbox 473 4049 2058 4124; baseline -0.01 -10"><span class='ocrx_word' id='word_1_541' title='bbox 473 4060 732 4116; x_wconf 74' lang='lat' dir='ltr'><strong>Circuibat</strong></span> <span class='ocrx_word' id='word_1_542' title='bbox 761 4055 910 4111; x_wconf 78' lang='lat' dir='ltr'><strong>Jesus</strong></span> <span class='ocrx_word' id='word_1_543' title='bbox 956 4073 1127 4109; x_wconf 80' lang='lat' dir='ltr'><strong>ontncs</strong></span> <span class='ocrx_word' id='word_1_544' title='bbox 1170 4054 1423 4124; x_wconf 76' lang='lat' dir='ltr'><strong>regiones,</strong></span> <span class='ocrx_word' id='word_1_545' title='bbox 1477 4060 1525 4104; x_wconf 85' lang='lat' dir='ltr'><strong>et</strong></span> <span class='ocrx_word' id='word_1_546' title='bbox 1565 4052 1760 4124; x_wconf 64' lang='lat' dir='ltr'><strong>sedens</strong></span> <span class='ocrx_word' id='word_1_547' title='bbox 1785 4049 1855 4124; x_wconf 80' lang='lat' dir='ltr'><strong>in_</strong></span> <span class='ocrx_word' id='word_1_548' title='bbox 1892 4054 2058 4124; x_wconf 80' lang='lat' dir='ltr'><strong>ntonte</strong></span> 
     </span>
    </p>
   </div>
   <div class='ocr_carea' id='block_1_73' title="bbox 547 4118 2056 4199">
    <p class='ocr_par' dir='ltr' id='par_1_73' title="bbox 547 4118 2056 4199">
     <span class='ocr_line' id='line_1_73' title="bbox 547 4118 2056 4199; baseline -0.009 -17"><span class='ocrx_word' id='word_1_549' title='bbox 547 4131 692 4199; x_wconf 80' lang='lat' dir='ltr'><strong>elegit</strong></span> <span class='ocrx_word' id='word_1_550' title='bbox 724 4129 919 4181; x_wconf 63' lang='lat' dir='ltr'><strong>duodsc</strong></span> <span class='ocrx_word' id='word_1_551' title='bbox 944 4144 991 4199; x_wconf 75' lang='grc' dir='ltr'><strong>ιιι</strong></span> <span class='ocrx_word' id='word_1_552' title='bbox 1018 4118 1316 4193; x_wconf 66' lang='lat' dir='ltr'><strong>discipulos,</strong></span> <span class='ocrx_word' id='word_1_553' title='bbox 1346 4135 1392 4177; x_wconf 83' lang='lat' dir='ltr'><strong>et</strong></span> <span class='ocrx_word' id='word_1_554' title='bbox 1424 4124 1591 4175; x_wconf 82' lang='lat' dir='ltr'><strong>docuit</strong></span> <span class='ocrx_word' id='word_1_555' title='bbox 1614 4138 1697 4173; x_wconf 75' lang='lat' dir='ltr'><strong>eos</strong></span> <span class='ocrx_word' id='word_1_556' title='bbox 1729 4120 1790 4172; x_wconf 86' lang='lat' dir='ltr'><strong>de</strong></span> <span class='ocrx_word' id='word_1_557' title='bbox 1839 4118 2056 4171; x_wconf 77' lang='lat' dir='ltr'><strong>beatitu-</strong></span> 
     </span>
    </p>
   </div>
   <div class='ocr_carea' id='block_1_74' title="bbox 549 4198 1651 4269">
    <p class='ocr_par' dir='ltr' id='par_1_74' title="bbox 549 4198 1651 4269">
     <span class='ocr_line' id='line_1_74' title="bbox 549 4198 1651 4269; baseline -0.009 -16"><span class='ocrx_word' id='word_1_558' title='bbox 549 4198 667 4253; x_wconf 74' lang='lat' dir='ltr'><strong>dine</strong></span> <span class='ocrx_word' id='word_1_559' title='bbox 692 4200 833 4269; x_wconf 83' lang='lat' dir='ltr'><strong>regni</strong></span> <span class='ocrx_word' id='word_1_560' title='bbox 859 4198 1117 4259; x_wconf 67' lang='lat' dir='ltr'><strong>cte&#39;arum,</strong></span> <span class='ocrx_word' id='word_1_561' title='bbox 1143 4205 1187 4248; x_wconf 86' lang='lat' dir='ltr'><strong>et</strong></span> <span class='ocrx_word' id='word_1_562' title='bbox 1217 4210 1330 4265; x_wconf 76' lang='lat' dir='ltr'><strong>qua:</strong></span> <span class='ocrx_word' id='word_1_563' title='bbox 1352 4204 1651 4262; x_wconf 82' lang='lat' dir='ltr'><strong>sequuntur.</strong></span> 
     </span>
    </p>
   </div>
   <div class='ocr_carea' id='block_1_75' title="bbox 553 4277 2061 4360">
    <p class='ocr_par' dir='ltr' id='par_1_75' title="bbox 553 4277 2061 4360">
     <span class='ocr_line' id='line_1_75' title="bbox 553 4277 2061 4360; baseline -0.012 -13"><span class='ocrx_word' id='word_1_564' title='bbox 553 4295 762 4347; x_wconf 68' lang='grc' dir='ltr'><strong>Μλττιι.</strong></span> <span class='ocrx_word' id='word_1_565' title='bbox 790 4306 863 4360; x_wconf 85' lang='grc' dir='ltr'><strong>ιν,</strong></span> <span class='ocrx_word' id='word_1_566' title='bbox 887 4288 1073 4342; x_wconf 68' lang='lat'><strong>25-25.</strong></span> <span class='ocrx_word' id='word_1_567' title='bbox 1109 4287 1175 4341; x_wconf 86' lang='lat' dir='ltr'><strong>Et</strong></span> <span class='ocrx_word' id='word_1_568' title='bbox 1205 4286 1461 4340; x_wconf 89' lang='lat' dir='ltr'><strong>circuibat</strong></span> <span class='ocrx_word' id='word_1_569' title='bbox 1489 4284 1643 4338; x_wconf 77' lang='lat' dir='ltr'><strong>Jesus</strong></span> <span class='ocrx_word' id='word_1_570' title='bbox 1700 4290 1861 4334; x_wconf 83' lang='lat' dir='ltr'><strong>totam</strong></span> <span class='ocrx_word' id='word_1_571' title='bbox 1915 4277 2061 4333; x_wconf 83' lang='lat' dir='ltr'><strong>Gali-</strong></span> 
     </span>
    </p>
   </div>
   <div class='ocr_carea' id='block_1_76' title="bbox 477 4368 2062 4449">
    <p class='ocr_par' dir='ltr' id='par_1_76' title="bbox 477 4368 2062 4449">
     <span class='ocr_line' id='line_1_76' title="bbox 477 4368 2062 4449; baseline -0.013 -10"><span class='ocrx_word' id='word_1_572' title='bbox 477 4388 655 4449; x_wconf 65' lang='lat' dir='ltr'><strong>lx-am,</strong></span> <span class='ocrx_word' id='word_1_573' title='bbox 688 4383 890 4437; x_wconf 85' lang='lat' dir='ltr'><strong>docens</strong></span> <span class='ocrx_word' id='word_1_574' title='bbox 945 4378 997 4431; x_wconf 94' lang='lat' dir='ltr'><strong>in</strong></span> <span class='ocrx_word' id='word_1_575' title='bbox 1055 4376 1340 4447; x_wconf 86' lang='lat' dir='ltr'><strong>synagogis</strong></span> <span class='ocrx_word' id='word_1_576' title='bbox 1378 4376 1577 4427; x_wconf 84' lang='lat' dir='ltr'><strong>eorum</strong></span> <span class='ocrx_word' id='word_1_577' title='bbox 1607 4414 1620 4433; x_wconf 86' lang='lat'><strong>,</strong></span> <span class='ocrx_word' id='word_1_578' title='bbox 1647 4382 1698 4424; x_wconf 71' lang='lat' dir='ltr'><strong>ct</strong></span> <span class='ocrx_word' id='word_1_579' title='bbox 1767 4368 2062 4438; x_wconf 68' lang='lat' dir='ltr'><strong>praedicans</strong></span> 
     </span>
    </p>
   </div>
   <div class='ocr_carea' id='block_1_77' title="bbox 480 4459 2059 4541">
    <p class='ocr_par' dir='ltr' id='par_1_77' title="bbox 480 4459 2059 4541">
     <span class='ocr_line' id='line_1_77' title="bbox 480 4459 2059 4541; baseline -0.013 -12"><span class='ocrx_word' id='word_1_580' title='bbox 480 4472 833 4541; x_wconf 85' lang='lat' dir='ltr'><strong>Evangelium</strong></span> <span class='ocrx_word' id='word_1_581' title='bbox 891 4468 1063 4537; x_wconf 80' lang='lat' dir='ltr'><strong>regni,</strong></span> <span class='ocrx_word' id='word_1_582' title='bbox 1121 4477 1175 4521; x_wconf 90' lang='lat' dir='ltr'><strong>et</strong></span> <span class='ocrx_word' id='word_1_583' title='bbox 1224 4479 1421 4519; x_wconf 89' lang='lat' dir='ltr'><strong>sanans</strong></span> <span class='ocrx_word' id='word_1_584' title='bbox 1462 4476 1672 4517; x_wconf 87' lang='lat' dir='ltr'><strong>omnem</strong></span> <span class='ocrx_word' id='word_1_585' title='bbox 1725 4459 2059 4524; x_wconf 78' lang='lat' dir='ltr'><strong>languorem,</strong></span> 
     </span>
    </p>
   </div>
   <div class='ocr_carea' id='block_1_78' title="bbox 476 4548 2142 4626">
    <p class='ocr_par' dir='ltr' id='par_1_78' title="bbox 476 4548 2142 4626">
     <span class='ocr_line' id='line_1_78' title="bbox 476 4548 2142 4626; baseline -0.012 -7"><span class='ocrx_word' id='word_1_586' title='bbox 476 4577 530 4620; x_wconf 87' lang='lat' dir='ltr'><strong>et</strong></span> <span class='ocrx_word' id='word_1_587' title='bbox 560 4576 771 4616; x_wconf 89' lang='lat' dir='ltr'><strong>omnem</strong></span> <span class='ocrx_word' id='word_1_588' title='bbox 824 4558 1188 4612; x_wconf 80' lang='lat' dir='ltr'><strong>inﬁrmitatem</strong></span> <span class='ocrx_word' id='word_1_589' title='bbox 1236 4553 1287 4609; x_wconf 88' lang='lat' dir='ltr'><strong>in</strong></span> <span class='ocrx_word' id='word_1_590' title='bbox 1325 4552 1551 4624; x_wconf 84' lang='lat' dir='ltr'><strong>populo.</strong></span> <span class='ocrx_word' id='word_1_591' title='bbox 1612 4550 1678 4604; x_wconf 81' lang='lat' dir='ltr'><strong>Et</strong></span> <span class='ocrx_word' id='word_1_592' title='bbox 1698 4549 1827 4603; x_wconf 84' lang='lat' dir='ltr'><strong>abiit</strong></span> <span class='ocrx_word' id='word_1_593' title='bbox 1880 4548 2061 4614; x_wconf 90' lang='lat' dir='ltr'><strong>opinio</strong></span> <span class='ocrx_word' id='word_1_594' title='bbox 2091 4565 2142 4626; x_wconf 69' lang='grc' dir='ltr'><strong>ι)</strong></span> 
     </span>
    </p>
   </div>
   <div class='ocr_carea' id='block_1_79' title="bbox 477 4640 2060 4722">
    <p class='ocr_par' dir='ltr' id='par_1_79' title="bbox 477 4640 2060 4722">
     <span class='ocr_line' id='line_1_79' title="bbox 477 4640 2060 4722; baseline -0.009 -15"><span class='ocrx_word' id='word_1_595' title='bbox 477 4657 595 4722; x_wconf 70' lang='lat' dir='ltr'><strong>ejus</strong></span> <span class='ocrx_word' id='word_1_596' title='bbox 622 4654 675 4706; x_wconf 92' lang='lat' dir='ltr'><strong>in</strong></span> <span class='ocrx_word' id='word_1_597' title='bbox 716 4660 878 4705; x_wconf 86' lang='lat' dir='ltr'><strong>totam</strong></span> <span class='ocrx_word' id='word_1_598' title='bbox 906 4650 1152 4720; x_wconf 83' lang='lat' dir='ltr'><strong>Syriam;</strong></span> <span class='ocrx_word' id='word_1_599' title='bbox 1183 4656 1237 4702; x_wconf 90' lang='lat' dir='ltr'><strong>et</strong></span> <span class='ocrx_word' id='word_1_600' title='bbox 1261 4645 1567 4700; x_wconf 90' lang='lat' dir='ltr'><strong>obtulerunt</strong></span> <span class='ocrx_word' id='word_1_601' title='bbox 1614 4642 1662 4696; x_wconf 86' lang='lat' dir='ltr'><strong>ei</strong></span> <span class='ocrx_word' id='word_1_602' title='bbox 1711 4655 1899 4696; x_wconf 88' lang='lat' dir='ltr'><strong>omnes</strong></span> <span class='ocrx_word' id='word_1_603' title='bbox 1924 4640 2060 4694; x_wconf 86' lang='lat' dir='ltr'><strong>male</strong></span> 
     </span>
    </p>
   </div>
   <div class='ocr_carea' id='block_1_80' title="bbox 476 4724 2058 4808">
    <p class='ocr_par' dir='ltr' id='par_1_80' title="bbox 476 4724 2058 4808">
     <span class='ocr_line' id='line_1_80' title="bbox 476 4724 2058 4808; baseline -0.01 -7"><span class='ocrx_word' id='word_1_604' title='bbox 476 4746 760 4808; x_wconf 83' lang='lat' dir='ltr'><strong>habentes,</strong></span> <span class='ocrx_word' id='word_1_605' title='bbox 784 4739 950 4795; x_wconf 84' lang='lat' dir='ltr'><strong>variis</strong></span> <span class='ocrx_word' id='word_1_606' title='bbox 981 4724 1326 4808; x_wconf 82' lang='lat' dir='ltr'><strong>languoribus</strong></span> <span class='ocrx_word' id='word_1_607' title='bbox 1375 4744 1431 4789; x_wconf 92' lang='lat' dir='ltr'><strong>et</strong></span> <span class='ocrx_word' id='word_1_608' title='bbox 1480 4733 1763 4789; x_wconf 83' lang='lat' dir='ltr'><strong>tormentis</strong></span> <span class='ocrx_word' id='word_1_609' title='bbox 1811 4745 2058 4800; x_wconf 88' lang='lat' dir='ltr'><strong>compre-</strong></span> 
     </span>
    </p>
   </div>
   <div class='ocr_carea' id='block_1_81' title="bbox 478 4821 2062 4898">
    <p class='ocr_par' dir='ltr' id='par_1_81' title="bbox 478 4821 2062 4898">
     <span class='ocr_line' id='line_1_81' title="bbox 478 4821 2062 4898; baseline -0.008 -12"><span class='ocrx_word' id='word_1_610' title='bbox 478 4835 697 4898; x_wconf 87' lang='lat' dir='ltr'><strong>hensos,</strong></span> <span class='ocrx_word' id='word_1_611' title='bbox 725 4839 780 4886; x_wconf 88' lang='lat' dir='ltr'><strong>et</strong></span> <span class='ocrx_word' id='word_1_612' title='bbox 799 4830 888 4898; x_wconf 86' lang='lat' dir='ltr'><strong>qui</strong></span> <span class='ocrx_word' id='word_1_613' title='bbox 918 4827 1180 4882; x_wconf 70' lang='lat' dir='ltr'><strong>dmmonia</strong></span> <span class='ocrx_word' id='word_1_614' title='bbox 1206 4824 1473 4879; x_wconf 84' lang='lat' dir='ltr'><strong>habebant</strong></span> <span class='ocrx_word' id='word_1_615' title='bbox 1500 4832 1555 4877; x_wconf 91' lang='lat' dir='ltr'><strong>et</strong></span> <span class='ocrx_word' id='word_1_616' title='bbox 1592 4821 1871 4884; x_wconf 88' lang='lat' dir='ltr'><strong>lunaticos,</strong></span> <span class='ocrx_word' id='word_1_617' title='bbox 1898 4831 2062 4876; x_wconf 88' lang='lat' dir='ltr'><strong>ctcu-</strong></span> 
     </span>
    </p>
   </div>
   <div class='ocr_carea' id='block_1_82' title="bbox 477 4910 2063 4980">
    <p class='ocr_par' dir='ltr' id='par_1_82' title="bbox 477 4910 2063 4980">
     <span class='ocr_line' id='line_1_82' title="bbox 477 4910 2063 4980; baseline -0.009 -2"><span class='ocrx_word' id='word_1_618' title='bbox 477 4925 619 4980; x_wconf 88' lang='lat' dir='ltr'><strong>ravit</strong></span> <span class='ocrx_word' id='word_1_619' title='bbox 638 4939 752 4979; x_wconf 89' lang='lat' dir='ltr'><strong>eos.</strong></span> <span class='ocrx_word' id='word_1_620' title='bbox 784 4921 848 4976; x_wconf 86' lang='lat' dir='ltr'><strong>Et</strong></span> <span class='ocrx_word' id='word_1_621' title='bbox 877 4926 1072 4975; x_wconf 65' lang='lat' dir='ltr'><strong>secutae</strong></span> <span class='ocrx_word' id='word_1_622' title='bbox 1102 4928 1223 4971; x_wconf 88' lang='lat' dir='ltr'><strong>sunt</strong></span> <span class='ocrx_word' id='word_1_623' title='bbox 1245 4930 1367 4969; x_wconf 90' lang='lat' dir='ltr'><strong>eum</strong></span> <span class='ocrx_word' id='word_1_624' title='bbox 1402 4914 1571 4969; x_wconf 64' lang='lat' dir='ltr'><strong>turba:</strong></span> <span class='ocrx_word' id='word_1_625' title='bbox 1618 4913 1803 4967; x_wconf 70' lang='lat' dir='ltr'><strong>multa:</strong></span> <span class='ocrx_word' id='word_1_626' title='bbox 1832 4912 1898 4965; x_wconf 88' lang='lat' dir='ltr'><strong>dc</strong></span> <span class='ocrx_word' id='word_1_627' title='bbox 1920 4910 2063 4966; x_wconf 87' lang='lat' dir='ltr'><strong>Gali-</strong></span> 
     </span>
    </p>
   </div>
   <div class='ocr_carea' id='block_1_83' title="bbox 482 5001 2061 5083">
    <p class='ocr_par' dir='ltr' id='par_1_83' title="bbox 482 5001 2061 5083">
     <span class='ocr_line' id='line_1_83' title="bbox 482 5001 2061 5083; baseline -0.006 -16"><span class='ocrx_word' id='word_1_628' title='bbox 482 5015 604 5081; x_wconf 63' lang='grc' dir='ltr'><strong>ιω,</strong></span> <span class='ocrx_word' id='word_1_629' title='bbox 634 5024 688 5070; x_wconf 90' lang='lat' dir='ltr'><strong>et</strong></span> <span class='ocrx_word' id='word_1_630' title='bbox 710 5013 980 5083; x_wconf 86' lang='lat' dir='ltr'><strong>Decapoli,</strong></span> <span class='ocrx_word' id='word_1_631' title='bbox 1014 5019 1070 5067; x_wconf 90' lang='lat' dir='ltr'><strong>et</strong></span> <span class='ocrx_word' id='word_1_632' title='bbox 1109 5006 1512 5079; x_wconf 68' lang='lat' dir='ltr'><strong>lliemsolymis,</strong></span> <span class='ocrx_word' id='word_1_633' title='bbox 1540 5014 1596 5062; x_wconf 89' lang='lat' dir='ltr'><strong>et</strong></span> <span class='ocrx_word' id='word_1_634' title='bbox 1643 5001 1845 5068; x_wconf 77' lang='lat' dir='ltr'><strong>Judtca,</strong></span> <span class='ocrx_word' id='word_1_635' title='bbox 1888 5012 1940 5057; x_wconf 92' lang='lat' dir='ltr'><strong>et</strong></span> <span class='ocrx_word' id='word_1_636' title='bbox 1993 5002 2061 5059; x_wconf 89' lang='lat' dir='ltr'><strong>de</strong></span> 
     </span>
    </p>
   </div>
   <div class='ocr_carea' id='block_1_84' title="bbox 483 5100 2063 5165">
    <p class='ocr_par' dir='ltr' id='par_1_84' title="bbox 483 5100 2063 5165">
     <span class='ocr_line' id='line_1_84' title="bbox 483 5100 2063 5165; baseline -0.005 -3"><span class='ocrx_word' id='word_1_637' title='bbox 483 5120 633 5163; x_wconf 86' lang='lat' dir='ltr'><strong>trans</strong></span> <span class='ocrx_word' id='word_1_638' title='bbox 661 5108 969 5163; x_wconf 85' lang='lat' dir='ltr'><strong>Jnrdanem.</strong></span> <span class='ocrx_word' id='word_1_639' title='bbox 1002 5137 1071 5149; x_wconf 86' lang='lat'><strong>-—</strong></span> <span class='ocrx_word' id='word_1_640' title='bbox 1102 5106 1232 5161; x_wconf 86' lang='lat' dir='ltr'><strong>Luc.</strong></span> <span class='ocrx_word' id='word_1_641' title='bbox 1266 5120 1338 5165; x_wconf 89' lang='lat' dir='ltr'><strong>tv.</strong></span> <span class='ocrx_word' id='word_1_642' title='bbox 1391 5102 1579 5157; x_wconf 62' lang='lat'><strong>42-“.</strong></span> <span class='ocrx_word' id='word_1_643' title='bbox 1634 5102 1699 5156; x_wconf 82' lang='lat' dir='ltr'><strong>Et</strong></span> <span class='ocrx_word' id='word_1_644' title='bbox 1749 5100 2063 5156; x_wconf 86' lang='lat' dir='ltr'><strong>detinebant</strong></span> 
     </span>
    </p>
   </div>
   <div class='ocr_carea' id='block_1_85' title="bbox 486 5192 2065 5265">
    <p class='ocr_par' dir='ltr' id='par_1_85' title="bbox 486 5192 2065 5265">
     <span class='ocr_line' id='line_1_85' title="bbox 486 5192 2065 5265; baseline -0.007 -9"><span class='ocrx_word' id='word_1_645' title='bbox 486 5202 637 5257; x_wconf 90' lang='lat' dir='ltr'><strong>illum</strong></span> <span class='ocrx_word' id='word_1_646' title='bbox 667 5215 734 5254; x_wconf 89' lang='lat' dir='ltr'><strong>ne</strong></span> <span class='ocrx_word' id='word_1_647' title='bbox 771 5200 1072 5255; x_wconf 87' lang='lat' dir='ltr'><strong>discederet</strong></span> <span class='ocrx_word' id='word_1_648' title='bbox 1098 5198 1163 5252; x_wconf 87' lang='lat' dir='ltr'><strong>ab</strong></span> <span class='ocrx_word' id='word_1_649' title='bbox 1193 5199 1292 5253; x_wconf 90' lang='lat' dir='ltr'><strong>eis.</strong></span> <span class='ocrx_word' id='word_1_650' title='bbox 1318 5197 1521 5265; x_wconf 80' lang='lat' dir='ltr'><strong>Quibus</strong></span> <span class='ocrx_word' id='word_1_651' title='bbox 1546 5195 1635 5249; x_wconf 92' lang='lat' dir='ltr'><strong>ille</strong></span> <span class='ocrx_word' id='word_1_652' title='bbox 1669 5193 1741 5248; x_wconf 88' lang='lat' dir='ltr'><strong>ait</strong></span> <span class='ocrx_word' id='word_1_653' title='bbox 1775 5209 1787 5245; x_wconf 94' lang='lat'><strong>:</strong></span> <span class='ocrx_word' id='word_1_654' title='bbox 1832 5192 1960 5260; x_wconf 84' lang='lat' dir='ltr'><strong>Quia</strong></span> <span class='ocrx_word' id='word_1_655' title='bbox 2009 5201 2065 5245; x_wconf 90' lang='lat' dir='ltr'><strong>et</strong></span> 
     </span>
    </p>
   </div>
   <div class='ocr_carea' id='block_1_86' title="bbox 490 5283 2061 5357">
    <p class='ocr_par' dir='ltr' id='par_1_86' title="bbox 490 5283 2061 5357">
     <span class='ocr_line' id='line_1_86' title="bbox 490 5283 2061 5357; baseline -0.006 -13"><span class='ocrx_word' id='word_1_656' title='bbox 490 5291 613 5346; x_wconf 88' lang='lat' dir='ltr'><strong>aliis</strong></span> <span class='ocrx_word' id='word_1_657' title='bbox 640 5289 941 5345; x_wconf 77' lang='lat' dir='ltr'><strong>civitatibus</strong></span> <span class='ocrx_word' id='word_1_658' title='bbox 967 5296 1176 5357; x_wconf 81' lang='lat' dir='ltr'><strong>oportet</strong></span> <span class='ocrx_word' id='word_1_659' title='bbox 1204 5303 1287 5343; x_wconf 90' lang='lat' dir='ltr'><strong>me</strong></span> <span class='ocrx_word' id='word_1_660' title='bbox 1306 5287 1671 5355; x_wconf 77' lang='lat' dir='ltr'><strong>cvangelizure</strong></span> <span class='ocrx_word' id='word_1_661' title='bbox 1697 5299 1914 5352; x_wconf 73' lang='lat' dir='ltr'><strong>regnum</strong></span> <span class='ocrx_word' id='word_1_662' title='bbox 1947 5283 2061 5345; x_wconf 86' lang='lat' dir='ltr'><strong>Dei,</strong></span> 
     </span>
    </p>
   </div>
   <div class='ocr_carea' id='block_1_87' title="bbox 490 5375 2059 5455">
    <p class='ocr_par' dir='ltr' id='par_1_87' title="bbox 490 5375 2059 5455">
     <span class='ocr_line' id='line_1_87' title="bbox 490 5375 2059 5455; baseline -0.006 -19"><span class='ocrx_word' id='word_1_663' title='bbox 490 5386 612 5455; x_wconf 78' lang='lat' dir='ltr'><strong>quia</strong></span> <span class='ocrx_word' id='word_1_664' title='bbox 628 5382 749 5438; x_wconf 86' lang='lat' dir='ltr'><strong>ideo</strong></span> <span class='ocrx_word' id='word_1_665' title='bbox 760 5379 955 5433; x_wconf 85' lang='lat' dir='ltr'><strong>missus</strong></span> <span class='ocrx_word' id='word_1_666' title='bbox 972 5395 1110 5432; x_wconf 90' lang='lat' dir='ltr'><strong>sum.</strong></span> <span class='ocrx_word' id='word_1_667' title='bbox 1134 5378 1190 5431; x_wconf 84' lang='lat' dir='ltr'><strong>Et</strong></span> <span class='ocrx_word' id='word_1_668' title='bbox 1208 5395 1324 5432; x_wconf 79' lang='lat' dir='ltr'><strong>cum</strong></span> <span class='ocrx_word' id='word_1_669' title='bbox 1339 5375 2059 5433; x_wconf 67' lang='lat' dir='ltr'><strong>vidissetturbas.—ilnrtt.</strong></span> 
     </span>
    </p>
   </div>
   <div class='ocr_carea' id='block_1_88' title="bbox 490 5466 2060 5541">
    <p class='ocr_par' dir='ltr' id='par_1_88' title="bbox 490 5466 2060 5541">
     <span class='ocr_line' id='line_1_88' title="bbox 490 5466 2060 5541; baseline -0.007 -10"><span class='ocrx_word' id='word_1_670' title='bbox 490 5494 544 5541; x_wconf 70' lang='grc' dir='ltr'><strong>κ,</strong></span> <span class='ocrx_word' id='word_1_671' title='bbox 570 5475 697 5539; x_wconf 68' lang='grc' dir='ltr'><strong>Ξ-ις</strong></span> <span class='ocrx_word' id='word_1_672' title='bbox 728 5475 900 5529; x_wconf 75' lang='lat' dir='ltr'><strong>Mane.</strong></span> <span class='ocrx_word' id='word_1_673' title='bbox 927 5488 1003 5536; x_wconf 86' lang='lat' dir='ltr'><strong>nt,</strong></span> <span class='ocrx_word' id='word_1_674' title='bbox 1040 5471 1239 5536; x_wconf 75' lang='lat'><strong>15-19;</strong></span> <span class='ocrx_word' id='word_1_675' title='bbox 1270 5469 1703 5536; x_wconf 73' lang='lat' dir='ltr'><strong>Lcc.vr,13-16,</strong></span> <span class='ocrx_word' id='word_1_676' title='bbox 1738 5466 1974 5522; x_wconf 55' lang='lat' dir='ltr'><strong>ascendit</strong></span> <span class='ocrx_word' id='word_1_677' title='bbox 2012 5469 2060 5520; x_wconf 92' lang='lat' dir='ltr'><strong>in</strong></span> 
     </span>
    </p>
   </div>
   <div class='ocr_carea' id='block_1_89' title="bbox 488 5556 2065 5631">
    <p class='ocr_par' dir='ltr' id='par_1_89' title="bbox 488 5556 2065 5631">
     <span class='ocr_line' id='line_1_89' title="bbox 488 5556 2065 5631; baseline -0.006 -11"><span class='ocrx_word' id='word_1_678' title='bbox 488 5574 749 5630; x_wconf 81' lang='lat' dir='ltr'><strong>montem,</strong></span> <span class='ocrx_word' id='word_1_679' title='bbox 773 5571 826 5618; x_wconf 87' lang='lat' dir='ltr'><strong>et</strong></span> <span class='ocrx_word' id='word_1_680' title='bbox 852 5577 971 5614; x_wconf 78' lang='lat' dir='ltr'><strong>cum</strong></span> <span class='ocrx_word' id='word_1_681' title='bbox 1004 5560 1231 5615; x_wconf 82' lang='lat' dir='ltr'><strong>sedisset</strong></span> <span class='ocrx_word' id='word_1_682' title='bbox 1262 5561 1473 5631; x_wconf 79' lang='lat' dir='ltr'><strong>vocavit</strong></span> <span class='ocrx_word' id='word_1_683' title='bbox 1526 5559 1592 5613; x_wconf 88' lang='lat' dir='ltr'><strong>ad</strong></span> <span class='ocrx_word' id='word_1_684' title='bbox 1649 5572 1706 5614; x_wconf 89' lang='lat' dir='ltr'><strong>se</strong></span> <span class='ocrx_word' id='word_1_685' title='bbox 1744 5571 1878 5627; x_wconf 89' lang='lat' dir='ltr'><strong>quos</strong></span> <span class='ocrx_word' id='word_1_686' title='bbox 1902 5556 2065 5610; x_wconf 87' lang='lat' dir='ltr'><strong>voluit</strong></span> 
     </span>
    </p>
   </div>
   <div class='ocr_carea' id='block_1_90' title="bbox 483 5647 2063 5727">
    <p class='ocr_par' dir='ltr' id='par_1_90' title="bbox 483 5647 2063 5727">
     <span class='ocr_line' id='line_1_90' title="bbox 483 5647 2063 5727; baseline -0.004 -16"><span class='ocrx_word' id='word_1_687' title='bbox 483 5658 619 5727; x_wconf 78' lang='lat' dir='ltr'><strong>ipse.</strong></span> <span class='ocrx_word' id='word_1_688' title='bbox 648 5657 991 5710; x_wconf 81' lang='lat' dir='ltr'><strong>Etvenerunt</strong></span> <span class='ocrx_word' id='word_1_689' title='bbox 1026 5652 1091 5708; x_wconf 88' lang='lat' dir='ltr'><strong>ad</strong></span> <span class='ocrx_word' id='word_1_690' title='bbox 1120 5667 1266 5715; x_wconf 82' lang='lat' dir='ltr'><strong>etim,</strong></span> <span class='ocrx_word' id='word_1_691' title='bbox 1302 5659 1358 5705; x_wconf 90' lang='lat' dir='ltr'><strong>et</strong></span> <span class='ocrx_word' id='word_1_692' title='bbox 1390 5649 1512 5705; x_wconf 82' lang='lat' dir='ltr'><strong>fecit</strong></span> <span class='ocrx_word' id='word_1_693' title='bbox 1542 5659 1597 5704; x_wconf 92' lang='lat' dir='ltr'><strong>ut</strong></span> <span class='ocrx_word' id='word_1_694' title='bbox 1654 5657 1833 5705; x_wconf 84' lang='lat' dir='ltr'><strong>essent</strong></span> <span class='ocrx_word' id='word_1_695' title='bbox 1862 5647 2063 5705; x_wconf 81' lang='lat' dir='ltr'><strong>duode-</strong></span> 
     </span>
    </p>
   </div>
   <div class='ocr_carea' id='block_1_91' title="bbox 555 5818 1359 5885">
    <p class='ocr_par' dir='ltr' id='par_1_91' title="bbox 555 5818 1359 5885">
     <span class='ocr_line' id='line_1_91' title="bbox 555 5818 1359 5885; baseline 0.005 -16"><span class='ocrx_word' id='word_1_696' title='bbox 555 5818 584 5843; x_wconf 81' lang='lat'>&quot;</span> <span class='ocrx_word' id='word_1_697' title='bbox 618 5818 699 5869; x_wconf 75' lang='lat' dir='ltr'><strong>Al.</strong></span> <span class='ocrx_word' id='word_1_698' title='bbox 734 5818 886 5885; x_wconf 82' lang='lat' dir='ltr'><strong>edit.,</strong></span> <span class='ocrx_word' id='word_1_699' title='bbox 922 5835 1089 5872; x_wconf 66' lang='lat' dir='ltr'><strong>omnes.</strong></span> <span class='ocrx_word' id='word_1_700' title='bbox 1116 5823 1359 5873; x_wconf 78' lang='lat' dir='ltr'><strong>hom&#39;ncs.</strong></span> 
     </span>
    </p>
   </div>
   <div class='ocr_carea' id='block_1_92' title="bbox 2159 3284 3743 3376">
    <p class='ocr_par' dir='ltr' id='par_1_92' title="bbox 2159 3284 3743 3376">
     <span class='ocr_line' id='line_1_92' title="bbox 2159 3284 3743 3376; baseline 0.004 -23"><span class='ocrx_word' id='word_1_701' title='bbox 2159 3301 2285 3371; x_wconf 89' lang='lat' dir='ltr'><strong>quia</strong></span> <span class='ocrx_word' id='word_1_702' title='bbox 2317 3284 2525 3355; x_wconf 75' lang='lat' dir='ltr'><strong>habetis</strong></span> <span class='ocrx_word' id='word_1_703' title='bbox 2553 3301 2975 3357; x_wconf 89' lang='lat' dir='ltr'><strong>consolationem</strong></span> <span class='ocrx_word' id='word_1_704' title='bbox 3004 3313 3260 3358; x_wconf 87' lang='lat' dir='ltr'><strong>vestram.</strong></span> <span class='ocrx_word' id='word_1_705' title='bbox 3306 3303 3397 3359; x_wconf 68' lang='lat' dir='ltr'><strong>Va:</strong></span> <span class='ocrx_word' id='word_1_706' title='bbox 3452 3306 3604 3371; x_wconf 86' lang='lat' dir='ltr'><strong>vobis</strong></span> <span class='ocrx_word' id='word_1_707' title='bbox 3647 3312 3743 3376; x_wconf 84' lang='lat' dir='ltr'><strong>qui</strong></span> 
     </span>
    </p>
   </div>
   <div class='ocr_carea' id='block_1_93' title="bbox 2158 3391 3745 3468">
    <p class='ocr_par' dir='ltr' id='par_1_93' title="bbox 2158 3391 3745 3468">
     <span class='ocr_line' id='line_1_93' title="bbox 2158 3391 3745 3468; baseline 0.004 -22"><span class='ocrx_word' id='word_1_708' title='bbox 2158 3391 2380 3446; x_wconf 67' lang='lat' dir='ltr'><strong>satirati</strong></span> <span class='ocrx_word' id='word_1_709' title='bbox 2412 3392 2564 3457; x_wconf 80' lang='lat' dir='ltr'><strong>estis,</strong></span> <span class='ocrx_word' id='word_1_710' title='bbox 2597 3393 2717 3460; x_wconf 83' lang='lat' dir='ltr'><strong>quia</strong></span> <span class='ocrx_word' id='word_1_711' title='bbox 2758 3393 3028 3449; x_wconf 89' lang='lat' dir='ltr'><strong>esurietis.</strong></span> <span class='ocrx_word' id='word_1_712' title='bbox 3081 3395 3174 3450; x_wconf 72' lang='lat' dir='ltr'><strong>Vre</strong></span> <span class='ocrx_word' id='word_1_713' title='bbox 3229 3396 3380 3452; x_wconf 79' lang='lat' dir='ltr'><strong>vobis</strong></span> <span class='ocrx_word' id='word_1_714' title='bbox 3420 3399 3509 3468; x_wconf 90' lang='lat' dir='ltr'><strong>qui</strong></span> <span class='ocrx_word' id='word_1_715' title='bbox 3550 3399 3745 3454; x_wconf 80' lang='lat' dir='ltr'><strong>ridetis</strong></span> 
     </span>
    </p>
   </div>
   <div class='ocr_carea' id='block_1_94' title="bbox 2158 3485 3746 3555">
    <p class='ocr_par' dir='ltr' id='par_1_94' title="bbox 2158 3485 3746 3555">
     <span class='ocr_line' id='line_1_94' title="bbox 2158 3485 3746 3555; baseline 0.004 -18"><span class='ocrx_word' id='word_1_716' title='bbox 2158 3498 2301 3539; x_wconf 78' lang='lat' dir='ltr'><strong>nmio</strong></span> <span class='ocrx_word' id='word_1_717' title='bbox 2327 3526 2340 3549; x_wconf 90' lang='lat'><strong>,</strong></span> <span class='ocrx_word' id='word_1_718' title='bbox 2364 3485 2485 3554; x_wconf 87' lang='lat' dir='ltr'><strong>quia</strong></span> <span class='ocrx_word' id='word_1_719' title='bbox 2510 3486 2757 3555; x_wconf 77' lang='lat' dir='ltr'><strong>Iugeb?tis</strong></span> <span class='ocrx_word' id='word_1_720' title='bbox 2786 3496 2840 3541; x_wconf 91' lang='lat' dir='ltr'><strong>et</strong></span> <span class='ocrx_word' id='word_1_721' title='bbox 2887 3486 3099 3542; x_wconf 77' lang='lat' dir='ltr'><strong>ﬂebitis.</strong></span> <span class='ocrx_word' id='word_1_722' title='bbox 3136 3487 3227 3542; x_wconf 79' lang='lat' dir='ltr'><strong>Va:</strong></span> <span class='ocrx_word' id='word_1_723' title='bbox 3276 3504 3396 3543; x_wconf 91' lang='lat' dir='ltr'><strong>cum</strong></span> <span class='ocrx_word' id='word_1_724' title='bbox 3447 3489 3746 3546; x_wconf 80' lang='lat' dir='ltr'><strong>benedixe-</strong></span> 
     </span>
    </p>
   </div>
   <div class='ocr_carea' id='block_1_95' title="bbox 2161 3574 3744 3649">
    <p class='ocr_par' dir='ltr' id='par_1_95' title="bbox 2161 3574 3744 3649">
     <span class='ocr_line' id='line_1_95' title="bbox 2161 3574 3744 3649; baseline 0.003 -20"><span class='ocrx_word' id='word_1_725' title='bbox 2161 3574 2440 3631; x_wconf 85' lang='lat' dir='ltr'><strong>rintvobis</strong></span> <span class='ocrx_word' id='word_1_726' title='bbox 2473 3576 2715 3631; x_wconf 88' lang='lat' dir='ltr'><strong>homines</strong></span> <span class='ocrx_word' id='word_1_727' title='bbox 2749 3585 2774 3614; x_wconf 76' lang='grc' dir='ltr'><strong>ι</strong></span> <span class='ocrx_word' id='word_1_728' title='bbox 2805 3574 3132 3632; x_wconf 85' lang='lat' dir='ltr'><strong>:secundum</strong></span> <span class='ocrx_word' id='word_1_729' title='bbox 3163 3577 3277 3633; x_wconf 66' lang='lat' dir='ltr'><strong>hinc</strong></span> <span class='ocrx_word' id='word_1_730' title='bbox 3299 3579 3563 3634; x_wconf 79' lang='lat' dir='ltr'><strong>faciebant</strong></span> <span class='ocrx_word' id='word_1_731' title='bbox 3611 3594 3744 3649; x_wconf 83' lang='lat' dir='ltr'><strong>pro-</strong></span> 
     </span>
    </p>
   </div>
   <div class='ocr_carea' id='block_1_96' title="bbox 2161 3666 3593 3739">
    <p class='ocr_par' dir='ltr' id='par_1_96' title="bbox 2161 3666 3593 3739">
     <span class='ocr_line' id='line_1_96' title="bbox 2161 3666 3593 3739; baseline 0.001 -19"><span class='ocrx_word' id='word_1_732' title='bbox 2161 3666 2336 3737; x_wconf 84' lang='lat' dir='ltr'><strong>phetis</strong></span> <span class='ocrx_word' id='word_1_733' title='bbox 2363 3676 2539 3736; x_wconf 89' lang='lat' dir='ltr'><strong>patres</strong></span> <span class='ocrx_word' id='word_1_734' title='bbox 2564 3682 2767 3721; x_wconf 88' lang='lat' dir='ltr'><strong>eorum.</strong></span> <span class='ocrx_word' id='word_1_735' title='bbox 2795 3666 2900 3723; x_wconf 89' lang='lat' dir='ltr'><strong>Sed</strong></span> <span class='ocrx_word' id='word_1_736' title='bbox 2924 3668 3075 3723; x_wconf 84' lang='lat' dir='ltr'><strong>vobis</strong></span> <span class='ocrx_word' id='word_1_737' title='bbox 3096 3668 3216 3723; x_wconf 91' lang='lat' dir='ltr'><strong>dico</strong></span> <span class='ocrx_word' id='word_1_738' title='bbox 3239 3668 3329 3739; x_wconf 86' lang='lat' dir='ltr'><strong>qui</strong></span> <span class='ocrx_word' id='word_1_739' title='bbox 3354 3669 3553 3725; x_wconf 88' lang='lat' dir='ltr'><strong>auditis</strong></span> <span class='ocrx_word' id='word_1_740' title='bbox 3579 3686 3593 3721; x_wconf 89' lang='lat'><strong>:</strong></span> 
     </span>
    </p>
   </div>
   <div class='ocr_carea' id='block_1_97' title="bbox 2731 3781 3183 3838">
    <p class='ocr_par' dir='ltr' id='par_1_97' title="bbox 2731 3781 3183 3838">
     <span class='ocr_line' id='line_1_97' title="bbox 2731 3781 3183 3838; baseline 0 -2"><span class='ocrx_word' id='word_1_741' title='bbox 2731 3781 2962 3838; x_wconf 82' lang='lat' dir='ltr'><strong>CAPUT</strong></span> <span class='ocrx_word' id='word_1_742' title='bbox 2999 3781 3183 3837; x_wconf 79' lang='lat' dir='ltr'><strong>XXIV.</strong></span> 
     </span>
    </p>
   </div>
   <div class='ocr_carea' id='block_1_98' title="bbox 2704 3856 3302 3927">
    <p class='ocr_par' dir='ltr' id='par_1_98' title="bbox 2704 3856 3302 3927">
     <span class='ocr_line' id='line_1_98' title="bbox 2704 3856 3302 3927; baseline 0 -1"><span class='ocrx_word' id='word_1_743' title='bbox 2704 3872 2807 3926; x_wconf 86' lang='lat' dir='ltr'><strong>Vos</strong></span> <span class='ocrx_word' id='word_1_744' title='bbox 2827 3873 2944 3927; x_wconf 80' lang='lat' dir='ltr'><strong>estis</strong></span> <span class='ocrx_word' id='word_1_745' title='bbox 2966 3873 3044 3927; x_wconf 81' lang='lat' dir='ltr'><strong>sal</strong></span> <span class='ocrx_word' id='word_1_746' title='bbox 3070 3884 3237 3927; x_wconf 68' lang='lat' dir='ltr'><strong>terrae.</strong></span> <span class='ocrx_word' id='word_1_747' title='bbox 3297 3856 3302 3861; x_wconf 48' lang='grc'><strong>’</strong></span> 
     </span>
    </p>
   </div>
   <div class='ocr_carea' id='block_1_99' title="bbox 2234 3964 3751 4036">
    <p class='ocr_par' dir='ltr' id='par_1_99' title="bbox 2234 3964 3751 4036">
     <span class='ocr_line' id='line_1_99' title="bbox 2234 3964 3751 4036; baseline 0.002 -16"><span class='ocrx_word' id='word_1_748' title='bbox 2234 3967 2448 4021; x_wconf 69' lang='lat' dir='ltr'><strong>Manu.</strong></span> <span class='ocrx_word' id='word_1_749' title='bbox 2483 3964 2653 4031; x_wconf 68' lang='lat' dir='ltr'><strong>v,13;</strong></span> <span class='ocrx_word' id='word_1_750' title='bbox 2699 3965 2869 4022; x_wconf 63' lang='lat' dir='ltr'><strong>illanc.</strong></span> <span class='ocrx_word' id='word_1_751' title='bbox 2913 3965 3109 4031; x_wconf 63' lang='lat' dir='ltr'><strong>tx,£9;</strong></span> <span class='ocrx_word' id='word_1_752' title='bbox 3169 3966 3297 4022; x_wconf 84' lang='lat' dir='ltr'><strong>Luc.</strong></span> <span class='ocrx_word' id='word_1_753' title='bbox 3332 3982 3453 4036; x_wconf 77' lang='lat' dir='ltr'><strong>xtv,</strong></span> <span class='ocrx_word' id='word_1_754' title='bbox 3490 3968 3578 4023; x_wconf 67' lang='grc' dir='ltr'><strong>δι.</strong></span> <span class='ocrx_word' id='word_1_755' title='bbox 3631 3968 3751 4023; x_wconf 71' lang='lat' dir='ltr'><strong>Vus</strong></span> 
     </span>
    </p>
   </div>
   <div class='ocr_carea' id='block_1_100' title="bbox 2162 4058 3752 4129">
    <p class='ocr_par' dir='ltr' id='par_1_100' title="bbox 2162 4058 3752 4129">
     <span class='ocr_line' id='line_1_100' title="bbox 2162 4058 3752 4129; baseline 0.001 -16"><span class='ocrx_word' id='word_1_756' title='bbox 2162 4060 2290 4113; x_wconf 91' lang='lat' dir='ltr'><strong>estis</strong></span> <span class='ocrx_word' id='word_1_757' title='bbox 2321 4059 2399 4112; x_wconf 88' lang='lat' dir='ltr'><strong>sal</strong></span> <span class='ocrx_word' id='word_1_758' title='bbox 2431 4069 2609 4113; x_wconf 69' lang='lat' dir='ltr'><strong>terrm.</strong></span> <span class='ocrx_word' id='word_1_759' title='bbox 2632 4058 2783 4125; x_wconf 88' lang='lat' dir='ltr'><strong>Quod</strong></span> <span class='ocrx_word' id='word_1_760' title='bbox 2806 4058 2857 4112; x_wconf 82' lang='lat' dir='ltr'><strong>si</strong></span> <span class='ocrx_word' id='word_1_761' title='bbox 2881 4059 3156 4113; x_wconf 90' lang='lat' dir='ltr'><strong>evanuerit</strong></span> <span class='ocrx_word' id='word_1_762' title='bbox 3174 4059 3273 4123; x_wconf 91' lang='lat' dir='ltr'><strong>sal,</strong></span> <span class='ocrx_word' id='word_1_763' title='bbox 3307 4059 3357 4112; x_wconf 91' lang='lat' dir='ltr'><strong>in</strong></span> <span class='ocrx_word' id='word_1_764' title='bbox 3372 4073 3478 4129; x_wconf 90' lang='lat' dir='ltr'><strong>quo</strong></span> <span class='ocrx_word' id='word_1_765' title='bbox 3503 4060 3704 4114; x_wconf 81' lang='lat' dir='ltr'><strong>salietis</strong></span> <span class='ocrx_word' id='word_1_766' title='bbox 3722 4062 3752 4115; x_wconf 73' lang='grc' dir='ltr'>τ</span> 
     </span>
    </p>
   </div>
   <div class='ocr_carea' id='block_1_101' title="bbox 2163 4147 3751 4219">
    <p class='ocr_par' dir='ltr' id='par_1_101' title="bbox 2163 4147 3751 4219">
     <span class='ocr_line' id='line_1_101' title="bbox 2163 4147 3751 4219; baseline 0.002 -17"><span class='ocrx_word' id='word_1_767' title='bbox 2163 4149 2226 4202; x_wconf 84' lang='lat' dir='ltr'><strong>ad</strong></span> <span class='ocrx_word' id='word_1_768' title='bbox 2258 4148 2478 4203; x_wconf 85' lang='lat' dir='ltr'><strong>nihilum</strong></span> <span class='ocrx_word' id='word_1_769' title='bbox 2503 4148 2638 4202; x_wconf 88' lang='lat' dir='ltr'><strong>valet</strong></span> <span class='ocrx_word' id='word_1_770' title='bbox 2672 4150 2831 4214; x_wconf 89' lang='lat' dir='ltr'><strong>ultra,</strong></span> <span class='ocrx_word' id='word_1_771' title='bbox 2881 4147 2980 4202; x_wconf 90' lang='lat' dir='ltr'><strong>nisi</strong></span> <span class='ocrx_word' id='word_1_772' title='bbox 3008 4158 3063 4202; x_wconf 91' lang='lat' dir='ltr'><strong>ut</strong></span> <span class='ocrx_word' id='word_1_773' title='bbox 3129 4149 3435 4219; x_wconf 72' lang='lat' dir='ltr'><strong>projiciatur</strong></span> <span class='ocrx_word' id='word_1_774' title='bbox 3495 4147 3651 4216; x_wconf 77' lang='lat' dir='ltr'><strong>foras,</strong></span> <span class='ocrx_word' id='word_1_775' title='bbox 3685 4159 3751 4205; x_wconf 76' lang='lat' dir='ltr'><strong>et</strong></span> 
     </span>
    </p>
   </div>
   <div class='ocr_carea' id='block_1_102' title="bbox 2166 4238 3335 4295">
    <p class='ocr_par' dir='ltr' id='par_1_102' title="bbox 2166 4238 3335 4295">
     <span class='ocr_line' id='line_1_102' title="bbox 2166 4238 3335 4295; baseline -0.006 0"><span class='ocrx_word' id='word_1_776' title='bbox 2166 4239 2510 4295; x_wconf 72' lang='lat' dir='ltr'><strong>conculcetur</strong></span> <span class='ocrx_word' id='word_1_777' title='bbox 2536 4240 2601 4294; x_wconf 88' lang='lat' dir='ltr'><strong>ab</strong></span> <span class='ocrx_word' id='word_1_778' title='bbox 2623 4238 2945 4294; x_wconf 85' lang='lat' dir='ltr'><strong>hominibus.</strong></span> <span class='ocrx_word' id='word_1_779' title='bbox 3328 4250 3335 4255; x_wconf 77' lang='lat'><strong>&#39;</strong></span> 
     </span>
    </p>
   </div>
   <div class='ocr_carea' id='block_1_103' title="bbox 2733 4350 3173 4407">
    <p class='ocr_par' dir='ltr' id='par_1_103' title="bbox 2733 4350 3173 4407">
     <span class='ocr_line' id='line_1_103' title="bbox 2733 4350 3173 4407; baseline -0.007 0"><span class='ocrx_word' id='word_1_780' title='bbox 2733 4350 2959 4407; x_wconf 74' lang='lat' dir='ltr'><strong>CAPUT</strong></span> <span class='ocrx_word' id='word_1_781' title='bbox 3008 4350 3173 4405; x_wconf 76' lang='lat' dir='ltr'><strong>XXV.</strong></span> 
     </span>
    </p>
   </div>
   <div class='ocr_carea' id='block_1_104' title="bbox 2173 4439 3754 4513">
    <p class='ocr_par' dir='ltr' id='par_1_104' title="bbox 2173 4439 3754 4513">
     <span class='ocr_line' id='line_1_104' title="bbox 2173 4439 3754 4513; baseline 0.005 -21"><span class='ocrx_word' id='word_1_782' title='bbox 2173 4439 2274 4495; x_wconf 80' lang='lat' dir='ltr'><strong>Vos</strong></span> <span class='ocrx_word' id='word_1_783' title='bbox 2304 4442 2419 4495; x_wconf 77' lang='lat' dir='ltr'><strong>estis</strong></span> <span class='ocrx_word' id='word_1_784' title='bbox 2451 4442 2541 4495; x_wconf 71' lang='lat' dir='ltr'><strong>(ua:</strong></span> <span class='ocrx_word' id='word_1_785' title='bbox 2575 4442 2728 4512; x_wconf 79' lang='lat' dir='ltr'><strong>Imjns</strong></span> <span class='ocrx_word' id='word_1_786' title='bbox 2774 4442 2948 4494; x_wconf 79' lang='lat' dir='ltr'><strong>mundi</strong></span> <span class='ocrx_word' id='word_1_787' title='bbox 2978 4457 2995 4495; x_wconf 95' lang='lat'><em>:</em></span> <span class='ocrx_word' id='word_1_788' title='bbox 3024 4453 3074 4496; x_wconf 80' lang='lat' dir='ltr'><strong>et</strong></span> <span class='ocrx_word' id='word_1_789' title='bbox 3120 4443 3302 4497; x_wconf 78' lang='lat' dir='ltr'><strong>iterant</strong></span> <span class='ocrx_word' id='word_1_790' title='bbox 3343 4446 3754 4513; x_wconf 72' lang='lat' dir='ltr'><strong>contparotiouet</strong></span> 
     </span>
    </p>
   </div>
   <div class='ocr_carea' id='block_1_105' title="bbox 2684 4512 3229 4600">
    <p class='ocr_par' dir='ltr' id='par_1_105' title="bbox 2684 4512 3229 4600">
     <span class='ocr_line' id='line_1_105' title="bbox 2684 4512 3229 4600; baseline 0.002 -36"><span class='ocrx_word' id='word_1_791' title='bbox 2684 4512 2747 4564; x_wconf 81' lang='lat' dir='ltr'><strong>de</strong></span> <span class='ocrx_word' id='word_1_792' title='bbox 2772 4514 3056 4600; x_wconf 46' lang='lat' dir='ltr'><strong>&#39;prteceptis</strong></span> <span class='ocrx_word' id='word_1_793' title='bbox 3086 4514 3229 4582; x_wconf 81' lang='lat' dir='ltr'><strong>legis.</strong></span> 
     </span>
    </p>
   </div>
   <div class='ocr_carea' id='block_1_106' title="bbox 2237 4624 3750 4693">
    <p class='ocr_par' dir='ltr' id='par_1_106' title="bbox 2237 4624 3750 4693">
     <span class='ocr_line' id='line_1_106' title="bbox 2237 4624 3750 4693; baseline -0.001 -12"><span class='ocrx_word' id='word_1_794' title='bbox 2237 4628 2445 4683; x_wconf 73' lang='lat' dir='ltr'><strong>Mum.</strong></span> <span class='ocrx_word' id='word_1_795' title='bbox 2481 4643 2529 4689; x_wconf 83' lang='lat' dir='ltr'><strong>v,</strong></span> <span class='ocrx_word' id='word_1_796' title='bbox 2576 4626 2772 4691; x_wconf 75' lang='lat' dir='ltr'><strong>M-lii;</strong></span> <span class='ocrx_word' id='word_1_797' title='bbox 2821 4624 2992 4679; x_wconf 70' lang='lat' dir='ltr'><strong>Mane.</strong></span> <span class='ocrx_word' id='word_1_798' title='bbox 3050 4641 3123 4692; x_wconf 86' lang='lat' dir='ltr'><strong>tv,</strong></span> <span class='ocrx_word' id='word_1_799' title='bbox 3174 4624 3439 4689; x_wconf 69' lang='lat' dir='ltr'><strong>21;Luc.</strong></span> <span class='ocrx_word' id='word_1_800' title='bbox 3472 4642 3592 4693; x_wconf 86' lang='lat' dir='ltr'><strong>vtt,</strong></span> <span class='ocrx_word' id='word_1_801' title='bbox 3642 4627 3750 4691; x_wconf 70' lang='lat' dir='ltr'><strong>lu;</strong></span> 
     </span>
    </p>
   </div>
   <div class='ocr_carea' id='block_1_107' title="bbox 2164 4715 3749 4785">
    <p class='ocr_par' dir='ltr' id='par_1_107' title="bbox 2164 4715 3749 4785">
     <span class='ocr_line' id='line_1_107' title="bbox 2164 4715 3749 4785; baseline -0.001 -13"><span class='ocrx_word' id='word_1_802' title='bbox 2164 4734 2215 4772; x_wconf 73' lang='grc' dir='ltr'><strong>ιι</strong></span> <span class='ocrx_word' id='word_1_803' title='bbox 2237 4761 2252 4784; x_wconf 84' lang='grc'><em>,</em></span> <span class='ocrx_word' id='word_1_804' title='bbox 2292 4719 2380 4773; x_wconf 75' lang='lat'><strong>35.</strong></span> <span class='ocrx_word' id='word_1_805' title='bbox 2417 4717 2518 4772; x_wconf 78' lang='lat' dir='ltr'><strong>Vos</strong></span> <span class='ocrx_word' id='word_1_806' title='bbox 2539 4716 2665 4771; x_wconf 64' lang='lat' dir='ltr'><strong>estis</strong></span> <span class='ocrx_word' id='word_1_807' title='bbox 2694 4716 2779 4771; x_wconf 80' lang='lat' dir='ltr'><strong>lux</strong></span> <span class='ocrx_word' id='word_1_808' title='bbox 2811 4716 3011 4770; x_wconf 89' lang='lat' dir='ltr'><strong>mundi.</strong></span> <span class='ocrx_word' id='word_1_809' title='bbox 3045 4715 3158 4770; x_wconf 85' lang='lat' dir='ltr'><strong>Non</strong></span> <span class='ocrx_word' id='word_1_810' title='bbox 3183 4726 3358 4785; x_wconf 90' lang='lat' dir='ltr'><strong>potest</strong></span> <span class='ocrx_word' id='word_1_811' title='bbox 3386 4716 3574 4771; x_wconf 88' lang='lat' dir='ltr'><strong>civitas</strong></span> <span class='ocrx_word' id='word_1_812' title='bbox 3617 4724 3749 4770; x_wconf 82' lang='lat' dir='ltr'><strong>abs-</strong></span> 
     </span>
    </p>
   </div>
   <div class='ocr_carea' id='block_1_108' title="bbox 2163 4810 3755 4880">
    <p class='ocr_par' dir='ltr' id='par_1_108' title="bbox 2163 4810 3755 4880">
     <span class='ocr_line' id='line_1_108' title="bbox 2163 4810 3755 4880; baseline -0.001 -13"><span class='ocrx_word' id='word_1_813' title='bbox 2163 4812 2321 4868; x_wconf 85' lang='lat' dir='ltr'><strong>condi</strong></span> <span class='ocrx_word' id='word_1_814' title='bbox 2367 4825 2526 4880; x_wconf 87' lang='lat' dir='ltr'><strong>supra</strong></span> <span class='ocrx_word' id='word_1_815' title='bbox 2565 4820 2805 4867; x_wconf 86' lang='lat' dir='ltr'><strong>montem</strong></span> <span class='ocrx_word' id='word_1_816' title='bbox 2825 4811 3013 4879; x_wconf 82' lang='lat' dir='ltr'><strong>posita.</strong></span> <span class='ocrx_word' id='word_1_817' title='bbox 3041 4811 3221 4878; x_wconf 82' lang='lat' dir='ltr'><strong>Neque</strong></span> <span class='ocrx_word' id='word_1_818' title='bbox 3248 4810 3544 4866; x_wconf 73' lang='lat' dir='ltr'><strong>accendunt</strong></span> <span class='ocrx_word' id='word_1_819' title='bbox 3574 4811 3755 4866; x_wconf 85' lang='lat' dir='ltr'><strong>lucer-</strong></span> 
     </span>
    </p>
   </div>
   <div class='ocr_carea' id='block_1_109' title="bbox 2167 4898 3749 4971">
    <p class='ocr_par' dir='ltr' id='par_1_109' title="bbox 2167 4898 3749 4971">
     <span class='ocr_line' id='line_1_109' title="bbox 2167 4898 3749 4971; baseline -0.001 -14"><span class='ocrx_word' id='word_1_820' title='bbox 2167 4918 2309 4965; x_wconf 86' lang='lat' dir='ltr'><strong>nam,</strong></span> <span class='ocrx_word' id='word_1_821' title='bbox 2335 4911 2389 4957; x_wconf 91' lang='lat' dir='ltr'><strong>et</strong></span> <span class='ocrx_word' id='word_1_822' title='bbox 2433 4908 2635 4971; x_wconf 90' lang='lat' dir='ltr'><strong>ponunt</strong></span> <span class='ocrx_word' id='word_1_823' title='bbox 2663 4915 2781 4956; x_wconf 88' lang='lat' dir='ltr'><strong>eam</strong></span> <span class='ocrx_word' id='word_1_824' title='bbox 2814 4899 2912 4953; x_wconf 61' lang='lat' dir='ltr'><strong>sub</strong></span> <span class='ocrx_word' id='word_1_825' title='bbox 2961 4901 3162 4965; x_wconf 86' lang='lat' dir='ltr'><strong>modio,</strong></span> <span class='ocrx_word' id='word_1_826' title='bbox 3216 4916 3387 4969; x_wconf 88' lang='lat' dir='ltr'><strong>neque</strong></span> <span class='ocrx_word' id='word_1_827' title='bbox 3439 4901 3537 4955; x_wconf 91' lang='lat' dir='ltr'><strong>sub</strong></span> <span class='ocrx_word' id='word_1_828' title='bbox 3582 4898 3749 4967; x_wconf 90' lang='lat' dir='ltr'><strong>lecto,</strong></span> 
     </span>
    </p>
   </div>
   <div class='ocr_carea' id='block_1_110' title="bbox 2171 4990 3756 5064">
    <p class='ocr_par' dir='ltr' id='par_1_110' title="bbox 2171 4990 3756 5064">
     <span class='ocr_line' id='line_1_110' title="bbox 2171 4990 3756 5064; baseline -0.001 -17"><span class='ocrx_word' id='word_1_829' title='bbox 2171 5008 2340 5064; x_wconf 78' lang='lat' dir='ltr'><strong>neque</strong></span> <span class='ocrx_word' id='word_1_830' title='bbox 2366 4992 2418 5046; x_wconf 90' lang='lat' dir='ltr'><strong>in</strong></span> <span class='ocrx_word' id='word_1_831' title='bbox 2444 4991 2677 5047; x_wconf 85' lang='lat' dir='ltr'><strong>abscond</strong></span> <span class='ocrx_word' id='word_1_832' title='bbox 2704 5001 2756 5045; x_wconf 89' lang='lat' dir='ltr'><strong>to</strong></span> <span class='ocrx_word' id='word_1_833' title='bbox 2779 4990 2913 5049; x_wconf 87' lang='lat' dir='ltr'><strong>loco.</strong></span> <span class='ocrx_word' id='word_1_834' title='bbox 2944 5005 3114 5060; x_wconf 87' lang='lat' dir='ltr'><strong>neque</strong></span> <span class='ocrx_word' id='word_1_835' title='bbox 3140 4990 3237 5043; x_wconf 87' lang='lat' dir='ltr'><strong>sub</strong></span> <span class='ocrx_word' id='word_1_836' title='bbox 3278 5007 3419 5064; x_wconf 77' lang='lat' dir='ltr'><strong>vase,</strong></span> <span class='ocrx_word' id='word_1_837' title='bbox 3454 4990 3548 5045; x_wconf 90' lang='lat' dir='ltr'><strong>sed</strong></span> <span class='ocrx_word' id='word_1_838' title='bbox 3588 5006 3756 5061; x_wconf 88' lang='lat' dir='ltr'><strong>super</strong></span> 
     </span>
    </p>
   </div>
   <div class='ocr_carea' id='block_1_111' title="bbox 2169 5084 3753 5153">
    <p class='ocr_par' dir='ltr' id='par_1_111' title="bbox 2169 5084 3753 5153">
     <span class='ocr_line' id='line_1_111' title="bbox 2169 5084 3753 5153; baseline -0.002 -13"><span class='ocrx_word' id='word_1_839' title='bbox 2169 5085 2572 5151; x_wconf 86' lang='lat' dir='ltr'><strong>candelabrum,</strong></span> <span class='ocrx_word' id='word_1_840' title='bbox 2603 5093 2660 5138; x_wconf 92' lang='lat' dir='ltr'><strong>ut</strong></span> <span class='ocrx_word' id='word_1_841' title='bbox 2693 5086 2866 5139; x_wconf 80' lang='lat' dir='ltr'><strong>luceat</strong></span> <span class='ocrx_word' id='word_1_842' title='bbox 2895 5084 3141 5138; x_wconf 84' lang='lat' dir='ltr'><strong>omnibus</strong></span> <span class='ocrx_word' id='word_1_843' title='bbox 3184 5085 3273 5153; x_wconf 91' lang='lat' dir='ltr'><strong>qui</strong></span> <span class='ocrx_word' id='word_1_844' title='bbox 3316 5084 3370 5137; x_wconf 87' lang='lat' dir='ltr'><strong>in</strong></span> <span class='ocrx_word' id='word_1_845' title='bbox 3411 5085 3571 5138; x_wconf 91' lang='lat' dir='ltr'><strong>domo</strong></span> <span class='ocrx_word' id='word_1_846' title='bbox 3601 5096 3753 5137; x_wconf 89' lang='lat' dir='ltr'><strong>sunt.</strong></span> 
     </span>
    </p>
   </div>
   <div class='ocr_carea' id='block_1_112' title="bbox 2170 5176 3756 5238">
    <p class='ocr_par' dir='ltr' id='par_1_112' title="bbox 2170 5176 3756 5238">
     <span class='ocr_line' id='line_1_112' title="bbox 2170 5176 3756 5238; baseline -0.002 -4"><span class='ocrx_word' id='word_1_847' title='bbox 2170 5179 2259 5235; x_wconf 90' lang='lat' dir='ltr'><strong>Sic</strong></span> <span class='ocrx_word' id='word_1_848' title='bbox 2300 5177 2475 5231; x_wconf 86' lang='lat' dir='ltr'><strong>luceat</strong></span> <span class='ocrx_word' id='word_1_849' title='bbox 2520 5177 2604 5230; x_wconf 80' lang='lat' dir='ltr'><strong>lux</strong></span> <span class='ocrx_word' id='word_1_850' title='bbox 2638 5186 2812 5230; x_wconf 76' lang='lat' dir='ltr'><strong>vestra</strong></span> <span class='ocrx_word' id='word_1_851' title='bbox 2842 5190 3023 5231; x_wconf 87' lang='lat' dir='ltr'><strong>coram</strong></span> <span class='ocrx_word' id='word_1_852' title='bbox 3075 5176 3401 5238; x_wconf 89' lang='lat' dir='ltr'><strong>hominibus.</strong></span> <span class='ocrx_word' id='word_1_853' title='bbox 3436 5186 3492 5231; x_wconf 90' lang='lat' dir='ltr'><strong>ut</strong></span> <span class='ocrx_word' id='word_1_854' title='bbox 3534 5176 3756 5232; x_wconf 83' lang='lat' dir='ltr'><strong>videant</strong></span> 
     </span>
    </p>
   </div>
   <div class='ocr_carea' id='block_1_113' title="bbox 2170 5267 3752 5337">
    <p class='ocr_par' dir='ltr' id='par_1_113' title="bbox 2170 5267 3752 5337">
     <span class='ocr_line' id='line_1_113' title="bbox 2170 5267 3752 5337; baseline -0.004 -12"><span class='ocrx_word' id='word_1_855' title='bbox 2170 5279 2346 5325; x_wconf 82' lang='lat' dir='ltr'><strong>vestra</strong></span> <span class='ocrx_word' id='word_1_856' title='bbox 2387 5270 2522 5323; x_wconf 80' lang='lat' dir='ltr'><strong>bona</strong></span> <span class='ocrx_word' id='word_1_857' title='bbox 2577 5283 2761 5337; x_wconf 89' lang='lat' dir='ltr'><strong>opera,</strong></span> <span class='ocrx_word' id='word_1_858' title='bbox 2792 5278 2844 5322; x_wconf 91' lang='lat' dir='ltr'><strong>et</strong></span> <span class='ocrx_word' id='word_1_859' title='bbox 2893 5267 3196 5336; x_wconf 79' lang='lat' dir='ltr'><strong>gloriﬁcent</strong></span> <span class='ocrx_word' id='word_1_860' title='bbox 3249 5268 3319 5322; x_wconf 87' lang='lat' dir='ltr'><strong>Pa</strong></span> <span class='ocrx_word' id='word_1_861' title='bbox 3348 5282 3460 5322; x_wconf 85' lang='lat' dir='ltr'><strong>rem</strong></span> <span class='ocrx_word' id='word_1_862' title='bbox 3515 5280 3752 5321; x_wconf 84' lang='lat' dir='ltr'><strong>vestrum</strong></span> 
     </span>
    </p>
   </div>
   <div class='ocr_carea' id='block_1_114' title="bbox 2170 5358 3752 5432">
    <p class='ocr_par' dir='ltr' id='par_1_114' title="bbox 2170 5358 3752 5432">
     <span class='ocr_line' id='line_1_114' title="bbox 2170 5358 3752 5432; baseline -0.001 -19"><span class='ocrx_word' id='word_1_863' title='bbox 2170 5362 2258 5432; x_wconf 84' lang='lat' dir='ltr'><strong>qui</strong></span> <span class='ocrx_word' id='word_1_864' title='bbox 2289 5369 2371 5416; x_wconf 77' lang='lat' dir='ltr'><strong>est</strong></span> <span class='ocrx_word' id='word_1_865' title='bbox 2400 5359 2451 5413; x_wconf 90' lang='lat' dir='ltr'><strong>in</strong></span> <span class='ocrx_word' id='word_1_866' title='bbox 2483 5359 2657 5413; x_wconf 73' lang='lat' dir='ltr'><strong>cmlis.</strong></span> <span class='ocrx_word' id='word_1_867' title='bbox 2692 5389 2761 5397; x_wconf 89' lang='lat'><strong>—</strong></span> <span class='ocrx_word' id='word_1_868' title='bbox 2790 5359 3007 5412; x_wconf 73' lang='lat' dir='ltr'><strong>Manu.</strong></span> <span class='ocrx_word' id='word_1_869' title='bbox 3041 5375 3091 5420; x_wconf 85' lang='grc' dir='ltr'><strong>ν,</strong></span> <span class='ocrx_word' id='word_1_870' title='bbox 3146 5358 3329 5413; x_wconf 71' lang='grc'><strong>17-20.</strong></span> <span class='ocrx_word' id='word_1_871' title='bbox 3364 5358 3538 5412; x_wconf 83' lang='lat' dir='ltr'><strong>Nolite</strong></span> <span class='ocrx_word' id='word_1_872' title='bbox 3567 5367 3752 5427; x_wconf 79' lang='lat' dir='ltr'><strong>putare</strong></span> 
     </span>
    </p>
   </div>
   <div class='ocr_carea' id='block_1_115' title="bbox 2172 5447 3748 5522">
    <p class='ocr_par' dir='ltr' id='par_1_115' title="bbox 2172 5447 3748 5522">
     <span class='ocr_line' id='line_1_115' title="bbox 2172 5447 3748 5522; baseline -0.003 -18"><span class='ocrx_word' id='word_1_873' title='bbox 2172 5452 2419 5522; x_wconf 79' lang='lat' dir='ltr'><strong>quoniam</strong></span> <span class='ocrx_word' id='word_1_874' title='bbox 2442 5450 2561 5504; x_wconf 88' lang='lat' dir='ltr'><strong>veni</strong></span> <span class='ocrx_word' id='word_1_875' title='bbox 2584 5450 2794 5503; x_wconf 77' lang='lat' dir='ltr'><strong>solvere</strong></span> <span class='ocrx_word' id='word_1_876' title='bbox 2826 5450 2995 5518; x_wconf 86' lang='lat' dir='ltr'><strong>legem</strong></span> <span class='ocrx_word' id='word_1_877' title='bbox 3025 5459 3116 5503; x_wconf 87' lang='lat' dir='ltr'><strong>aut</strong></span> <span class='ocrx_word' id='word_1_878' title='bbox 3141 5450 3427 5516; x_wconf 88' lang='lat' dir='ltr'><strong>prophetas</strong></span> <span class='ocrx_word' id='word_1_879' title='bbox 3454 5464 3467 5500; x_wconf 87' lang='lat'><strong>:</strong></span> <span class='ocrx_word' id='word_1_880' title='bbox 3498 5460 3604 5500; x_wconf 91' lang='lat' dir='ltr'><strong>non</strong></span> <span class='ocrx_word' id='word_1_881' title='bbox 3628 5447 3748 5500; x_wconf 82' lang='lat' dir='ltr'><strong>veni</strong></span> 
     </span>
    </p>
   </div>
   <div class='ocr_carea' id='block_1_116' title="bbox 2124 5537 3750 5610">
    <p class='ocr_par' dir='ltr' id='par_1_116' title="bbox 2124 5537 3750 5610">
     <span class='ocr_line' id='line_1_116' title="bbox 2124 5537 3750 5610; baseline -0.005 -11"><span class='ocrx_word' id='word_1_882' title='bbox 2124 5570 2129 5571; x_wconf 52' lang='grc' dir='ltr'><em>ν</em></span> <span class='ocrx_word' id='word_1_883' title='bbox 2170 5546 2397 5608; x_wconf 66' lang='lat' dir='ltr'><strong>solvere,</strong></span> <span class='ocrx_word' id='word_1_884' title='bbox 2431 5541 2523 5596; x_wconf 89' lang='lat' dir='ltr'><strong>sed</strong></span> <span class='ocrx_word' id='word_1_885' title='bbox 2549 5541 2857 5607; x_wconf 52' lang='lat' dir='ltr'><strong>adimplere.</strong></span> <span class='ocrx_word' id='word_1_886' title='bbox 2889 5540 3060 5595; x_wconf 83' lang='lat' dir='ltr'><strong>Amen</strong></span> <span class='ocrx_word' id='word_1_887' title='bbox 3086 5540 3283 5610; x_wconf 88' lang='lat' dir='ltr'><strong>quippe</strong></span> <span class='ocrx_word' id='word_1_888' title='bbox 3310 5540 3431 5592; x_wconf 88' lang='lat' dir='ltr'><strong>dico</strong></span> <span class='ocrx_word' id='word_1_889' title='bbox 3460 5537 3633 5604; x_wconf 91' lang='lat' dir='ltr'><strong>vobis,</strong></span> <span class='ocrx_word' id='word_1_890' title='bbox 3658 5538 3750 5591; x_wconf 68' lang='grc' dir='ltr'><strong>ὀθ-</strong></span> 
     </span>
    </p>
   </div>
   <div class='ocr_carea' id='block_1_117' title="bbox 2150 5633 3749 5713">
    <p class='ocr_par' dir='ltr' id='par_1_117' title="bbox 2150 5633 3749 5713">
     <span class='ocr_line' id='line_1_117' title="bbox 2150 5633 3749 5713; baseline -0.008 -16"><span class='ocrx_word' id='word_1_891' title='bbox 2150 5653 2270 5697; x_wconf 80' lang='lat' dir='ltr'><strong>.nec</strong></span> <span class='ocrx_word' id='word_1_892' title='bbox 2298 5646 2531 5692; x_wconf 71' lang='lat' dir='ltr'><strong>transeat</strong></span> <span class='ocrx_word' id='word_1_893' title='bbox 2559 5633 2752 5690; x_wconf 71' lang='lat' dir='ltr'><strong>emittm</strong></span> <span class='ocrx_word' id='word_1_894' title='bbox 2801 5642 2855 5690; x_wconf 88' lang='lat' dir='ltr'><strong>et</strong></span> <span class='ocrx_word' id='word_1_895' title='bbox 2909 5644 3071 5699; x_wconf 83' lang='lat' dir='ltr'><strong>terra,</strong></span> <span class='ocrx_word' id='word_1_896' title='bbox 3122 5635 3227 5689; x_wconf 83' lang='lat' dir='ltr'><strong>iota</strong></span> <span class='ocrx_word' id='word_1_897' title='bbox 3282 5648 3445 5688; x_wconf 87' lang='lat' dir='ltr'><strong>unum</strong></span> <span class='ocrx_word' id='word_1_898' title='bbox 3492 5642 3591 5713; x_wconf 20' lang='lat' dir='ltr'><strong>aut,</strong></span> <span class='ocrx_word' id='word_1_899' title='bbox 3616 5647 3749 5687; x_wconf 85' lang='lat' dir='ltr'><strong>unus</strong></span> 
     </span>
    </p>
   </div>
  </div>
