4026 6196
247 397 338 453 Ξίὶ9

999 397 1581 456 EVANGEL-ICARUM
1624 396 2130 455 IIARMONIARUM
2164 382 2743 455 INTERPRETATIO.

3396 399 3495 456 27C

250 528 376 581 apex
411 526 513 564 non
556 509 848 580 praeteribit
887 523 916 564 a
949 510 1087 580 lege,
1132 511 1304 567 donec
1332 512 1511 567 omnia
1542 512 1690 567 fiant.
1721 511 1825 577 Qui
1854 513 1903 574 Α
1931 526 2101 581 neque
2140 526 2232 581 per
2268 512 2483 575 coelum,
2515 512 2636 581 quia
2681 511 2903 564 thronus
2950 509 3043 564 Dei
3069 518 3169 575 est,
3209 525 3378 581 neque
3405 526 3499 581 per

250 616 374 671 ergo
399 602 616 655 solverit
646 616 807 654 unum
833 601 902 656 de
933 600 1196 655 mandatis
1228 602 1345 656 istis
1383 602 1618 657 minimis
1643 609 1697 657 et
1723 602 1820 656 do-

250 692 412 745 cuerit
433 691 511 745 sic
529 690 795 754 homines,
818 691 1069 746 minimus
1094 691 1372 746 vocabitur
1400 693 1455 748 in
1476 707 1641 762 regno
1662 693 1825 747 caelo-

253 798 384 837 rum.
408 782 509 848 Qui
539 794 725 838 autem
746 784 928 839 fecerit
949 793 1002 838 et
1046 782 1290 857 docuerit
1322 785 1399 838 sic
1428 783 1697 848 homines,
1724 784 1825 840 .hic

253 890 466 943 magnus
488 875 766 929 vocabitur
794 877 848 931 in
876 889 1041 945 regno
1061 875 1343 931 chorum.
1360 876 1489 931 Dico
1509 878 1651 931 enim
1672 877 1823 933 vobis

253 967 365 1034 quia
397 965 497 1019 nisi
520 965 874 1020 abundaverit
899 965 1105 1039 justitia
1132 974 1310 1021 vestra
1338 967 1458 1035 plus
1487 982 1649 1037 quam
1678 968 1824 1027 Scri:

254 1060 430 1112 barum
463 1067 518 1115 et
553 1058 971 1126 Pharisteorum,
1020 1072 1127 1114 nou
1176 1058 1444 1115 intrabitis
1495 1060 1548 1114 in
1600 1074 1821 1130 regnum

251 1151 523 1207 ctelorum.

809 1264 1035 1322 CAPUT
1075 1266 1261 1323 XXVI.
1352 1230 1355 1239 ’

722 1358 1021 1413 Iracundia:
1057 1359 1351 1428 prohibitio.

312 1468 606 1537 Murmv,
635 1469 825 1523 21-22.
870 1469 1110 1524 Audistis
1140 1470 1262 1541 quia
1307 1471 1508 1527 dictum
1557 1480 1642 1529 est
1686 1475 1824 1531 anti-

260 1564 377 1631 quis
406 1580 422 1618 :
449 1562 563 1617 Non
617 1561 869 1617 occides:
896 1562 985 1632 qui
1013 1572 1195 1617 autem
1249 1563 1527 1630 occiderit,
1557 1580 1679 1620 reus
1719 1566 1824 1621 erit

254 1658 441 1709 mortis
468 1662 497 1691 α
547 1652 745 1726 (Exod.
794 1668 892 1720 xx,
925 1654 1024 1717 I3;
1054 1651 1209 1707 Deut.
1241 1669 1295 1721 v,
1327 1654 1439 1725 I7).
1490 1657 1601 1725 Ego
1644 1664 1821 1722 autem

255 1744 372 1800 dico
397 1744 567 1810 vobis,
601 1746 725 1813 quia
746 1745 923 1799 omnis
946 1744 1036 1815 qui
1083 1745 1331 1800 irascitur
1355 1745 1506 1801 fratri
1537 1762 1653 1813 suo,
1696 1764 1821 1805 reus

254 1837 352 1891 erit
370 1835 594 1906 judicio.
625 1834 725 1902 Qui
748 1844 926 1891 autem
958 1836 1156 1891 dixerit
1190 1835 1340 1891 fratri
1371 1850 1491 1907 suo,
1524 1852 1668 1907 raca,
1699 1854 1822 1897 reus

255 1928 352 1983 erit
379 1929 623 1984 concilio.
652 1928 755 1996 Qui
784 1938 974 1984 autem
1014 1929 1232 1999 dixerit,
1266 1929 1433 1998 fatue,
1456 1944 1583 1987 reus
1604 1933 1705 1988 erit
1732 1947 1825 2003 ge-

256 2018 445 2076 hennae
472 2019 631 2088 ignis.
1706 2046 1709 2049 ·

800 2129 1026 2186 CAPUT
1064 2129 1277 2186 XXVII.
1472 2200 1475 2201 ν

557 2219 633 2275 De
657 2221 991 2292 relinquendo
1012 2238 1197 2277 munus
1226 2224 1295 2276 ad
1321 2222 1507 2279 altare.

324 2334 543 2389 Hann.
574 2348 629 2399 v,
658 2333 857 2390 23'26.
909 2334 964 2389 Si
995 2350 1122 2407 ergo
1163 2335 1322 2391 oII'ers
1352 2350 1545 2393 munus
1572 2345 1719 2393 tuum
1763 2338 1830 2394 ad

234 2426 449 2501 ,altarc,
472 2433 528 2480 et
550 2425 621 2480 ibi
649 2427 963 2483 recordatus
992 2427 1156 2484 fueris
1185 2431 1306 2498 quia
1337 2429 1501 2485 frater
1529 2441 1649 2485 tuus
1672 2431 1834 2488 habet

263 2517 456 2587 aliquid
486 2518 767 2573 adversum
800 2527 852 2573 te
883 2534 899 2575 :
932 2513 1173 2589 relinque
1209 2518 1282 2575 ibi
1311 2534 1506 2575 munus
1536 2529 1683 2575 tuum
1712 2531 1833 2578 ante

262 2610 447 2678 altare,
477 2618 533 2664 et
558 2609 693 2665 vade
720 2606 866 2678 prius
906 2611 1241 2667 reconciliari
1291 2611 1442 2667 fratri
1470 2620 1583 2683 tuo,
1626 2623 1681 2669 et
1709 2624 1834 2673 tunc

262 2703 480 2758 veniens
506 2702 697 2759 offeres
729 2718 921 2758 munus
948 2714 1116 2759 tuum.
1141 2705 1275 2761 Esto
1288 2709 1627 2764 consentiens
1647 2710 1836 2766 adver-
1914 2736 1919 2741 ο

258 2794 405 2848 sario
433 2803 522 2849 tuo
548 2788 681 2861 cito,
714 2794 840 2850 dum
868 2794 1007 2851 es'in
1035 2796 1120 2852 via
1151 2812 1271 2853 cum
1302 2814 1401 2867 eo;
1433 2815 1501 2856 ne
1541 2800 1679 2858 forte
1723 2811 1833 2859 tra-

261 2883 349 2937 dat
396 2893 448 2938 te
492 2883 829 2941 adversarius
872 2886 1059 2955 judici,
1091 2895 1146 2943 et
1191 2888 1355 2957 judex
1396 2891 1571 2946 tradat
1597 2901 1649 2948 te
1678 2895 1836 2949 mini-

262 2983 396 3042 stro,
438 2987 492 3030 et
538 2977 588 3030 in
633 2990 903 3033 carcerein
952 2980 1202 3035 mittaris.
1236 2981 1405 3037 Amen
1434 2983 1553 3039 dico
1578 2985 1692 3051 tibi,
1731 3002 1834 3044 non

263 3068 420 3123 caios
446 3068 592 3138 inde,
623 3070 793 3126 donec
823 3071 1016 3127 reddas
1046 3070 1394 3127 novissimum
1426 3075 1799 3145 quadrantem.

797 3187 1022 3243 CAPUT
1062 3187 1295 3243 XXVIII.

629 3277 708 3333 De
742 3279 998 3333 adulterio
1036 3281 1483 3350 concupiscentia.

334 3390 560 3446 bin-ru.
590 3406 643 3457 v,
670 3390 865 3449 27-50.
892 3391 1130 3447 Audistis
1160 3393 1281 3462 quia
1329 3394 1530 3450 dictum
1573 3404 1657 3450 est
1697 3398 1838 3453 anti-

266 3482 424 3547 quis:
458 3480 571 3534 Non
614 3481 968 3537 tumchaberis
1015 3482 1213 3552 (Exod.
1249 3500 1341 3551 xx,
1376 3483 1487 3555 14).
1522 3485 1634 3556 Ego
1661 3497 1837 3542 autem

267 3573 387 3625 dico
417 3571 567 3626 vobis
604 3573 856 3642 quoniam
904 3576 1077 3630 omnis
1104 3574 1196 3645 qui
1226 3576 1421 3631 viderit
1463 3578 1743 3634 mulierem
1771 3580 1839 3636 ad

266 3660 751 3730 concupiscendum
791 3678 930 3732 eam,
978 3664 1089 3733 jam
1149 3665 1444 3721 moechatus
1492 3677 1574 3722 est
1618 3684 1735 3724 eam
1786 3671 1839 3726 in

269 3748 431 3808 corde
457 3767 575 3807 suo.
607 3753 757 3820 Quod
780 3755 824 3809 si
852 3755 1039 3810 oculus
1062 3765 1187 3811 tuus
1207 3755 1397 3813 dexter
1414 3759 1739 3816 scandalizat
1766 3771 1838 3829 te,

267 3859 395 3901 erue
417 3862 539 3925 cum
572 3846 850 3917 etprojice
874 3847 971 3902 abs
998 3856 1049 3903 te
1081 3864 1093 3900 :
1124 3849 1345 3918 expedit
1373 3851 1513 3905 enim
1543 3852 1635 3907 tibi
1667 3862 1722 3907 ut
1745 3868 1839 3923 pe-

202 3997 221 4017 .
272 3950 384 3995 rcat
408 3957 575 4007 unum
607 3942 967 3997 membrorum
997 3952 1210 4013 tuorum
1252 3959 1410 4013 quam
1442 3953 1609 3999 totum
1648 3961 1840 4016 corpus

272 4042 414 4085 tuutu
438 4033 683 4087 mittatur
716 4034 768 4087 in
806 4034 1125 4102 gehennam.
1187 4034 1250 4088 Et
1291 4035 1335 4088 si
1382 4034 1598 4091 dextera
1653 4051 1841 4093 manus

273 4127 364 4173 tua
394 4120 715 4176 scandalizat
749 4132 822 4188 te,
855 4122 1109 4209 abscinde
1137 4136 1276 4189 eam,
1309 4133 1363 4178 et
1392 4123 1593 4191 projice
1619 4124 1717 4179 abs
1746 4135 1796 4180 te
1824 4142 1839 4179 :

272 4213 489 4280 expedit
526 4213 671 4269 enim
704 4213 798 4269 tibi
834 4226 889 4268 ut
918 4223 1103 4283 pereat
1130 4229 1293 4269 unum
1323 4215 1683 4270 membrorum
1728 4226 1842 4272 tuo-

276 4314 411 4368 rum,
441 4316 602 4371 quam
631 4310 797 4358 totum
826 4317 1023 4373 corpus
1053 4312 1201 4357 tuum
1229 4313 1316 4359 eat
1342 4304 1393 4359 in
1413 4304 1734 4374 gehennam.

835 4411 1061 4468 CAPUT
1100 4412 1295 4499 XXIX.

888 4507 966 4562 De
1000 4508 1233 4579 repudio.

1926 610 2143 668 terram,
2188 602 2308 670 quit
2359 602 2648 656 scnbellum
2681 610 2763 656 est
2793 601 2985 669 pedum
3016 601 3166 669 ejus;
3201 616 3369 671 neque
3399 618 3495 671 per
3562 592 3573 603 ’

1925 691 2375 763 Hierosolymam,
2407 695 2527 762 quia
2578 693 2765 747 civitas
2815 701 2897 746 cst
2937 692 3111 761 magni
3151 691 3487 761 regisU’sal.

1925 798 2090 847 XLVII,
2141 784 2230 853 5);
2257 798 2427 854 neque
2457 798 2553 853 per
2571 790 2905 852 capuMuum
2929 782 3213 849 iuraveris,
3243 782 3367 851 quia
3390 797 3499 835 non

1924 883 2075 943 potes
2099 890 2257 927 unum
2283 860 2532 943 capillum
2561 874 2740 929 album
2789 871 2965 928 facere
2988 880 3073 925 aut
3129 872 3358 941 nigrum.
3409 871 3493 926 Sit

1922 976 2098 1020 autem
2143 980 2319 1021 sermo
2366 975 2587 1021 vester:
2638 975 2743 1033 est,
2799 974 2911 1030 est;
2971 979 3107 1030 non,
3159 977 3302 1018 non:
3356 962 3497 1032 quod

1923 1065 2101 1111 autem
2129 1056 2211 1112 his
2241 1057 2598 1112 abundantius
2633 1065 2746 1120 θοι,
2775 1070 2805 1108 a
2838 1055 2977 1108 malo
3002 1061 3107 1109 est.

2497 1172 2724 1229 CAPUT
2763 1172 2953 1227 XXXI.

2066 1265 2146 1320 De
2171 1283 2228 1321 eo
2262 1266 2397 1336 quod
2421 1268 2665 1336 scriptam
2695 1274 2767 1319 est
2786 1305 2801 1333 ,
2834 1264 3033 1319 oculum
3062 1278 3154 1332 pro
3186 1264 3354 1316 oculo.

1995 1377 2205 1431 ΜΔΤΊἮ.
2248 1393 2298 1441 v,
2345 1376 2551 1442 58-42;
2598 1376 2726 1431 Luc.
2760 1391 2847 1439 vr,
2890 1375 3075 1428 29-50.
3112 1371 3349 1426 Audistis
3370 1370 3496 1439 quia

1924 1467 2124 1521 dictum
2146 1476 2265 1522 est:
2295 1466 2517 1521 Oculum
2560 1480 2657 1534 pro
2687 1466 2860 1529 oculo,
2886 1473 2941 1517 et
2961 1464 3172 1517 dentem
3202 1475 3295 1529 pro
3340 1460 3499 1513 dente

1926 1554 2121 1629 (Exod.
2155 1572 2266 1623 χχι,
2302 1558 2402 1620 2|;
2432 1555 2550 1610 Leu.
2585 1571 2729 1620 xxtv,
2767 1554 2867 1617 2:);
2908 1552 3062 1605 Deut.
3095 1566 3218 1613 th,
3249 1549 3366 1617 2U-
3392 1548 3502 1616 E80

1924 1657 2098 1704 autem
2129 1647 2247 1702 dico
2267 1649 2437 1710 vobis,
2465 1662 2569 1702 non
2594 1648 2844 1701 resistere
2875 1645 3015 1699 malo
3043 1660 3059 1698 :
3091 1642 3187 1698 sed
3218 1642 3263 1694 si
3294 1640 3413 1709 quis
3449 1647 3502 1692 te

1926 1740 2248 1809 percusserit
2270 1741 2325 1795 in
2347 1740 2619 1795 dexteram
2648 1738 2915 1792 maxillam
2939 1746 3101 1799 tuam,
3131 1732 3309 1801 przebe
3339 1730 3413 1785 illi
3440 1740 3496 1786 et

1931 1830 2179 1884 alteram.
2207 1830 2275 1886 Et
2298 1830 2346 1883 ei
2376 1829 2463 1898 qui
2487 1828 2603 1882 vult
2637 1839 2808 1882 tecum
2834 1826 3038 1895 judicio
3078 1822 3425 1889 contendere,
3450 1828 3509 1875 et

1861 1896 1906 1955 Β
1936 1923 2167 1976 tunicam
2198 1930 2338 2003 tuam
2370 1896 2580 1988 tollere,
2616 1913 2826 1975 dimitte
2850 1919 2900 1973 ei
2950 1928 3007 1973 et
3039 1916 3281 1986 pallium.
3304 1913 3371 1968 Et
3385 1912 3507 1982 qui.

1930 2028 2137 2084 cunque
2168 2023 2219 2069 te
2246 2013 2604 2083 angariaverit
2651 2012 2795 2067 mille
2829 2025 3038 2092 passus,
3081 2008 3214 2064 vade
3240 2022 3362 2063 cum
3411 2004 3508 2059 illo

1930 2103 2033 2159 alia
2061 2104 2188 2160 duo.
2216 2105 2315 2171 Qui
2352 2105 2533 2172 petita
2559 2112 2633 2167 te,
2679 2103 2745 2156 da
2773 2103 2823 2157 ei
2866 2120 2879 2156 :
2908 2113 2963 2156 et
2994 2102 3190 2155 volenti
3223 2095 3449 2152 mutuari
3474 2110 3507 2149 a

1932 2202 2008 2261 te,
2041 2207 2109 2249 ne
2144 2196 2423 2249 avertaris.
2473 2196 2541 2248 Et
2567 2194 2654 2264 qui
2684 2195 2857 2247 aufert
2880 2207 2998 2262 qua:
3026 2203 3112 2245 tua
3141 2199 3285 2250 sunt.
3317 2202 3385 2241 ne
3422 2199 3508 2239 rc-

1931 2292 2101 2353 petas.
2126 2313 2196 2323 -—
2224 2282 2554 2350 Lcc.vt,5l.
2587 2284 2650 2338 Et
2682 2293 2837 2351 prout
2864 2283 3024 2337 vultis
3054 2290 3111 2335 ut
3137 2280 3331 2335 faciant
3359 2274 3509 2329 vobis

1931 2373 2199 2441 homines,
2223 2368 2278 2431 et
2309 2389 2405 2429 vos
2430 2373 2585 2429 facite
2607 2374 2714 2429 illis
2740 2375 3004 2430 similiter.

2480 2491 2707 2548 carm
2744 2490 2961 2565 xxxtt.

2356 2584 2434 2640 De
2468 2584 2730 2657 diligendo
2768 2586 3078 2655 proximum.

2005 2697 2219 2753 Mum.
2248 2713 2301 2764 v,
2332 2697 2531 2763 43-46;
2558 2697 2691 2754 Luc.
2722 2712 2774 2764 v,
2796 2697 2986 2752 27-28.
3011 2695 3248 2752 Audistis
3274 2694 3395 2766 quia
3426 2694 3513 2750 di-

1924 2798 2077 2846 ‘cturn
2107 2798 2189 2846 est
2214 2791 2448 2859 antiquis
2472 2808 2484 2844 :
2513 2790 2710 2860 Diliges
2733 2782 3032 2859 proximum
3066 2800 3237 2856 tuum,
3280 2798 3334 2843 ct
3358 2787 3511 2842 odies

1939 2880 2211 2935 inimicum
2246 2890 2394 2936 tuum
2419 2881 2713 2955 (Lgtnnx,
2746 2880 2855 2950 18).
2903 2881 3011 2949 Ego
3037 2888 3215 2933 autem
3254 2878 3372 2933 dico
3408 2891 3509 2931 vo-

1937 2970 2056 3026 bis:
2089 2971 2300 3041 Diligite
2335 2971 2580 3026 inimicos
2618 2979 2844 3030 vestros.
2876 2969 3173 3023 bcnefacite
3202 2968 3283 3023 his
3303 2969 3392 3038 qui
3416 2980 3513 3022 vos

1939 3061 2167 3117 oderunt
2198 3104 2212 3127 ,
2237 3070 2292 3117 et
2320 3071 2470 3116 orate
2493 3076 2588 3132 pro
2617 3060 3059 3129 persequentibus
3097 3069 3151 3114 et
3176 3059 3511 3115 calumnian-

1941 3153 2083 3209 tibus
2110 3168 2225 3219 vos,
2250 3162 2308 3209 ut
2333 3154 2450 3208 sitis
2480 3152 2573 3208 filii
2603 3152 2776 3207 Patris
2818 3153 2982 3207 vestri
3007 3151 3098 3222 qui
3139 3152 3192 3206 in
3228 3154 3376 3207 cmlis
3406 3160 3509 3214 est,

1868 3247 1913 3309 C
1942 3248 2029 3316 qui
2049 3247 2215 3301 solem
2247 3261 2399 3301 suum
2425 3246 2554 3301 oriri
2606 3246 2729 3301 facit
2767 3260 2931 3315 super
2958 3245 3127 3299 malos
3147 3253 3205 3299 et
3241 3244 3430 3310 bnnos,
3459 3254 3514 3301 et

1941 3339 2074 3408 pluit
2120 3353 2281 3407 super
2305 3338 2479 3407 justus
2500 3347 2556 3393 et
2585 3337 2834 3407 injustos.
2864 3365 2934 3378 ——
2959 3335 3088 3390 Luc.
3120 3351 3207 3402 vt,
3235 3334 3421 3389 52—34.
3452 3335 3512 3391 Si

1941 3432 2083 3486 enim
2113 3429 2331 3499 diligitis
2354 3444 2448 3485 eos
2479 3429 2568 3499 qui
2602 3444 2696 3484 vos
2720 3428 2961 3498 diligunt,
3005 3444 3161 3498 quam
3210 3428 3512 3484 mercedem

1944 3520 2250 3576 habebitis?
2291 3534 2469 3575 nonne
2517 3529 2571 3575 et
2614 3519 2878 3589 publicani
2923 3519 3025 3574 hoc
3067 3519 3304 3575 faciunt?
3349 3520 3417 3589 Et
3466 3520 3515 3575 si

1944 3610 2078 3666 bene
2109 3609 2342 3665 feceritis
2373 3608 2456 3664 his
2484 3609 2574 3679 qui
2614 3609 2753 3664 bene
2777 3608 2928 3664 vobis
2970 3609 3184 3674 faciunt,
3216 3626 3332 3679 qua:
3364 3610 3515 3664 vobis

1942 3702 2246 3771 cstgratia?
2271 3701 2535 3771 siquidem
2576 3708 2632 3754 et
2658 3701 3095 3769 peccatoreshoc
3116 3701 3334 3754 faciunt.
3382 3701 3512 3754 Etsi

1943 3800 2180 3847 mutuum
2205 3793 2461 3848 dederitis
2487 3790 2569 3845 his
2589 3805 2618 3844 a
2640 3791 2831 3859 quibus
2859 3792 3082 3860 Speratis
3104 3793 3364 3861 recipere,
3395 3808 3513 3861 quae

1943 3881 2108 3949 gratia
2136 3891 2217 3936 cst
2242 3882 2432 3936 vobis?
2473 3897 2592 3934 nam
2619 3890 2673 3935 et
2699 3889 3011 3950 peccatores
3044 3882 3408 3949 peccatoribus
3439 3882 3516 3935 fe-

1944 3980 2218 4035 nerantur,
2246 3980 2304 4027 ut
2329 3971 2587 4040 recipiant
2632 3971 2875 4039 a'qualia.
2909 4001 2978 4012 —
3000 3971 3214 4025 ΜΑττη.
3245 3988 3299 4035 v,
3319 3973 3508 4029 47-48..

1945 4060 2013 4114 Et
2040 4062 2083 4115 si
2110 4061 2468 4116 salutaveritis
2510 4055 2699 4114 fratres
2732 4070 2941 4115 vestros
2980 4070 3202 4127 tantum,
3250 4062 3373 4132 quid
3404 4078 3514 4117 ant-

1944 4150 2085 4223 plius
2120 4151 2323 4205 facitis?
2365 4166 2539 4223 nonne
2566 4161 2619 4206 et
2662 4151 2860 4207 ethnici
2893 4153 2995 4206 hoc
3023 4152 3256 4207 faciunt?
3290 4182 3355 4196 -—
3383 4154 3514 4209 Luc.

1945 4220 2247 4309 “335-56.
2280 4243 2655 4298 Verumtamen
2696 4243 2900 4313 diligite
2928 4245 3171 4299 inimicos
3202 4256 3426 4312 vestros,
3456 4257 3504 4299 et

1944 4334 2258 4400 benefacite,
2289 4342 2341 4389 et
2364 4344 2603 4389 mutuum
2634 4336 2755 4391 date
2786 4335 2919 4390 nihil
2960 4336 3083 4391 inde
3122 4347 3397 4406 sperantes
3422 4356 3436 4392 :
3460 4349 3513 4394 et

1945 4422 2048 4478 erit
2067 4437 2271 4478 merces
2298 4432 2472 4478 vestra
2498 4427 2685 4488 multa,
2714 4436 2766 4477 et
2787 4425 2935 4479 eritis
2964 4425 3054 4479 lilii
3077 4426 3357 4493 Altissimi,
3387 4431 3513 4497 quia

1946 4516 2059 4583 ipse
2088 4515 2344 4584 benignus
2389 4523 2469 4569 est
2513 4529 2674 4584 super
2717 4515 2953 4585 ingratos
2990 4525 3046 4571 et
3089 4518 3277 4574 malos.
3336 4520 3519 4576 Estote

349 4616 553 4673 Μητη,
588 4634 642 4683 ν,
675 4618 867 4673 51-52,
912 4618 1121 4674 Dictum
1153 4629 1236 4674 εει
1278 4628 1456 4677 autem
1486 4641 1498 4677 ε
1532 4619 1843 4695 Quicunque
1872 4614 1923 4673 ι)
1947 4622 2073 4677 ergo
2103 4608 2472 4662 misericordes
2487 4608 2624 4662 sicut
2645 4620 2695 4663 et
2726 4608 2881 4664 Pater
2896 4620 3070 4664 vester
3094 4610 3393 4666 misericors
3410 4622 3515 4666 est.

272 4704 529 4763 dimiserit
578 4721 805 4764 uxorem
852 4724 1022 4773 suam,
1082 4709 1173 4764 det
1222 4710 1292 4763 illi
1338 4710 1578 4766 libellum
1633 4714 1841 4783 repudii

268 4798 452 4867 (Deut.
480 4819 631 4871 xxtv,
682 4804 760 4874 1).
795 4803 904 4873 Ego
943 4816 1118 4858 autem
1142 4804 1262 4860 dico
1289 4805 1477 4862 vobis:
1509 4809 1631 4877 quia
1662 4813 1839 4866 omnis

268 4889 363 4956 qui
414 4891 669 4948 dimiserit
715 4909 936 4949 uxorem
994 4910 1173 4964 suam,
1208 4908 1429 4969 excepta
1471 4898 1838 4958 fornicationis

265 4994 451 5047 causa,
475 4984 596 5038 favit
616 4999 735 5041 eam
760 4986 1015 5041 moechari
1044 5002 1059 5041 :
1088 4995 1143 5042 et
1172 4988 1259 5058 qui
1290 4990 1563 5047 dimissam
1601 4991 1833 5060 duxerit,

266 5072 545 5130 adulterat.

832 5186 1054 5245 CAPUT
1095 5191 1260 5245 XXX.

836 5277 915 5334 De
958 5283 1271 5351 iuramento.

343 5383 559 5447 Narra.
582 5405 634 5455 v,
668 5392 874 5448 53-37.
905 5394 1140 5450 Audistis
1170 5397 1287 5465 quia
1326 5380 1531 5453 dictum
1576 5410 1657 5455 est
1700 5398 1839 5456 anti-

265 5476 433 5542 quis:
462 5479 570 5536 Non
596 5483 910 5551 peierabis:
960 5486 1151 5541 red‘Jcs
1197 5498 1373 5543 autem
1424 5478 1648 5545 Domino
1692 5493 1839 5560 jura-

268 5582 452 5624 menta
482 5584 565 5629 tua
606 5576 804 5631 (Exod.
834 5595 923 5644 xx,
956 5583 1022 5643 7;
1076 5580 1234 5634 Leuit.
1282 5598 1391 5644 xix,
1442 5584 1532 5644 ης
1589 5584 1738 5638 Deut.
1784 5603 1835 5652 v,

276 5658 527 5732 Il).Ego
579 5676 756 5721 autem
806 5667 928 5724 dico
970 5670 1167 5725 vobis:
1212 5671 1327 5727 Non
1374 5673 1558 5743 iurare
1599 5677 1839 5745 omnino,

354 5826 387 5854 ⁸
426 5820 531 5892 δικ,
557 5835 617 5901 τῇ
645 5831 821 5907 γρὶσει.
855 5828 1031 5901 Vulg.,
1056 5831 1280 5904 judicio.

1949 4698 2132 4753 Estote
2173 4713 2299 4765 ergo
2325 4713 2421 4753 vos
2451 4700 2666 4767 perfecti
2706 4697 2841 4753 sicut
2878 4710 2929 4755 et
2968 4699 3123 4753 Pater
3155 4712 3329 4755 vester
3354 4704 3517 4755 caele-

1946 4789 2044 4844 stis
2073 4789 2336 4860 perfectus
2355 4800 2458 4846 est.

2476 4899 2702 4956 CAPUT
2741 4900 2975 4955 XXXIII.

2394 5013 2690 5087 οεοοσειιιιη
2722 5016 3055 5083 eleemosyua.

2019 5128 2228 5184 Mirm.
2275 5146 2361 5195 vt,
2395 5130 2505 5183 1-4.
2560 5128 2833 5183 Attentlite
2875 5142 2941 5180 ne
2977 5126 3236 5196 justitiam
3285 5137 3514 5183 vestram

1949 5219 2153 5272 faciatis
2184 5233 2361 5272 coram
2388 5218 2713 5276 hominibus.
2743 5227 2799 5270 ut
2830 5216 3111 5270 videamini
3141 5218 3207 5272 ab
3235 5218 3313 5272 eis
3343 5235 3357 5272 :
3391 5219 3517 5273 alio.

1948 5311 2038 5378 qui
2071 5310 2369 5365 mercedem
2400 5300 2503 5363 non
2546 5308 2807 5362 habebitis
2831 5308 2971 5377 apud
3018 5307 3226 5364 Pattem
3259 5319 3515 5371 vestrum.

1948 5404 2035 5471 qui
2062 5403 2112 5456 in
2144 5401 2296 5455 caelis
2323 5410 2422 5455 est.
2457 5399 2589 5454 Cum
2624 5416 2749 5467 ergo
2790 5400 2919 5453 facis
2960 5400 3129 5463 eleem
3150 5413 3376 5470 tsynam.
3404 5400 3511 5452 noli

1947 5492 2068 5545 tuha
2095 5506 2285 5545 canere
2317 5500 2439 5545 ante
2468 5499 2539 5558 lc,
2563 5490 2697 5545 sicut
2729 5492 3016 5563 hypocrita:
3047 5490 3244 5544 facl‘tnt
3274 5490 3325 5542 in
3356 5503 3515 5556 syna-

1947 5589 2091 5656 gngis
2130 5586 2274 5649 etin
2327 5586 2472 5651 vicis,
2523 5595 2582 5640 ut
2628 5586 3045 5641 honorificentur
3087 5582 3153 5635 ab
3184 5580 3510 5636 hominibus.

1949 5679 2117 5737 Amen
2156 5678 2275 5737 dico
2305 5678 2475 5748 vobis,
2520 5688 2838 5752 receperunt
2875 5676 3175 5736 mercedem
3221 5688 3394 5730 suam.
3440 5674 3517 5730 'l‘e
