3980 6196
522 392 614 443 ἓῗι

526 593 646 660 quid
675 593 829 644 faciat
854 591 1072 644 dextera
1103 599 1206 650 tua,
1226 591 1362 642 utsit
1392 589 1732 657 eleemosyna
1769 597 1857 640 tua
1886 587 1937 640 in
1969 586 2097 640 abs-

525 699 689 738 Conso
726 702 738 736 :
777 693 830 738 et
861 684 1013 736 Pater
1072 691 1212 747 tttus,
1243 682 1330 749 qui
1356 680 1496 735 videt
1524 681 1577 735 in
1605 679 1890 746 absconso,
1913 677 2101 733 reddet

531 778 642 830 tibi.

1063 903 1284 960 CAPUT
1324 904 1562 959 XXXIV.

1021 995 1091 1048 De
1130 1009 1318 1050 secreta
1357 998 1602 1052 oratione.

602 1132 817 1186 MAT‘I'II.
851 1148 930 1194 vi,
975 1130 1125 1184 5-15.
1172 1131 1380 1184 Etcum
1412 1131 1598 1195 oratis,
1645 1144 1747 1182 non
1779 1128 1926 1182 eritis
1965 1128 2104 1181 sicut

535 1224 851 1291 Iiypocritm,
903 1221 990 1286 qui
1034 1231 1217 1273 ainant
1266 1221 1315 1274 in
1364 1220 1648 1290 synagogis
1705 1228 1755 1272 et
1799 1219 1848 1271 in
1897 1218 2104 1286 angulis

533 1313 824 1380 platearum
856 1318 1055 1361 stantes
1085 1323 1257 1371 orare,
1298 1317 1352 1360 ut
1377 1308 1655 1360 videantur
1685 1307 1750 1359 ab
1775 1306 2099 1359 hominibus.

531 1403 701 1454 Anien
730 1402 849 1453 dico
892 1399 1064 1463 vobis,
1118 1408 1432 1467 receperunt
1482 1398 1779 1452 mercedem
1824 1412 1994 1450 suam.
2024 1398 2102 1450 Tn

532 1499 706 1545 autem
736 1507 853 1544 cum
876 1491 1074 1554 orabis,
1107 1491 1242 1542 intra
1268 1492 1314 1542 in
1339 1506 1403 1543 cu
1445 1490 1662 1554 iculum,
1689 1505 1741 1544 ct
1762 1489 1944 1543 clauso
1971 1489 2106 1544 ostio

532 1590 646 1645 tuo,
681 1596 772 1634 ora
805 1583 1011 1634 Patrem
1041 1591 1184 1636 tuum
1217 1580 1266 1633 in
1314 1582 1606 1644 absconso;
1655 1590 1708 1632 et
1751 1580 1904 1633 Pater
1954 1587 2102 1642 tuus,

529 1673 619 1740 qui
651 1672 793 1724 videt
822 1672 873 1724 in
904 1674 1186 1732 absconso,
1233 1669 1486 1724 exaudiet
1532 1680 1602 1724 te.
1653 1670 1882 1723 Orantes
1930 1678 2105 1722 autem

531 1763 697 1816 nolite
719 1762 941 1814 multum
971 1761 1137 1828 loqui,
1165 1758 1518 1814 sicutetbnici
1549 1774 1564 1814 :
1590 1768 1775 1826 putant
1798 1758 1942 1812 enim
1966 1757 2106 1826 quod

1663 381 1970 437 V'lCTOlllS
2011 379 2310 442 EPISCOPI
2349 378 2639 437 CAPU-iNl

522 512 694 554 autem
747 499 967 553 laeicntc
1009 497 1435 568 eleemosynam,
1488 497 1692 550 ncsciat
1738 497 1952 549 sinistra
2007 505 2090 548 tua
2125 499 2171 554 Α

3647 417 3766 471 27:2

2723 491 2948 549 CAPUT
2988 492 3077 548 XX
3093 493 3130 548 Χ
3143 495 3174 546 \'
3188 495 3248 549 II.

2445 581 2611 637 Nemo
2650 599 2714 650 po
2739 592 2813 635 est
2842 584 3034 636 duobus
3065 585 3286 638 dominis
3323 585 3531 641 servire.

2275 673 2484 728 Mure.
2530 689 2612 738 vt,
2652 673 2742 728 2i.
2777 673 2940 728 Nemo
2972 685 3144 744 potest
3170 677 3375 730 duobus
3404 676 3635 730 dominis
3663 692 3770 732 ser-

2203 766 2316 819 vire
2345 781 2362 817 :
2390 775 2480 818 aut
2506 764 2647 819 enim
2689 780 2849 818 unum
2879 767 3003 820 odio
3034 766 3267 833 habebit,
3298 778 3351 822 et
3391 771 3618 824 alterum
3651 769 3779 824 dili-

2201 865 2323 926 get;
2355 864 2446 908 aut
2468 871 2630 910 unum
2650 857 2952 922 sustinebit,
2976 866 3030 910 et
3059 857 3284 912 alterum
3311 870 3637 914 contemnet.
3662 860 3786 914 Non

2205 945 2428 1013 potestis
2450 946 2557 1000 Deo
2583 949 2788 1002 servire
2816 960 2867 1002 et
2898 964 3237 1003 tnatnmonai.

2720 1081 2945 1136 CAPUT
2986 1082 3269 1138 XXXVIII.

2208 1170 2334 1225 Non
2361 1172 2538 1228 debere
2559 1189 2858 1243 quemquam
2890 1173 3164 1225 sollicitum
3177 1191 3280 1228 esse
3303 1174 3365 1228 de
3393 1189 3505 1228 esca
3532 1174 3610 1227 vel
3625 1176 3789 1229 indu-

2902 1254 3089 1297 mento.

2277 1375 2489 1429 Manu.
2537 1391 2616 1442 vI,
2662 1376 2854 1440 25-31;
2905 1378 3032 1433 Luc.
3083 1393 3188 1441 xu,
3247 1380 3457 1436 22-5I.
3491 1383 3617 1437 Ideo
3667 1385 3792 1438 dixi

2205 1467 2379 1533 vobis,
2415 1482 2480 1521 ne
2510 1467 2726 1520 solliciti
2766 1467 2884 1522 sitis
2923 1470 3112 1522 animae
3143 1480 3350 1534 vestrae,
3381 1475 3506 1541 quid
3557 1477 3783 1528 mandu-

2205 1557 2357 1618 cetis.
2387 1572 2560 1626 neque
2601 1557 2811 1625 corpori
2860 1572 3037 1613 vestro
3070 1561 3192 1628 quid
3246 1563 3554 1617 induamini.
3589 1565 3789 1620 Nonne

2204 1648 2380 1702 anima
2403 1649 2522 1717 plus
2549 1658 2630 1703 est
2658 1664 2814 1717 quam
2859 1663 2999 1714 esea,
3038 1663 3092 1705 et
3126 1661 3320 1721 c0rpus
3351 1653 3469 1720 plus
3497 1667 3578 1708 est
3621 1672 3792 1723 quam

2207 1740 2621 1794 vestimentum?
2656 1740 2923 1809 Respicite
2952 1741 3185 1796 volatilia
3226 1744 3368 1809 CtBIi,
3397 1748 3643 1812 quoniam
3678 1752 3793 1802 non

532 1854 584 1907 in
614 1853 946 1920 multiloquio
966 1867 1063 1905 suo
1087 1851 1459 1904 exaudiantur.
1481 1850 1651 1904 Nolite
1670 1865 1796 1917 ergo
1823 1849 2104 1904 assiniilari

2218 1839 2413 1896 terunt,
2452 1845 2623 1900 neque
2649 1840 2872 1895 metunt,
2904 1846 3081 1901 neque
3111 1841 3435 1902 congregant
3468 1835 3518 1888 in
3553 1835 3790 1901 horrea;

530 1946 609 2000 eis
645 1963 657 1998 :
689 1947 788 1999 scit
819 1948 960 1998 enim
989 1945 1145 1999 Pater
1179 1953 1360 1998 vester
1388 1944 1511 2014 quid
1545 1958 1677 2012 opus
1714 1943 1778 1998 sit
1811 1943 1982 2007 vobis,
2014 1956 2110 1995 an-

533 2048 740 2105 tequam
784 2039 972 2105 petatis
1027 2053 1262 2090 (’um.—
1295 2037 1420 2090 Luc.
1473 2051 1561 2101 xl,
1614 2037 1723 2089 1-4.
1779 2035 1928 2089 Tunc
1973 2034 2109 2089 dixit

533 2143 668 2180 unus
699 2142 762 2181 ex
808 2128 1084 2195 discipulis
1109 2131 1225 2195 ejus
1253 2128 1318 2181 ad
1350 2142 1510 2182 eum:
1562 2125 1806 2190 Domine,
1853 2126 1984 2180 doce
2013 2139 2110 2178 nos

530 2233 707 2281 orare,
740 2220 877 2271 sicut
906 2218 959 2271 et
987 2219 1220 2272 Joannes
1251 2219 1428 2271 docuit
1458 2218 1745 2281 discipulos
1770 2233 1914 2271 suos.
1947 2218 2011 2270 Et
2031 2217 2109 2271 ait

533 2309 641 2361 illis
675 2326 688 2361 :
718 2309 847 2362 Cum
879 2310 1062 2372 oratis,
1095 2308 1257 2362 dicite
1288 2325 1303 2362 :
1334 2307 1511 2361 'Pater
1562 2318 1760 2372 noster,
1809 2308 1898 2375 qui
1945 2321 2004 2362 es
2055 2308 2107 2360 in

536 2398 688 2452 ctelis
718 2415 730 2449 :
765 2396 1122 2452 sanctificetor
1145 2411 1336 2451 nomen
1375 2406 1543 2451 tuum.
1591 2398 1850 2452 Adveniet
1887 2412 2108 2468 regnum

537 2500 708 2542 tuum.
749 2489 864 2542 Fiat
902 2488 1144 2542 voluntas
1174 2497 1282 2553 tua,
1318 2491 1454 2542 sicut
1503 2490 1556 2543 in
1595 2489 1732 2543 cmlo
1767 2497 1820 2544 et
1851 2490 1902 2544 in
1943 2501 2107 2544 terra.

540 2580 736 2633 Panem
763 2589 1000 2635 nostrum
1029 2581 1594 2648 supersubstantialem
1626 2580 1694 2634 da
1734 2581 1886 2635 nobis
1916 2580 2107 2644 hodie;

535 2680 590 2724 et
615 2671 823 2724 dimitte
853 2670 1005 2724 nobis
1027 2669 1202 2725 debita
1232 2679 1411 2724 nostra
1434 2670 1571 2724 sicut
1593 2680 1648 2724 et
1676 2684 1774 2725 nos
1795 2671 2111 2724 dimittimus

533 2760 868 2816 debitoribus
902 2766 1118 2813 nostris.
1171 2759 1237 2812 Et
1276 2774 1343 2813 ne
1374 2773 1471 2813 nos
1515 2759 1732 2813 inducas
1762 2761 1815 2814 in
1863 2759 2113 2815 tentatio-

539 2867 694 2916 nem;
728 2854 822 2906 sed
855 2851 1016 2905 libera
1038 2865 1136 2905 nos
1164 2866 1192 2904 a
1221 2851 1380 2905 malo.
1414 2852 1468 2906 Si
1493 2851 1635 2907 enim
1676 2851 1981 2906 dimiseritis
2011 2851 2112 2906 lio-

537 2944 770 2998 minibus
787 2953 1000 3012 peccata
1018 2959 1222 3007 eorum,
1253 2943 1486 2999 dimittet
1504 2953 1557 2999 et
1583 2945 1734 2999 vobis
1757 2945 1914 3008 Pater
1935 2955 2114 3000 vester

541 3034 775 3090 cteleStis
799 3035 990 3090 delicta
1014 3046 1211 3090 vestra.
1244 3036 1299 3089 Si
1329 3045 1508 3090 autem
1537 3051 1640 3090 non
1671 3036 1980 3091 dimiseritis
2010 3037 2111 3093 ho-

539 3125 786 3190 minibus,
821 3139 917 3179 nec
949 3125 1104 3179 Pater
1133 3133 1307 3180 vester
1331 3125 1592 3181 dimittet‘
1610 3137 1820 3194 peccata
1844 3136 2040 3183 vestra.

1082 3257 1305 3312 CAPUT
1346 3258 1563 3313 XXXV.

1044 3347 1117 3402 De
1155 3351 1348 3402 occulto
1380 3351 1606 3419 jejunio.

607 3459 816 3513 Murri.
849 3474 930 3530 vi,
967 3458 1150 3514 Ili-I8.
1190 3457 1319 3512 Cum
1349 3459 1621 3530 jcjunatis,
1650 3460 1814 3514 nolite
1842 3459 1952 3515 fieri
1977 3460 2114 3515 sicut

539 3557 845 3626 liypocritae,
883 3555 1064 3610 tristes
1096 3571 1109 3608 :
1138 3555 1497 3608 exterminant
1517 3556 1658 3609 enim
1689 3554 1852 3610 facies
1879 3569 2024 3622 snas,
2056 3564 2116 3609 ut

535 3657 823 3718 appareant
853 3647 1156 3701 hominibus
1189 3647 1519 3716 jejunantes.
1558 3652 1722 3702 Anien
1768 3647 1888 3701 dico
1933 3649 2104 3714 vobis,

535 3739 653 3807 quia
684 3747 998 3806 receperunt
1027 3737 1327 3791 mercedem
1358 3750 1528 3790 suam.
1558 3737 1639 3789 Tu
1674 3750 1848 3791 autem
1880 3752 1998 3790 cum
2024 3737 2109 3806 je-

531 3830 713 3896 junas,
756 3842 893 3897 tinge
919 3835 1076 3897 caput
1106 3836 1277 3892 tuum,
1307 3836 1362 3881 et
1385 3826 1573 3880 faciem
1602 3835 1743 3880 tuam
1774 3827 1911 3891 lava,
1945 3842 2010 3880 ne
2034 3828 2112 3880 vl-

536 3921 710 3973 dearis
741 3920 1042 3974 hominibus
1069 3918 1340 3988 jejunans,
1371 3917 1463 3973 sed
1512 3917 1654 3972 Patri
1679 3927 1768 3972 tuo
1807 3918 1895 3988 qui
1935 3928 2017 3972 est
2054 3918 2107 3972 in

534 4011 832 4076 absconso;
863 4021 915 4065 et
944 4009 1096 4064 Pater
1127 4021 1268 4074 tuus,
1299 4009 1387 4079 qui
1412 4008 1552 4063 videt
1583 4009 1638 4062 in
1678 4008 1960 4076 absconso,
1995 4011 2114 4065 red-

535 4101 959 4156 dcttibi.—Luc.
975 4100 1269 4167 xn,5‘2-35.
1294 4100 1466 4155 Nolite
1489 4100 1696 4162 timere,
1722 4101 1944 4169 pusidus
1963 4117 2112 4171 grex,

535 4193 656 4260 quia
699 4193 1018 4261 complacuit
1063 4187 1204 4244 Patri
1259 4200 1439 4244 vestro
1491 4192 1619 4244 dare
1670 4192 1821 4244 vobis
1867 4207 2111 4262 regnum.

538 4282 760 4336 Vendite
783 4296 900 4349 qua:
931 4281 1232 4348 possidetis,
1260 4290 1313 4335 et
1343 4281 1466 4334 date
1487 4281 1904 4350 eleemosynam.
1935 4283 2114 4339 Facite

536 4372 686 4424 vobis
725 4372 965 4425 sacculos
995 4371 1082 4438 qui
1115 4385 1217 4424 non
1248 4381 1610 4436 veterascunt,
1644 4373 1954 4428 tbesabrum
2009 4391 2112 4430 non

537 4458 869 4513 deiicientem
899 4459 949 4510 in
973 4458 1142 4512 ccelis.

1069 4569 1292 4624 CAPUT
1342 4570 1580 4624 XXXVI.

811 4661 885 4713 De
911 4677 1008 4712 non
1038 4660 1427 4715 thesaurizando
1449 4680 1598 4733 super
1630 4673 1837 4721 terram.

608 4797 819 4853 Mirm.
847 4813 924 4860 vt,
960 4796 1024 4850 I9
1046 4798 1172 4851 -23.
1204 4797 1378 4853 Nolite
1416 4799 1780 4858 tliesaurizare
1811 4807 1963 4862 vobis
1995 4809 2112 4865 the-

537 4903 720 4944 sauros
751 4890 802 4944 in
829 4899 998 4954 terra,
1030 4889 1120 4942 ubi
1143 4905 1322 4960 aerugo
1349 4901 1401 4945 et
1444 4895 1581 4945 tinea
1614 4893 1916 4963 demolitur,
1944 4911 1997 4954 et
2023 4903 2111 4956 ubi

536 4980 680 5034 fures
704 4981 958 5035 eli‘odiunt
986 4991 1039 5035 et
1057 4980 1317 5034 furantur.
1353 4981 1730 5039 Tltesaurizate
1752 4995 1928 5042 autem
1957 4992 2106 5046 vobis

539 5069 816 5122 thesauros
845 5072 895 5123 in
926 5072 1085 5136 coelo,
1104 5074 1193 5126 ubi
1218 5088 1393 5142 neque
1421 5088 1599 5142 :erugo
1657 5091 1826 5146 neque
1853 5079 1991 5134 tinea
2019 5082 2114 5136 deo

539 5158 776 5221 molitur,
811 5168 864 5211 ct
891 5161 982 5212 ubi
1009 5161 1148 5217 fures
1178 5180 1281 5217 non
1304 5163 1561 5218 effodiunt
1593 5181 1689 5220 nec
1716 5166 1976 5224 furantttr.
2012 5171 2108 5226 Ubi

537 5251 679 5305 enim
713 5261 795 5303 est
835 5252 1110 5307 tbesaurus
1141 5266 1278 5320 tuus,
1313 5258 1384 5309 ibi
1429 5266 1512 5311 est
1556 5273 1651 5313 cor
1679 5269 1847 5316 tuum.
1883 5293 1949 5304 —
1979 5264 2108 5319 ch.

538 5357 618 5406 ιι,
655 5339 836 5393 51456.
869 5339 1105 5394 Lucetna
1133 5349 1373 5411 corporis
1413 5348 1485 5400 tui
1517 5356 1599 5400 est
1628 5350 1812 5404 oculus
1861 5359 2000 5404 tuus.
2045 5353 2103 5408 Si

538 5433 702 5487 fuerit
727 5433 914 5487 oculus
939 5440 1058 5484 tuus
1103 5433 1348 5501 simplex,
1384 5448 1547 5491 totum
1577 5455 1771 5509 corpus
1802 5452 1946 5495 tuum
1987 5443 2113 5498 luci-

539 5525 664 5578 dntn
691 5527 814 5577 erit.
841 5525 893 5578 Si
918 5533 1092 5579 autem
1120 5526 1304 5577 oculus
1333 5534 1451 5580 tuus
1474 5544 1700 5598 nequam
1732 5533 1909 5601 fuerit,
1943 5543 2110 5587 totum

543 5632 737 5684 corpus
778 5626 922 5670 tuum
957 5617 1294 5670 tenebrosum
1327 5618 1448 5670 erit.
1491 5617 1545 5672 Si
1588 5636 1715 5690 ergo
1755 5622 1929 5676 lumen
1972 5624 2112 5692 quod

545 5706 596 5757 in
631 5717 679 5758 te
711 5720 791 5760 est
814 5709 1048 5762 tenebrat
1088 5716 1231 5770 sunt,
1262 5707 1388 5776 ipsa:
1419 5710 1652 5764 tenebrae
1687 5723 1897 5782 quantae
1921 5715 2114 5768 erunt?

2209 1931 2263 1975 et
2290 1921 2446 1974 Pater
2476 1929 2653 1976 vester
2677 1921 2913 1976 (celestis
2945 1924 3113 1989 pascit
3152 1924 3262 1977 illa.
3291 1923 3475 1978 Nonne
3498 1941 3593 1978 vos
3617 1927 3794 1996 pluris

2208 2013 2335 2068 estis
2367 2013 2507 2068 illis?
2545 2013 2673 2080 Quis
2700 2024 2878 2070 autem
2910 2025 3145 2070 vestrum
3175 2017 3436 2085 cogitans,
3471 2028 3644 2087 potest
3687 2022 3791 2075 ad-

2205 2106 2370 2174 jicere
2417 2105 2484 2160 ad
2528 2115 2788 2160 Staturam
2835 2121 2985 2162 suam
3033 2108 3268 2162 cubitum
3318 2111 3512 2163 unum?
3562 2112 3617 2165 Si
3656 2128 3793 2184 ergo

2211 2210 2383 2264 neque
2412 2197 2551 2265 quod
2595 2198 2872 2252 minimum
2913 2206 2998 2254 est
3039 2200 3280 2268 potestis,
3312 2201 3438 2270 quid
3481 2201 3546 2256 de
3572 2209 3792 2260 caeteris

2208 2288 2416 2343 solliciti
2443 2289 2606 2342 estis?
2649 2289 2712 2344 Et
2752 2289 2820 2344 de
2851 2290 3170 2344 vestimento
3200 2291 3324 2360 quid
3365 2291 3579 2347 solliciti
3607 2293 3795 2349 estis?

2209 2377 2553 2434 Considerate
2584 2381 2690 2434 lilia
2717 2383 2858 2450 agri,
2888 2381 3155 2450 quomvzdo
3181 2393 3428 2436 crescunt
3454 2401 3466 2436 :
3495 2398 3598 2437 non
3629 2385 3746 2452 Iul):
3768 2412 3795 2426 -

2210 2480 2347 2536 rant,
2372 2486 2545 2539 neque
2571 2482 2716 2526 nent.
2748 2473 2878 2526 Dico
2903 2486 3079 2529 autem
3111 2474 3262 2528 vobis
3291 2475 3536 2542 quoniam
3564 2490 3664 2528 nec
3695 2476 3794 2529 Sa-

2212 2562 2389 2617 lomon
2421 2563 2472 2617 in
2503 2566 2646 2617 omni
2672 2564 2839 2634 gloria
2885 2579 2981 2619 sua
3017 2575 3300 2634 coopertus
3329 2577 3410 2619 est
3456 2565 3588 2620 sicut
3621 2583 3791 2621 unum

2210 2669 2276 2710 ex
2309 2655 2444 2709 i5tis.
2469 2655 2524 2710 Si
2551 2664 2724 2709 autem
2752 2654 2929 2710 fenum
2960 2658 3072 2726 agri
3095 2658 3236 2726 quod
3269 2655 3425 2712 hodie
3451 2669 3552 2724 est,
3582 2668 3633 2712 et
3663 2674 3792 2714 cras

2213 2745 2265 2798 in
2295 2744 2561 2798 clibanum
2589 2747 2832 2813 mittitur,
2881 2745 3018 2800 Deus
3063 2747 3142 2802 sic
3170 2728 3350 2813 vestit,
3389 2754 3589 2816 quanio
3616 2749 3794 2816 magis

2212 2838 2579 2902 vos,minim:e
2618 2839 2772 2894 fidei?
2801 2839 2971 2895 Nolite
3013 2854 3141 2910 ergo
3183 2837 3398 2894 solliciti
3426 2855 3566 2904 esse,
3598 2841 3795 2896 dicen-

2215 2940 2295 2988 tes
2320 2949 2333 2984 :
2368 2931 2502 2997 Quid
2532 2930 2982 2995 manducabimus,
3013 2939 3106 2986 aut
3129 2930 3252 3001 quid
3277 2930 3538 2997 bibemus,
3562 2945 3646 2984 aut
3681 2948 3794 3001 quo

2213 3023 2552 3092 operietnur?
2584 3022 2704 3075 ilaic
2731 3023 2870 3077 enim
2895 3023 3071 3076 omnia
3111 3034 3297 3090 gentes
3329 3023 3624 3090 inquirunt.
3673 3023 3796 3079 Scit

2199 3117 2355 3170 enim
2385 3115 2539 3169 Pater
2564 3124 2739 3169 vester
2765 3116 2884 3184 quia
2918 3115 2999 3167 bis
3027 3114 3272 3169 omnibus
3314 3114 3579 3184 indigetis.
3622 3115 3794 3182 Qua:-

2137 3209 2181 3270 C
2214 3207 2318 3261 rite
2344 3215 2519 3261 autem
2563 3204 2790 3273 primum
2836 3219 3054 3274 regnum
3104 3205 3195 3259 Dei
3243 3216 3297 3259 et
3337 3204 3595 3273 justitiam
3624 3206 3791 3275 ejus:

2211 3308 2265 3352 et
2292 3299 2466 3351 omnia
2496 3298 2609 3351 bzec
2642 3294 2964 3364 adjicientur
3001 3296 3170 3350 vobis.
3199 3295 3372 3350 Nolite
3412 3312 3537 3364 ergo
3568 3298 3792 3354 solliciti

2211 3403 2332 3444 esse
2359 3389 2410 3442 in
2433 3387 2742 3443 crastinum.
2797 3387 3074 3440 Crastinus
3094 3387 3234 3442 enim
3266 3389 3381 3443 dies
3406 3389 3663 3444 sollicitus
3693 3390 3796 3444 crit

2212 3478 2313 3535 sibi
2347 3477 2450 3543 ipsi
2478 3495 2490 3529 :
2517 3477 2713 3532 sufficit
2737 3476 2843 3531 diei
2865 3477 3068 3530 malitia
3100 3492 3216 3531 sua.

2738 3613 2963 3670 CAPUT
3009 3613 3249 3668 XXXIX.

2287 3704 2407 3758 Non
2437 3703 2614 3758 debere
2641 3719 2944 3774 quemquam
2974 3705 3208 3774 judicare
3233 3703 3308 3758 vel
3338 3704 3705 3760 condemnare.

2284 3839 2494 3894 Manu.
2525 3853 2626 3904 vn,
2655 3837 2774 3903 l-6;
2807 3838 2936 3894 Luc.
2979 3854 3052 3907 vr,
3085 3838 3270 3894 57-42.
3315 3839 3486 3895 Nolite
3506 3841 3794 3911 judicare,

2215 3940 2272 3987 ut
2297 3947 2400 3986 non
2421 3931 2732 4000 judicemini
2761 3949 2774 3985 :
2803 3933 2856 3987 in
2877 3947 2982 4004 quo
3002 3933 3142 3988 enim
3168 3933 3371 4002 judicio
3391 3933 3795 4004 judicaveriris,
3845 3985 3859 3998 ,

2214 4022 2604 4092 judicabimini.
2629 4023 2800 4078 Nolite
2822 4027 3214 4090 condemnare,
3244 4034 3298 4080 et
3327 4041 3432 4080 non
3465 4027 3796 4083 condemna-

2215 4114 2421 4170 bimini.
2449 4114 2730 4178 Dimittite,
2750 4124 2804 4168 et
2831 4113 3187 4192 dimittemini.
3207 4115 3353 4180 Date,
3377 4123 3430 4169 et
3450 4115 3667 4170 dabitur
3698 4134 3796 4171 vo-

2218 4205 2324 4261 bis.
2354 4206 2654 4260 Meusuram
2691 4205 2919 4269 bonam,
2947 4204 3240 4258 confertam
3281 4215 3334 4259 et
3372 4205 3696 4274 coagitatam
3743 4219 3797 4261 et

2216 4295 2682 4366 superel'lluentem
2734 4295 2934 4349 dabunt
2986 4296 3038 4349 in
3080 4297 3253 4349 sinum
3306 4305 3562 4350 vestrum.
3611 4297 3796 4352 blant.

2218 4403 2291 4451 tv,
2323 4387 2410 4440 2i.
2439 4384 2503 4439 Et
2526 4386 2577 4441 in
2604 4400 2705 4454 qua
2738 4399 2985 4440 mensura
3024 4386 3190 4439 mensi
3216 4385 3446 4452 fueritis,
3481 4387 3801 4441 remetietur

2218 4476 2389 4530 vobis.
2431 4475 2567 4542 Quid
2607 4485 2782 4529 autem
2832 4473 2982 4530 vides
3017 4473 3271 4529 festucam
3304 4475 3359 4528 in
3408 4475 3564 4528 oculo
3613 4475 3799 4529 fratris

2145 4582 2198 4641 D
2223 4567 2317 4630 tui,
2342 4576 2395 4622 et
2425 4567 2628 4621 trabem
2663 4567 2714 4619 in
2741 4566 2892 4620 oculo
2919 4575 3007 4620 tuo
3035 4581 3138 4619 non
3168 4566 3357 4620 vides?
3388 4570 3491 4618 Aut
3518 4567 3798 4634 quomodo

2222 4658 2352 4714 dicis
2396 4659 2542 4713 fratri
2589 4669 2677 4712 tuo
2705 4673 2721 4713 :
2750 4656 2907 4724 Sine,
2957 4657 3165 4725 ejiciatn
3214 4656 3466 4710 festucam
3519 4657 3585 4710 de
3634 4658 3799 4710 oculo

2223 4760 2332 4812 tuo,
2357 4761 2410 4805 et
2432 4764 2558 4804 ecce
2585 4750 2762 4803 trabes
2792 4757 2873 4802 est
2902 4750 2952 4801 in
2989 4748 3143 4802 oculo
3170 4749 3292 4801 tuo?
3323 4748 3627 4818 Ilypocrita,
3655 4748 3800 4816 ejice

2221 4845 2446 4912 primum
2481 4845 2683 4897 trabem
2714 4844 2780 4895 de
2811 4843 2929 4896 ocul
2955 4866 2964 4888 ι
2994 4852 3106 4907 tuo,
3137 4851 3189 4897 et
3222 4852 3344 4915 tunc
3375 4842 3574 4895 videbis
3598 4842 3800 4906 ejiccre

2217 4921 2470 4988 festucam
2518 4933 2582 4986 de
2625 4934 2780 4987 oculo
2832 4936 3011 4987 fratris
3043 4936 3134 4986 tui.
3177 4933 3351 4988 Nolite
3393 4934 3519 4986 dare
3550 4942 3798 4986 sanctum

2216 5025 2457 5087 Canibus,
2487 5039 2656 5088 neque
2682 5023 2905 5077 mittatis
2936 5023 3251 5092 margaritas
3281 5034 3484 5076 veStras
3516 5029 3638 5074 ante
3671 5036 3800 5090 por-

2216 5133 2335 5183 cos,
2367 5134 2432 5172 ne
2478 5118 2613 5173 forte
2659 5119 2973 5173 conculcent
3001 5135 3091 5174 eas
3142 5118 3362 5186 pedibus
3395 5118 3533 5183 suis,
3585 5127 3639 5172 et
3665 5134 3800 5170 con-

2214 5214 2352 5267 versi
2375 5211 2707 5280 disrumpant
2729 5225 2840 5264 vos.

2724 5361 2742 5387 .
2817 5323 3042 5378 CAPUT
3085 5324 3191 5377 XL.

2228 5415 2480 5469 Parabola
2534 5417 2596 5468 de
2648 5418 2832 5479 amico,
2897 5418 2972 5468 vel
3023 5417 3179 5468 tribus
3207 5417 3441 5481 panibus.
3493 5410 3793 5478 Petcndum,

2654 5487 2983 5557 pulsandum,
3022 5488 3369 5555 querendum.
3451 5513 3460 5516 -

2290 5618 2417 5671 Lcc.
2450 5633 2524 5682 ιι,
2552 5618 2703 5672 545.
2745 5616 2873 5683 Quis
2903 5628 3140 5672 vestrum
3176 5615 3391 5671 habebit
3432 5615 3696 5680 amicum,
3741 5624 3795 5668 et

2219 5713 2312 5764 ibit
2344 5710 2406 5762 ad
2441 5710 2587 5763 illum
2635 5709 2804 5764 media
2838 5719 3023 5776 nocte,
3067 5718 3116 5762 et
3151 5709 3290 5762 dicet
3326 5723 3340 5761 :
3386 5706 3604 5769 Amice,
3646 5720 3795 5758 com-
