  <div class='ocr_page' id='page_1' title='image "/cluster/home/n/w/nwhite01/storage/ocr_20150623/68/hvd.32044054758719/144.png"; bbox 0 0 4026 6196; ppageno 0'>
   <div class='ocr_carea' id='block_1_1' title="bbox 355 299 462 355">
    <p class='ocr_par' dir='ltr' id='par_1_1' title="bbox 355 299 462 355">
     <span class='ocr_line' id='line_1_1' title="bbox 355 299 462 355; baseline 0.009 -1"><span class='ocrx_word' id='word_1_1' title='bbox 355 299 462 355; x_wconf 73' lang='grc'><strong>273</strong></span> 
     </span>
    </p>
   </div>
   <div class='ocr_carea' id='block_1_2' title="bbox 1116 304 2875 385">
    <p class='ocr_par' dir='ltr' id='par_1_2' title="bbox 1116 304 2875 385">
     <span class='ocr_line' id='line_1_2' title="bbox 1116 304 2875 385; baseline 0.013 -23"><span class='ocrx_word' id='word_1_2' title='bbox 1116 304 1706 369; x_wconf 71' lang='grc' dir='ltr'><strong>ΕνΑΝςειιρΑῐιυιι</strong></span> <span class='ocrx_word' id='word_1_3' title='bbox 1741 310 2249 374; x_wconf 68' lang='grc' dir='ltr'><strong>ΗΑΜΙΟΝῙΔΒΠΜ</strong></span> <span class='ocrx_word' id='word_1_4' title='bbox 2288 318 2495 377; x_wconf 77' lang='lat' dir='ltr'><strong>INTER</strong></span> <span class='ocrx_word' id='word_1_5' title='bbox 2507 322 2875 385; x_wconf 82' lang='lat' dir='ltr'><strong>PRETATIO.</strong></span> 
     </span>
    </p>
   </div>
   <div class='ocr_carea' id='block_1_3' title="bbox 3519 342 3624 396">
    <p class='ocr_par' dir='ltr' id='par_1_3' title="bbox 3519 342 3624 396">
     <span class='ocr_line' id='line_1_3' title="bbox 3519 342 3624 396; baseline 0.01 -1"><span class='ocrx_word' id='word_1_6' title='bbox 3519 342 3624 396; x_wconf 69' lang='lat'><strong>2&#39;“</strong></span> 
     </span>
    </p>
   </div>
   <div class='ocr_carea' id='block_1_4' title="bbox 354 412 3632 517">
    <p class='ocr_par' dir='ltr' id='par_1_4' title="bbox 354 412 3632 517">
     <span class='ocr_line' id='line_1_4' title="bbox 354 412 3632 517; baseline 0.014 -50"><span class='ocrx_word' id='word_1_7' title='bbox 354 414 514 469; x_wconf 88' lang='lat' dir='ltr'><strong>moda</strong></span> <span class='ocrx_word' id='word_1_8' title='bbox 546 412 681 469; x_wconf 85' lang='lat' dir='ltr'><strong>mihi</strong></span> <span class='ocrx_word' id='word_1_9' title='bbox 711 420 820 470; x_wconf 90' lang='lat' dir='ltr'><strong>tres</strong></span> <span class='ocrx_word' id='word_1_10' title='bbox 847 429 1035 487; x_wconf 86' lang='lat' dir='ltr'><strong>panes,</strong></span> <span class='ocrx_word' id='word_1_11' title='bbox 1068 421 1321 488; x_wconf 89' lang='lat' dir='ltr'><strong>quoniam</strong></span> <span class='ocrx_word' id='word_1_12' title='bbox 1364 419 1569 481; x_wconf 83' lang='lat' dir='ltr'><strong>amicus</strong></span> <span class='ocrx_word' id='word_1_13' title='bbox 1613 442 1764 483; x_wconf 90' lang='lat' dir='ltr'><strong>meus</strong></span> <span class='ocrx_word' id='word_1_14' title='bbox 1794 428 1939 483; x_wconf 89' lang='lat' dir='ltr'><strong>venit</strong></span> <span class='ocrx_word' id='word_1_15' title='bbox 1964 430 2020 491; x_wconf 71' lang='grc' dir='ltr'><strong>Α</strong></span> <span class='ocrx_word' id='word_1_16' title='bbox 2044 430 2326 490; x_wconf 73' lang='lat' dir='ltr'><strong>descendit</strong></span> <span class='ocrx_word' id='word_1_17' title='bbox 2356 420 2531 507; x_wconf 89' lang='lat' dir='ltr'><strong>pluvia</strong></span> <span class='ocrx_word' id='word_1_18' title='bbox 2554 481 2569 505; x_wconf 94' lang='lat'><strong>,</strong></span> <span class='ocrx_word' id='word_1_19' title='bbox 2603 451 2657 496; x_wconf 92' lang='lat' dir='ltr'><strong>et</strong></span> <span class='ocrx_word' id='word_1_20' title='bbox 2696 457 2960 501; x_wconf 87' lang='lat' dir='ltr'><strong>venerunt</strong></span> <span class='ocrx_word' id='word_1_21' title='bbox 2986 448 3228 517; x_wconf 82' lang='lat' dir='ltr'><strong>ﬂumina,</strong></span> <span class='ocrx_word' id='word_1_22' title='bbox 3277 463 3331 509; x_wconf 89' lang='lat' dir='ltr'><strong>et</strong></span> <span class='ocrx_word' id='word_1_23' title='bbox 3364 457 3632 513; x_wconf 74' lang='lat' dir='ltr'><strong>{laverunt</strong></span> 
     </span>
    </p>
   </div>
   <div class='ocr_carea' id='block_1_5' title="bbox 350 484 1935 585">
    <p class='ocr_par' dir='ltr' id='par_1_5' title="bbox 350 484 1935 585">
     <span class='ocr_line' id='line_1_5' title="bbox 350 484 1935 585; baseline 0.013 -29"><span class='ocrx_word' id='word_1_24' title='bbox 350 505 417 557; x_wconf 89' lang='lat' dir='ltr'><strong>ad</strong></span> <span class='ocrx_word' id='word_1_25' title='bbox 449 484 539 559; x_wconf 64' lang='lat' dir='ltr'><strong>me</strong></span> <span class='ocrx_word' id='word_1_26' title='bbox 565 505 636 561; x_wconf 88' lang='lat' dir='ltr'><strong>de</strong></span> <span class='ocrx_word' id='word_1_27' title='bbox 656 505 772 571; x_wconf 83' lang='lat' dir='ltr'><strong>vis,</strong></span> <span class='ocrx_word' id='word_1_28' title='bbox 795 484 987 563; x_wconf 78' lang='lat' dir='ltr'><strong>etnon</strong></span> <span class='ocrx_word' id='word_1_29' title='bbox 1013 484 1186 567; x_wconf 80' lang='lat' dir='ltr'><strong>Itsbeo</strong></span> <span class='ocrx_word' id='word_1_30' title='bbox 1212 514 1353 584; x_wconf 91' lang='lat' dir='ltr'><strong>quod</strong></span> <span class='ocrx_word' id='word_1_31' title='bbox 1384 530 1579 585; x_wconf 87' lang='lat' dir='ltr'><strong>ponam</strong></span> <span class='ocrx_word' id='word_1_32' title='bbox 1609 528 1735 575; x_wconf 85' lang='lat' dir='ltr'><strong>ante</strong></span> <span class='ocrx_word' id='word_1_33' title='bbox 1761 521 1935 576; x_wconf 92' lang='lat' dir='ltr'><strong>illum.</strong></span> 
     </span>
    </p>
   </div>
   <div class='ocr_carea' id='block_1_6' title="bbox 349 595 1937 671">
    <p class='ocr_par' dir='ltr' id='par_1_6' title="bbox 349 595 1937 671">
     <span class='ocr_line' id='line_1_6' title="bbox 349 595 1937 671; baseline 0.012 -22"><span class='ocrx_word' id='word_1_34' title='bbox 349 596 413 650; x_wconf 81' lang='lat' dir='ltr'><strong>Et</strong></span> <span class='ocrx_word' id='word_1_35' title='bbox 443 596 535 652; x_wconf 92' lang='lat' dir='ltr'><strong>ille</strong></span> <span class='ocrx_word' id='word_1_36' title='bbox 564 598 633 653; x_wconf 86' lang='lat' dir='ltr'><strong>de</strong></span> <span class='ocrx_word' id='word_1_37' title='bbox 657 595 801 654; x_wconf 84' lang='lat' dir='ltr'><strong>intus</strong></span> <span class='ocrx_word' id='word_1_38' title='bbox 829 602 1181 671; x_wconf 88' lang='lat' dir='ltr'><strong>respondens,</strong></span> <span class='ocrx_word' id='word_1_39' title='bbox 1208 605 1354 662; x_wconf 97' lang='lat' dir='ltr'><strong>dicat</strong></span> <span class='ocrx_word' id='word_1_40' title='bbox 1389 626 1405 665; x_wconf 90' lang='lat'><strong>:</strong></span> <span class='ocrx_word' id='word_1_41' title='bbox 1434 608 1553 665; x_wconf 82' lang='lat' dir='ltr'><strong>Noli</strong></span> <span class='ocrx_word' id='word_1_42' title='bbox 1600 611 1730 666; x_wconf 90' lang='lat' dir='ltr'><strong>mibi</strong></span> <span class='ocrx_word' id='word_1_43' title='bbox 1774 613 1937 668; x_wconf 76' lang='lat' dir='ltr'><strong>mele-</strong></span> 
     </span>
    </p>
   </div>
   <div class='ocr_carea' id='block_1_7' title="bbox 345 689 1939 770">
    <p class='ocr_par' dir='ltr' id='par_1_7' title="bbox 345 689 1939 770">
     <span class='ocr_line' id='line_1_7' title="bbox 345 689 1939 770; baseline 0.013 -29"><span class='ocrx_word' id='word_1_44' title='bbox 345 698 468 742; x_wconf 75' lang='lat' dir='ltr'><strong>stus</strong></span> <span class='ocrx_word' id='word_1_45' title='bbox 498 703 651 755; x_wconf 86' lang='lat' dir='ltr'><strong>esse;</strong></span> <span class='ocrx_word' id='word_1_46' title='bbox 680 689 789 760; x_wconf 81' lang='lat' dir='ltr'><strong>jam</strong></span> <span class='ocrx_word' id='word_1_47' title='bbox 814 693 1010 748; x_wconf 77' lang='lat' dir='ltr'><strong>ostium</strong></span> <span class='ocrx_word' id='word_1_48' title='bbox 1035 695 1274 752; x_wconf 89' lang='lat' dir='ltr'><strong>clausum</strong></span> <span class='ocrx_word' id='word_1_49' title='bbox 1307 708 1409 769; x_wconf 89' lang='lat' dir='ltr'><strong>est,</strong></span> <span class='ocrx_word' id='word_1_50' title='bbox 1438 709 1491 757; x_wconf 91' lang='lat' dir='ltr'><strong>et</strong></span> <span class='ocrx_word' id='word_1_51' title='bbox 1514 702 1661 770; x_wconf 88' lang='lat' dir='ltr'><strong>pueri</strong></span> <span class='ocrx_word' id='word_1_52' title='bbox 1693 704 1797 760; x_wconf 89' lang='lat' dir='ltr'><strong>mei</strong></span> <span class='ocrx_word' id='word_1_53' title='bbox 1824 720 1939 761; x_wconf 85' lang='lat' dir='ltr'><strong>me-</strong></span> 
     </span>
    </p>
   </div>
   <div class='ocr_carea' id='block_1_8' title="bbox 348 782 1935 863">
    <p class='ocr_par' dir='ltr' id='par_1_8' title="bbox 348 782 1935 863">
     <span class='ocr_line' id='line_1_8' title="bbox 348 782 1935 863; baseline 0.013 -31"><span class='ocrx_word' id='word_1_54' title='bbox 348 796 470 834; x_wconf 83' lang='lat' dir='ltr'><strong>rum</strong></span> <span class='ocrx_word' id='word_1_55' title='bbox 501 790 625 836; x_wconf 89' lang='lat' dir='ltr'><strong>sunt</strong></span> <span class='ocrx_word' id='word_1_56' title='bbox 655 782 706 836; x_wconf 90' lang='lat' dir='ltr'><strong>in</strong></span> <span class='ocrx_word' id='word_1_57' title='bbox 733 783 931 851; x_wconf 86' lang='lat' dir='ltr'><strong>cubili;</strong></span> <span class='ocrx_word' id='word_1_58' title='bbox 960 802 1063 842; x_wconf 90' lang='lat' dir='ltr'><strong>non</strong></span> <span class='ocrx_word' id='word_1_59' title='bbox 1088 803 1305 858; x_wconf 82' lang='lat' dir='ltr'><strong>possum</strong></span> <span class='ocrx_word' id='word_1_60' title='bbox 1332 806 1556 863; x_wconf 79' lang='lat' dir='ltr'><strong>surgere</strong></span> <span class='ocrx_word' id='word_1_61' title='bbox 1580 806 1633 851; x_wconf 90' lang='lat' dir='ltr'><strong>et</strong></span> <span class='ocrx_word' id='word_1_62' title='bbox 1660 796 1790 854; x_wconf 91' lang='lat' dir='ltr'><strong>dare</strong></span> <span class='ocrx_word' id='word_1_63' title='bbox 1820 797 1935 852; x_wconf 83' lang='lat' dir='ltr'><strong>tibi.</strong></span> 
     </span>
    </p>
   </div>
   <div class='ocr_carea' id='block_1_9' title="bbox 352 871 1935 955">
    <p class='ocr_par' dir='ltr' id='par_1_9' title="bbox 352 871 1935 955">
     <span class='ocr_line' id='line_1_9' title="bbox 352 871 1935 955; baseline 0.013 -31"><span class='ocrx_word' id='word_1_64' title='bbox 352 871 419 925; x_wconf 80' lang='lat' dir='ltr'><strong>Et</strong></span> <span class='ocrx_word' id='word_1_65' title='bbox 448 872 542 928; x_wconf 90' lang='lat' dir='ltr'><strong>ille</strong></span> <span class='ocrx_word' id='word_1_66' title='bbox 571 872 617 928; x_wconf 88' lang='lat' dir='ltr'><strong>si</strong></span> <span class='ocrx_word' id='word_1_67' title='bbox 642 878 1068 941; x_wconf 72' lang='lat' dir='ltr'><strong>perseveraverit</strong></span> <span class='ocrx_word' id='word_1_68' title='bbox 1086 880 1325 948; x_wconf 86' lang='lat' dir='ltr'><strong>pulsans,</strong></span> <span class='ocrx_word' id='word_1_69' title='bbox 1354 882 1474 939; x_wconf 89' lang='lat' dir='ltr'><strong>dico</strong></span> <span class='ocrx_word' id='word_1_70' title='bbox 1490 885 1661 955; x_wconf 81' lang='lat' dir='ltr'><strong>vobis,</strong></span> <span class='ocrx_word' id='word_1_71' title='bbox 1690 885 1792 942; x_wconf 90' lang='lat' dir='ltr'><strong>etsi</strong></span> <span class='ocrx_word' id='word_1_72' title='bbox 1832 903 1935 944; x_wconf 89' lang='lat' dir='ltr'><strong>non</strong></span> 
     </span>
    </p>
   </div>
   <div class='ocr_carea' id='block_1_10' title="bbox 347 954 1938 1051">
    <p class='ocr_par' dir='ltr' id='par_1_10' title="bbox 347 954 1938 1051">
     <span class='ocr_line' id='line_1_10' title="bbox 347 954 1938 1051; baseline 0.012 -35"><span class='ocrx_word' id='word_1_73' title='bbox 347 962 498 1018; x_wconf 83' lang='lat' dir='ltr'><strong>dabit</strong></span> <span class='ocrx_word' id='word_1_74' title='bbox 528 954 613 1019; x_wconf 80' lang='lat' dir='ltr'><strong>illi</strong></span> <span class='ocrx_word' id='word_1_75' title='bbox 642 978 869 1037; x_wconf 91' lang='lat' dir='ltr'><strong>surgens</strong></span> <span class='ocrx_word' id='word_1_76' title='bbox 906 984 973 1025; x_wconf 84' lang='lat' dir='ltr'><strong>eo</strong></span> <span class='ocrx_word' id='word_1_77' title='bbox 1000 972 1140 1041; x_wconf 89' lang='lat' dir='ltr'><strong>quod</strong></span> <span class='ocrx_word' id='word_1_78' title='bbox 1185 976 1392 1031; x_wconf 89' lang='lat' dir='ltr'><strong>amicus</strong></span> <span class='ocrx_word' id='word_1_79' title='bbox 1417 977 1534 1045; x_wconf 80' lang='lat' dir='ltr'><strong>ejus</strong></span> <span class='ocrx_word' id='word_1_80' title='bbox 1573 954 1674 1046; x_wconf 89' lang='lat' dir='ltr'><strong>sit,</strong></span> <span class='ocrx_word' id='word_1_81' title='bbox 1721 990 1938 1051; x_wconf 84' lang='lat' dir='ltr'><strong>prOpter</strong></span> 
     </span>
    </p>
   </div>
   <div class='ocr_carea' id='block_1_11' title="bbox 348 1057 1934 1144">
    <p class='ocr_par' dir='ltr' id='par_1_11' title="bbox 348 1057 1934 1144">
     <span class='ocr_line' id='line_1_11' title="bbox 348 1057 1934 1144; baseline 0.01 -33"><span class='ocrx_word' id='word_1_82' title='bbox 348 1057 750 1129; x_wconf 80' lang='lat' dir='ltr'><strong>improbitatem</strong></span> <span class='ocrx_word' id='word_1_83' title='bbox 792 1074 969 1122; x_wconf 89' lang='lat' dir='ltr'><strong>tamen</strong></span> <span class='ocrx_word' id='word_1_84' title='bbox 999 1070 1117 1137; x_wconf 83' lang='lat' dir='ltr'><strong>ejus</strong></span> <span class='ocrx_word' id='word_1_85' title='bbox 1154 1079 1376 1141; x_wconf 89' lang='lat' dir='ltr'><strong>surget,</strong></span> <span class='ocrx_word' id='word_1_86' title='bbox 1398 1083 1452 1128; x_wconf 92' lang='lat' dir='ltr'><strong>et</strong></span> <span class='ocrx_word' id='word_1_87' title='bbox 1481 1074 1631 1129; x_wconf 81' lang='lat' dir='ltr'><strong>dabit</strong></span> <span class='ocrx_word' id='word_1_88' title='bbox 1663 1076 1739 1130; x_wconf 87' lang='lat' dir='ltr'><strong>illi</strong></span> <span class='ocrx_word' id='word_1_89' title='bbox 1777 1086 1934 1144; x_wconf 66' lang='lat' dir='ltr'><strong>quot-</strong></span> 
     </span>
    </p>
   </div>
   <div class='ocr_carea' id='block_1_12' title="bbox 347 1154 1929 1236">
    <p class='ocr_par' dir='ltr' id='par_1_12' title="bbox 347 1154 1929 1236">
     <span class='ocr_line' id='line_1_12' title="bbox 347 1154 1929 1236; baseline 0.011 -31"><span class='ocrx_word' id='word_1_90' title='bbox 347 1164 477 1216; x_wconf 84' lang='lat' dir='ltr'><strong>quot</strong></span> <span class='ocrx_word' id='word_1_91' title='bbox 508 1154 671 1210; x_wconf 85' lang='lat' dir='ltr'><strong>habet</strong></span> <span class='ocrx_word' id='word_1_92' title='bbox 686 1161 1041 1218; x_wconf 89' lang='lat' dir='ltr'><strong>necessarios.</strong></span> <span class='ocrx_word' id='word_1_93' title='bbox 1066 1163 1178 1233; x_wconf 85' lang='lat' dir='ltr'><strong>Ego</strong></span> <span class='ocrx_word' id='word_1_94' title='bbox 1194 1164 1314 1220; x_wconf 89' lang='lat' dir='ltr'><strong>dico</strong></span> <span class='ocrx_word' id='word_1_95' title='bbox 1341 1167 1489 1223; x_wconf 79' lang='lat' dir='ltr'><strong>vobis</strong></span> <span class='ocrx_word' id='word_1_96' title='bbox 1506 1168 1814 1224; x_wconf 77' lang='grc' dir='ltr'><strong>ε-Μιιττιι,</strong></span> <span class='ocrx_word' id='word_1_97' title='bbox 1832 1185 1929 1236; x_wconf 84' lang='lat' dir='ltr'><strong>vn,</strong></span> 
     </span>
    </p>
   </div>
   <div class='ocr_carea' id='block_1_13' title="bbox 348 1241 1930 1327">
    <p class='ocr_par' dir='ltr' id='par_1_13' title="bbox 348 1241 1930 1327">
     <span class='ocr_line' id='line_1_13' title="bbox 348 1241 1930 1327; baseline 0.016 -35"><span class='ocrx_word' id='word_1_98' title='bbox 348 1241 511 1306; x_wconf 75' lang='lat' dir='ltr'><strong>7-H,</strong></span> <span class='ocrx_word' id='word_1_99' title='bbox 546 1244 739 1312; x_wconf 81' lang='lat' dir='ltr'><strong>Petite,</strong></span> <span class='ocrx_word' id='word_1_100' title='bbox 777 1258 832 1303; x_wconf 90' lang='lat' dir='ltr'><strong>et</strong></span> <span class='ocrx_word' id='word_1_101' title='bbox 860 1251 1163 1321; x_wconf 82' lang='lat' dir='ltr'><strong>accipietis;</strong></span> <span class='ocrx_word' id='word_1_102' title='bbox 1210 1257 1472 1326; x_wconf 83' lang='lat' dir='ltr'><strong>quaerite,</strong></span> <span class='ocrx_word' id='word_1_103' title='bbox 1516 1266 1571 1314; x_wconf 94' lang='lat' dir='ltr'><strong>et</strong></span> <span class='ocrx_word' id='word_1_104' title='bbox 1618 1258 1930 1327; x_wconf 90' lang='lat' dir='ltr'><strong>invenietis;</strong></span> 
     </span>
    </p>
   </div>
   <div class='ocr_carea' id='block_1_14' title="bbox 348 1332 1934 1422">
    <p class='ocr_par' dir='ltr' id='par_1_14' title="bbox 348 1332 1934 1422">
     <span class='ocr_line' id='line_1_14' title="bbox 348 1332 1934 1422; baseline 0.015 -37"><span class='ocrx_word' id='word_1_105' title='bbox 348 1332 578 1402; x_wconf 78' lang='lat' dir='ltr'><strong>pulsate,</strong></span> <span class='ocrx_word' id='word_1_106' title='bbox 605 1345 659 1390; x_wconf 90' lang='lat' dir='ltr'><strong>et</strong></span> <span class='ocrx_word' id='word_1_107' title='bbox 684 1338 957 1408; x_wconf 85' lang='lat' dir='ltr'><strong>aperietur</strong></span> <span class='ocrx_word' id='word_1_108' title='bbox 980 1343 1149 1400; x_wconf 84' lang='lat' dir='ltr'><strong>vobis.</strong></span> <span class='ocrx_word' id='word_1_109' title='bbox 1173 1345 1360 1403; x_wconf 87' lang='lat' dir='ltr'><strong>Omnis</strong></span> <span class='ocrx_word' id='word_1_110' title='bbox 1385 1349 1528 1404; x_wconf 87' lang='lat' dir='ltr'><strong>enim</strong></span> <span class='ocrx_word' id='word_1_111' title='bbox 1549 1350 1635 1421; x_wconf 87' lang='lat' dir='ltr'><strong>qui</strong></span> <span class='ocrx_word' id='word_1_112' title='bbox 1663 1352 1814 1422; x_wconf 87' lang='lat' dir='ltr'><strong>petit,</strong></span> <span class='ocrx_word' id='word_1_113' title='bbox 1845 1367 1934 1408; x_wconf 88' lang='lat' dir='ltr'><strong>ac-</strong></span> 
     </span>
    </p>
   </div>
   <div class='ocr_carea' id='block_1_15' title="bbox 344 1425 1933 1516">
    <p class='ocr_par' dir='ltr' id='par_1_15' title="bbox 344 1425 1933 1516">
     <span class='ocr_line' id='line_1_15' title="bbox 344 1425 1933 1516; baseline 0.015 -37"><span class='ocrx_word' id='word_1_114' title='bbox 344 1425 513 1496; x_wconf 86' lang='lat' dir='ltr'><strong>cipit;</strong></span> <span class='ocrx_word' id='word_1_115' title='bbox 542 1436 597 1484; x_wconf 90' lang='lat' dir='ltr'><strong>et</strong></span> <span class='ocrx_word' id='word_1_116' title='bbox 624 1431 714 1501; x_wconf 86' lang='lat' dir='ltr'><strong>qui</strong></span> <span class='ocrx_word' id='word_1_117' title='bbox 744 1434 956 1502; x_wconf 64' lang='lat' dir='ltr'><strong>quierit,</strong></span> <span class='ocrx_word' id='word_1_118' title='bbox 990 1435 1238 1507; x_wconf 81' lang='lat' dir='ltr'><strong>invenit;</strong></span> <span class='ocrx_word' id='word_1_119' title='bbox 1269 1451 1327 1497; x_wconf 91' lang='lat' dir='ltr'><strong>et</strong></span> <span class='ocrx_word' id='word_1_120' title='bbox 1376 1443 1607 1512; x_wconf 86' lang='lat' dir='ltr'><strong>pulsanti</strong></span> <span class='ocrx_word' id='word_1_121' title='bbox 1641 1446 1933 1516; x_wconf 83' lang='lat' dir='ltr'><strong>aperietur.</strong></span> 
     </span>
    </p>
   </div>
   <div class='ocr_carea' id='block_1_16' title="bbox 344 1520 1935 1608">
    <p class='ocr_par' dir='ltr' id='par_1_16' title="bbox 344 1520 1935 1608">
     <span class='ocr_line' id='line_1_16' title="bbox 344 1520 1935 1608; baseline 0.016 -37"><span class='ocrx_word' id='word_1_122' title='bbox 344 1520 459 1573; x_wconf 73' lang='lat' dir='ltr'><strong>Aut</strong></span> <span class='ocrx_word' id='word_1_123' title='bbox 484 1522 607 1590; x_wconf 87' lang='lat' dir='ltr'><strong>quis</strong></span> <span class='ocrx_word' id='word_1_124' title='bbox 628 1534 712 1578; x_wconf 87' lang='lat' dir='ltr'><strong>est</strong></span> <span class='ocrx_word' id='word_1_125' title='bbox 734 1539 800 1580; x_wconf 87' lang='lat' dir='ltr'><strong>ex</strong></span> <span class='ocrx_word' id='word_1_126' title='bbox 831 1527 983 1583; x_wconf 87' lang='lat' dir='ltr'><strong>vobis</strong></span> <span class='ocrx_word' id='word_1_127' title='bbox 1008 1530 1207 1599; x_wconf 81' lang='lat' dir='ltr'><strong>homo,</strong></span> <span class='ocrx_word' id='word_1_128' title='bbox 1235 1550 1396 1605; x_wconf 88' lang='lat' dir='ltr'><strong>quem</strong></span> <span class='ocrx_word' id='word_1_129' title='bbox 1445 1537 1493 1593; x_wconf 90' lang='lat' dir='ltr'><strong>si</strong></span> <span class='ocrx_word' id='word_1_130' title='bbox 1536 1540 1753 1608; x_wconf 85' lang='lat' dir='ltr'><strong>petierit</strong></span> <span class='ocrx_word' id='word_1_131' title='bbox 1792 1539 1935 1596; x_wconf 66' lang='lat' dir='ltr'><strong>titius</strong></span> 
     </span>
    </p>
   </div>
   <div class='ocr_carea' id='block_1_17' title="bbox 344 1621 1932 1699">
    <p class='ocr_par' dir='ltr' id='par_1_17' title="bbox 344 1621 1932 1699">
     <span class='ocr_line' id='line_1_17' title="bbox 344 1621 1932 1699; baseline 0.016 -35"><span class='ocrx_word' id='word_1_132' title='bbox 344 1624 479 1665; x_wconf 87' lang='lat' dir='ltr'><strong>suus</strong></span> <span class='ocrx_word' id='word_1_133' title='bbox 509 1625 700 1681; x_wconf 80' lang='lat' dir='ltr'><strong>panem</strong></span> <span class='ocrx_word' id='word_1_134' title='bbox 725 1654 741 1682; x_wconf 85' lang='lat'><strong>,</strong></span> <span class='ocrx_word' id='word_1_135' title='bbox 788 1621 1029 1689; x_wconf 82' lang='lat' dir='ltr'><strong>nunquid</strong></span> <span class='ocrx_word' id='word_1_136' title='bbox 1076 1623 1302 1694; x_wconf 89' lang='lat' dir='ltr'><strong>lapidem</strong></span> <span class='ocrx_word' id='word_1_137' title='bbox 1336 1628 1574 1699; x_wconf 78' lang='lat' dir='ltr'><strong>porriget</strong></span> <span class='ocrx_word' id='word_1_138' title='bbox 1618 1632 1860 1689; x_wconf 75' lang='lat' dir='ltr'><strong>illiiaut</strong></span> <span class='ocrx_word' id='word_1_139' title='bbox 1884 1634 1932 1691; x_wconf 88' lang='lat' dir='ltr'><strong>si</strong></span> 
     </span>
    </p>
   </div>
   <div class='ocr_carea' id='block_1_18' title="bbox 346 1703 1933 1794">
    <p class='ocr_par' dir='ltr' id='par_1_18' title="bbox 346 1703 1933 1794">
     <span class='ocr_line' id='line_1_18' title="bbox 346 1703 1933 1794; baseline 0.019 -40"><span class='ocrx_word' id='word_1_140' title='bbox 346 1703 552 1769; x_wconf 82' lang='lat' dir='ltr'><strong>piscem</strong></span> <span class='ocrx_word' id='word_1_141' title='bbox 580 1708 812 1776; x_wconf 87' lang='lat' dir='ltr'><strong>petierit,</strong></span> <span class='ocrx_word' id='word_1_142' title='bbox 844 1714 1084 1784; x_wconf 82' lang='lat' dir='ltr'><strong>nunquid</strong></span> <span class='ocrx_word' id='word_1_143' title='bbox 1108 1728 1410 1786; x_wconf 82' lang='lat' dir='ltr'><strong>serpentem</strong></span> <span class='ocrx_word' id='word_1_144' title='bbox 1435 1728 1668 1794; x_wconf 74' lang='lat' dir='ltr'><strong>porriget</strong></span> <span class='ocrx_word' id='word_1_145' title='bbox 1696 1726 1773 1782; x_wconf 85' lang='lat' dir='ltr'><strong>illi</strong></span> <span class='ocrx_word' id='word_1_146' title='bbox 1796 1728 1933 1783; x_wconf 68' lang='lat' dir='ltr'><strong>Iattt</strong></span> 
     </span>
    </p>
   </div>
   <div class='ocr_carea' id='block_1_19' title="bbox 345 1793 2012 1888">
    <p class='ocr_par' dir='ltr' id='par_1_19' title="bbox 345 1793 2012 1888">
     <span class='ocr_line' id='line_1_19' title="bbox 345 1793 2012 1888; baseline 0.02 -42"><span class='ocrx_word' id='word_1_147' title='bbox 345 1793 393 1847; x_wconf 90' lang='lat' dir='ltr'><strong>si</strong></span> <span class='ocrx_word' id='word_1_148' title='bbox 421 1809 582 1851; x_wconf 85' lang='lat' dir='ltr'><strong>ovum</strong></span> <span class='ocrx_word' id='word_1_149' title='bbox 611 1800 861 1871; x_wconf 85' lang='lat' dir='ltr'><strong>petierit,</strong></span> <span class='ocrx_word' id='word_1_150' title='bbox 897 1807 1133 1877; x_wconf 75' lang='lat' dir='ltr'><strong>nunquid</strong></span> <span class='ocrx_word' id='word_1_151' title='bbox 1164 1803 1397 1882; x_wconf 86' lang='lat' dir='ltr'><strong>porriget</strong></span> <span class='ocrx_word' id='word_1_152' title='bbox 1445 1816 1520 1871; x_wconf 85' lang='lat' dir='ltr'><strong>illi</strong></span> <span class='ocrx_word' id='word_1_153' title='bbox 1547 1793 1932 1888; x_wconf 77' lang='lat' dir='ltr'><strong>scorpionem?</strong></span> <span class='ocrx_word' id='word_1_154' title='bbox 1965 1804 2012 1864; x_wconf 82' lang='grc' dir='ltr'><strong>Β</strong></span> 
     </span>
    </p>
   </div>
   <div class='ocr_carea' id='block_1_20' title="bbox 347 1888 1929 1969">
    <p class='ocr_par' dir='ltr' id='par_1_20' title="bbox 347 1888 1929 1969">
     <span class='ocr_line' id='line_1_20' title="bbox 347 1888 1929 1969; baseline 0.016 -25"><span class='ocrx_word' id='word_1_155' title='bbox 347 1888 405 1944; x_wconf 88' lang='lat' dir='ltr'><strong>Si</strong></span> <span class='ocrx_word' id='word_1_156' title='bbox 436 1904 567 1958; x_wconf 87' lang='lat' dir='ltr'><strong>ergo</strong></span> <span class='ocrx_word' id='word_1_157' title='bbox 587 1906 684 1947; x_wconf 82' lang='lat' dir='ltr'><strong>vos</strong></span> <span class='ocrx_word' id='word_1_158' title='bbox 722 1909 845 1949; x_wconf 87' lang='lat' dir='ltr'><strong>cum</strong></span> <span class='ocrx_word' id='word_1_159' title='bbox 870 1897 993 1953; x_wconf 80' lang='lat' dir='ltr'><strong>sitis</strong></span> <span class='ocrx_word' id='word_1_160' title='bbox 1013 1901 1175 1967; x_wconf 86' lang='lat' dir='ltr'><strong>mali,</strong></span> <span class='ocrx_word' id='word_1_161' title='bbox 1203 1905 1372 1961; x_wconf 79' lang='lat' dir='ltr'><strong>nostis</strong></span> <span class='ocrx_word' id='word_1_162' title='bbox 1402 1906 1542 1965; x_wconf 76' lang='lat' dir='ltr'><strong>bona</strong></span> <span class='ocrx_word' id='word_1_163' title='bbox 1570 1910 1693 1966; x_wconf 87' lang='lat' dir='ltr'><strong>data</strong></span> <span class='ocrx_word' id='word_1_164' title='bbox 1714 1897 1845 1969; x_wconf 73' lang='lat' dir='ltr'><strong>dare</strong></span> <span class='ocrx_word' id='word_1_165' title='bbox 1864 1913 1929 1969; x_wconf 84' lang='lat' dir='ltr'><strong>Il-</strong></span> 
     </span>
    </p>
   </div>
   <div class='ocr_carea' id='block_1_21' title="bbox 344 1978 1934 2071">
    <p class='ocr_par' dir='ltr' id='par_1_21' title="bbox 344 1978 1934 2071">
     <span class='ocr_line' id='line_1_21' title="bbox 344 1978 1934 2071; baseline 0.02 -39"><span class='ocrx_word' id='word_1_166' title='bbox 344 1978 436 2032; x_wconf 85' lang='lat' dir='ltr'><strong>liis</strong></span> <span class='ocrx_word' id='word_1_167' title='bbox 458 1983 671 2051; x_wconf 81' lang='lat' dir='ltr'><strong>vestris,</strong></span> <span class='ocrx_word' id='word_1_168' title='bbox 695 1996 896 2055; x_wconf 91' lang='lat' dir='ltr'><strong>quanto</strong></span> <span class='ocrx_word' id='word_1_169' title='bbox 916 1991 1088 2062; x_wconf 85' lang='lat' dir='ltr'><strong>magis</strong></span> <span class='ocrx_word' id='word_1_170' title='bbox 1109 1992 1267 2051; x_wconf 87' lang='lat' dir='ltr'><strong>Pater</strong></span> <span class='ocrx_word' id='word_1_171' title='bbox 1284 2006 1464 2055; x_wconf 87' lang='lat' dir='ltr'><strong>vester</strong></span> <span class='ocrx_word' id='word_1_172' title='bbox 1485 2001 1573 2071; x_wconf 89' lang='lat' dir='ltr'><strong>qui</strong></span> <span class='ocrx_word' id='word_1_173' title='bbox 1596 2003 1648 2058; x_wconf 82' lang='lat' dir='ltr'><strong>in</strong></span> <span class='ocrx_word' id='word_1_174' title='bbox 1671 2005 1825 2063; x_wconf 80' lang='lat' dir='ltr'><strong>ctelis</strong></span> <span class='ocrx_word' id='word_1_175' title='bbox 1848 2016 1934 2063; x_wconf 86' lang='lat' dir='ltr'><strong>est</strong></span> 
     </span>
    </p>
   </div>
   <div class='ocr_carea' id='block_1_22' title="bbox 343 2072 1932 2168">
    <p class='ocr_par' dir='ltr' id='par_1_22' title="bbox 343 2072 1932 2168">
     <span class='ocr_line' id='line_1_22' title="bbox 343 2072 1932 2168; baseline 0.019 -44"><span class='ocrx_word' id='word_1_176' title='bbox 343 2072 496 2128; x_wconf 82' lang='lat' dir='ltr'><strong>dabit</strong></span> <span class='ocrx_word' id='word_1_177' title='bbox 526 2074 665 2131; x_wconf 88' lang='lat' dir='ltr'><strong>bona</strong></span> <span class='ocrx_word' id='word_1_178' title='bbox 706 2082 1031 2148; x_wconf 72' lang='lat' dir='ltr'><strong>ponentibus</strong></span> <span class='ocrx_word' id='word_1_179' title='bbox 1059 2084 1157 2143; x_wconf 83' lang='lat' dir='ltr'><strong>se?</strong></span> <span class='ocrx_word' id='word_1_180' title='bbox 1201 2086 1391 2146; x_wconf 81' lang='lat' dir='ltr'><strong>Omnia</strong></span> <span class='ocrx_word' id='word_1_181' title='bbox 1428 2107 1559 2164; x_wconf 88' lang='lat' dir='ltr'><strong>ergo</strong></span> <span class='ocrx_word' id='word_1_182' title='bbox 1599 2086 1932 2168; x_wconf 56' lang='lat' dir='ltr'><strong>quacunque</strong></span> 
     </span>
    </p>
   </div>
   <div class='ocr_carea' id='block_1_23' title="bbox 346 2165 1929 2251">
    <p class='ocr_par' dir='ltr' id='par_1_23' title="bbox 346 2165 1929 2251">
     <span class='ocr_line' id='line_1_23' title="bbox 346 2165 1929 2251; baseline 0.021 -35"><span class='ocrx_word' id='word_1_183' title='bbox 346 2165 513 2221; x_wconf 88' lang='lat' dir='ltr'><strong>vultis</strong></span> <span class='ocrx_word' id='word_1_184' title='bbox 544 2176 604 2222; x_wconf 90' lang='lat' dir='ltr'><strong>ut</strong></span> <span class='ocrx_word' id='word_1_185' title='bbox 642 2169 847 2228; x_wconf 85' lang='lat' dir='ltr'><strong>faciant</strong></span> <span class='ocrx_word' id='word_1_186' title='bbox 883 2175 1038 2231; x_wconf 88' lang='lat' dir='ltr'><strong>vobis</strong></span> <span class='ocrx_word' id='word_1_187' title='bbox 1069 2177 1311 2240; x_wconf 85' lang='lat' dir='ltr'><strong>homines</strong></span> <span class='ocrx_word' id='word_1_188' title='bbox 1334 2226 1350 2251; x_wconf 90' lang='lat'><strong>,</strong></span> <span class='ocrx_word' id='word_1_189' title='bbox 1399 2196 1454 2241; x_wconf 91' lang='lat' dir='ltr'><strong>et</strong></span> <span class='ocrx_word' id='word_1_190' title='bbox 1494 2201 1594 2244; x_wconf 90' lang='lat' dir='ltr'><strong>vos</strong></span> <span class='ocrx_word' id='word_1_191' title='bbox 1619 2165 1797 2247; x_wconf 71' lang='lat' dir='ltr'><strong>facite</strong></span> <span class='ocrx_word' id='word_1_192' title='bbox 1826 2165 1929 2249; x_wconf 82' lang='lat' dir='ltr'><strong>e&#39;s.</strong></span> 
     </span>
    </p>
   </div>
   <div class='ocr_carea' id='block_1_24' title="bbox 346 2254 1934 2350">
    <p class='ocr_par' dir='ltr' id='par_1_24' title="bbox 346 2254 1934 2350">
     <span class='ocr_line' id='line_1_24' title="bbox 346 2254 1934 2350; baseline 0.021 -42"><span class='ocrx_word' id='word_1_193' title='bbox 346 2254 476 2312; x_wconf 67' lang='lat' dir='ltr'><strong>llaec</strong></span> <span class='ocrx_word' id='word_1_194' title='bbox 494 2268 579 2315; x_wconf 87' lang='lat' dir='ltr'><strong>est</strong></span> <span class='ocrx_word' id='word_1_195' title='bbox 603 2263 748 2317; x_wconf 90' lang='lat' dir='ltr'><strong>enim</strong></span> <span class='ocrx_word' id='word_1_196' title='bbox 766 2264 847 2319; x_wconf 92' lang='lat' dir='ltr'><strong>lex</strong></span> <span class='ocrx_word' id='word_1_197' title='bbox 863 2276 915 2321; x_wconf 81' lang='lat' dir='ltr'><strong>et</strong></span> <span class='ocrx_word' id='word_1_198' title='bbox 930 2271 1436 2340; x_wconf 53' lang='lat' dir='ltr'><strong>propheta—Luc.</strong></span> <span class='ocrx_word' id='word_1_199' title='bbox 1463 2295 1580 2350; x_wconf 67' lang='grc' dir='ltr'>χιιι,</span> <span class='ocrx_word' id='word_1_200' title='bbox 1606 2282 1697 2338; x_wconf 67' lang='grc'><strong>24.</strong></span> <span class='ocrx_word' id='word_1_201' title='bbox 1734 2285 1934 2342; x_wconf 78' lang='lat' dir='ltr'><strong>Intrate</strong></span> 
     </span>
    </p>
   </div>
   <div class='ocr_carea' id='block_1_25' title="bbox 347 2363 1931 2446">
    <p class='ocr_par' dir='ltr' id='par_1_25' title="bbox 347 2363 1931 2446">
     <span class='ocr_line' id='line_1_25' title="bbox 347 2363 1931 2446; baseline 0.022 -45"><span class='ocrx_word' id='word_1_202' title='bbox 347 2363 448 2417; x_wconf 87' lang='lat' dir='ltr'><strong>per</strong></span> <span class='ocrx_word' id='word_1_203' title='bbox 468 2364 749 2421; x_wconf 71' lang='lat' dir='ltr'><strong>angustam</strong></span> <span class='ocrx_word' id='word_1_204' title='bbox 774 2369 1015 2429; x_wconf 85' lang='lat' dir='ltr'><strong>portam;</strong></span> <span class='ocrx_word' id='word_1_205' title='bbox 1045 2366 1166 2434; x_wconf 84' lang='lat' dir='ltr'><strong>quia</strong></span> <span class='ocrx_word' id='word_1_206' title='bbox 1198 2367 1306 2422; x_wconf 88' lang='lat' dir='ltr'><strong>lata</strong></span> <span class='ocrx_word' id='word_1_207' title='bbox 1325 2381 1413 2427; x_wconf 86' lang='lat' dir='ltr'><strong>est</strong></span> <span class='ocrx_word' id='word_1_208' title='bbox 1438 2384 1589 2442; x_wconf 85' lang='lat' dir='ltr'><strong>porta</strong></span> <span class='ocrx_word' id='word_1_209' title='bbox 1608 2383 1668 2431; x_wconf 90' lang='lat' dir='ltr'><strong>et</strong></span> <span class='ocrx_word' id='word_1_210' title='bbox 1695 2379 1931 2446; x_wconf 78' lang='lat' dir='ltr'><strong>Spatiosa</strong></span> 
     </span>
    </p>
   </div>
   <div class='ocr_carea' id='block_1_26' title="bbox 344 2441 1933 2541">
    <p class='ocr_par' dir='ltr' id='par_1_26' title="bbox 344 2441 1933 2541">
     <span class='ocr_line' id='line_1_26' title="bbox 344 2441 1933 2541; baseline 0.023 -49"><span class='ocrx_word' id='word_1_211' title='bbox 344 2441 433 2495; x_wconf 87' lang='lat' dir='ltr'><strong>via</strong></span> <span class='ocrx_word' id='word_1_212' title='bbox 461 2459 581 2513; x_wconf 77' lang='lat' dir='ltr'><strong>qua:</strong></span> <span class='ocrx_word' id='word_1_213' title='bbox 610 2446 757 2503; x_wconf 88' lang='lat' dir='ltr'><strong>ducit</strong></span> <span class='ocrx_word' id='word_1_214' title='bbox 789 2451 854 2505; x_wconf 85' lang='lat' dir='ltr'><strong>ad</strong></span> <span class='ocrx_word' id='word_1_215' title='bbox 884 2455 1281 2528; x_wconf 85' lang='lat' dir='ltr'><strong>perditionem;</strong></span> <span class='ocrx_word' id='word_1_216' title='bbox 1312 2472 1367 2519; x_wconf 90' lang='lat' dir='ltr'><strong>et</strong></span> <span class='ocrx_word' id='word_1_217' title='bbox 1388 2441 1543 2520; x_wconf 86' lang='lat' dir='ltr'><strong>multi</strong></span> <span class='ocrx_word' id='word_1_218' title='bbox 1582 2477 1707 2523; x_wconf 88' lang='lat' dir='ltr'><strong>sunt</strong></span> <span class='ocrx_word' id='word_1_219' title='bbox 1727 2441 1825 2541; x_wconf 75' lang='lat' dir='ltr'><strong>qui</strong></span> <span class='ocrx_word' id='word_1_220' title='bbox 1854 2474 1933 2527; x_wconf 91' lang='lat' dir='ltr'><strong>in-</strong></span> 
     </span>
    </p>
   </div>
   <div class='ocr_carea' id='block_1_27' title="bbox 343 2542 1932 2635">
    <p class='ocr_par' dir='ltr' id='par_1_27' title="bbox 343 2542 1932 2635">
     <span class='ocr_line' id='line_1_27' title="bbox 343 2542 1932 2635; baseline 0.025 -51"><span class='ocrx_word' id='word_1_221' title='bbox 343 2542 490 2588; x_wconf 86' lang='lat' dir='ltr'><strong>trant</strong></span> <span class='ocrx_word' id='word_1_222' title='bbox 512 2551 609 2605; x_wconf 88' lang='lat' dir='ltr'><strong>per</strong></span> <span class='ocrx_word' id='word_1_223' title='bbox 636 2554 779 2598; x_wconf 87' lang='lat' dir='ltr'><strong>eam.</strong></span> <span class='ocrx_word' id='word_1_224' title='bbox 810 2546 977 2610; x_wconf 83' lang='lat' dir='ltr'><strong>Quam</strong></span> <span class='ocrx_word' id='word_1_225' title='bbox 1008 2542 1230 2621; x_wconf 87' lang='lat' dir='ltr'><strong>angusta</strong></span> <span class='ocrx_word' id='word_1_226' title='bbox 1259 2569 1412 2624; x_wconf 89' lang='lat' dir='ltr'><strong>porta</strong></span> <span class='ocrx_word' id='word_1_227' title='bbox 1442 2566 1497 2615; x_wconf 90' lang='lat' dir='ltr'><strong>et</strong></span> <span class='ocrx_word' id='word_1_228' title='bbox 1524 2572 1673 2617; x_wconf 88' lang='lat' dir='ltr'><strong>arcta</strong></span> <span class='ocrx_word' id='word_1_229' title='bbox 1706 2566 1787 2620; x_wconf 86' lang='lat' dir='ltr'><strong>via</strong></span> <span class='ocrx_word' id='word_1_230' title='bbox 1813 2583 1932 2635; x_wconf 74' lang='lat' dir='ltr'><strong>qua:</strong></span> 
     </span>
    </p>
   </div>
   <div class='ocr_carea' id='block_1_28' title="bbox 340 2622 1819 2719">
    <p class='ocr_par' dir='ltr' id='par_1_28' title="bbox 340 2622 1819 2719">
     <span class='ocr_line' id='line_1_28' title="bbox 340 2622 1819 2719; baseline 0.024 -42"><span class='ocrx_word' id='word_1_231' title='bbox 340 2622 495 2682; x_wconf 87' lang='lat' dir='ltr'><strong>ducit</strong></span> <span class='ocrx_word' id='word_1_232' title='bbox 517 2628 585 2685; x_wconf 91' lang='lat' dir='ltr'><strong>ad</strong></span> <span class='ocrx_word' id='word_1_233' title='bbox 606 2631 766 2689; x_wconf 87' lang='lat' dir='ltr'><strong>vitam</strong></span> <span class='ocrx_word' id='word_1_234' title='bbox 794 2654 807 2689; x_wconf 92' lang='lat'><strong>:</strong></span> <span class='ocrx_word' id='word_1_235' title='bbox 836 2649 890 2695; x_wconf 94' lang='lat' dir='ltr'><strong>et</strong></span> <span class='ocrx_word' id='word_1_236' title='bbox 918 2645 1072 2710; x_wconf 85' lang='lat' dir='ltr'><strong>pauci</strong></span> <span class='ocrx_word' id='word_1_237' title='bbox 1100 2657 1227 2703; x_wconf 89' lang='lat' dir='ltr'><strong>sunt</strong></span> <span class='ocrx_word' id='word_1_238' title='bbox 1249 2622 1340 2719; x_wconf 84' lang='lat' dir='ltr'><strong>qui</strong></span> <span class='ocrx_word' id='word_1_239' title='bbox 1363 2652 1640 2713; x_wconf 79' lang='lat' dir='ltr'><strong>inveniunt</strong></span> <span class='ocrx_word' id='word_1_240' title='bbox 1665 2672 1783 2713; x_wconf 88' lang='lat' dir='ltr'><strong>eam</strong></span> <span class='ocrx_word' id='word_1_241' title='bbox 1806 2660 1819 2713; x_wconf 81' lang='grc' dir='ltr'><strong>ι</strong></span> 
     </span>
    </p>
   </div>
   <div class='ocr_carea' id='block_1_29' title="bbox 947 2752 1344 2816">
    <p class='ocr_par' dir='ltr' id='par_1_29' title="bbox 947 2752 1344 2816">
     <span class='ocr_line' id='line_1_29' title="bbox 947 2752 1344 2816; baseline 0.018 -7"><span class='ocrx_word' id='word_1_242' title='bbox 947 2752 1174 2811; x_wconf 78' lang='lat' dir='ltr'><strong>CAPUT</strong></span> <span class='ocrx_word' id='word_1_243' title='bbox 1212 2758 1344 2816; x_wconf 80' lang='lat' dir='ltr'><strong>XLI.</strong></span> 
     </span>
    </p>
   </div>
   <div class='ocr_carea' id='block_1_30' title="bbox 706 2840 1585 2928">
    <p class='ocr_par' dir='ltr' id='par_1_30' title="bbox 706 2840 1585 2928">
     <span class='ocr_line' id='line_1_30' title="bbox 706 2840 1585 2928; baseline 0.024 -34"><span class='ocrx_word' id='word_1_244' title='bbox 706 2840 783 2897; x_wconf 84' lang='lat' dir='ltr'><strong>De</strong></span> <span class='ocrx_word' id='word_1_245' title='bbox 809 2848 1033 2903; x_wconf 81' lang='lat' dir='ltr'><strong>cavendo</strong></span> <span class='ocrx_word' id='word_1_246' title='bbox 1064 2866 1097 2903; x_wconf 89' lang='lat' dir='ltr'><strong>a</strong></span> <span class='ocrx_word' id='word_1_247' title='bbox 1124 2852 1272 2920; x_wconf 77' lang='lat' dir='ltr'><strong>falsis</strong></span> <span class='ocrx_word' id='word_1_248' title='bbox 1290 2858 1585 2928; x_wconf 67' lang='lat' dir='ltr'><strong>prop/retis.</strong></span> 
     </span>
    </p>
   </div>
   <div class='ocr_carea' id='block_1_31' title="bbox 412 2947 1929 3046">
    <p class='ocr_par' dir='ltr' id='par_1_31' title="bbox 412 2947 1929 3046">
     <span class='ocr_line' id='line_1_31' title="bbox 412 2947 1929 3046; baseline 0.021 -43"><span class='ocrx_word' id='word_1_249' title='bbox 412 2947 629 3007; x_wconf 59' lang='lat' dir='ltr'><strong>Manu.</strong></span> <span class='ocrx_word' id='word_1_250' title='bbox 674 2958 1027 3046; x_wconf 46' lang='lat'><strong>&quot;1,.15-20;</strong></span> <span class='ocrx_word' id='word_1_251' title='bbox 1079 2961 1209 3019; x_wconf 87' lang='lat' dir='ltr'><strong>Luc.</strong></span> <span class='ocrx_word' id='word_1_252' title='bbox 1240 2981 1311 3034; x_wconf 74' lang='lat' dir='ltr'><strong>v1,</strong></span> <span class='ocrx_word' id='word_1_253' title='bbox 1354 2968 1545 3027; x_wconf 63' lang='lat'><strong>45-45.</strong></span> <span class='ocrx_word' id='word_1_254' title='bbox 1580 2974 1856 3034; x_wconf 83' lang='lat' dir='ltr'><strong>Attendite</strong></span> <span class='ocrx_word' id='word_1_255' title='bbox 1898 2995 1929 3034; x_wconf 87' lang='lat' dir='ltr'><strong>a</strong></span> 
     </span>
    </p>
   </div>
   <div class='ocr_carea' id='block_1_32' title="bbox 332 3045 1927 3129">
    <p class='ocr_par' dir='ltr' id='par_1_32' title="bbox 332 3045 1927 3129">
     <span class='ocr_line' id='line_1_32' title="bbox 332 3045 1927 3129; baseline 0.019 -31"><span class='ocrx_word' id='word_1_256' title='bbox 332 3045 495 3103; x_wconf 83' lang='lat' dir='ltr'><strong>falsis</strong></span> <span class='ocrx_word' id='word_1_257' title='bbox 545 3045 838 3121; x_wconf 82' lang='lat' dir='ltr'><strong>prapltetis,</strong></span> <span class='ocrx_word' id='word_1_258' title='bbox 871 3056 961 3126; x_wconf 91' lang='lat' dir='ltr'><strong>qui</strong></span> <span class='ocrx_word' id='word_1_259' title='bbox 1005 3059 1225 3115; x_wconf 89' lang='lat' dir='ltr'><strong>veniunt</strong></span> <span class='ocrx_word' id='word_1_260' title='bbox 1266 3062 1334 3117; x_wconf 88' lang='lat' dir='ltr'><strong>ad</strong></span> <span class='ocrx_word' id='word_1_261' title='bbox 1369 3080 1463 3122; x_wconf 84' lang='lat' dir='ltr'><strong>vos</strong></span> <span class='ocrx_word' id='word_1_262' title='bbox 1500 3068 1556 3124; x_wconf 86' lang='lat' dir='ltr'><strong>in</strong></span> <span class='ocrx_word' id='word_1_263' title='bbox 1593 3072 1927 3129; x_wconf 78' lang='lat' dir='ltr'><strong>vestimentis</strong></span> 
     </span>
    </p>
   </div>
   <div class='ocr_carea' id='block_1_33' title="bbox 2044 524 3626 615">
    <p class='ocr_par' dir='ltr' id='par_1_33' title="bbox 2044 524 3626 615">
     <span class='ocr_line' id='line_1_33' title="bbox 2044 524 3626 615; baseline 0.02 -40"><span class='ocrx_word' id='word_1_264' title='bbox 2044 524 2207 589; x_wconf 88' lang='lat' dir='ltr'><strong>venti,</strong></span> <span class='ocrx_word' id='word_1_265' title='bbox 2238 535 2293 581; x_wconf 89' lang='lat' dir='ltr'><strong>et</strong></span> <span class='ocrx_word' id='word_1_266' title='bbox 2321 527 2596 585; x_wconf 89' lang='lat' dir='ltr'><strong>irruerunt</strong></span> <span class='ocrx_word' id='word_1_267' title='bbox 2631 533 2685 586; x_wconf 90' lang='lat' dir='ltr'><strong>iu</strong></span> <span class='ocrx_word' id='word_1_268' title='bbox 2708 534 2927 591; x_wconf 89' lang='lat' dir='ltr'><strong>domum</strong></span> <span class='ocrx_word' id='word_1_269' title='bbox 2959 540 3103 595; x_wconf 89' lang='lat' dir='ltr'><strong>illam</strong></span> <span class='ocrx_word' id='word_1_270' title='bbox 3125 585 3142 611; x_wconf 90' lang='lat'><strong>,</strong></span> <span class='ocrx_word' id='word_1_271' title='bbox 3171 555 3357 600; x_wconf 79' lang='lat' dir='ltr'><strong>etnon</strong></span> <span class='ocrx_word' id='word_1_272' title='bbox 3396 550 3626 615; x_wconf 85' lang='lat' dir='ltr'><strong>cecidit;</strong></span> 
     </span>
    </p>
   </div>
   <div class='ocr_carea' id='block_1_34' title="bbox 2043 611 3628 704">
    <p class='ocr_par' dir='ltr' id='par_1_34' title="bbox 2043 611 3628 704">
     <span class='ocr_line' id='line_1_34' title="bbox 2043 611 3628 704; baseline 0.02 -40"><span class='ocrx_word' id='word_1_273' title='bbox 2043 611 2256 671; x_wconf 86' lang='lat' dir='ltr'><strong>fundata</strong></span> <span class='ocrx_word' id='word_1_274' title='bbox 2286 618 2428 672; x_wconf 88' lang='lat' dir='ltr'><strong>enim</strong></span> <span class='ocrx_word' id='word_1_275' title='bbox 2454 630 2575 676; x_wconf 86' lang='lat' dir='ltr'><strong>erat</strong></span> <span class='ocrx_word' id='word_1_276' title='bbox 2602 636 2760 692; x_wconf 88' lang='lat' dir='ltr'><strong>supra</strong></span> <span class='ocrx_word' id='word_1_277' title='bbox 2794 635 3023 693; x_wconf 85' lang='lat' dir='ltr'><strong>petram.</strong></span> <span class='ocrx_word' id='word_1_278' title='bbox 3063 630 3129 685; x_wconf 85' lang='lat' dir='ltr'><strong>Et</strong></span> <span class='ocrx_word' id='word_1_279' title='bbox 3147 635 3326 690; x_wconf 86' lang='lat' dir='ltr'><strong>omnis</strong></span> <span class='ocrx_word' id='word_1_280' title='bbox 3355 638 3444 704; x_wconf 86' lang='lat' dir='ltr'><strong>qui</strong></span> <span class='ocrx_word' id='word_1_281' title='bbox 3478 611 3628 695; x_wconf 72' lang='lat' dir='ltr'><strong>audit</strong></span> 
     </span>
    </p>
   </div>
   <div class='ocr_carea' id='block_1_35' title="bbox 2042 706 3624 786">
    <p class='ocr_par' dir='ltr' id='par_1_35' title="bbox 2042 706 3624 786">
     <span class='ocr_line' id='line_1_35' title="bbox 2042 706 3624 786; baseline 0.017 -27"><span class='ocrx_word' id='word_1_282' title='bbox 2042 706 2205 762; x_wconf 80' lang='lat' dir='ltr'><strong>verba</strong></span> <span class='ocrx_word' id='word_1_283' title='bbox 2235 723 2381 773; x_wconf 88' lang='lat' dir='ltr'><strong>mea,</strong></span> <span class='ocrx_word' id='word_1_284' title='bbox 2427 720 2480 766; x_wconf 89' lang='lat' dir='ltr'><strong>ct</strong></span> <span class='ocrx_word' id='word_1_285' title='bbox 2510 727 2614 768; x_wconf 85' lang='lat' dir='ltr'><strong>non</strong></span> <span class='ocrx_word' id='word_1_286' title='bbox 2663 716 2787 771; x_wconf 75' lang='lat' dir='ltr'><strong>iacit</strong></span> <span class='ocrx_word' id='word_1_287' title='bbox 2828 733 2890 772; x_wconf 91' lang='lat' dir='ltr'><strong>ea</strong></span> <span class='ocrx_word' id='word_1_288' title='bbox 2910 759 2927 785; x_wconf 90' lang='lat'><strong>,</strong></span> <span class='ocrx_word' id='word_1_289' title='bbox 2959 719 3150 777; x_wconf 89' lang='lat' dir='ltr'><strong>similis</strong></span> <span class='ocrx_word' id='word_1_290' title='bbox 3179 724 3283 779; x_wconf 89' lang='lat' dir='ltr'><strong>erit</strong></span> <span class='ocrx_word' id='word_1_291' title='bbox 3317 729 3437 783; x_wconf 86' lang='lat' dir='ltr'><strong>viro</strong></span> <span class='ocrx_word' id='word_1_292' title='bbox 3462 732 3624 786; x_wconf 79' lang='lat' dir='ltr'><strong>stulto</strong></span> 
     </span>
    </p>
   </div>
   <div class='ocr_carea' id='block_1_36' title="bbox 2042 797 3625 880">
    <p class='ocr_par' dir='ltr' id='par_1_36' title="bbox 2042 797 3625 880">
     <span class='ocr_line' id='line_1_36' title="bbox 2042 797 3625 880; baseline 0.018 -33"><span class='ocrx_word' id='word_1_293' title='bbox 2042 797 2131 867; x_wconf 85' lang='lat' dir='ltr'><strong>qui</strong></span> <span class='ocrx_word' id='word_1_294' title='bbox 2160 797 2445 856; x_wconf 73' lang='lat' dir='ltr'><strong>aediﬁcavit</strong></span> <span class='ocrx_word' id='word_1_295' title='bbox 2482 802 2700 859; x_wconf 88' lang='lat' dir='ltr'><strong>domum</strong></span> <span class='ocrx_word' id='word_1_296' title='bbox 2750 821 2902 863; x_wconf 88' lang='lat' dir='ltr'><strong>suam</strong></span> <span class='ocrx_word' id='word_1_297' title='bbox 2943 824 3104 880; x_wconf 85' lang='lat' dir='ltr'><strong>super</strong></span> <span class='ocrx_word' id='word_1_298' title='bbox 3144 827 3389 872; x_wconf 84' lang='lat' dir='ltr'><strong>arenam.</strong></span> <span class='ocrx_word' id='word_1_299' title='bbox 3426 818 3493 874; x_wconf 86' lang='lat' dir='ltr'><strong>Et</strong></span> <span class='ocrx_word' id='word_1_300' title='bbox 3529 822 3625 875; x_wconf 87' lang='lat' dir='ltr'><strong>de-</strong></span> 
     </span>
    </p>
   </div>
   <div class='ocr_carea' id='block_1_37' title="bbox 2039 888 3622 980">
    <p class='ocr_par' dir='ltr' id='par_1_37' title="bbox 2039 888 3622 980">
     <span class='ocr_line' id='line_1_37' title="bbox 2039 888 3622 980; baseline 0.015 -38"><span class='ocrx_word' id='word_1_301' title='bbox 2039 888 2250 943; x_wconf 85' lang='lat' dir='ltr'><strong>scendit</strong></span> <span class='ocrx_word' id='word_1_302' title='bbox 2268 891 2463 958; x_wconf 88' lang='lat' dir='ltr'><strong>pluvia,</strong></span> <span class='ocrx_word' id='word_1_303' title='bbox 2481 903 2534 948; x_wconf 89' lang='lat' dir='ltr'><strong>et</strong></span> <span class='ocrx_word' id='word_1_304' title='bbox 2554 906 2811 952; x_wconf 83' lang='lat' dir='ltr'><strong>venerunt</strong></span> <span class='ocrx_word' id='word_1_305' title='bbox 2837 898 3080 967; x_wconf 79' lang='lat' dir='ltr'><strong>ﬂumina,</strong></span> <span class='ocrx_word' id='word_1_306' title='bbox 3102 914 3157 958; x_wconf 87' lang='lat' dir='ltr'><strong>et</strong></span> <span class='ocrx_word' id='word_1_307' title='bbox 3178 904 3436 962; x_wconf 83' lang='lat' dir='ltr'><strong>flaverunt</strong></span> <span class='ocrx_word' id='word_1_308' title='bbox 3451 914 3622 980; x_wconf 88' lang='lat' dir='ltr'><strong>venti,</strong></span> 
     </span>
    </p>
   </div>
   <div class='ocr_carea' id='block_1_38' title="bbox 2038 978 3621 1062">
    <p class='ocr_par' dir='ltr' id='par_1_38' title="bbox 2038 978 3621 1062">
     <span class='ocr_line' id='line_1_38' title="bbox 2038 978 3621 1062; baseline 0.017 -32"><span class='ocrx_word' id='word_1_309' title='bbox 2038 978 2095 1031; x_wconf 84' lang='lat' dir='ltr'><strong>et</strong></span> <span class='ocrx_word' id='word_1_310' title='bbox 2121 978 2395 1035; x_wconf 84' lang='lat' dir='ltr'><strong>irruerunt</strong></span> <span class='ocrx_word' id='word_1_311' title='bbox 2419 984 2472 1037; x_wconf 91' lang='lat' dir='ltr'><strong>in</strong></span> <span class='ocrx_word' id='word_1_312' title='bbox 2503 984 2721 1041; x_wconf 89' lang='lat' dir='ltr'><strong>domum</strong></span> <span class='ocrx_word' id='word_1_313' title='bbox 2750 988 2920 1057; x_wconf 86' lang='lat' dir='ltr'><strong>illam,</strong></span> <span class='ocrx_word' id='word_1_314' title='bbox 2951 1003 3006 1047; x_wconf 85' lang='lat' dir='ltr'><strong>et</strong></span> <span class='ocrx_word' id='word_1_315' title='bbox 3030 996 3242 1062; x_wconf 85' lang='lat' dir='ltr'><strong>cecidit,</strong></span> <span class='ocrx_word' id='word_1_316' title='bbox 3276 1007 3331 1053; x_wconf 91' lang='lat' dir='ltr'><strong>et</strong></span> <span class='ocrx_word' id='word_1_317' title='bbox 3353 999 3449 1055; x_wconf 85' lang='lat' dir='ltr'><strong>luit</strong></span> <span class='ocrx_word' id='word_1_318' title='bbox 3469 978 3621 1057; x_wconf 77' lang='lat' dir='ltr'><strong>ruina</strong></span> 
     </span>
    </p>
   </div>
   <div class='ocr_carea' id='block_1_39' title="bbox 2038 1068 3622 1149">
    <p class='ocr_par' dir='ltr' id='par_1_39' title="bbox 2038 1068 3622 1149">
     <span class='ocr_line' id='line_1_39' title="bbox 2038 1068 3622 1149; baseline 0.019 -29"><span class='ocrx_word' id='word_1_319' title='bbox 2038 1068 2153 1136; x_wconf 74' lang='lat' dir='ltr'><strong>ejus</strong></span> <span class='ocrx_word' id='word_1_320' title='bbox 2176 1085 2382 1141; x_wconf 85' lang='lat' dir='ltr'><strong>magna.</strong></span> <span class='ocrx_word' id='word_1_321' title='bbox 2424 1075 2494 1129; x_wconf 81' lang='lat' dir='ltr'><strong>Et</strong></span> <span class='ocrx_word' id='word_1_322' title='bbox 2524 1076 2719 1133; x_wconf 83' lang='lat' dir='ltr'><strong>factum</strong></span> <span class='ocrx_word' id='word_1_323' title='bbox 2752 1091 2834 1135; x_wconf 89' lang='lat' dir='ltr'><strong>est</strong></span> <span class='ocrx_word' id='word_1_324' title='bbox 2861 1096 2983 1139; x_wconf 85' lang='lat' dir='ltr'><strong>cum</strong></span> <span class='ocrx_word' id='word_1_325' title='bbox 3010 1101 3431 1147; x_wconf 65' lang='lat' dir='ltr'><strong>consummaset</strong></span> <span class='ocrx_word' id='word_1_326' title='bbox 3468 1094 3622 1149; x_wconf 83' lang='lat' dir='ltr'><strong>Jesus</strong></span> 
     </span>
    </p>
   </div>
   <div class='ocr_carea' id='block_1_40' title="bbox 2037 1161 3617 1258">
    <p class='ocr_par' dir='ltr' id='par_1_40' title="bbox 2037 1161 3617 1258">
     <span class='ocr_line' id='line_1_40' title="bbox 2037 1161 3617 1258; baseline 0.019 -45"><span class='ocrx_word' id='word_1_327' title='bbox 2037 1161 2199 1216; x_wconf 76' lang='lat' dir='ltr'><strong>verba</strong></span> <span class='ocrx_word' id='word_1_328' title='bbox 2227 1162 2361 1231; x_wconf 82' lang='lat' dir='ltr'><strong>haec,</strong></span> <span class='ocrx_word' id='word_1_329' title='bbox 2395 1166 2799 1229; x_wconf 89' lang='lat' dir='ltr'><strong>admirabantur</strong></span> <span class='ocrx_word' id='word_1_330' title='bbox 2822 1178 2993 1235; x_wconf 64' lang='lat' dir='ltr'><strong>turbae</strong></span> <span class='ocrx_word' id='word_1_331' title='bbox 3024 1196 3186 1252; x_wconf 88' lang='lat' dir='ltr'><strong>super</strong></span> <span class='ocrx_word' id='word_1_332' title='bbox 3210 1184 3451 1241; x_wconf 82' lang='lat' dir='ltr'><strong>doctrina</strong></span> <span class='ocrx_word' id='word_1_333' title='bbox 3481 1189 3617 1258; x_wconf 86' lang='lat' dir='ltr'><strong>ejus.</strong></span> 
     </span>
    </p>
   </div>
   <div class='ocr_carea' id='block_1_41' title="bbox 2038 1248 3619 1347">
    <p class='ocr_par' dir='ltr' id='par_1_41' title="bbox 2038 1248 3619 1347">
     <span class='ocr_line' id='line_1_41' title="bbox 2038 1248 3619 1347; baseline 0.02 -43"><span class='ocrx_word' id='word_1_334' title='bbox 2038 1248 2168 1307; x_wconf 78' lang='lat' dir='ltr'><strong>Erat</strong></span> <span class='ocrx_word' id='word_1_335' title='bbox 2194 1255 2335 1310; x_wconf 91' lang='lat' dir='ltr'><strong>enim</strong></span> <span class='ocrx_word' id='word_1_336' title='bbox 2360 1258 2565 1316; x_wconf 85' lang='lat' dir='ltr'><strong>docens</strong></span> <span class='ocrx_word' id='word_1_337' title='bbox 2585 1277 2700 1331; x_wconf 88' lang='lat' dir='ltr'><strong>eos,</strong></span> <span class='ocrx_word' id='word_1_338' title='bbox 2726 1269 2865 1322; x_wconf 88' lang='lat' dir='ltr'><strong>sicut</strong></span> <span class='ocrx_word' id='word_1_339' title='bbox 2897 1270 3211 1339; x_wconf 78' lang='lat' dir='ltr'><strong>potestatem</strong></span> <span class='ocrx_word' id='word_1_340' title='bbox 3241 1277 3440 1335; x_wconf 84' lang='lat' dir='ltr'><strong>habens</strong></span> <span class='ocrx_word' id='word_1_341' title='bbox 3458 1321 3474 1347; x_wconf 96' lang='lat'><strong>,</strong></span> <span class='ocrx_word' id='word_1_342' title='bbox 3512 1297 3619 1335; x_wconf 86' lang='lat' dir='ltr'><strong>non</strong></span> 
     </span>
    </p>
   </div>
   <div class='ocr_carea' id='block_1_42' title="bbox 2038 1346 3013 1417">
    <p class='ocr_par' dir='ltr' id='par_1_42' title="bbox 2038 1346 3013 1417">
     <span class='ocr_line' id='line_1_42' title="bbox 2038 1346 3013 1417; baseline 0.019 -20"><span class='ocrx_word' id='word_1_343' title='bbox 2038 1346 2176 1398; x_wconf 87' lang='lat' dir='ltr'><strong>sicut</strong></span> <span class='ocrx_word' id='word_1_344' title='bbox 2206 1346 2408 1403; x_wconf 75' lang='lat' dir='ltr'><strong>Scribe</strong></span> <span class='ocrx_word' id='word_1_345' title='bbox 2438 1365 2623 1407; x_wconf 82' lang='lat' dir='ltr'><strong>eorum</strong></span> <span class='ocrx_word' id='word_1_346' title='bbox 2656 1364 2709 1409; x_wconf 91' lang='lat' dir='ltr'><strong>et</strong></span> <span class='ocrx_word' id='word_1_347' title='bbox 2736 1356 3013 1417; x_wconf 71' lang='lat' dir='ltr'><strong>Pliariszri.</strong></span> 
     </span>
    </p>
   </div>
   <div class='ocr_carea' id='block_1_43' title="bbox 2606 1483 3046 1550">
    <p class='ocr_par' dir='ltr' id='par_1_43' title="bbox 2606 1483 3046 1550">
     <span class='ocr_line' id='line_1_43' title="bbox 2606 1483 3046 1550; baseline 0.023 -10"><span class='ocrx_word' id='word_1_348' title='bbox 2606 1483 2830 1545; x_wconf 83' lang='lat' dir='ltr'><strong>CAPUT</strong></span> <span class='ocrx_word' id='word_1_349' title='bbox 2868 1492 3046 1550; x_wconf 86' lang='lat' dir='ltr'><strong>XLIV.</strong></span> 
     </span>
    </p>
   </div>
   <div class='ocr_carea' id='block_1_44' title="bbox 2036 1561 3615 1648">
    <p class='ocr_par' dir='ltr' id='par_1_44' title="bbox 2036 1561 3615 1648">
     <span class='ocr_line' id='line_1_44' title="bbox 2036 1561 3615 1648; baseline 0.02 -32"><span class='ocrx_word' id='word_1_350' title='bbox 2036 1561 2193 1618; x_wconf 81' lang='lat' dir='ltr'><strong>Mittit</strong></span> <span class='ocrx_word' id='word_1_351' title='bbox 2221 1564 2374 1625; x_wconf 70' lang='lat' dir='ltr'><strong>Iesus</strong></span> <span class='ocrx_word' id='word_1_352' title='bbox 2403 1572 2670 1630; x_wconf 78' lang='lat' dir='ltr'><strong>duodecim</strong></span> <span class='ocrx_word' id='word_1_353' title='bbox 2688 1578 2969 1646; x_wconf 80' lang='lat' dir='ltr'><strong>discipulos</strong></span> <span class='ocrx_word' id='word_1_354' title='bbox 2997 1600 3118 1641; x_wconf 83' lang='lat' dir='ltr'><strong>suos</strong></span> <span class='ocrx_word' id='word_1_355' title='bbox 3163 1588 3341 1643; x_wconf 61' lang='lat' dir='ltr'><strong>docere</strong></span> <span class='ocrx_word' id='word_1_356' title='bbox 3366 1600 3412 1644; x_wconf 85' lang='lat' dir='ltr'><strong>et</strong></span> <span class='ocrx_word' id='word_1_357' title='bbox 3440 1608 3615 1648; x_wconf 76' lang='lat' dir='ltr'><strong>curare</strong></span> 
     </span>
    </p>
   </div>
   <div class='ocr_carea' id='block_1_45' title="bbox 2560 1649 3107 1719">
    <p class='ocr_par' dir='ltr' id='par_1_45' title="bbox 2560 1649 3107 1719">
     <span class='ocr_line' id='line_1_45' title="bbox 2560 1649 3107 1719; baseline 0.02 -21"><span class='ocrx_word' id='word_1_358' title='bbox 2560 1660 2732 1701; x_wconf 82' lang='lat' dir='ltr'><strong>omnes</strong></span> <span class='ocrx_word' id='word_1_359' title='bbox 2760 1649 3080 1719; x_wconf 75' lang='lat' dir='ltr'><strong>inﬁrmitates</strong></span> <span class='ocrx_word' id='word_1_360' title='bbox 3094 1696 3107 1709; x_wconf 95' lang='lat'><strong>.</strong></span> 
     </span>
    </p>
   </div>
   <div class='ocr_carea' id='block_1_46' title="bbox 2109 1754 3620 1852">
    <p class='ocr_par' dir='ltr' id='par_1_46' title="bbox 2109 1754 3620 1852">
     <span class='ocr_line' id='line_1_46' title="bbox 2109 1754 3620 1852; baseline 0.017 -29"><span class='ocrx_word' id='word_1_361' title='bbox 2109 1754 2321 1826; x_wconf 63' lang='lat' dir='ltr'><strong>Mar-ru.</strong></span> <span class='ocrx_word' id='word_1_362' title='bbox 2354 1788 2428 1841; x_wconf 87' lang='lat' dir='ltr'><strong>tx,</strong></span> <span class='ocrx_word' id='word_1_363' title='bbox 2458 1774 2546 1831; x_wconf 79' lang='grc'><strong>56.</strong></span> <span class='ocrx_word' id='word_1_364' title='bbox 2588 1779 2651 1833; x_wconf 73' lang='grc' dir='ltr'>γι</span> <span class='ocrx_word' id='word_1_365' title='bbox 2678 1782 2791 1835; x_wconf 89' lang='lat' dir='ltr'><strong>&#39;ens</strong></span> <span class='ocrx_word' id='word_1_366' title='bbox 2828 1796 3011 1839; x_wconf 85' lang='lat' dir='ltr'><strong>autem</strong></span> <span class='ocrx_word' id='word_1_367' title='bbox 3042 1790 3224 1844; x_wconf 79' lang='lat' dir='ltr'><strong>turbas</strong></span> <span class='ocrx_word' id='word_1_368' title='bbox 3262 1793 3510 1850; x_wconf 84' lang='lat' dir='ltr'><strong>misertus</strong></span> <span class='ocrx_word' id='word_1_369' title='bbox 3537 1808 3620 1852; x_wconf 85' lang='lat' dir='ltr'><strong>est</strong></span> 
     </span>
    </p>
   </div>
   <div class='ocr_carea' id='block_1_47' title="bbox 2034 1862 3617 1945">
    <p class='ocr_par' dir='ltr' id='par_1_47' title="bbox 2034 1862 3617 1945">
     <span class='ocr_line' id='line_1_47' title="bbox 2034 1862 3617 1945; baseline 0.017 -29"><span class='ocrx_word' id='word_1_370' title='bbox 2034 1862 2115 1916; x_wconf 79' lang='lat' dir='ltr'><strong>eis</strong></span> <span class='ocrx_word' id='word_1_371' title='bbox 2146 1881 2160 1916; x_wconf 89' lang='lat'><strong>:</strong></span> <span class='ocrx_word' id='word_1_372' title='bbox 2192 1865 2316 1934; x_wconf 87' lang='lat' dir='ltr'><strong>quia</strong></span> <span class='ocrx_word' id='word_1_373' title='bbox 2366 1879 2523 1923; x_wconf 88' lang='lat' dir='ltr'><strong>erant</strong></span> <span class='ocrx_word' id='word_1_374' title='bbox 2554 1875 2765 1935; x_wconf 85' lang='lat' dir='ltr'><strong>vexati,</strong></span> <span class='ocrx_word' id='word_1_375' title='bbox 2814 1886 2867 1929; x_wconf 80' lang='lat' dir='ltr'><strong>et</strong></span> <span class='ocrx_word' id='word_1_376' title='bbox 2891 1878 3129 1945; x_wconf 68' lang='lat' dir='ltr'><strong>iacentes</strong></span> <span class='ocrx_word' id='word_1_377' title='bbox 3169 1883 3309 1938; x_wconf 86' lang='lat' dir='ltr'><strong>sicut</strong></span> <span class='ocrx_word' id='word_1_378' title='bbox 3332 1901 3463 1944; x_wconf 83' lang='lat' dir='ltr'><strong>oves</strong></span> <span class='ocrx_word' id='word_1_379' title='bbox 3512 1905 3617 1944; x_wconf 87' lang='lat' dir='ltr'><strong>non</strong></span> 
     </span>
    </p>
   </div>
   <div class='ocr_carea' id='block_1_48' title="bbox 2034 1955 3618 2048">
    <p class='ocr_par' dir='ltr' id='par_1_48' title="bbox 2034 1955 3618 2048">
     <span class='ocr_line' id='line_1_48' title="bbox 2034 1955 3618 2048; baseline 0.02 -41"><span class='ocrx_word' id='word_1_380' title='bbox 2034 1955 2295 2016; x_wconf 66' lang='lat' dir='ltr'><strong>habentes</strong></span> <span class='ocrx_word' id='word_1_381' title='bbox 2326 1972 2617 2029; x_wconf 77' lang='lat' dir='ltr'><strong>pastorem.</strong></span> <span class='ocrx_word' id='word_1_382' title='bbox 2650 1997 2719 2008; x_wconf 82' lang='lat'><strong><em>—</em></strong></span> <span class='ocrx_word' id='word_1_383' title='bbox 2741 1969 2952 2026; x_wconf 68' lang='lat' dir='ltr'><strong>Mum.</strong></span> <span class='ocrx_word' id='word_1_384' title='bbox 2980 1982 3035 2040; x_wconf 81' lang='lat' dir='ltr'><strong>&#39;x,</strong></span> <span class='ocrx_word' id='word_1_385' title='bbox 3072 1977 3123 2043; x_wconf 82' lang='lat' dir='ltr'><strong>l,</strong></span> <span class='ocrx_word' id='word_1_386' title='bbox 3157 1976 3191 2029; x_wconf 82' lang='lat'>5</span> <span class='ocrx_word' id='word_1_387' title='bbox 3220 1979 3314 2044; x_wconf 81' lang='lat' dir='ltr'><strong>ll;</strong></span> <span class='ocrx_word' id='word_1_388' title='bbox 3343 1981 3512 2037; x_wconf 65' lang='lat' dir='ltr'><strong>Mane.</strong></span> <span class='ocrx_word' id='word_1_389' title='bbox 3548 2000 3618 2048; x_wconf 85' lang='lat' dir='ltr'><strong>vt.</strong></span> 
     </span>
    </p>
   </div>
   <div class='ocr_carea' id='block_1_49' title="bbox 2035 2047 3622 2130">
    <p class='ocr_par' dir='ltr' id='par_1_49' title="bbox 2035 2047 3622 2130">
     <span class='ocr_line' id='line_1_49' title="bbox 2035 2047 3622 2130; baseline 0.016 -27"><span class='ocrx_word' id='word_1_390' title='bbox 2035 2047 2156 2104; x_wconf 83' lang='grc'><strong>7-11</strong></span> <span class='ocrx_word' id='word_1_391' title='bbox 2188 2067 2203 2116; x_wconf 90' lang='lat'><strong>;</strong></span> <span class='ocrx_word' id='word_1_392' title='bbox 2237 2050 2368 2108; x_wconf 86' lang='lat' dir='ltr'><strong>Luc.</strong></span> <span class='ocrx_word' id='word_1_393' title='bbox 2397 2069 2475 2122; x_wconf 71' lang='grc' dir='ltr'><strong>ιχ,</strong></span> <span class='ocrx_word' id='word_1_394' title='bbox 2509 2055 2665 2113; x_wconf 64' lang='lat'><strong>2-12.</strong></span> <span class='ocrx_word' id='word_1_395' title='bbox 2703 2060 2767 2114; x_wconf 85' lang='lat' dir='ltr'><strong>Et</strong></span> <span class='ocrx_word' id='word_1_396' title='bbox 2803 2067 3111 2121; x_wconf 90' lang='lat' dir='ltr'><strong>convocatis</strong></span> <span class='ocrx_word' id='word_1_397' title='bbox 3137 2070 3420 2127; x_wconf 82' lang='lat' dir='ltr'><strong>duodecim</strong></span> <span class='ocrx_word' id='word_1_398' title='bbox 3461 2047 3622 2130; x_wconf 81' lang='lat' dir='ltr'><strong>disci-</strong></span> 
     </span>
    </p>
   </div>
   <div class='ocr_carea' id='block_1_50' title="bbox 2030 2141 3621 2227">
    <p class='ocr_par' dir='ltr' id='par_1_50' title="bbox 2030 2141 3621 2227">
     <span class='ocr_line' id='line_1_50' title="bbox 2030 2141 3621 2227; baseline 0.014 -34"><span class='ocrx_word' id='word_1_399' title='bbox 2030 2141 2175 2208; x_wconf 83' lang='lat' dir='ltr'><strong>pulis</strong></span> <span class='ocrx_word' id='word_1_400' title='bbox 2199 2144 2335 2211; x_wconf 85' lang='lat' dir='ltr'><strong>suis,</strong></span> <span class='ocrx_word' id='word_1_401' title='bbox 2358 2144 2508 2201; x_wconf 80' lang='lat' dir='ltr'><strong>dedit</strong></span> <span class='ocrx_word' id='word_1_402' title='bbox 2530 2149 2612 2203; x_wconf 88' lang='lat' dir='ltr'><strong>eis</strong></span> <span class='ocrx_word' id='word_1_403' title='bbox 2655 2159 2975 2218; x_wconf 88' lang='lat' dir='ltr'><strong>potestatem</strong></span> <span class='ocrx_word' id='word_1_404' title='bbox 3005 2158 3289 2227; x_wconf 78' lang='lat' dir='ltr'><strong>spirituum</strong></span> <span class='ocrx_word' id='word_1_405' title='bbox 3320 2162 3621 2219; x_wconf 77' lang='lat' dir='ltr'><strong>immundo-</strong></span> 
     </span>
    </p>
   </div>
   <div class='ocr_carea' id='block_1_51' title="bbox 2035 2235 3619 2323">
    <p class='ocr_par' dir='ltr' id='par_1_51' title="bbox 2035 2235 3619 2323">
     <span class='ocr_line' id='line_1_51' title="bbox 2035 2235 3619 2323; baseline 0.019 -40"><span class='ocrx_word' id='word_1_406' title='bbox 2035 2245 2178 2297; x_wconf 75' lang='lat' dir='ltr'><strong>rtutt,</strong></span> <span class='ocrx_word' id='word_1_407' title='bbox 2207 2244 2262 2288; x_wconf 88' lang='lat' dir='ltr'><strong>ut</strong></span> <span class='ocrx_word' id='word_1_408' title='bbox 2290 2235 2548 2304; x_wconf 84' lang='lat' dir='ltr'><strong>ejicereat</strong></span> <span class='ocrx_word' id='word_1_409' title='bbox 2577 2254 2694 2308; x_wconf 88' lang='lat' dir='ltr'><strong>eos,</strong></span> <span class='ocrx_word' id='word_1_410' title='bbox 2718 2250 2776 2297; x_wconf 87' lang='lat' dir='ltr'><strong>et</strong></span> <span class='ocrx_word' id='word_1_411' title='bbox 2794 2256 3047 2302; x_wconf 87' lang='lat' dir='ltr'><strong>curarent</strong></span> <span class='ocrx_word' id='word_1_412' title='bbox 3068 2265 3281 2305; x_wconf 88' lang='lat' dir='ltr'><strong>omnem</strong></span> <span class='ocrx_word' id='word_1_413' title='bbox 3310 2254 3619 2323; x_wconf 79' lang='lat' dir='ltr'><strong>languorem</strong></span> 
     </span>
    </p>
   </div>
   <div class='ocr_carea' id='block_1_52' title="bbox 2033 2325 3622 2410">
    <p class='ocr_par' dir='ltr' id='par_1_52' title="bbox 2033 2325 3622 2410">
     <span class='ocr_line' id='line_1_52' title="bbox 2033 2325 3622 2410; baseline 0.018 -37"><span class='ocrx_word' id='word_1_414' title='bbox 2033 2330 2090 2375; x_wconf 79' lang='lat' dir='ltr'><strong>et</strong></span> <span class='ocrx_word' id='word_1_415' title='bbox 2107 2338 2321 2379; x_wconf 70' lang='lat' dir='ltr'><strong>omnem</strong></span> <span class='ocrx_word' id='word_1_416' title='bbox 2345 2325 2732 2386; x_wconf 72' lang='lat' dir='ltr'><strong>inﬁrmitatem.</strong></span> <span class='ocrx_word' id='word_1_417' title='bbox 2764 2333 2833 2388; x_wconf 87' lang='lat' dir='ltr'><strong>Et</strong></span> <span class='ocrx_word' id='word_1_418' title='bbox 2860 2336 3007 2390; x_wconf 82' lang='lat' dir='ltr'><strong>misit</strong></span> <span class='ocrx_word' id='word_1_419' title='bbox 3050 2338 3171 2394; x_wconf 72' lang='lat' dir='ltr'><strong>illos</strong></span> <span class='ocrx_word' id='word_1_420' title='bbox 3216 2343 3509 2410; x_wconf 72' lang='lat' dir='ltr'><strong>pra-dicare</strong></span> <span class='ocrx_word' id='word_1_421' title='bbox 3539 2364 3622 2403; x_wconf 89' lang='lat' dir='ltr'><strong>re-</strong></span> 
     </span>
    </p>
   </div>
   <div class='ocr_carea' id='block_1_53' title="bbox 2030 2415 3619 2493">
    <p class='ocr_par' dir='ltr' id='par_1_53' title="bbox 2030 2415 3619 2493">
     <span class='ocr_line' id='line_1_53' title="bbox 2030 2415 3619 2493; baseline 0.018 -28"><span class='ocrx_word' id='word_1_422' title='bbox 2030 2427 2196 2482; x_wconf 73' lang='lat' dir='ltr'><strong>gnum</strong></span> <span class='ocrx_word' id='word_1_423' title='bbox 2217 2415 2402 2483; x_wconf 85' lang='lat' dir='ltr'><strong>Dei,ct</strong></span> <span class='ocrx_word' id='word_1_424' title='bbox 2419 2420 2492 2474; x_wconf 90' lang='lat' dir='ltr'><strong>ait</strong></span> <span class='ocrx_word' id='word_1_425' title='bbox 2515 2426 2579 2475; x_wconf 55' lang='lat' dir='ltr'><strong>ait</strong></span> <span class='ocrx_word' id='word_1_426' title='bbox 2602 2422 2726 2478; x_wconf 87' lang='lat' dir='ltr'><strong>illos</strong></span> <span class='ocrx_word' id='word_1_427' title='bbox 2749 2443 2767 2478; x_wconf 85' lang='lat'><strong>:</strong></span> <span class='ocrx_word' id='word_1_428' title='bbox 2783 2424 3163 2485; x_wconf 81' lang='lat' dir='ltr'><strong>Nihiltuleritis</strong></span> <span class='ocrx_word' id='word_1_429' title='bbox 3184 2433 3236 2486; x_wconf 88' lang='lat' dir='ltr'><strong>in</strong></span> <span class='ocrx_word' id='word_1_430' title='bbox 3264 2438 3368 2488; x_wconf 86' lang='lat' dir='ltr'><strong>via.</strong></span> <span class='ocrx_word' id='word_1_431' title='bbox 3401 2438 3455 2490; x_wconf 91' lang='lat' dir='ltr'><strong>In</strong></span> <span class='ocrx_word' id='word_1_432' title='bbox 3479 2439 3619 2493; x_wconf 85' lang='lat' dir='ltr'><strong>viam</strong></span> 
     </span>
    </p>
   </div>
   <div class='ocr_carea' id='block_1_54' title="bbox 2028 2504 3620 2583">
    <p class='ocr_par' dir='ltr' id='par_1_54' title="bbox 2028 2504 3620 2583">
     <span class='ocr_line' id='line_1_54' title="bbox 2028 2504 3620 2583; baseline 0.017 -28"><span class='ocrx_word' id='word_1_433' title='bbox 2028 2504 2268 2574; x_wconf 82' lang='lat' dir='ltr'><strong>gentium</strong></span> <span class='ocrx_word' id='word_1_434' title='bbox 2300 2522 2370 2562; x_wconf 91' lang='lat' dir='ltr'><strong>ne</strong></span> <span class='ocrx_word' id='word_1_435' title='bbox 2392 2508 2669 2578; x_wconf 65' lang='lat' dir='ltr'><strong>aliieritie,</strong></span> <span class='ocrx_word' id='word_1_436' title='bbox 2710 2524 2764 2568; x_wconf 88' lang='lat' dir='ltr'><strong>et</strong></span> <span class='ocrx_word' id='word_1_437' title='bbox 2806 2515 2859 2568; x_wconf 92' lang='lat' dir='ltr'><strong>in</strong></span> <span class='ocrx_word' id='word_1_438' title='bbox 2890 2516 3135 2575; x_wconf 86' lang='lat' dir='ltr'><strong>civitates</strong></span> <span class='ocrx_word' id='word_1_439' title='bbox 3162 2521 3620 2583; x_wconf 82' lang='lat' dir='ltr'><strong>Samaritanorum</strong></span> 
     </span>
    </p>
   </div>
   <div class='ocr_carea' id='block_1_55' title="bbox 2030 2590 3625 2687">
    <p class='ocr_par' dir='ltr' id='par_1_55' title="bbox 2030 2590 3625 2687">
     <span class='ocr_line' id='line_1_55' title="bbox 2030 2590 3625 2687; baseline 0.018 -38"><span class='ocrx_word' id='word_1_440' title='bbox 2030 2610 2102 2650; x_wconf 79' lang='lat' dir='ltr'><strong>ne</strong></span> <span class='ocrx_word' id='word_1_441' title='bbox 2130 2596 2490 2665; x_wconf 84' lang='lat' dir='ltr'><strong>intraveritis;</strong></span> <span class='ocrx_word' id='word_1_442' title='bbox 2522 2603 2617 2659; x_wconf 87' lang='lat' dir='ltr'><strong>sed</strong></span> <span class='ocrx_word' id='word_1_443' title='bbox 2650 2590 2827 2674; x_wconf 82' lang='lat' dir='ltr'><strong>potius</strong></span> <span class='ocrx_word' id='word_1_444' title='bbox 2855 2610 2928 2664; x_wconf 88' lang='lat' dir='ltr'><strong>ite</strong></span> <span class='ocrx_word' id='word_1_445' title='bbox 2954 2612 3022 2665; x_wconf 89' lang='lat' dir='ltr'><strong>ad</strong></span> <span class='ocrx_word' id='word_1_446' title='bbox 3045 2628 3175 2669; x_wconf 88' lang='lat' dir='ltr'><strong>oves</strong></span> <span class='ocrx_word' id='word_1_447' title='bbox 3197 2632 3318 2685; x_wconf 66' lang='lat' dir='ltr'><strong>quae</strong></span> <span class='ocrx_word' id='word_1_448' title='bbox 3351 2621 3625 2687; x_wconf 83' lang='lat' dir='ltr'><strong>perierunt</strong></span> 
     </span>
    </p>
   </div>
   <div class='ocr_carea' id='block_1_56' title="bbox 1970 2686 3619 2776">
    <p class='ocr_par' dir='ltr' id='par_1_56' title="bbox 1970 2686 3619 2776">
     <span class='ocr_line' id='line_1_56' title="bbox 1970 2686 3619 2776; baseline 0.018 -35"><span class='ocrx_word' id='word_1_449' title='bbox 1970 2752 1974 2755; x_wconf 95' lang='lat'><strong><em>_</em></strong></span> <span class='ocrx_word' id='word_1_450' title='bbox 2030 2688 2224 2746; x_wconf 81' lang='lat' dir='ltr'><strong>domus</strong></span> <span class='ocrx_word' id='word_1_451' title='bbox 2256 2690 2438 2748; x_wconf 86' lang='lat' dir='ltr'><strong>Israel.</strong></span> <span class='ocrx_word' id='word_1_452' title='bbox 2486 2686 2692 2752; x_wconf 83' lang='lat' dir='ltr'><strong>Euntes</strong></span> <span class='ocrx_word' id='word_1_453' title='bbox 2733 2708 2913 2755; x_wconf 89' lang='lat' dir='ltr'><strong>autem</strong></span> <span class='ocrx_word' id='word_1_454' title='bbox 2963 2706 3283 2776; x_wconf 67' lang='lat' dir='ltr'><strong>praedicate,</strong></span> <span class='ocrx_word' id='word_1_455' title='bbox 3334 2686 3619 2771; x_wconf 84' lang='lat' dir='ltr'><strong>dicentes:</strong></span> 
     </span>
    </p>
   </div>
   <div class='ocr_carea' id='block_1_57' title="bbox 2031 2781 3673 2863">
    <p class='ocr_par' dir='ltr' id='par_1_57' title="bbox 2031 2781 3673 2863">
     <span class='ocr_line' id='line_1_57' title="bbox 2031 2781 3673 2863; baseline 0.018 -31"><span class='ocrx_word' id='word_1_456' title='bbox 2031 2781 2152 2849; x_wconf 82' lang='lat' dir='ltr'><strong>quia</strong></span> <span class='ocrx_word' id='word_1_457' title='bbox 2195 2784 2648 2855; x_wconf 76' lang='lat' dir='ltr'><strong>appropinquavit</strong></span> <span class='ocrx_word' id='word_1_458' title='bbox 2674 2804 2896 2859; x_wconf 80' lang='lat' dir='ltr'><strong>regnum</strong></span> <span class='ocrx_word' id='word_1_459' title='bbox 2924 2795 3187 2851; x_wconf 76' lang='lat' dir='ltr'><strong>crelnrum</strong></span> <span class='ocrx_word' id='word_1_460' title='bbox 3208 2838 3224 2863; x_wconf 92' lang='lat'><strong>,</strong></span> <span class='ocrx_word' id='word_1_461' title='bbox 3260 2799 3501 2857; x_wconf 79' lang='lat' dir='ltr'><strong>infirmos</strong></span> <span class='ocrx_word' id='word_1_462' title='bbox 3530 2819 3623 2860; x_wconf 79' lang='lat' dir='ltr'><strong>cu-</strong></span> <span class='ocrx_word' id='word_1_463' title='bbox 3664 2809 3673 2816; x_wconf 80' lang='grc'><em>’</em></span> 
     </span>
    </p>
   </div>
   <div class='ocr_carea' id='block_1_58' title="bbox 2030 2879 3622 2959">
    <p class='ocr_par' dir='ltr' id='par_1_58' title="bbox 2030 2879 3622 2959">
     <span class='ocr_line' id='line_1_58' title="bbox 2030 2879 3622 2959; baseline 0.017 -33"><span class='ocrx_word' id='word_1_464' title='bbox 2030 2882 2168 2939; x_wconf 91' lang='lat' dir='ltr'><strong>rate,</strong></span> <span class='ocrx_word' id='word_1_465' title='bbox 2197 2883 2437 2933; x_wconf 85' lang='lat' dir='ltr'><strong>mortuos</strong></span> <span class='ocrx_word' id='word_1_466' title='bbox 2466 2879 2746 2948; x_wconf 87' lang='lat' dir='ltr'><strong>suscitate,</strong></span> <span class='ocrx_word' id='word_1_467' title='bbox 2772 2883 3018 2953; x_wconf 79' lang='lat' dir='ltr'><strong>leprosos</strong></span> <span class='ocrx_word' id='word_1_468' title='bbox 3041 2889 3321 2959; x_wconf 85' lang='lat' dir='ltr'><strong>mundate,</strong></span> <span class='ocrx_word' id='word_1_469' title='bbox 3348 2893 3622 2953; x_wconf 72' lang='lat' dir='ltr'><strong>dzemones</strong></span> 
     </span>
    </p>
   </div>
   <div class='ocr_carea' id='block_1_59' title="bbox 2013 2955 3621 3053">
    <p class='ocr_par' dir='ltr' id='par_1_59' title="bbox 2013 2955 3621 3053">
     <span class='ocr_line' id='line_1_59' title="bbox 2013 2955 3621 3053; baseline 0.016 -36"><span class='ocrx_word' id='word_1_470' title='bbox 2013 2955 2208 3033; x_wconf 76' lang='lat' dir='ltr'><strong>&#39;ejicite</strong></span> <span class='ocrx_word' id='word_1_471' title='bbox 2231 2982 2244 3019; x_wconf 92' lang='lat'><strong>:</strong></span> <span class='ocrx_word' id='word_1_472' title='bbox 2269 2968 2438 3037; x_wconf 85' lang='lat' dir='ltr'><strong>gratis</strong></span> <span class='ocrx_word' id='word_1_473' title='bbox 2458 2971 2765 3040; x_wconf 85' lang='lat' dir='ltr'><strong>accepistis,</strong></span> <span class='ocrx_word' id='word_1_474' title='bbox 2787 2976 2954 3043; x_wconf 84' lang='lat' dir='ltr'><strong>gratis</strong></span> <span class='ocrx_word' id='word_1_475' title='bbox 2980 2977 3121 3033; x_wconf 88' lang='lat' dir='ltr'><strong>date.</strong></span> <span class='ocrx_word' id='word_1_476' title='bbox 3151 2955 3327 3036; x_wconf 81' lang='lat' dir='ltr'><strong>Nolite</strong></span> <span class='ocrx_word' id='word_1_477' title='bbox 3348 2986 3621 3053; x_wconf 84' lang='lat' dir='ltr'><strong>possidere</strong></span> 
     </span>
    </p>
   </div>
   <div class='ocr_carea' id='block_1_60' title="bbox 2028 3067 3619 3138">
    <p class='ocr_par' dir='ltr' id='par_1_60' title="bbox 2028 3067 3619 3138">
     <span class='ocr_line' id='line_1_60' title="bbox 2028 3067 3619 3138; baseline 0.016 -30"><span class='ocrx_word' id='word_1_478' title='bbox 2028 3067 2218 3110; x_wconf 88' lang='lat' dir='ltr'><strong>aurum</strong></span> <span class='ocrx_word' id='word_1_479' title='bbox 2240 3096 2256 3123; x_wconf 92' lang='lat'><strong>,</strong></span> <span class='ocrx_word' id='word_1_480' title='bbox 2292 3071 2467 3127; x_wconf 88' lang='lat' dir='ltr'><strong>neque</strong></span> <span class='ocrx_word' id='word_1_481' title='bbox 2492 3071 2807 3131; x_wconf 86' lang='lat' dir='ltr'><strong>argentum,</strong></span> <span class='ocrx_word' id='word_1_482' title='bbox 2838 3079 3011 3137; x_wconf 88' lang='lat' dir='ltr'><strong>neque</strong></span> <span class='ocrx_word' id='word_1_483' title='bbox 3053 3073 3333 3138; x_wconf 83' lang='lat' dir='ltr'><strong>pecuniam</strong></span> <span class='ocrx_word' id='word_1_484' title='bbox 3383 3074 3437 3129; x_wconf 91' lang='lat' dir='ltr'><strong>in</strong></span> <span class='ocrx_word' id='word_1_485' title='bbox 3470 3083 3619 3135; x_wconf 84' lang='lat' dir='ltr'><strong>zonis</strong></span> 
     </span>
    </p>
   </div>
   <div class='ocr_carea' id='block_1_61' title="bbox 329 3138 1923 3237">
    <p class='ocr_par' dir='ltr' id='par_1_61' title="bbox 329 3138 1923 3229">
     <span class='ocr_line' id='line_1_61' title="bbox 329 3138 1923 3229; baseline 0.018 -38"><span class='ocrx_word' id='word_1_486' title='bbox 329 3138 525 3192; x_wconf 82' lang='lat' dir='ltr'><strong>ovium</strong></span> <span class='ocrx_word' id='word_1_487' title='bbox 550 3181 564 3203; x_wconf 88' lang='lat'><strong>,</strong></span> <span class='ocrx_word' id='word_1_488' title='bbox 597 3141 919 3201; x_wconf 89' lang='lat' dir='ltr'><strong>intrinsecus</strong></span> <span class='ocrx_word' id='word_1_489' title='bbox 946 3158 1124 3205; x_wconf 88' lang='lat' dir='ltr'><strong>autem</strong></span> <span class='ocrx_word' id='word_1_490' title='bbox 1155 3164 1281 3210; x_wconf 91' lang='lat' dir='ltr'><strong>sunt</strong></span> <span class='ocrx_word' id='word_1_491' title='bbox 1311 3156 1419 3226; x_wconf 93' lang='lat' dir='ltr'><strong>lupi</strong></span> <span class='ocrx_word' id='word_1_492' title='bbox 1458 3174 1679 3229; x_wconf 88' lang='lat' dir='ltr'><strong>rapaces</strong></span> <span class='ocrx_word' id='word_1_493' title='bbox 1703 3179 1717 3215; x_wconf 92' lang='lat'><strong>:</strong></span> <span class='ocrx_word' id='word_1_494' title='bbox 1741 3178 1773 3218; x_wconf 89' lang='lat' dir='ltr'><strong>a</strong></span> <span class='ocrx_word' id='word_1_495' title='bbox 1814 3164 1923 3220; x_wconf 82' lang='lat' dir='ltr'><strong>fru-</strong></span> 
     </span>
    </p>
   </div>
   <div class='ocr_carea' id='block_1_62' title="bbox 2021 3138 3618 3237">
    <p class='ocr_par' dir='ltr' id='par_1_62' title="bbox 2030 3147 3618 3237">
     <span class='ocr_line' id='line_1_62' title="bbox 2030 3147 3618 3237; baseline 0.018 -39"><span class='ocrx_word' id='word_1_496' title='bbox 2030 3147 2247 3211; x_wconf 90' lang='lat' dir='ltr'><strong>vestris,</strong></span> <span class='ocrx_word' id='word_1_497' title='bbox 2279 3162 2386 3202; x_wconf 91' lang='lat' dir='ltr'><strong>non</strong></span> <span class='ocrx_word' id='word_1_498' title='bbox 2420 3164 2603 3218; x_wconf 89' lang='lat' dir='ltr'><strong>peram</strong></span> <span class='ocrx_word' id='word_1_499' title='bbox 2627 3152 2681 3207; x_wconf 90' lang='lat' dir='ltr'><strong>in</strong></span> <span class='ocrx_word' id='word_1_500' title='bbox 2713 3157 2822 3222; x_wconf 87' lang='lat' dir='ltr'><strong>via,</strong></span> <span class='ocrx_word' id='word_1_501' title='bbox 2846 3172 3018 3229; x_wconf 88' lang='lat' dir='ltr'><strong>neque</strong></span> <span class='ocrx_word' id='word_1_502' title='bbox 3041 3176 3255 3232; x_wconf 87' lang='lat' dir='ltr'><strong>panem,</strong></span> <span class='ocrx_word' id='word_1_503' title='bbox 3286 3182 3457 3237; x_wconf 80' lang='lat' dir='ltr'><strong>neque</strong></span> <span class='ocrx_word' id='word_1_504' title='bbox 3483 3171 3618 3228; x_wconf 84' lang='lat' dir='ltr'><strong>duas</strong></span> 
     </span>
    </p>
   </div>
   <div class='ocr_carea' id='block_1_63' title="bbox 325 3228 1922 3324">
    <p class='ocr_par' dir='ltr' id='par_1_63' title="bbox 325 3228 1922 3324">
     <span class='ocr_line' id='line_1_63' title="bbox 325 3228 1922 3324; baseline 0.022 -45"><span class='ocrx_word' id='word_1_505' title='bbox 325 3228 516 3284; x_wconf 87' lang='lat' dir='ltr'><strong>ctibus</strong></span> <span class='ocrx_word' id='word_1_506' title='bbox 538 3244 722 3288; x_wconf 90' lang='lat' dir='ltr'><strong>eorum</strong></span> <span class='ocrx_word' id='word_1_507' title='bbox 744 3242 1083 3307; x_wconf 86' lang='lat' dir='ltr'><strong>cognoscetis</strong></span> <span class='ocrx_word' id='word_1_508' title='bbox 1111 3258 1225 3298; x_wconf 90' lang='lat' dir='ltr'><strong>eos.</strong></span> <span class='ocrx_word' id='word_1_509' title='bbox 1257 3245 1504 3319; x_wconf 83' lang='lat' dir='ltr'><strong>Nunquid</strong></span> <span class='ocrx_word' id='word_1_510' title='bbox 1524 3228 1809 3324; x_wconf 76' lang='lat' dir='ltr'><strong>colligunt</strong></span> <span class='ocrx_word' id='word_1_511' title='bbox 1851 3257 1922 3315; x_wconf 88' lang='lat' dir='ltr'><strong>de</strong></span> 
     </span>
    </p>
   </div>
   <div class='ocr_carea' id='block_1_64' title="bbox 329 3318 1923 3403">
    <p class='ocr_par' dir='ltr' id='par_1_64' title="bbox 329 3318 1923 3403">
     <span class='ocr_line' id='line_1_64' title="bbox 329 3318 1923 3403; baseline 0.021 -33"><span class='ocrx_word' id='word_1_512' title='bbox 329 3318 511 3385; x_wconf 86' lang='lat' dir='ltr'><strong>spinis</strong></span> <span class='ocrx_word' id='word_1_513' title='bbox 556 3338 713 3392; x_wconf 88' lang='lat' dir='ltr'><strong>uvas,</strong></span> <span class='ocrx_word' id='word_1_514' title='bbox 752 3336 847 3383; x_wconf 89' lang='lat' dir='ltr'><strong>aut</strong></span> <span class='ocrx_word' id='word_1_515' title='bbox 885 3330 952 3386; x_wconf 92' lang='lat' dir='ltr'><strong>de</strong></span> <span class='ocrx_word' id='word_1_516' title='bbox 982 3332 1190 3390; x_wconf 84' lang='lat' dir='ltr'><strong>tribulis</strong></span> <span class='ocrx_word' id='word_1_517' title='bbox 1220 3336 1353 3393; x_wconf 81' lang='lat' dir='ltr'><strong>licus</strong></span> <span class='ocrx_word' id='word_1_518' title='bbox 1370 3318 1514 3396; x_wconf 32' lang='lat' dir='ltr'><strong>?:Sic</strong></span> <span class='ocrx_word' id='word_1_519' title='bbox 1543 3318 1720 3401; x_wconf 76' lang='lat' dir='ltr'><strong>omnis</strong></span> <span class='ocrx_word' id='word_1_520' title='bbox 1762 3346 1923 3403; x_wconf 86' lang='lat' dir='ltr'><strong>arbor</strong></span> 
     </span>
    </p>
   </div>
   <div class='ocr_carea' id='block_1_65' title="bbox 324 3411 1917 3499">
    <p class='ocr_par' dir='ltr' id='par_1_65' title="bbox 324 3411 1917 3499">
     <span class='ocr_line' id='line_1_65' title="bbox 324 3411 1917 3499; baseline 0.022 -35"><span class='ocrx_word' id='word_1_521' title='bbox 324 3411 475 3467; x_wconf 83' lang='lat' dir='ltr'><strong>bona</strong></span> <span class='ocrx_word' id='word_1_522' title='bbox 502 3413 708 3473; x_wconf 87' lang='lat' dir='ltr'><strong>fructus</strong></span> <span class='ocrx_word' id='word_1_523' title='bbox 733 3419 904 3478; x_wconf 92' lang='lat' dir='ltr'><strong>bonos</strong></span> <span class='ocrx_word' id='word_1_524' title='bbox 940 3423 1071 3482; x_wconf 81' lang='lat' dir='ltr'><strong>facit</strong></span> <span class='ocrx_word' id='word_1_525' title='bbox 1102 3445 1115 3480; x_wconf 92' lang='lat'>:</span> <span class='ocrx_word' id='word_1_526' title='bbox 1147 3430 1288 3485; x_wconf 88' lang='lat' dir='ltr'><strong>mala</strong></span> <span class='ocrx_word' id='word_1_527' title='bbox 1315 3442 1496 3489; x_wconf 85' lang='lat' dir='ltr'><strong>autem</strong></span> <span class='ocrx_word' id='word_1_528' title='bbox 1526 3436 1688 3494; x_wconf 87' lang='lat' dir='ltr'><strong>arbor</strong></span> <span class='ocrx_word' id='word_1_529' title='bbox 1711 3438 1917 3499; x_wconf 86' lang='lat' dir='ltr'><strong>fructus</strong></span> 
     </span>
    </p>
   </div>
   <div class='ocr_carea' id='block_1_66' title="bbox 334 3506 1919 3593">
    <p class='ocr_par' dir='ltr' id='par_1_66' title="bbox 334 3506 1919 3593">
     <span class='ocr_line' id='line_1_66' title="bbox 334 3506 1919 3593; baseline 0.023 -37"><span class='ocrx_word' id='word_1_530' title='bbox 334 3506 516 3560; x_wconf 79' lang='lat' dir='ltr'><strong>malus</strong></span> <span class='ocrx_word' id='word_1_531' title='bbox 545 3508 689 3566; x_wconf 83' lang='lat' dir='ltr'><strong>facit.</strong></span> <span class='ocrx_word' id='word_1_532' title='bbox 721 3512 837 3569; x_wconf 82' lang='lat' dir='ltr'><strong>Non</strong></span> <span class='ocrx_word' id='word_1_533' title='bbox 870 3526 1047 3585; x_wconf 86' lang='lat' dir='ltr'><strong>potest</strong></span> <span class='ocrx_word' id='word_1_534' title='bbox 1070 3523 1235 3579; x_wconf 89' lang='lat' dir='ltr'><strong>arbor</strong></span> <span class='ocrx_word' id='word_1_535' title='bbox 1261 3526 1396 3583; x_wconf 86' lang='lat' dir='ltr'><strong>bona</strong></span> <span class='ocrx_word' id='word_1_536' title='bbox 1422 3530 1627 3588; x_wconf 90' lang='lat' dir='ltr'><strong>fructus</strong></span> <span class='ocrx_word' id='word_1_537' title='bbox 1651 3537 1823 3593; x_wconf 86' lang='lat' dir='ltr'><strong>malos</strong></span> <span class='ocrx_word' id='word_1_538' title='bbox 1843 3537 1919 3592; x_wconf 84' lang='lat' dir='ltr'><strong>fa-</strong></span> 
     </span>
    </p>
   </div>
   <div class='ocr_carea' id='block_1_67' title="bbox 325 3605 1920 3686">
    <p class='ocr_par' dir='ltr' id='par_1_67' title="bbox 325 3605 1920 3686">
     <span class='ocr_line' id='line_1_67' title="bbox 325 3605 1920 3686; baseline 0.025 -39"><span class='ocrx_word' id='word_1_539' title='bbox 325 3609 485 3661; x_wconf 86' lang='lat' dir='ltr'><strong>cere,</strong></span> <span class='ocrx_word' id='word_1_540' title='bbox 518 3614 692 3669; x_wconf 87' lang='lat' dir='ltr'><strong>neque</strong></span> <span class='ocrx_word' id='word_1_541' title='bbox 712 3605 875 3661; x_wconf 85' lang='lat' dir='ltr'><strong>arbor</strong></span> <span class='ocrx_word' id='word_1_542' title='bbox 912 3611 1053 3665; x_wconf 81' lang='lat' dir='ltr'><strong>mala</strong></span> <span class='ocrx_word' id='word_1_543' title='bbox 1085 3612 1290 3673; x_wconf 89' lang='lat' dir='ltr'><strong>fructus</strong></span> <span class='ocrx_word' id='word_1_544' title='bbox 1320 3619 1490 3676; x_wconf 91' lang='lat' dir='ltr'><strong>bonos</strong></span> <span class='ocrx_word' id='word_1_545' title='bbox 1514 3622 1712 3681; x_wconf 85' lang='lat' dir='ltr'><strong>facere.</strong></span> <span class='ocrx_word' id='word_1_546' title='bbox 1743 3629 1920 3686; x_wconf 81' lang='lat' dir='ltr'><strong>Bonus</strong></span> 
     </span>
    </p>
   </div>
   <div class='ocr_carea' id='block_1_68' title="bbox 329 3687 1920 3789">
    <p class='ocr_par' dir='ltr' id='par_1_68' title="bbox 329 3687 1920 3789">
     <span class='ocr_line' id='line_1_68' title="bbox 329 3687 1920 3789; baseline 0.025 -48"><span class='ocrx_word' id='word_1_547' title='bbox 329 3687 503 3742; x_wconf 82' lang='lat' dir='ltr'><strong>homo</strong></span> <span class='ocrx_word' id='word_1_548' title='bbox 531 3691 599 3746; x_wconf 90' lang='lat' dir='ltr'><strong>de</strong></span> <span class='ocrx_word' id='word_1_549' title='bbox 616 3694 782 3751; x_wconf 77' lang='lat' dir='ltr'><strong>‘bono</strong></span> <span class='ocrx_word' id='word_1_550' title='bbox 828 3699 1079 3760; x_wconf 85' lang='lat' dir='ltr'><strong>thesauro</strong></span> <span class='ocrx_word' id='word_1_551' title='bbox 1104 3708 1285 3764; x_wconf 81' lang='lat' dir='ltr'><strong>cerdis</strong></span> <span class='ocrx_word' id='word_1_552' title='bbox 1311 3712 1395 3767; x_wconf 91' lang='lat' dir='ltr'><strong>sui</strong></span> <span class='ocrx_word' id='word_1_553' title='bbox 1428 3716 1630 3783; x_wconf 79' lang='lat' dir='ltr'><strong>profert</strong></span> <span class='ocrx_word' id='word_1_554' title='bbox 1656 3720 1834 3789; x_wconf 88' lang='lat' dir='ltr'><strong>bona;</strong></span> <span class='ocrx_word' id='word_1_555' title='bbox 1865 3732 1920 3779; x_wconf 91' lang='lat' dir='ltr'><strong>et</strong></span> 
     </span>
    </p>
   </div>
   <div class='ocr_carea' id='block_1_69' title="bbox 324 3781 1916 3876">
    <p class='ocr_par' dir='ltr' id='par_1_69' title="bbox 324 3781 1916 3876">
     <span class='ocr_line' id='line_1_69' title="bbox 324 3781 1916 3876; baseline 0.024 -44"><span class='ocrx_word' id='word_1_556' title='bbox 324 3781 519 3837; x_wconf 83' lang='lat' dir='ltr'><strong>malus</strong></span> <span class='ocrx_word' id='word_1_557' title='bbox 555 3784 716 3842; x_wconf 83' lang='lat' dir='ltr'><strong>homo</strong></span> <span class='ocrx_word' id='word_1_558' title='bbox 759 3790 828 3846; x_wconf 91' lang='lat' dir='ltr'><strong>de</strong></span> <span class='ocrx_word' id='word_1_559' title='bbox 876 3795 1020 3851; x_wconf 85' lang='lat' dir='ltr'><strong>malo</strong></span> <span class='ocrx_word' id='word_1_560' title='bbox 1068 3799 1323 3860; x_wconf 83' lang='lat' dir='ltr'><strong>thesauro</strong></span> <span class='ocrx_word' id='word_1_561' title='bbox 1372 3781 1576 3876; x_wconf 75' lang='lat' dir='ltr'><strong>profert</strong></span> <span class='ocrx_word' id='word_1_562' title='bbox 1622 3813 1766 3867; x_wconf 91' lang='lat' dir='ltr'><strong>mala</strong></span> <span class='ocrx_word' id='word_1_563' title='bbox 1803 3831 1818 3869; x_wconf 92' lang='lat'><strong>:</strong></span> <span class='ocrx_word' id='word_1_564' title='bbox 1849 3831 1916 3871; x_wconf 91' lang='lat' dir='ltr'><strong>ex</strong></span> 
     </span>
    </p>
   </div>
   <div class='ocr_carea' id='block_1_70' title="bbox 332 3873 1918 3968">
    <p class='ocr_par' dir='ltr' id='par_1_70' title="bbox 332 3873 1918 3968">
     <span class='ocr_line' id='line_1_70' title="bbox 332 3873 1918 3968; baseline 0.025 -43"><span class='ocrx_word' id='word_1_565' title='bbox 332 3873 664 3934; x_wconf 82' lang='lat' dir='ltr'><strong>abundantia</strong></span> <span class='ocrx_word' id='word_1_566' title='bbox 710 3884 854 3939; x_wconf 90' lang='lat' dir='ltr'><strong>enim</strong></span> <span class='ocrx_word' id='word_1_567' title='bbox 883 3890 1061 3968; x_wconf 75' lang='lat' dir='ltr'><strong>cordis</strong></span> <span class='ocrx_word' id='word_1_568' title='bbox 1110 3909 1172 3949; x_wconf 89' lang='lat' dir='ltr'><strong>os</strong></span> <span class='ocrx_word' id='word_1_569' title='bbox 1219 3895 1475 3968; x_wconf 77' lang='lat' dir='ltr'><strong>loquitur.</strong></span> <span class='ocrx_word' id='word_1_570' title='bbox 1528 3903 1714 3960; x_wconf 91' lang='lat' dir='ltr'><strong>Omnis</strong></span> <span class='ocrx_word' id='word_1_571' title='bbox 1755 3907 1918 3963; x_wconf 88' lang='lat' dir='ltr'><strong>arbor</strong></span> 
     </span>
    </p>
   </div>
   <div class='ocr_carea' id='block_1_71' title="bbox 328 3956 1915 4071">
    <p class='ocr_par' dir='ltr' id='par_1_71' title="bbox 328 3956 1915 4071">
     <span class='ocr_line' id='line_1_71' title="bbox 328 3956 1915 4071; baseline 0.024 -53"><span class='ocrx_word' id='word_1_572' title='bbox 328 3980 456 4033; x_wconf 67' lang='lat' dir='ltr'><strong>qua:</strong></span> <span class='ocrx_word' id='word_1_573' title='bbox 486 3984 590 4024; x_wconf 92' lang='lat' dir='ltr'><strong>non</strong></span> <span class='ocrx_word' id='word_1_574' title='bbox 622 3972 747 4029; x_wconf 83' lang='lat' dir='ltr'><strong>facit</strong></span> <span class='ocrx_word' id='word_1_575' title='bbox 769 3956 995 4035; x_wconf 75' lang='lat' dir='ltr'><strong>fructum</strong></span> <span class='ocrx_word' id='word_1_576' title='bbox 1026 3982 1220 4040; x_wconf 90' lang='lat' dir='ltr'><strong>bonum</strong></span> <span class='ocrx_word' id='word_1_577' title='bbox 1247 4029 1262 4053; x_wconf 95' lang='lat'><strong>,</strong></span> <span class='ocrx_word' id='word_1_578' title='bbox 1292 3956 1645 4049; x_wconf 71' lang='lat' dir='ltr'><strong>exscindetur</strong></span> <span class='ocrx_word' id='word_1_579' title='bbox 1666 4008 1717 4052; x_wconf 90' lang='lat' dir='ltr'><strong>et</strong></span> <span class='ocrx_word' id='word_1_580' title='bbox 1756 4001 1807 4053; x_wconf 89' lang='lat' dir='ltr'><strong>in</strong></span> <span class='ocrx_word' id='word_1_581' title='bbox 1840 4002 1915 4071; x_wconf 81' lang='lat' dir='ltr'><strong>ig-</strong></span> 
     </span>
    </p>
   </div>
   <div class='ocr_carea' id='block_1_72' title="bbox 330 4063 1915 4162">
    <p class='ocr_par' dir='ltr' id='par_1_72' title="bbox 330 4063 1915 4162">
     <span class='ocr_line' id='line_1_72' title="bbox 330 4063 1915 4162; baseline 0.026 -55"><span class='ocrx_word' id='word_1_582' title='bbox 330 4071 458 4111; x_wconf 85' lang='lat' dir='ltr'><strong>nem</strong></span> <span class='ocrx_word' id='word_1_583' title='bbox 488 4063 747 4123; x_wconf 89' lang='lat' dir='ltr'><strong>mittetur.</strong></span> <span class='ocrx_word' id='word_1_584' title='bbox 791 4068 954 4138; x_wconf 84' lang='lat' dir='ltr'><strong>Igitur</strong></span> <span class='ocrx_word' id='word_1_585' title='bbox 991 4085 1044 4129; x_wconf 87' lang='lat' dir='ltr'><strong>et</strong></span> <span class='ocrx_word' id='word_1_586' title='bbox 1089 4089 1152 4131; x_wconf 87' lang='lat' dir='ltr'><strong>ex</strong></span> <span class='ocrx_word' id='word_1_587' title='bbox 1186 4077 1445 4138; x_wconf 81' lang='lat' dir='ltr'><strong>fructibus</strong></span> <span class='ocrx_word' id='word_1_588' title='bbox 1488 4102 1672 4144; x_wconf 87' lang='lat' dir='ltr'><strong>eorum</strong></span> <span class='ocrx_word' id='word_1_589' title='bbox 1717 4106 1915 4162; x_wconf 64' lang='grc' dir='ltr'><strong>εοεηο-</strong></span> 
     </span>
    </p>
   </div>
   <div class='ocr_carea' id='block_1_73' title="bbox 323 4159 1810 4208">
    <p class='ocr_par' dir='ltr' id='par_1_73' title="bbox 323 4159 1810 4208">
     <span class='ocr_line' id='line_1_73' title="bbox 323 4159 1810 4208; baseline 0.028 -9"><span class='ocrx_word' id='word_1_590' title='bbox 323 4160 408 4200; x_wconf 73' lang='grc' dir='ltr'><strong>εει</strong></span> <span class='ocrx_word' id='word_1_591' title='bbox 430 4159 496 4208; x_wconf 64' lang='grc' dir='ltr'>ΗΞ</span> <span class='ocrx_word' id='word_1_592' title='bbox 517 4167 627 4206; x_wconf 76' lang='lat'><strong>(‘08.</strong></span> <span class='ocrx_word' id='word_1_593' title='bbox 1789 4159 1810 4194; x_wconf 23' lang='grc' dir='ltr'>ἦ</span> 
     </span>
    </p>
   </div>
   <div class='ocr_carea' id='block_1_74' title="bbox 907 4249 1330 4317">
    <p class='ocr_par' dir='ltr' id='par_1_74' title="bbox 907 4249 1330 4317">
     <span class='ocr_line' id='line_1_74' title="bbox 907 4249 1330 4317; baseline 0.028 -12"><span class='ocrx_word' id='word_1_594' title='bbox 907 4249 1132 4311; x_wconf 84' lang='lat' dir='ltr'><strong>CAPUT</strong></span> <span class='ocrx_word' id='word_1_595' title='bbox 1174 4258 1330 4317; x_wconf 72' lang='lat' dir='ltr'><strong>XLII.</strong></span> 
     </span>
    </p>
   </div>
   <div class='ocr_carea' id='block_1_75' title="bbox 329 4328 1909 4427">
    <p class='ocr_par' dir='ltr' id='par_1_75' title="bbox 329 4328 1909 4427">
     <span class='ocr_line' id='line_1_75' title="bbox 329 4328 1909 4427; baseline 0.026 -45"><span class='ocrx_word' id='word_1_596' title='bbox 329 4328 459 4384; x_wconf 72' lang='lat' dir='ltr'><strong>Non</strong></span> <span class='ocrx_word' id='word_1_597' title='bbox 482 4333 742 4392; x_wconf 83' lang='lat' dir='ltr'><strong>intrabunt</strong></span> <span class='ocrx_word' id='word_1_598' title='bbox 770 4341 823 4394; x_wconf 83' lang='lat' dir='ltr'><strong>in</strong></span> <span class='ocrx_word' id='word_1_599' title='bbox 854 4359 1063 4427; x_wconf 59' lang='lat' dir='ltr'><strong>regnum</strong></span> <span class='ocrx_word' id='word_1_600' title='bbox 1086 4353 1326 4427; x_wconf 49' lang='lat' dir='ltr'><strong>canorum</strong></span> <span class='ocrx_word' id='word_1_601' title='bbox 1356 4360 1444 4427; x_wconf 65' lang='lat' dir='ltr'><strong>qui</strong></span> <span class='ocrx_word' id='word_1_602' title='bbox 1474 4368 1673 4417; x_wconf 81' lang='lat' dir='ltr'><strong>tantum</strong></span> <span class='ocrx_word' id='word_1_603' title='bbox 1697 4364 1909 4422; x_wconf 80' lang='lat' dir='ltr'><strong>dicunt:</strong></span> 
     </span>
    </p>
   </div>
   <div class='ocr_carea' id='block_1_76' title="bbox 862 4414 1377 4486">
    <p class='ocr_par' dir='ltr' id='par_1_76' title="bbox 862 4414 1377 4486">
     <span class='ocr_line' id='line_1_76' title="bbox 862 4414 1377 4486; baseline 0.031 -20"><span class='ocrx_word' id='word_1_604' title='bbox 862 4414 1106 4486; x_wconf 84' lang='lat' dir='ltr'><strong>Domine,</strong></span> <span class='ocrx_word' id='word_1_605' title='bbox 1136 4414 1377 4483; x_wconf 61' lang='lat' dir='ltr'><strong>Domine:</strong></span> 
     </span>
    </p>
   </div>
   <div class='ocr_carea' id='block_1_77' title="bbox 2030 3237 3617 3331">
    <p class='ocr_par' dir='ltr' id='par_1_77' title="bbox 2030 3237 3617 3331">
     <span class='ocr_line' id='line_1_77' title="bbox 2030 3237 3617 3331; baseline 0.018 -41"><span class='ocrx_word' id='word_1_606' title='bbox 2030 3237 2237 3292; x_wconf 86' lang='lat' dir='ltr'><strong>tunicas</strong></span> <span class='ocrx_word' id='word_1_607' title='bbox 2257 3278 2273 3303; x_wconf 90' lang='lat'><strong>,</strong></span> <span class='ocrx_word' id='word_1_608' title='bbox 2308 3254 2483 3310; x_wconf 87' lang='lat' dir='ltr'><strong>neque</strong></span> <span class='ocrx_word' id='word_1_609' title='bbox 2504 3242 2869 3302; x_wconf 84' lang='lat' dir='ltr'><strong>caleeamenta</strong></span> <span class='ocrx_word' id='word_1_610' title='bbox 2889 3289 2906 3317; x_wconf 93' lang='lat'><strong>,</strong></span> <span class='ocrx_word' id='word_1_611' title='bbox 2937 3266 3112 3321; x_wconf 82' lang='lat' dir='ltr'><strong>neque</strong></span> <span class='ocrx_word' id='word_1_612' title='bbox 3147 3255 3348 3327; x_wconf 87' lang='lat' dir='ltr'><strong>virgam</strong></span> <span class='ocrx_word' id='word_1_613' title='bbox 3380 3277 3392 3313; x_wconf 94' lang='lat'><strong>:</strong></span> <span class='ocrx_word' id='word_1_614' title='bbox 3421 3262 3617 3331; x_wconf 79' lang='lat' dir='ltr'><strong>dignus</strong></span> 
     </span>
    </p>
   </div>
   <div class='ocr_carea' id='block_1_78' title="bbox 2027 3329 3616 3423">
    <p class='ocr_par' dir='ltr' id='par_1_78' title="bbox 2027 3329 3616 3423">
     <span class='ocr_line' id='line_1_78' title="bbox 2027 3329 3616 3423; baseline 0.018 -42"><span class='ocrx_word' id='word_1_615' title='bbox 2027 3334 2111 3381; x_wconf 90' lang='lat' dir='ltr'><strong>est</strong></span> <span class='ocrx_word' id='word_1_616' title='bbox 2154 3329 2300 3384; x_wconf 88' lang='lat' dir='ltr'><strong>enim</strong></span> <span class='ocrx_word' id='word_1_617' title='bbox 2329 3333 2614 3398; x_wconf 86' lang='lat' dir='ltr'><strong>operarius</strong></span> <span class='ocrx_word' id='word_1_618' title='bbox 2643 3338 2891 3394; x_wconf 88' lang='lat' dir='ltr'><strong>mercede</strong></span> <span class='ocrx_word' id='word_1_619' title='bbox 2931 3350 2986 3396; x_wconf 90' lang='lat' dir='ltr'><strong>et</strong></span> <span class='ocrx_word' id='word_1_620' title='bbox 3030 3344 3155 3400; x_wconf 91' lang='lat' dir='ltr'><strong>cibo</strong></span> <span class='ocrx_word' id='word_1_621' title='bbox 3184 3362 3302 3404; x_wconf 92' lang='lat' dir='ltr'><strong>suo.</strong></span> <span class='ocrx_word' id='word_1_622' title='bbox 3344 3351 3398 3405; x_wconf 77' lang='lat' dir='ltr'><strong>In</strong></span> <span class='ocrx_word' id='word_1_623' title='bbox 3425 3329 3616 3423; x_wconf 80' lang='lat' dir='ltr'><strong>quam-</strong></span> 
     </span>
    </p>
   </div>
   <div class='ocr_carea' id='block_1_79' title="bbox 2024 3421 3614 3506">
    <p class='ocr_par' dir='ltr' id='par_1_79' title="bbox 2024 3421 3614 3506">
     <span class='ocr_line' id='line_1_79' title="bbox 2024 3421 3614 3506; baseline 0.019 -34"><span class='ocrx_word' id='word_1_624' title='bbox 2024 3432 2238 3488; x_wconf 84' lang='lat' dir='ltr'><strong>cunque</strong></span> <span class='ocrx_word' id='word_1_625' title='bbox 2276 3421 2547 3477; x_wconf 56' lang='lat' dir='ltr'><strong>civitatem</strong></span> <span class='ocrx_word' id='word_1_626' title='bbox 2574 3433 2668 3479; x_wconf 80' lang='lat' dir='ltr'><strong>aut</strong></span> <span class='ocrx_word' id='word_1_627' title='bbox 2696 3430 2977 3486; x_wconf 88' lang='lat' dir='ltr'><strong>castellum</strong></span> <span class='ocrx_word' id='word_1_628' title='bbox 3009 3433 3356 3506; x_wconf 81' lang='lat' dir='ltr'><strong>intraveritis,</strong></span> <span class='ocrx_word' id='word_1_629' title='bbox 3379 3421 3614 3501; x_wconf 86' lang='lat' dir='ltr'><strong>interro-</strong></span> 
     </span>
    </p>
   </div>
   <div class='ocr_carea' id='block_1_80' title="bbox 2024 3512 3616 3594">
    <p class='ocr_par' dir='ltr' id='par_1_80' title="bbox 2024 3512 3616 3594">
     <span class='ocr_line' id='line_1_80' title="bbox 2024 3512 3616 3594; baseline 0.019 -30"><span class='ocrx_word' id='word_1_630' title='bbox 2024 3520 2143 3580; x_wconf 91' lang='lat' dir='ltr'><strong>gate</strong></span> <span class='ocrx_word' id='word_1_631' title='bbox 2174 3513 2294 3581; x_wconf 90' lang='lat' dir='ltr'><strong>quis</strong></span> <span class='ocrx_word' id='word_1_632' title='bbox 2323 3512 2376 3568; x_wconf 92' lang='lat' dir='ltr'><strong>in</strong></span> <span class='ocrx_word' id='word_1_633' title='bbox 2399 3529 2463 3570; x_wconf 88' lang='lat' dir='ltr'><strong>ea</strong></span> <span class='ocrx_word' id='word_1_634' title='bbox 2490 3515 2687 3587; x_wconf 89' lang='lat' dir='ltr'><strong>dignus</strong></span> <span class='ocrx_word' id='word_1_635' title='bbox 2714 3521 2805 3588; x_wconf 88' lang='lat' dir='ltr'><strong>sit,</strong></span> <span class='ocrx_word' id='word_1_636' title='bbox 2830 3531 2886 3577; x_wconf 91' lang='lat' dir='ltr'><strong>et</strong></span> <span class='ocrx_word' id='word_1_637' title='bbox 2914 3523 2990 3579; x_wconf 90' lang='lat' dir='ltr'><strong>ibi</strong></span> <span class='ocrx_word' id='word_1_638' title='bbox 3017 3537 3234 3586; x_wconf 83' lang='lat' dir='ltr'><strong>manete</strong></span> <span class='ocrx_word' id='word_1_639' title='bbox 3261 3532 3433 3591; x_wconf 90' lang='lat' dir='ltr'><strong>donec</strong></span> <span class='ocrx_word' id='word_1_640' title='bbox 3456 3552 3616 3594; x_wconf 54' lang='lat' dir='ltr'><strong>esea-&#39;-</strong></span> 
     </span>
    </p>
   </div>
   <div class='ocr_carea' id='block_1_81' title="bbox 2027 3600 3615 3693">
    <p class='ocr_par' dir='ltr' id='par_1_81' title="bbox 2027 3600 3615 3693">
     <span class='ocr_line' id='line_1_81' title="bbox 2027 3600 3615 3693; baseline 0.02 -38"><span class='ocrx_word' id='word_1_641' title='bbox 2027 3600 2128 3669; x_wconf 89' lang='lat' dir='ltr'><strong>tis,</strong></span> <span class='ocrx_word' id='word_1_642' title='bbox 2160 3602 2387 3660; x_wconf 88' lang='lat' dir='ltr'><strong>edentes</strong></span> <span class='ocrx_word' id='word_1_643' title='bbox 2429 3615 2485 3661; x_wconf 90' lang='lat' dir='ltr'><strong>et</strong></span> <span class='ocrx_word' id='word_1_644' title='bbox 2524 3607 2770 3666; x_wconf 87' lang='lat' dir='ltr'><strong>bibentes</strong></span> <span class='ocrx_word' id='word_1_645' title='bbox 2802 3628 2922 3683; x_wconf 65' lang='lat' dir='ltr'><strong>quae</strong></span> <span class='ocrx_word' id='word_1_646' title='bbox 2950 3630 3291 3687; x_wconf 85' lang='lat' dir='ltr'><strong>apponuntur</strong></span> <span class='ocrx_word' id='word_1_647' title='bbox 3325 3626 3513 3693; x_wconf 87' lang='lat' dir='ltr'><strong>vobis,</strong></span> <span class='ocrx_word' id='word_1_648' title='bbox 3558 3639 3615 3686; x_wconf 85' lang='lat' dir='ltr'><strong>et</strong></span> 
     </span>
    </p>
   </div>
   <div class='ocr_carea' id='block_1_82' title="bbox 1996 3696 3611 3781">
    <p class='ocr_par' dir='ltr' id='par_1_82' title="bbox 1996 3696 3611 3781">
     <span class='ocr_line' id='line_1_82' title="bbox 1996 3696 3611 3781; baseline 0.021 -35"><span class='ocrx_word' id='word_1_649' title='bbox 1996 3703 2210 3751; x_wconf 80' lang='lat' dir='ltr'><strong>~curate</strong></span> <span class='ocrx_word' id='word_1_650' title='bbox 2235 3696 2478 3754; x_wconf 83' lang='lat' dir='ltr'><strong>infirmos</strong></span> <span class='ocrx_word' id='word_1_651' title='bbox 2499 3702 2591 3770; x_wconf 91' lang='lat' dir='ltr'><strong>qui</strong></span> <span class='ocrx_word' id='word_1_652' title='bbox 2626 3703 2676 3759; x_wconf 91' lang='lat' dir='ltr'><strong>in</strong></span> <span class='ocrx_word' id='word_1_653' title='bbox 2707 3706 2795 3759; x_wconf 89' lang='lat' dir='ltr'><strong>illa</strong></span> <span class='ocrx_word' id='word_1_654' title='bbox 2827 3720 2976 3765; x_wconf 89' lang='lat' dir='ltr'><strong>sunt.</strong></span> <span class='ocrx_word' id='word_1_655' title='bbox 3010 3712 3073 3766; x_wconf 86' lang='lat' dir='ltr'><strong>Et</strong></span> <span class='ocrx_word' id='word_1_656' title='bbox 3102 3715 3268 3772; x_wconf 86' lang='lat' dir='ltr'><strong>nolite</strong></span> <span class='ocrx_word' id='word_1_657' title='bbox 3293 3722 3518 3777; x_wconf 86' lang='lat' dir='ltr'><strong>transire</strong></span> <span class='ocrx_word' id='word_1_658' title='bbox 3542 3724 3611 3781; x_wconf 87' lang='lat' dir='ltr'><strong>de</strong></span> 
     </span>
    </p>
   </div>
   <div class='ocr_carea' id='block_1_83' title="bbox 2017 3787 3613 3868">
    <p class='ocr_par' dir='ltr' id='par_1_83' title="bbox 2017 3787 3613 3868">
     <span class='ocr_line' id='line_1_83' title="bbox 2017 3787 3613 3868; baseline 0.016 -25"><span class='ocrx_word' id='word_1_659' title='bbox 2017 3787 2186 3844; x_wconf 87' lang='lat' dir='ltr'><strong>domo</strong></span> <span class='ocrx_word' id='word_1_660' title='bbox 2215 3788 2270 3844; x_wconf 84' lang='lat' dir='ltr'><strong>in</strong></span> <span class='ocrx_word' id='word_1_661' title='bbox 2288 3790 2535 3847; x_wconf 75' lang='lat' dir='ltr'><strong>domum.</strong></span> <span class='ocrx_word' id='word_1_662' title='bbox 2561 3823 2634 3835; x_wconf 91' lang='lat'><strong>—-</strong></span> <span class='ocrx_word' id='word_1_663' title='bbox 2663 3797 2877 3853; x_wconf 74' lang='lat' dir='ltr'><strong>Mum.</strong></span> <span class='ocrx_word' id='word_1_664' title='bbox 2910 3817 2966 3867; x_wconf 71' lang='grc' dir='ltr'><strong>χ,</strong></span> <span class='ocrx_word' id='word_1_665' title='bbox 3000 3803 3196 3860; x_wconf 73' lang='lat'><strong>12-55.</strong></span> <span class='ocrx_word' id='word_1_666' title='bbox 3226 3813 3488 3867; x_wconf 80' lang='lat' dir='ltr'><strong>Intrantes</strong></span> <span class='ocrx_word' id='word_1_667' title='bbox 3517 3830 3613 3868; x_wconf 57' lang='lat' dir='ltr'><strong>auo</strong></span> 
     </span>
    </p>
   </div>
   <div class='ocr_carea' id='block_1_84' title="bbox 2021 3880 3610 3960">
    <p class='ocr_par' dir='ltr' id='par_1_84' title="bbox 2021 3880 3610 3960">
     <span class='ocr_line' id='line_1_84' title="bbox 2021 3880 3610 3960; baseline 0.018 -29"><span class='ocrx_word' id='word_1_668' title='bbox 2021 3886 2130 3932; x_wconf 89' lang='lat' dir='ltr'><strong>tem</strong></span> <span class='ocrx_word' id='word_1_669' title='bbox 2159 3880 2213 3934; x_wconf 89' lang='lat' dir='ltr'><strong>in</strong></span> <span class='ocrx_word' id='word_1_670' title='bbox 2257 3880 2478 3937; x_wconf 87' lang='lat' dir='ltr'><strong>domum</strong></span> <span class='ocrx_word' id='word_1_671' title='bbox 2503 3923 2520 3950; x_wconf 93' lang='lat'><strong>,</strong></span> <span class='ocrx_word' id='word_1_672' title='bbox 2553 3887 2781 3943; x_wconf 86' lang='lat' dir='ltr'><strong>salutate</strong></span> <span class='ocrx_word' id='word_1_673' title='bbox 2827 3905 2943 3946; x_wconf 88' lang='lat' dir='ltr'><strong>eam</strong></span> <span class='ocrx_word' id='word_1_674' title='bbox 2969 3932 2987 3960; x_wconf 86' lang='lat'><strong>,</strong></span> <span class='ocrx_word' id='word_1_675' title='bbox 3023 3894 3266 3955; x_wconf 80' lang='lat' dir='ltr'><strong>dicentes</strong></span> <span class='ocrx_word' id='word_1_676' title='bbox 3296 3920 3309 3955; x_wconf 91' lang='lat'><strong>:</strong></span> <span class='ocrx_word' id='word_1_677' title='bbox 3344 3900 3451 3956; x_wconf 82' lang='lat' dir='ltr'><strong>Pax</strong></span> <span class='ocrx_word' id='word_1_678' title='bbox 3487 3904 3610 3960; x_wconf 85' lang='lat' dir='ltr'><strong>huic</strong></span> 
     </span>
    </p>
   </div>
   <div class='ocr_carea' id='block_1_85' title="bbox 2019 3968 3605 4066">
    <p class='ocr_par' dir='ltr' id='par_1_85' title="bbox 2019 3968 3605 4066">
     <span class='ocr_line' id='line_1_85' title="bbox 2019 3968 3605 4066; baseline 0.02 -45"><span class='ocrx_word' id='word_1_679' title='bbox 2019 3968 2224 4026; x_wconf 90' lang='lat' dir='ltr'><strong>domui.</strong></span> <span class='ocrx_word' id='word_1_680' title='bbox 2268 3972 2337 4027; x_wconf 81' lang='lat' dir='ltr'><strong>Et</strong></span> <span class='ocrx_word' id='word_1_681' title='bbox 2368 3975 2632 4045; x_wconf 85' lang='lat' dir='ltr'><strong>siquidem</strong></span> <span class='ocrx_word' id='word_1_682' title='bbox 2659 3978 2852 4035; x_wconf 88' lang='lat' dir='ltr'><strong>domus</strong></span> <span class='ocrx_word' id='word_1_683' title='bbox 2882 3983 3042 4039; x_wconf 86' lang='lat' dir='ltr'><strong>fuerit</strong></span> <span class='ocrx_word' id='word_1_684' title='bbox 3070 3987 3260 4058; x_wconf 89' lang='lat' dir='ltr'><strong>digna,</strong></span> <span class='ocrx_word' id='word_1_685' title='bbox 3294 3994 3475 4049; x_wconf 87' lang='lat' dir='ltr'><strong>veniet</strong></span> <span class='ocrx_word' id='word_1_686' title='bbox 3503 4011 3605 4066; x_wconf 78' lang='lat' dir='ltr'><strong>pax</strong></span> 
     </span>
    </p>
   </div>
   <div class='ocr_carea' id='block_1_86' title="bbox 2018 4071 3607 4159">
    <p class='ocr_par' dir='ltr' id='par_1_86' title="bbox 2018 4071 3607 4159">
     <span class='ocr_line' id='line_1_86' title="bbox 2018 4071 3607 4159; baseline 0.02 -45"><span class='ocrx_word' id='word_1_687' title='bbox 2018 4071 2193 4117; x_wconf 89' lang='lat' dir='ltr'><strong>vestra</strong></span> <span class='ocrx_word' id='word_1_688' title='bbox 2225 4078 2391 4133; x_wconf 90' lang='lat' dir='ltr'><strong>super</strong></span> <span class='ocrx_word' id='word_1_689' title='bbox 2427 4080 2589 4135; x_wconf 89' lang='lat' dir='ltr'><strong>eam;</strong></span> <span class='ocrx_word' id='word_1_690' title='bbox 2636 4071 2680 4124; x_wconf 91' lang='lat' dir='ltr'><strong>si</strong></span> <span class='ocrx_word' id='word_1_691' title='bbox 2725 4082 2904 4128; x_wconf 88' lang='lat' dir='ltr'><strong>autem</strong></span> <span class='ocrx_word' id='word_1_692' title='bbox 2941 4092 3046 4131; x_wconf 89' lang='lat' dir='ltr'><strong>non</strong></span> <span class='ocrx_word' id='word_1_693' title='bbox 3089 4080 3246 4137; x_wconf 81' lang='lat' dir='ltr'><strong>fuerit</strong></span> <span class='ocrx_word' id='word_1_694' title='bbox 3273 4085 3430 4156; x_wconf 86' lang='lat' dir='ltr'><strong>digna</strong></span> <span class='ocrx_word' id='word_1_695' title='bbox 3456 4129 3471 4154; x_wconf 95' lang='lat'><strong>,</strong></span> <span class='ocrx_word' id='word_1_696' title='bbox 3507 4105 3607 4159; x_wconf 87' lang='lat' dir='ltr'><strong>pax</strong></span> 
     </span>
    </p>
   </div>
   <div class='ocr_carea' id='block_1_87' title="bbox 2018 4155 3608 4250">
    <p class='ocr_par' dir='ltr' id='par_1_87' title="bbox 2018 4155 3608 4250">
     <span class='ocr_line' id='line_1_87' title="bbox 2018 4155 3608 4250; baseline 0.02 -45"><span class='ocrx_word' id='word_1_697' title='bbox 2018 4162 2199 4209; x_wconf 87' lang='lat' dir='ltr'><strong>vestra</strong></span> <span class='ocrx_word' id='word_1_698' title='bbox 2227 4155 2293 4209; x_wconf 91' lang='lat' dir='ltr'><strong>ad</strong></span> <span class='ocrx_word' id='word_1_699' title='bbox 2315 4171 2412 4212; x_wconf 86' lang='lat' dir='ltr'><strong>vos</strong></span> <span class='ocrx_word' id='word_1_700' title='bbox 2436 4169 2760 4219; x_wconf 78' lang='lat' dir='ltr'><strong>revertetur.</strong></span> <span class='ocrx_word' id='word_1_701' title='bbox 2794 4166 2860 4219; x_wconf 86' lang='lat' dir='ltr'><strong>Et</strong></span> <span class='ocrx_word' id='word_1_702' title='bbox 2884 4169 3187 4241; x_wconf 81' lang='lat' dir='ltr'><strong>quicunque</strong></span> <span class='ocrx_word' id='word_1_703' title='bbox 3213 4190 3318 4231; x_wconf 68' lang='lat' dir='ltr'><strong>non</strong></span> <span class='ocrx_word' id='word_1_704' title='bbox 3342 4155 3608 4250; x_wconf 79' lang='lat' dir='ltr'><strong>receperit</strong></span> 
     </span>
    </p>
   </div>
   <div class='ocr_carea' id='block_1_88' title="bbox 2017 4250 3651 4365">
    <p class='ocr_par' dir='ltr' id='par_1_88' title="bbox 2017 4250 3651 4365">
     <span class='ocr_line' id='line_1_88' title="bbox 2017 4250 3651 4365; baseline 0.015 -67"><span class='ocrx_word' id='word_1_705' title='bbox 2017 4257 2111 4299; x_wconf 86' lang='lat' dir='ltr'><strong>vos</strong></span> <span class='ocrx_word' id='word_1_706' title='bbox 2128 4284 2145 4312; x_wconf 90' lang='lat'><strong>,</strong></span> <span class='ocrx_word' id='word_1_707' title='bbox 2178 4262 2352 4317; x_wconf 85' lang='lat' dir='ltr'><strong>neque</strong></span> <span class='ocrx_word' id='word_1_708' title='bbox 2374 4250 2613 4307; x_wconf 80' lang='lat' dir='ltr'><strong>audierit</strong></span> <span class='ocrx_word' id='word_1_709' title='bbox 2658 4270 2941 4328; x_wconf 84' lang='lat' dir='ltr'><strong>sermones</strong></span> <span class='ocrx_word' id='word_1_710' title='bbox 2967 4272 3176 4320; x_wconf 77' lang='lat' dir='ltr'><strong>vestros</strong></span> <span class='ocrx_word' id='word_1_711' title='bbox 3200 4309 3214 4333; x_wconf 95' lang='lat'><strong>,</strong></span> <span class='ocrx_word' id='word_1_712' title='bbox 3243 4282 3504 4335; x_wconf 79' lang='lat' dir='ltr'><strong>exeuntes</strong></span> <span class='ocrx_word' id='word_1_713' title='bbox 3527 4276 3651 4365; x_wconf 59' lang='lat' dir='ltr'><strong>ft...</strong></span> 
     </span>
     <span class='ocr_line' id='line_1_89' title="bbox 2017 4337 3320 4365; baseline 0 0"><span class='ocrx_word' id='word_1_714' title='bbox 2017 4349 2102 4365; x_wconf 60' lang='lat' dir='ltr'><strong>una</strong></span> <span class='ocrx_word' id='word_1_715' title='bbox 2131 4337 2197 4365; x_wconf 61' lang='grc' dir='ltr'><strong>Α..</strong></span> <span class='ocrx_word' id='word_1_716' title='bbox 2244 4338 2402 4365; x_wconf 66' lang='grc' dir='ltr'>λιι-...ιιι</span> <span class='ocrx_word' id='word_1_717' title='bbox 2432 4342 2515 4365; x_wconf 64' lang='grc'><strong>-.-1</strong></span> <span class='ocrx_word' id='word_1_718' title='bbox 2556 4344 2616 4365; x_wconf 68' lang='grc' dir='ltr'><strong>Δ-</strong></span> <span class='ocrx_word' id='word_1_719' title='bbox 2656 4347 2717 4365; x_wconf 32' lang='grc' dir='ltr'><strong>,εκ</strong></span> <span class='ocrx_word' id='word_1_720' title='bbox 2739 4348 2772 4365; x_wconf 72' lang='grc' dir='ltr'>ρ.</span> <span class='ocrx_word' id='word_1_721' title='bbox 2794 4358 2855 4365; x_wconf 63' lang='lat'><strong>,.,</strong></span> <span class='ocrx_word' id='word_1_722' title='bbox 3122 4356 3134 4365; x_wconf 87' lang='lat'><strong>.</strong></span> <span class='ocrx_word' id='word_1_723' title='bbox 3308 4362 3320 4365; x_wconf 69' lang='lat'><strong>-</strong></span> 
     </span>
    </p>
   </div>
   <div class='ocr_carea' id='block_1_89' title="bbox 2017 4337 3605 4430">
    <p class='ocr_par' dir='ltr' id='par_1_89' title="bbox 2017 4337 3605 4430">
     <span class='ocr_line' id='line_1_90' title="bbox 2017 4337 3605 4430; baseline 0.021 -41"><span class='ocrx_word' id='word_1_724' title='bbox 2017 4349 2102 4390; x_wconf 84' lang='lat' dir='ltr'><strong>ras</strong></span> <span class='ocrx_word' id='word_1_725' title='bbox 2130 4337 2197 4393; x_wconf 85' lang='lat' dir='ltr'><strong>de</strong></span> <span class='ocrx_word' id='word_1_726' title='bbox 2241 4338 2405 4396; x_wconf 90' lang='lat' dir='ltr'><strong>domo</strong></span> <span class='ocrx_word' id='word_1_727' title='bbox 2432 4342 2523 4425; x_wconf 89' lang='lat' dir='ltr'><strong>vel</strong></span> <span class='ocrx_word' id='word_1_728' title='bbox 2550 4344 2621 4401; x_wconf 88' lang='lat' dir='ltr'><strong>de</strong></span> <span class='ocrx_word' id='word_1_729' title='bbox 2646 4347 2899 4417; x_wconf 79' lang='lat' dir='ltr'><strong>civitate,</strong></span> <span class='ocrx_word' id='word_1_730' title='bbox 2955 4356 3195 4413; x_wconf 88' lang='lat' dir='ltr'><strong>excutite</strong></span> <span class='ocrx_word' id='word_1_731' title='bbox 3236 4362 3507 4430; x_wconf 82' lang='lat' dir='ltr'><strong>pulverem</strong></span> <span class='ocrx_word' id='word_1_732' title='bbox 3537 4337 3605 4423; x_wconf 65' lang='lat' dir='ltr'><strong>de</strong></span> 
     </span>
    </p>
   </div>
   <div class='ocr_carea' id='block_1_90' title="bbox 2016 4428 3604 4513">
    <p class='ocr_par' dir='ltr' id='par_1_90' title="bbox 2016 4428 3604 4513">
     <span class='ocr_line' id='line_1_91' title="bbox 2016 4428 3604 4513; baseline 0.02 -31"><span class='ocrx_word' id='word_1_733' title='bbox 2016 4428 2242 4497; x_wconf 85' lang='lat' dir='ltr'><strong>pedibus</strong></span> <span class='ocrx_word' id='word_1_734' title='bbox 2261 4435 2480 4501; x_wconf 86' lang='lat' dir='ltr'><strong>vestris,</strong></span> <span class='ocrx_word' id='word_1_735' title='bbox 2518 4437 2571 4491; x_wconf 89' lang='lat' dir='ltr'><strong>in</strong></span> <span class='ocrx_word' id='word_1_736' title='bbox 2596 4440 2965 4498; x_wconf 89' lang='lat' dir='ltr'><strong>testimonium</strong></span> <span class='ocrx_word' id='word_1_737' title='bbox 2996 4446 3125 4502; x_wconf 88' lang='lat' dir='ltr'><strong>illis.</strong></span> <span class='ocrx_word' id='word_1_738' title='bbox 3172 4428 3339 4508; x_wconf 81' lang='lat' dir='ltr'><strong>Amen</strong></span> <span class='ocrx_word' id='word_1_739' title='bbox 3365 4456 3487 4512; x_wconf 82' lang='lat' dir='ltr'><strong>dico</strong></span> <span class='ocrx_word' id='word_1_740' title='bbox 3508 4475 3604 4513; x_wconf 85' lang='lat' dir='ltr'><strong>vo-</strong></span> 
     </span>
    </p>
   </div>
   <div class='ocr_carea' id='block_1_91' title="bbox 394 4515 3604 4624">
    <p class='ocr_par' dir='ltr' id='par_1_91' title="bbox 394 4515 3604 4624">
     <span class='ocr_line' id='line_1_92' title="bbox 394 4515 3604 4624; baseline 0.019 -80"><span class='ocrx_word' id='word_1_741' title='bbox 394 4515 611 4575; x_wconf 45' lang='lat' dir='ltr'><strong>&quot;,&quot;n.</strong></span> <span class='ocrx_word' id='word_1_742' title='bbox 651 4539 752 4591; x_wconf 57' lang='grc' dir='ltr'><strong>νη,</strong></span> <span class='ocrx_word' id='word_1_743' title='bbox 795 4526 992 4597; x_wconf 58' lang='grc' dir='ltr'><strong>ε¹,25;</strong></span> <span class='ocrx_word' id='word_1_744' title='bbox 1027 4533 1153 4591; x_wconf 47' lang='grc' dir='ltr'><strong>ωε.</strong></span> <span class='ocrx_word' id='word_1_745' title='bbox 1188 4554 1278 4607; x_wconf 50' lang='lat' dir='ltr'><strong>Vl,</strong></span> <span class='ocrx_word' id='word_1_746' title='bbox 1315 4542 1413 4596; x_wconf 12' lang='lat'><strong>‘6&#39;}</strong></span> <span class='ocrx_word' id='word_1_747' title='bbox 1437 4543 1553 4601; x_wconf 73' lang='lat' dir='ltr'><strong>Non</strong></span> <span class='ocrx_word' id='word_1_748' title='bbox 1597 4551 1773 4606; x_wconf 70' lang='lat' dir='ltr'><strong>omnis</strong></span> <span class='ocrx_word' id='word_1_749' title='bbox 1820 4554 1910 4624; x_wconf 65' lang='lat' dir='ltr'><strong>qui</strong></span> <span class='ocrx_word' id='word_1_750' title='bbox 1938 4542 1991 4602; x_wconf 75' lang='grc' dir='ltr'>υ</span> <span class='ocrx_word' id='word_1_751' title='bbox 2016 4520 2139 4576; x_wconf 90' lang='lat' dir='ltr'><strong>bis:</strong></span> <span class='ocrx_word' id='word_1_752' title='bbox 2171 4525 2504 4583; x_wconf 84' lang='lat' dir='ltr'><strong>tolerabilius</strong></span> <span class='ocrx_word' id='word_1_753' title='bbox 2531 4530 2636 4585; x_wconf 91' lang='lat' dir='ltr'><strong>erit</strong></span> <span class='ocrx_word' id='word_1_754' title='bbox 2666 4539 2826 4624; x_wconf 71' lang='lat' dir='ltr'><strong>terra:</strong></span> <span class='ocrx_word' id='word_1_755' title='bbox 2870 4535 3228 4596; x_wconf 85' lang='lat' dir='ltr'><strong>Sodomorum</strong></span> <span class='ocrx_word' id='word_1_756' title='bbox 3278 4555 3332 4599; x_wconf 88' lang='lat' dir='ltr'><strong>et</strong></span> <span class='ocrx_word' id='word_1_757' title='bbox 3375 4548 3604 4604; x_wconf 86' lang='lat' dir='ltr'><strong>Gomor-</strong></span> 
     </span>
    </p>
   </div>
   <div class='ocr_carea' id='block_1_92' title="bbox 312 4608 1909 4716">
    <p class='ocr_par' dir='ltr' id='par_1_92' title="bbox 312 4608 1909 4716">
     <span class='ocr_line' id='line_1_93' title="bbox 312 4608 1909 4716; baseline 0.027 -53"><span class='ocrx_word' id='word_1_758' title='bbox 312 4608 459 4665; x_wconf 82' lang='lat' dir='ltr'><strong>dicit</strong></span> <span class='ocrx_word' id='word_1_759' title='bbox 487 4617 641 4684; x_wconf 81' lang='lat' dir='ltr'><strong>milii,</strong></span> <span class='ocrx_word' id='word_1_760' title='bbox 673 4619 918 4692; x_wconf 90' lang='lat' dir='ltr'><strong>Domine,</strong></span> <span class='ocrx_word' id='word_1_761' title='bbox 949 4626 1194 4698; x_wconf 91' lang='lat' dir='ltr'><strong>Domine,</strong></span> <span class='ocrx_word' id='word_1_762' title='bbox 1223 4634 1441 4695; x_wconf 88' lang='lat' dir='ltr'><strong>intrabit</strong></span> <span class='ocrx_word' id='word_1_763' title='bbox 1468 4642 1519 4696; x_wconf 92' lang='lat' dir='ltr'><strong>in</strong></span> <span class='ocrx_word' id='word_1_764' title='bbox 1551 4659 1772 4716; x_wconf 86' lang='lat' dir='ltr'><strong>regnum</strong></span> <span class='ocrx_word' id='word_1_765' title='bbox 1797 4664 1909 4706; x_wconf 71' lang='lat' dir='ltr'><strong>cm-</strong></span> 
     </span>
    </p>
   </div>
   <div class='ocr_carea' id='block_1_93' title="bbox 320 4701 1905 4811">
    <p class='ocr_par' dir='ltr' id='par_1_93' title="bbox 320 4701 1905 4811">
     <span class='ocr_line' id='line_1_94' title="bbox 320 4701 1905 4811; baseline 0.028 -57"><span class='ocrx_word' id='word_1_766' title='bbox 320 4701 499 4758; x_wconf 83' lang='lat' dir='ltr'><strong>Imum</strong></span> <span class='ocrx_word' id='word_1_767' title='bbox 525 4722 539 4771; x_wconf 89' lang='lat'><strong>;</strong></span> <span class='ocrx_word' id='word_1_768' title='bbox 570 4709 663 4763; x_wconf 92' lang='lat' dir='ltr'><strong>sed</strong></span> <span class='ocrx_word' id='word_1_769' title='bbox 695 4715 785 4781; x_wconf 91' lang='lat' dir='ltr'><strong>qui</strong></span> <span class='ocrx_word' id='word_1_770' title='bbox 833 4715 957 4773; x_wconf 90' lang='lat' dir='ltr'><strong>facit</strong></span> <span class='ocrx_word' id='word_1_771' title='bbox 1003 4722 1330 4783; x_wconf 84' lang='lat' dir='ltr'><strong>voluntatem</strong></span> <span class='ocrx_word' id='word_1_772' title='bbox 1362 4730 1535 4789; x_wconf 88' lang='lat' dir='ltr'><strong>Patris</strong></span> <span class='ocrx_word' id='word_1_773' title='bbox 1563 4701 1700 4805; x_wconf 56' lang='lat' dir='ltr'><strong>mei,</strong></span> <span class='ocrx_word' id='word_1_774' title='bbox 1730 4742 1820 4811; x_wconf 90' lang='lat' dir='ltr'><strong>qui</strong></span> <span class='ocrx_word' id='word_1_775' title='bbox 1852 4744 1905 4798; x_wconf 89' lang='lat' dir='ltr'><strong>in</strong></span> 
     </span>
    </p>
   </div>
   <div class='ocr_carea' id='block_1_94' title="bbox 318 4795 1909 4890">
    <p class='ocr_par' dir='ltr' id='par_1_94' title="bbox 318 4795 1909 4890">
     <span class='ocr_line' id='line_1_95' title="bbox 318 4795 1909 4890; baseline 0.029 -45"><span class='ocrx_word' id='word_1_776' title='bbox 318 4795 483 4849; x_wconf 74' lang='lat' dir='ltr'><strong>cadis</strong></span> <span class='ocrx_word' id='word_1_777' title='bbox 508 4809 609 4864; x_wconf 88' lang='lat' dir='ltr'><strong>est,</strong></span> <span class='ocrx_word' id='word_1_778' title='bbox 640 4804 861 4861; x_wconf 88' lang='lat' dir='ltr'><strong>intrabit</strong></span> <span class='ocrx_word' id='word_1_779' title='bbox 894 4809 946 4863; x_wconf 88' lang='lat' dir='ltr'><strong>In</strong></span> <span class='ocrx_word' id='word_1_780' title='bbox 990 4822 1520 4884; x_wconf 79' lang='lat' dir='ltr'><strong>regnumcmlorum.</strong></span> <span class='ocrx_word' id='word_1_781' title='bbox 1550 4795 1699 4885; x_wconf 84' lang='lat' dir='ltr'><strong>Multi</strong></span> <span class='ocrx_word' id='word_1_782' title='bbox 1728 4795 1909 4890; x_wconf 79' lang='lat' dir='ltr'><strong>dicent</strong></span> 
     </span>
    </p>
   </div>
   <div class='ocr_carea' id='block_1_95' title="bbox 320 4886 1906 4984">
    <p class='ocr_par' dir='ltr' id='par_1_95' title="bbox 320 4886 1906 4984">
     <span class='ocr_line' id='line_1_96' title="bbox 320 4886 1906 4984; baseline 0.031 -48"><span class='ocrx_word' id='word_1_783' title='bbox 320 4886 457 4938; x_wconf 88' lang='lat' dir='ltr'><strong>mihi</strong></span> <span class='ocrx_word' id='word_1_784' title='bbox 488 4888 539 4942; x_wconf 92' lang='lat' dir='ltr'><strong>in</strong></span> <span class='ocrx_word' id='word_1_785' title='bbox 562 4890 652 4945; x_wconf 91' lang='lat' dir='ltr'><strong>illa</strong></span> <span class='ocrx_word' id='word_1_786' title='bbox 672 4893 758 4949; x_wconf 89' lang='lat' dir='ltr'><strong>die</strong></span> <span class='ocrx_word' id='word_1_787' title='bbox 789 4914 802 4950; x_wconf 90' lang='lat'><strong>:</strong></span> <span class='ocrx_word' id='word_1_788' title='bbox 836 4897 1082 4971; x_wconf 90' lang='lat' dir='ltr'><strong>Domine,</strong></span> <span class='ocrx_word' id='word_1_789' title='bbox 1122 4907 1370 4980; x_wconf 82' lang='lat' dir='ltr'><strong>Domine,</strong></span> <span class='ocrx_word' id='word_1_790' title='bbox 1402 4930 1579 4975; x_wconf 90' lang='lat' dir='ltr'><strong>nonne</strong></span> <span class='ocrx_word' id='word_1_791' title='bbox 1608 4921 1663 4977; x_wconf 90' lang='lat' dir='ltr'><strong>in</strong></span> <span class='ocrx_word' id='word_1_792' title='bbox 1690 4926 1906 4984; x_wconf 89' lang='lat' dir='ltr'><strong>nomine</strong></span> 
     </span>
    </p>
   </div>
   <div class='ocr_carea' id='block_1_96' title="bbox 322 4982 1906 5087">
    <p class='ocr_par' dir='ltr' id='par_1_96' title="bbox 322 4982 1906 5087">
     <span class='ocr_line' id='line_1_97' title="bbox 322 4982 1906 5087; baseline 0.03 -60"><span class='ocrx_word' id='word_1_793' title='bbox 322 4985 419 5029; x_wconf 90' lang='lat' dir='ltr'><strong>tuo</strong></span> <span class='ocrx_word' id='word_1_794' title='bbox 452 4982 910 5058; x_wconf 83' lang='lat' dir='ltr'><strong>prophetavimus,</strong></span> <span class='ocrx_word' id='word_1_795' title='bbox 943 5003 996 5047; x_wconf 92' lang='lat' dir='ltr'><strong>et</strong></span> <span class='ocrx_word' id='word_1_796' title='bbox 1029 4995 1080 5053; x_wconf 90' lang='lat' dir='ltr'><strong>in</strong></span> <span class='ocrx_word' id='word_1_797' title='bbox 1122 5008 1213 5055; x_wconf 88' lang='lat' dir='ltr'><strong>tuo</strong></span> <span class='ocrx_word' id='word_1_798' title='bbox 1252 5006 1467 5063; x_wconf 90' lang='lat' dir='ltr'><strong>nomine</strong></span> <span class='ocrx_word' id='word_1_799' title='bbox 1496 5010 1756 5069; x_wconf 72' lang='lat' dir='ltr'><strong>dzeiuonia</strong></span> <span class='ocrx_word' id='word_1_800' title='bbox 1797 5020 1906 5087; x_wconf 86' lang='lat' dir='ltr'><strong>eje-</strong></span> 
     </span>
    </p>
   </div>
   <div class='ocr_carea' id='block_1_97' title="bbox 322 5067 1905 5167">
    <p class='ocr_par' dir='ltr' id='par_1_97' title="bbox 322 5067 1905 5167">
     <span class='ocr_line' id='line_1_98' title="bbox 322 5067 1905 5167; baseline 0.033 -51"><span class='ocrx_word' id='word_1_801' title='bbox 322 5067 528 5136; x_wconf 82' lang='lat' dir='ltr'><strong>cimus,</strong></span> <span class='ocrx_word' id='word_1_802' title='bbox 572 5082 627 5126; x_wconf 92' lang='lat' dir='ltr'><strong>et</strong></span> <span class='ocrx_word' id='word_1_803' title='bbox 658 5074 711 5129; x_wconf 89' lang='lat' dir='ltr'><strong>in</strong></span> <span class='ocrx_word' id='word_1_804' title='bbox 751 5085 841 5133; x_wconf 93' lang='lat' dir='ltr'><strong>tuo</strong></span> <span class='ocrx_word' id='word_1_805' title='bbox 886 5082 1101 5159; x_wconf 75' lang='lat' dir='ltr'><strong>nemine</strong></span> <span class='ocrx_word' id='word_1_806' title='bbox 1144 5092 1365 5151; x_wconf 80' lang='lat' dir='ltr'><strong>virtutes</strong></span> <span class='ocrx_word' id='word_1_807' title='bbox 1407 5102 1604 5158; x_wconf 83' lang='lat' dir='ltr'><strong>multas</strong></span> <span class='ocrx_word' id='word_1_808' title='bbox 1646 5067 1905 5167; x_wconf 69' lang='lat' dir='ltr'><strong>fecimus?</strong></span> 
     </span>
    </p>
   </div>
   <div class='ocr_carea' id='block_1_98' title="bbox 327 5156 1899 5259">
    <p class='ocr_par' dir='ltr' id='par_1_98' title="bbox 327 5156 1899 5259">
     <span class='ocr_line' id='line_1_99' title="bbox 327 5156 1899 5259; baseline 0.031 -51"><span class='ocrx_word' id='word_1_809' title='bbox 327 5156 393 5210; x_wconf 83' lang='lat' dir='ltr'><strong>Et</strong></span> <span class='ocrx_word' id='word_1_810' title='bbox 429 5170 554 5215; x_wconf 86' lang='lat' dir='ltr'><strong>tunc</strong></span> <span class='ocrx_word' id='word_1_811' title='bbox 592 5156 905 5226; x_wconf 36' lang='lat' dir='ltr'><strong>confitebor—</strong></span> <span class='ocrx_word' id='word_1_812' title='bbox 927 5174 1073 5232; x_wconf 88' lang='lat' dir='ltr'><strong>illis:</strong></span> <span class='ocrx_word' id='word_1_813' title='bbox 1103 5180 1234 5247; x_wconf 86' lang='lat' dir='ltr'><strong>Quia</strong></span> <span class='ocrx_word' id='word_1_814' title='bbox 1286 5202 1556 5259; x_wconf 91' lang='lat' dir='ltr'><strong>nunquam</strong></span> <span class='ocrx_word' id='word_1_815' title='bbox 1597 5198 1721 5253; x_wconf 90' lang='lat' dir='ltr'><strong>novi</strong></span> <span class='ocrx_word' id='word_1_816' title='bbox 1766 5216 1899 5258; x_wconf 87' lang='lat' dir='ltr'><strong>vos:</strong></span> 
     </span>
    </p>
   </div>
   <div class='ocr_carea' id='block_1_99' title="bbox 317 5246 1565 5348">
    <p class='ocr_par' dir='ltr' id='par_1_99' title="bbox 317 5246 1565 5348">
     <span class='ocr_line' id='line_1_100' title="bbox 317 5246 1565 5348; baseline 0.034 -50"><span class='ocrx_word' id='word_1_817' title='bbox 317 5246 580 5308; x_wconf 74' lang='lat' dir='ltr'><strong>discedite</strong></span> <span class='ocrx_word' id='word_1_818' title='bbox 608 5270 637 5309; x_wconf 90' lang='lat' dir='ltr'><strong>a</strong></span> <span class='ocrx_word' id='word_1_819' title='bbox 666 5263 871 5332; x_wconf 81' lang='lat' dir='ltr'><strong>me.qui</strong></span> <span class='ocrx_word' id='word_1_820' title='bbox 891 5246 1186 5336; x_wconf 81' lang='lat' dir='ltr'><strong>cperamiui</strong></span> <span class='ocrx_word' id='word_1_821' title='bbox 1209 5246 1565 5348; x_wconf 68' lang='lat' dir='ltr'><strong>iniquitatem.</strong></span> 
     </span>
    </p>
   </div>
   <div class='ocr_carea' id='block_1_100' title="bbox 885 5397 1332 5468">
    <p class='ocr_par' dir='ltr' id='par_1_100' title="bbox 885 5397 1332 5468">
     <span class='ocr_line' id='line_1_101' title="bbox 885 5397 1332 5468; baseline 0.034 -14"><span class='ocrx_word' id='word_1_822' title='bbox 885 5397 1113 5460; x_wconf 79' lang='lat' dir='ltr'><strong>CAPUT</strong></span> <span class='ocrx_word' id='word_1_823' title='bbox 1154 5406 1332 5468; x_wconf 79' lang='lat' dir='ltr'><strong>XLIII.</strong></span> 
     </span>
    </p>
   </div>
   <div class='ocr_carea' id='block_1_101' title="bbox 315 5478 1898 5588">
    <p class='ocr_par' dir='ltr' id='par_1_101' title="bbox 315 5478 1898 5588">
     <span class='ocr_line' id='line_1_102' title="bbox 315 5478 1898 5588; baseline 0.027 -56"><span class='ocrx_word' id='word_1_824' title='bbox 315 5478 579 5548; x_wconf 75' lang='lat' dir='ltr'><strong>Compara</strong></span> <span class='ocrx_word' id='word_1_825' title='bbox 601 5486 653 5540; x_wconf 85' lang='lat' dir='ltr'><strong>io</strong></span> <span class='ocrx_word' id='word_1_826' title='bbox 670 5487 730 5545; x_wconf 77' lang='lat' dir='ltr'><strong>in</strong></span> <span class='ocrx_word' id='word_1_827' title='bbox 760 5489 841 5546; x_wconf 76' lang='lat' dir='ltr'><strong>Itis</strong></span> <span class='ocrx_word' id='word_1_828' title='bbox 888 5497 1124 5588; x_wconf 37' lang='lat' dir='ltr'><strong>omnibus</strong></span> <span class='ocrx_word' id='word_1_829' title='bbox 1170 5502 1237 5588; x_wconf 61' lang='lat' dir='ltr'><strong>de</strong></span> <span class='ocrx_word' id='word_1_830' title='bbox 1270 5510 1499 5576; x_wconf 72' lang='lat' dir='ltr'><strong>sapiente</strong></span> <span class='ocrx_word' id='word_1_831' title='bbox 1527 5522 1576 5566; x_wconf 79' lang='lat' dir='ltr'><strong>et</strong></span> <span class='ocrx_word' id='word_1_832' title='bbox 1630 5516 1898 5588; x_wconf 78' lang='lat' dir='ltr'><strong>insipiente</strong></span> 
     </span>
    </p>
   </div>
   <div class='ocr_carea' id='block_1_102' title="bbox 896 5565 1318 5637">
    <p class='ocr_par' dir='ltr' id='par_1_102' title="bbox 896 5565 1318 5637">
     <span class='ocr_line' id='line_1_103' title="bbox 896 5565 1318 5637; baseline 0.031 -19"><span class='ocrx_word' id='word_1_833' title='bbox 896 5565 1318 5637; x_wconf 71' lang='lat' dir='ltr'><strong>mdi/icatoribus.</strong></span> 
     </span>
    </p>
   </div>
   <div class='ocr_carea' id='block_1_103' title="bbox 388 5667 1899 5777">
    <p class='ocr_par' dir='ltr' id='par_1_103' title="bbox 388 5667 1899 5777">
     <span class='ocr_line' id='line_1_104' title="bbox 388 5667 1899 5777; baseline 0.029 -58"><span class='ocrx_word' id='word_1_834' title='bbox 388 5667 606 5777; x_wconf 42' lang='lat' dir='ltr'><strong>litura:</strong></span> <span class='ocrx_word' id='word_1_835' title='bbox 633 5686 729 5741; x_wconf 84' lang='lat' dir='ltr'><strong>vn,</strong></span> <span class='ocrx_word' id='word_1_836' title='bbox 752 5676 954 5747; x_wconf 64' lang='lat'><strong>24-29;</strong></span> <span class='ocrx_word' id='word_1_837' title='bbox 987 5683 1115 5742; x_wconf 88' lang='lat' dir='ltr'><strong>Luc.</strong></span> <span class='ocrx_word' id='word_1_838' title='bbox 1139 5703 1211 5757; x_wconf 87' lang='lat' dir='ltr'><strong>vt,</strong></span> <span class='ocrx_word' id='word_1_839' title='bbox 1235 5691 1421 5751; x_wconf 70' lang='lat'><strong>4749.</strong></span> <span class='ocrx_word' id='word_1_840' title='bbox 1445 5698 1631 5755; x_wconf 83' lang='lat' dir='ltr'><strong>Omnis</strong></span> <span class='ocrx_word' id='word_1_841' title='bbox 1658 5719 1786 5776; x_wconf 73' lang='lat' dir='ltr'><strong>ergo</strong></span> <span class='ocrx_word' id='word_1_842' title='bbox 1811 5712 1899 5777; x_wconf 91' lang='lat' dir='ltr'><strong>qui</strong></span> 
     </span>
    </p>
   </div>
   <div class='ocr_carea' id='block_1_104' title="bbox 310 5759 1892 5854">
    <p class='ocr_par' dir='ltr' id='par_1_104' title="bbox 310 5759 1892 5854">
     <span class='ocr_line' id='line_1_105' title="bbox 310 5759 1892 5854; baseline 0.03 -48"><span class='ocrx_word' id='word_1_843' title='bbox 310 5759 459 5811; x_wconf 69' lang='lat' dir='ltr'><strong>audit</strong></span> <span class='ocrx_word' id='word_1_844' title='bbox 490 5762 649 5817; x_wconf 84' lang='lat' dir='ltr'><strong>verba</strong></span> <span class='ocrx_word' id='word_1_845' title='bbox 685 5765 818 5837; x_wconf 66' lang='lat' dir='ltr'><strong>ltmc,</strong></span> <span class='ocrx_word' id='word_1_846' title='bbox 854 5782 907 5826; x_wconf 88' lang='lat' dir='ltr'><strong>et</strong></span> <span class='ocrx_word' id='word_1_847' title='bbox 939 5774 1063 5831; x_wconf 80' lang='lat' dir='ltr'><strong>facit</strong></span> <span class='ocrx_word' id='word_1_848' title='bbox 1088 5793 1182 5848; x_wconf 89' lang='lat' dir='ltr'><strong>ea,</strong></span> <span class='ocrx_word' id='word_1_849' title='bbox 1215 5787 1596 5846; x_wconf 76' lang='lat' dir='ltr'><strong>assimilaliitur</strong></span> <span class='ocrx_word' id='word_1_850' title='bbox 1641 5797 1757 5852; x_wconf 89' lang='lat' dir='ltr'><strong>viro</strong></span> <span class='ocrx_word' id='word_1_851' title='bbox 1805 5816 1892 5854; x_wconf 86' lang='lat' dir='ltr'><strong>sa-</strong></span> 
     </span>
    </p>
   </div>
   <div class='ocr_carea' id='block_1_105' title="bbox 310 5848 1893 5957">
    <p class='ocr_par' dir='ltr' id='par_1_105' title="bbox 310 5848 1893 5957">
     <span class='ocr_line' id='line_1_106' title="bbox 310 5848 1893 5957; baseline 0.029 -57"><span class='ocrx_word' id='word_1_852' title='bbox 310 5848 479 5917; x_wconf 84' lang='lat' dir='ltr'><strong>pienti</strong></span> <span class='ocrx_word' id='word_1_853' title='bbox 511 5854 600 5923; x_wconf 89' lang='lat' dir='ltr'><strong>qui</strong></span> <span class='ocrx_word' id='word_1_854' title='bbox 628 5857 905 5920; x_wconf 67' lang='lat' dir='ltr'><strong>aediﬁcavit</strong></span> <span class='ocrx_word' id='word_1_855' title='bbox 937 5866 1155 5928; x_wconf 87' lang='lat' dir='ltr'><strong>domum</strong></span> <span class='ocrx_word' id='word_1_856' title='bbox 1197 5891 1346 5947; x_wconf 84' lang='lat' dir='ltr'><strong>suam</strong></span> <span class='ocrx_word' id='word_1_857' title='bbox 1379 5897 1537 5956; x_wconf 70' lang='lat' dir='ltr'><strong>supra</strong></span> <span class='ocrx_word' id='word_1_858' title='bbox 1560 5894 1797 5957; x_wconf 76' lang='lat' dir='ltr'><strong>petram.</strong></span> <span class='ocrx_word' id='word_1_859' title='bbox 1832 5891 1893 5946; x_wconf 81' lang='lat' dir='ltr'><strong>Et</strong></span> 
     </span>
    </p>
   </div>
   <div class='ocr_carea' id='block_1_106' title="bbox 2019 4612 3600 4699">
    <p class='ocr_par' dir='ltr' id='par_1_106' title="bbox 2019 4612 3600 4699">
     <span class='ocr_line' id='line_1_107' title="bbox 2019 4612 3600 4699; baseline 0.02 -32"><span class='ocrx_word' id='word_1_860' title='bbox 2019 4612 2286 4669; x_wconf 57' lang='lat' dir='ltr'><strong>rhalorum</strong></span> <span class='ocrx_word' id='word_1_861' title='bbox 2328 4618 2380 4672; x_wconf 94' lang='lat' dir='ltr'><strong>in</strong></span> <span class='ocrx_word' id='word_1_862' title='bbox 2428 4618 2517 4675; x_wconf 91' lang='lat' dir='ltr'><strong>die</strong></span> <span class='ocrx_word' id='word_1_863' title='bbox 2542 4620 2765 4692; x_wconf 69' lang='lat' dir='ltr'><strong>iudicii,</strong></span> <span class='ocrx_word' id='word_1_864' title='bbox 2797 4641 2956 4693; x_wconf 88' lang='lat' dir='ltr'><strong>quam</strong></span> <span class='ocrx_word' id='word_1_865' title='bbox 2998 4631 3074 4685; x_wconf 91' lang='lat' dir='ltr'><strong>illi</strong></span> <span class='ocrx_word' id='word_1_866' title='bbox 3117 4634 3343 4691; x_wconf 83' lang='lat' dir='ltr'><strong>civitati.</strong></span> <span class='ocrx_word' id='word_1_867' title='bbox 3373 4668 3443 4678; x_wconf 97' lang='lat'><em>—</em></span> <span class='ocrx_word' id='word_1_868' title='bbox 3468 4640 3600 4699; x_wconf 79' lang='lat' dir='ltr'><strong>Lcc.</strong></span> 
     </span>
    </p>
   </div>
   <div class='ocr_carea' id='block_1_107' title="bbox 1964 4705 3601 4801">
    <p class='ocr_par' dir='ltr' id='par_1_107' title="bbox 1964 4705 3601 4801">
     <span class='ocr_line' id='line_1_108' title="bbox 1964 4705 3601 4801; baseline 0.018 -44"><span class='ocrx_word' id='word_1_869' title='bbox 1964 4765 1972 4773; x_wconf 89' lang='lat'><em>_</em></span> <span class='ocrx_word' id='word_1_870' title='bbox 2018 4720 2070 4773; x_wconf 83' lang='lat' dir='ltr'><strong>x,</strong></span> <span class='ocrx_word' id='word_1_871' title='bbox 2095 4705 2151 4761; x_wconf 76' lang='lat'><strong>5.</strong></span> <span class='ocrx_word' id='word_1_872' title='bbox 2182 4707 2325 4765; x_wconf 85' lang='lat' dir='ltr'><strong>Ecce</strong></span> <span class='ocrx_word' id='word_1_873' title='bbox 2353 4724 2455 4781; x_wconf 87' lang='lat' dir='ltr'><strong>ego</strong></span> <span class='ocrx_word' id='word_1_874' title='bbox 2481 4713 2637 4770; x_wconf 89' lang='lat' dir='ltr'><strong>mitto</strong></span> <span class='ocrx_word' id='word_1_875' title='bbox 2679 4730 2775 4782; x_wconf 79' lang='lat' dir='ltr'><strong>vos</strong></span> <span class='ocrx_word' id='word_1_876' title='bbox 2802 4718 2943 4774; x_wconf 89' lang='lat' dir='ltr'><strong>sicut</strong></span> <span class='ocrx_word' id='word_1_877' title='bbox 2970 4735 3101 4777; x_wconf 79' lang='lat' dir='ltr'><strong>oves</strong></span> <span class='ocrx_word' id='word_1_878' title='bbox 3147 4725 3199 4779; x_wconf 90' lang='lat' dir='ltr'><strong>in</strong></span> <span class='ocrx_word' id='word_1_879' title='bbox 3231 4729 3406 4783; x_wconf 86' lang='lat' dir='ltr'><strong>medio</strong></span> <span class='ocrx_word' id='word_1_880' title='bbox 3450 4731 3601 4801; x_wconf 79' lang='lat' dir='ltr'><strong>lupo-</strong></span> 
     </span>
    </p>
   </div>
   <div class='ocr_carea' id='block_1_108' title="bbox 2016 4799 3601 4885">
    <p class='ocr_par' dir='ltr' id='par_1_108' title="bbox 2016 4799 3601 4885">
     <span class='ocr_line' id='line_1_109' title="bbox 2016 4799 3601 4885; baseline 0.018 -35"><span class='ocrx_word' id='word_1_881' title='bbox 2016 4811 2159 4851; x_wconf 90' lang='lat' dir='ltr'><strong>rum.</strong></span> <span class='ocrx_word' id='word_1_882' title='bbox 2192 4799 2377 4857; x_wconf 80' lang='lat' dir='ltr'><strong>Estote</strong></span> <span class='ocrx_word' id='word_1_883' title='bbox 2408 4817 2538 4874; x_wconf 86' lang='lat' dir='ltr'><strong>ergo</strong></span> <span class='ocrx_word' id='word_1_884' title='bbox 2577 4806 2872 4875; x_wconf 82' lang='lat' dir='ltr'><strong>prudentes</strong></span> <span class='ocrx_word' id='word_1_885' title='bbox 2901 4812 3039 4866; x_wconf 85' lang='lat' dir='ltr'><strong>sicut</strong></span> <span class='ocrx_word' id='word_1_886' title='bbox 3057 4826 3363 4885; x_wconf 87' lang='lat' dir='ltr'><strong>serpentes,</strong></span> <span class='ocrx_word' id='word_1_887' title='bbox 3389 4829 3445 4874; x_wconf 89' lang='lat' dir='ltr'><strong>et</strong></span> <span class='ocrx_word' id='word_1_888' title='bbox 3472 4799 3601 4877; x_wconf 82' lang='lat' dir='ltr'><strong>sim-</strong></span> 
     </span>
    </p>
   </div>
   <div class='ocr_carea' id='block_1_109' title="bbox 2015 4888 3595 4970">
    <p class='ocr_par' dir='ltr' id='par_1_109' title="bbox 2015 4888 3595 4970">
     <span class='ocr_line' id='line_1_110' title="bbox 2015 4888 3595 4970; baseline 0.019 -30"><span class='ocrx_word' id='word_1_889' title='bbox 2015 4888 2183 4956; x_wconf 79' lang='lat' dir='ltr'><strong>plices</strong></span> <span class='ocrx_word' id='word_1_890' title='bbox 2199 4892 2338 4946; x_wconf 88' lang='lat' dir='ltr'><strong>sicut</strong></span> <span class='ocrx_word' id='word_1_891' title='bbox 2355 4895 2644 4951; x_wconf 75' lang='lat' dir='ltr'><strong>columbte.</strong></span> <span class='ocrx_word' id='word_1_892' title='bbox 2661 4896 2861 4954; x_wconf 89' lang='lat' dir='ltr'><strong>Cavete</strong></span> <span class='ocrx_word' id='word_1_893' title='bbox 2878 4913 3054 4957; x_wconf 88' lang='lat' dir='ltr'><strong>autem</strong></span> <span class='ocrx_word' id='word_1_894' title='bbox 3074 4920 3168 4959; x_wconf 91' lang='lat' dir='ltr'><strong>vos</strong></span> <span class='ocrx_word' id='word_1_895' title='bbox 3189 4905 3256 4959; x_wconf 85' lang='lat' dir='ltr'><strong>ab</strong></span> <span class='ocrx_word' id='word_1_896' title='bbox 3272 4907 3595 4970; x_wconf 82' lang='lat' dir='ltr'><strong>hominibus.</strong></span> 
     </span>
    </p>
   </div>
   <div class='ocr_carea' id='block_1_110' title="bbox 2013 4980 3600 5072">
    <p class='ocr_par' dir='ltr' id='par_1_110' title="bbox 2013 4980 3600 5072">
     <span class='ocr_line' id='line_1_111' title="bbox 2013 4980 3600 5072; baseline 0.016 -39"><span class='ocrx_word' id='word_1_897' title='bbox 2013 4980 2246 5037; x_wconf 86' lang='lat' dir='ltr'><strong>Tradent</strong></span> <span class='ocrx_word' id='word_1_898' title='bbox 2274 4985 2418 5039; x_wconf 83' lang='lat' dir='ltr'><strong>enim</strong></span> <span class='ocrx_word' id='word_1_899' title='bbox 2449 5001 2547 5043; x_wconf 89' lang='lat' dir='ltr'><strong>vos</strong></span> <span class='ocrx_word' id='word_1_900' title='bbox 2576 4987 2627 5043; x_wconf 91' lang='lat' dir='ltr'><strong>in</strong></span> <span class='ocrx_word' id='word_1_901' title='bbox 2658 4991 2919 5055; x_wconf 84' lang='lat' dir='ltr'><strong>conciliis,</strong></span> <span class='ocrx_word' id='word_1_902' title='bbox 2967 5000 3021 5047; x_wconf 89' lang='lat' dir='ltr'><strong>et</strong></span> <span class='ocrx_word' id='word_1_903' title='bbox 3070 4997 3122 5047; x_wconf 93' lang='lat' dir='ltr'><strong>in</strong></span> <span class='ocrx_word' id='word_1_904' title='bbox 3176 5000 3461 5072; x_wconf 76' lang='lat' dir='ltr'><strong>synagogis</strong></span> <span class='ocrx_word' id='word_1_905' title='bbox 3488 5007 3600 5061; x_wconf 80' lang='lat' dir='ltr'><strong>suis</strong></span> 
     </span>
    </p>
   </div>
   <div class='ocr_carea' id='block_1_111' title="bbox 2012 5070 3593 5158">
    <p class='ocr_par' dir='ltr' id='par_1_111' title="bbox 2012 5070 3593 5158">
     <span class='ocr_line' id='line_1_112' title="bbox 2012 5070 3593 5158; baseline 0.018 -35"><span class='ocrx_word' id='word_1_906' title='bbox 2012 5070 2355 5141; x_wconf 82' lang='lat' dir='ltr'><strong>flagellabuut</strong></span> <span class='ocrx_word' id='word_1_907' title='bbox 2373 5090 2491 5141; x_wconf 88' lang='lat' dir='ltr'><strong>vos,</strong></span> <span class='ocrx_word' id='word_1_908' title='bbox 2520 5085 2576 5131; x_wconf 92' lang='lat' dir='ltr'><strong>et</strong></span> <span class='ocrx_word' id='word_1_909' title='bbox 2600 5078 2665 5132; x_wconf 89' lang='lat' dir='ltr'><strong>ad</strong></span> <span class='ocrx_word' id='word_1_910' title='bbox 2694 5082 2952 5146; x_wconf 67' lang='lat' dir='ltr'><strong>prmsidcs</strong></span> <span class='ocrx_word' id='word_1_911' title='bbox 2980 5092 3036 5137; x_wconf 85' lang='lat' dir='ltr'><strong>et</strong></span> <span class='ocrx_word' id='word_1_912' title='bbox 3056 5085 3122 5138; x_wconf 87' lang='lat' dir='ltr'><strong>ad</strong></span> <span class='ocrx_word' id='word_1_913' title='bbox 3152 5101 3303 5158; x_wconf 88' lang='lat' dir='ltr'><strong>reges</strong></span> <span class='ocrx_word' id='word_1_914' title='bbox 3326 5070 3593 5151; x_wconf 86' lang='lat' dir='ltr'><strong>ducemini</strong></span> 
     </span>
    </p>
   </div>
   <div class='ocr_carea' id='block_1_112' title="bbox 2010 5166 3595 5245">
    <p class='ocr_par' dir='ltr' id='par_1_112' title="bbox 2010 5166 3595 5245">
     <span class='ocr_line' id='line_1_113' title="bbox 2010 5166 3595 5245; baseline 0.019 -33"><span class='ocrx_word' id='word_1_915' title='bbox 2010 5171 2226 5230; x_wconf 77' lang='lat' dir='ltr'><strong>propter</strong></span> <span class='ocrx_word' id='word_1_916' title='bbox 2248 5178 2354 5230; x_wconf 87' lang='lat' dir='ltr'><strong>me,</strong></span> <span class='ocrx_word' id='word_1_917' title='bbox 2388 5166 2440 5220; x_wconf 93' lang='lat' dir='ltr'><strong>in</strong></span> <span class='ocrx_word' id='word_1_918' title='bbox 2472 5167 2835 5222; x_wconf 87' lang='lat' dir='ltr'><strong>testimonium</strong></span> <span class='ocrx_word' id='word_1_919' title='bbox 2870 5171 2977 5226; x_wconf 80' lang='lat' dir='ltr'><strong>illis</strong></span> <span class='ocrx_word' id='word_1_920' title='bbox 3002 5183 3058 5228; x_wconf 92' lang='lat' dir='ltr'><strong>et</strong></span> <span class='ocrx_word' id='word_1_921' title='bbox 3078 5177 3345 5245; x_wconf 81' lang='lat' dir='ltr'><strong>gentibus.</strong></span> <span class='ocrx_word' id='word_1_922' title='bbox 3367 5213 3435 5223; x_wconf 87' lang='lat'><strong>-—</strong></span> <span class='ocrx_word' id='word_1_923' title='bbox 3463 5184 3595 5242; x_wconf 79' lang='lat' dir='ltr'><strong>Luc.</strong></span> 
     </span>
    </p>
   </div>
   <div class='ocr_carea' id='block_1_113' title="bbox 2007 5254 3592 5345">
    <p class='ocr_par' dir='ltr' id='par_1_113' title="bbox 2007 5254 3592 5345">
     <span class='ocr_line' id='line_1_114' title="bbox 2007 5254 3592 5345; baseline 0.013 -40"><span class='ocrx_word' id='word_1_924' title='bbox 2007 5268 2099 5314; x_wconf 72' lang='lat' dir='ltr'><strong>XII,</strong></span> <span class='ocrx_word' id='word_1_925' title='bbox 2134 5254 2319 5310; x_wconf 71' lang='grc'><strong>11-12.</strong></span> <span class='ocrx_word' id='word_1_926' title='bbox 2378 5255 2511 5312; x_wconf 87' lang='lat' dir='ltr'><strong>Cum</strong></span> <span class='ocrx_word' id='word_1_927' title='bbox 2554 5266 2733 5312; x_wconf 87' lang='lat' dir='ltr'><strong>autcm</strong></span> <span class='ocrx_word' id='word_1_928' title='bbox 2768 5262 2978 5317; x_wconf 87' lang='lat' dir='ltr'><strong>tradent</strong></span> <span class='ocrx_word' id='word_1_929' title='bbox 3022 5280 3122 5321; x_wconf 80' lang='lat' dir='ltr'><strong>vos</strong></span> <span class='ocrx_word' id='word_1_930' title='bbox 3168 5268 3220 5323; x_wconf 90' lang='lat' dir='ltr'><strong>in</strong></span> <span class='ocrx_word' id='word_1_931' title='bbox 3271 5285 3592 5345; x_wconf 68' lang='lat' dir='ltr'><strong>synagogas,</strong></span> 
     </span>
    </p>
   </div>
   <div class='ocr_carea' id='block_1_114' title="bbox 1946 5346 3596 5425">
    <p class='ocr_par' dir='ltr' id='par_1_114' title="bbox 1946 5346 3596 5425">
     <span class='ocr_line' id='line_1_115' title="bbox 1946 5346 3596 5425; baseline 0.015 -26"><span class='ocrx_word' id='word_1_932' title='bbox 1946 5396 1947 5399; x_wconf 44' lang='grc' dir='ltr'><strong>η</strong></span> <span class='ocrx_word' id='word_1_933' title='bbox 2006 5352 2061 5399; x_wconf 89' lang='lat' dir='ltr'><strong>et</strong></span> <span class='ocrx_word' id='word_1_934' title='bbox 2098 5346 2164 5399; x_wconf 90' lang='lat' dir='ltr'><strong>ad</strong></span> <span class='ocrx_word' id='word_1_935' title='bbox 2205 5347 2551 5416; x_wconf 87' lang='lat' dir='ltr'><strong>magistratus</strong></span> <span class='ocrx_word' id='word_1_936' title='bbox 2576 5359 2631 5404; x_wconf 91' lang='lat' dir='ltr'><strong>et</strong></span> <span class='ocrx_word' id='word_1_937' title='bbox 2669 5356 2989 5422; x_wconf 88' lang='lat' dir='ltr'><strong>potestates,</strong></span> <span class='ocrx_word' id='word_1_938' title='bbox 3023 5359 3191 5416; x_wconf 82' lang='lat' dir='ltr'><strong>nolite</strong></span> <span class='ocrx_word' id='word_1_939' title='bbox 3218 5364 3433 5419; x_wconf 87' lang='lat' dir='ltr'><strong>solliciti</strong></span> <span class='ocrx_word' id='word_1_940' title='bbox 3474 5384 3596 5425; x_wconf 76' lang='lat' dir='ltr'><strong>esse</strong></span> 
     </span>
    </p>
   </div>
   <div class='ocr_carea' id='block_1_115' title="bbox 2007 5439 3595 5519">
    <p class='ocr_par' dir='ltr' id='par_1_115' title="bbox 2007 5439 3595 5519">
     <span class='ocr_line' id='line_1_116' title="bbox 2007 5439 3595 5519; baseline 0.016 -29"><span class='ocrx_word' id='word_1_941' title='bbox 2007 5439 2238 5507; x_wconf 81' lang='lat' dir='ltr'><strong>quali-ter</strong></span> <span class='ocrx_word' id='word_1_942' title='bbox 2265 5440 2392 5509; x_wconf 89' lang='lat' dir='ltr'><strong>quid</strong></span> <span class='ocrx_word' id='word_1_943' title='bbox 2432 5441 2801 5511; x_wconf 84' lang='lat' dir='ltr'><strong>respondeatis</strong></span> <span class='ocrx_word' id='word_1_944' title='bbox 2831 5456 2924 5501; x_wconf 71' lang='lat' dir='ltr'><strong>aiat</strong></span> <span class='ocrx_word' id='word_1_945' title='bbox 2952 5449 3077 5519; x_wconf 87' lang='lat' dir='ltr'><strong>quid</strong></span> <span class='ocrx_word' id='word_1_946' title='bbox 3112 5452 3302 5508; x_wconf 84' lang='lat' dir='ltr'><strong>dicatis</strong></span> <span class='ocrx_word' id='word_1_947' title='bbox 3335 5473 3348 5509; x_wconf 89' lang='lat'><strong>:</strong></span> <span class='ocrx_word' id='word_1_948' title='bbox 3382 5457 3595 5516; x_wconf 87' lang='lat' dir='ltr'><strong>dabitur</strong></span> 
     </span>
    </p>
   </div>
   <div class='ocr_carea' id='block_1_116' title="bbox 2006 5530 3594 5610">
    <p class='ocr_par' dir='ltr' id='par_1_116' title="bbox 2006 5530 3594 5610">
     <span class='ocr_line' id='line_1_117' title="bbox 2006 5530 3594 5610; baseline 0.014 -27"><span class='ocrx_word' id='word_1_949' title='bbox 2006 5530 2149 5584; x_wconf 87' lang='lat' dir='ltr'><strong>enim</strong></span> <span class='ocrx_word' id='word_1_950' title='bbox 2177 5531 2323 5586; x_wconf 89' lang='lat' dir='ltr'><strong>vobis</strong></span> <span class='ocrx_word' id='word_1_951' title='bbox 2351 5532 2400 5586; x_wconf 91' lang='lat' dir='ltr'><strong>in</strong></span> <span class='ocrx_word' id='word_1_952' title='bbox 2427 5532 2516 5587; x_wconf 91' lang='lat' dir='ltr'><strong>illa</strong></span> <span class='ocrx_word' id='word_1_953' title='bbox 2544 5533 2672 5589; x_wconf 92' lang='lat' dir='ltr'><strong>hora</strong></span> <span class='ocrx_word' id='word_1_954' title='bbox 2696 5538 2821 5605; x_wconf 88' lang='lat' dir='ltr'><strong>quid</strong></span> <span class='ocrx_word' id='word_1_955' title='bbox 2850 5540 3163 5610; x_wconf 72' lang='lat' dir='ltr'><strong>loquamini.</strong></span> <span class='ocrx_word' id='word_1_956' title='bbox 3188 5543 3303 5598; x_wconf 84' lang='lat' dir='ltr'><strong>Non</strong></span> <span class='ocrx_word' id='word_1_957' title='bbox 3324 5548 3468 5602; x_wconf 84' lang='lat' dir='ltr'><strong>enim</strong></span> <span class='ocrx_word' id='word_1_958' title='bbox 3499 5566 3594 5607; x_wconf 89' lang='lat' dir='ltr'><strong>vos</strong></span> 
     </span>
    </p>
   </div>
   <div class='ocr_carea' id='block_1_117' title="bbox 2007 5622 3591 5709">
    <p class='ocr_par' dir='ltr' id='par_1_117' title="bbox 2007 5622 3591 5709">
     <span class='ocr_line' id='line_1_118' title="bbox 2007 5622 3591 5709; baseline 0.016 -36"><span class='ocrx_word' id='word_1_959' title='bbox 2007 5622 2138 5675; x_wconf 90' lang='lat' dir='ltr'><strong>cstis</strong></span> <span class='ocrx_word' id='word_1_960' title='bbox 2168 5622 2255 5689; x_wconf 86' lang='lat' dir='ltr'><strong>qui</strong></span> <span class='ocrx_word' id='word_1_961' title='bbox 2286 5622 2590 5693; x_wconf 89' lang='lat' dir='ltr'><strong>loquimini,</strong></span> <span class='ocrx_word' id='word_1_962' title='bbox 2632 5628 2726 5681; x_wconf 85' lang='lat' dir='ltr'><strong>sed</strong></span> <span class='ocrx_word' id='word_1_963' title='bbox 2749 5630 2979 5697; x_wconf 87' lang='lat' dir='ltr'><strong>Spiritus</strong></span> <span class='ocrx_word' id='word_1_964' title='bbox 3011 5631 3182 5687; x_wconf 69' lang='lat' dir='ltr'><strong>Patris</strong></span> <span class='ocrx_word' id='word_1_965' title='bbox 3206 5637 3367 5690; x_wconf 89' lang='lat' dir='ltr'><strong>vestri</strong></span> <span class='ocrx_word' id='word_1_966' title='bbox 3396 5643 3484 5709; x_wconf 89' lang='lat' dir='ltr'><strong>qui</strong></span> <span class='ocrx_word' id='word_1_967' title='bbox 3517 5644 3591 5697; x_wconf 81' lang='lat' dir='ltr'><strong>lo-</strong></span> 
     </span>
    </p>
   </div>
   <div class='ocr_carea' id='block_1_118' title="bbox 2006 5714 3591 5785">
    <p class='ocr_par' dir='ltr' id='par_1_118' title="bbox 2006 5714 3591 5785">
     <span class='ocr_line' id='line_1_119' title="bbox 2006 5714 3591 5785; baseline 0.01 -18"><span class='ocrx_word' id='word_1_968' title='bbox 2006 5714 2183 5779; x_wconf 84' lang='lat' dir='ltr'><strong>quitur</strong></span> <span class='ocrx_word' id='word_1_969' title='bbox 2218 5715 2267 5768; x_wconf 93' lang='lat' dir='ltr'><strong>in</strong></span> <span class='ocrx_word' id='word_1_970' title='bbox 2297 5716 2467 5770; x_wconf 89' lang='lat' dir='ltr'><strong>vobis.</strong></span> <span class='ocrx_word' id='word_1_971' title='bbox 2503 5717 2700 5772; x_wconf 79' lang='lat' dir='ltr'><strong>&#39;I&#39;radet</strong></span> <span class='ocrx_word' id='word_1_972' title='bbox 2725 5730 2902 5774; x_wconf 79' lang='lat' dir='ltr'><strong>autem</strong></span> <span class='ocrx_word' id='word_1_973' title='bbox 2929 5720 3095 5776; x_wconf 76' lang='lat' dir='ltr'><strong>frater</strong></span> <span class='ocrx_word' id='word_1_974' title='bbox 3126 5723 3340 5781; x_wconf 84' lang='lat' dir='ltr'><strong>fratrem</strong></span> <span class='ocrx_word' id='word_1_975' title='bbox 3374 5732 3424 5785; x_wconf 87' lang='lat' dir='ltr'><strong>in</strong></span> <span class='ocrx_word' id='word_1_976' title='bbox 3452 5750 3591 5784; x_wconf 83' lang='lat' dir='ltr'><strong>mor-</strong></span> 
     </span>
    </p>
   </div>
   <div class='ocr_carea' id='block_1_119' title="bbox 2000 5800 3585 5887">
    <p class='ocr_par' dir='ltr' id='par_1_119' title="bbox 2000 5800 3585 5887">
     <span class='ocr_line' id='line_1_120' title="bbox 2000 5800 3585 5887; baseline 0.011 -29"><span class='ocrx_word' id='word_1_977' title='bbox 2000 5800 2131 5870; x_wconf 73' lang='grc' dir='ltr'>ἰυιιι,</span> <span class='ocrx_word' id='word_1_978' title='bbox 2164 5816 2215 5860; x_wconf 79' lang='lat' dir='ltr'><strong>et</strong></span> <span class='ocrx_word' id='word_1_979' title='bbox 2250 5815 2396 5875; x_wconf 84' lang='lat' dir='ltr'><strong>pater</strong></span> <span class='ocrx_word' id='word_1_980' title='bbox 2419 5806 2584 5863; x_wconf 82' lang='lat' dir='ltr'><strong>ﬁlium</strong></span> <span class='ocrx_word' id='word_1_981' title='bbox 2614 5828 2625 5863; x_wconf 73' lang='grc' dir='ltr'><strong>ε</strong></span> <span class='ocrx_word' id='word_1_982' title='bbox 2652 5820 2704 5867; x_wconf 86' lang='lat' dir='ltr'><strong>et</strong></span> <span class='ocrx_word' id='word_1_983' title='bbox 2732 5812 3005 5881; x_wconf 76' lang='lat' dir='ltr'><strong>insurgunt</strong></span> <span class='ocrx_word' id='word_1_984' title='bbox 3037 5815 3126 5869; x_wconf 79' lang='lat' dir='ltr'><strong>lilii</strong></span> <span class='ocrx_word' id='word_1_985' title='bbox 3158 5817 3208 5870; x_wconf 88' lang='lat' dir='ltr'><strong>iu</strong></span> <span class='ocrx_word' id='word_1_986' title='bbox 3238 5836 3507 5887; x_wconf 76' lang='lat' dir='ltr'><strong>parentes,</strong></span> <span class='ocrx_word' id='word_1_987' title='bbox 3539 5834 3585 5876; x_wconf 78' lang='lat' dir='ltr'><strong>rt</strong></span> 
     </span>
    </p>
   </div>
   <div class='ocr_carea' id='block_1_120' title="bbox 2007 5895 3589 5985">
    <p class='ocr_par' dir='ltr' id='par_1_120' title="bbox 2007 5895 3589 5985">
     <span class='ocr_line' id='line_1_121' title="bbox 2007 5895 3589 5985; baseline 0.009 -35"><span class='ocrx_word' id='word_1_988' title='bbox 2007 5905 2177 5951; x_wconf 82' lang='lat' dir='ltr'><strong>tuortc</strong></span> <span class='ocrx_word' id='word_1_989' title='bbox 2206 5914 2296 5953; x_wconf 80' lang='lat' dir='ltr'><strong>eos</strong></span> <span class='ocrx_word' id='word_1_990' title='bbox 2341 5895 2613 5961; x_wconf 82' lang='lat' dir='ltr'><strong>allicient:</strong></span> <span class='ocrx_word' id='word_1_991' title='bbox 2648 5910 2699 5957; x_wconf 89' lang='lat' dir='ltr'><strong>et</strong></span> <span class='ocrx_word' id='word_1_992' title='bbox 2741 5903 2889 5958; x_wconf 81' lang='lat' dir='ltr'><strong>eritis</strong></span> <span class='ocrx_word' id='word_1_993' title='bbox 2928 5904 3050 5959; x_wconf 83' lang='lat' dir='ltr'><strong>odio</strong></span> <span class='ocrx_word' id='word_1_994' title='bbox 3086 5911 3333 5965; x_wconf 73' lang='lat' dir='ltr'><strong>omnibus</strong></span> <span class='ocrx_word' id='word_1_995' title='bbox 3367 5927 3589 5985; x_wconf 60' lang='lat' dir='ltr'><strong>propter</strong></span> 
     </span>
    </p>
   </div>
  </div>
