4026 6196
430 306 540 362 ω

430 506 615 573 ﬁnem,
644 506 730 563 hic
756 507 933 561 salvus
958 505 1080 559 erit.
1117 503 1248 559 Cum
1274 510 1452 556 autem
1487 508 1871 569 persequentur
1904 512 2003 553 vos

430 601 487 654 in
512 600 726 655 civitate
743 589 868 663 ista,
890 596 1053 665 fugite
1070 598 1123 650 in
1143 596 1322 650 aliam.
1351 596 1519 648 Amen
1548 594 1669 648 dico
1697 591 1870 657 vobis,
1897 605 2004 645 non

431 686 873 750 consummabilis
900 687 1140 742 civitates
1183 686 1340 739 Israel
1364 724 1381 751 ,
1422 684 1591 739 donec
1626 683 1806 737 veniat
1842 681 2008 737 Filius

431 778 908 836 hem’nis.—-Loc.
938 793 1011 844 vr,
1038 777 1128 834 40.
1153 776 1268 832 Νοη
1296 785 1378 829 est
1403 774 1690 844 discipulus
1714 789 1874 844 super
1896 788 2008 827 ma-

431 870 680 939 gistrum,
707 883 877 938 neque
914 880 1104 924 servius
1142 880 1303 935 super
1330 866 1609 921 dominum
1642 879 1820 918 suum.
1846 862 2008 918 Suili-

433 960 509 1014 eit
531 958 790 1027 discipulo
814 965 872 1012 ut
897 958 965 1013 sit
987 957 1126 1013 sicut
1154 957 1409 1025 magister
1430 953 1569 1024 ejus,
1587 965 1640 1009 et
1659 967 1848 1009 servus
1872 954 2009 1007 sicut

433 1054 682 1109 dominus
709 1052 846 1123 ejus.
876 1052 930 1108 Si
970 1050 1410 1121 patremfamilias
1456 1046 1753 1103 Beelzebub
1781 1060 2008 1101 vocave-

433 1154 580 1210 runt,
604 1152 806 1212 quanto
830 1143 999 1213 magis
1025 1141 1349 1196 domesticos
1374 1138 1525 1209 ejus?
1557 1137 1633 1194 Ne
1660 1154 1788 1209 ergo
1820 1138 2011 1193 timue-

433 1234 550 1289 ritis
580 1247 693 1288 eos.
721 1261 791 1272 —-
817 1232 990 1287 hinc.
1037 1247 1110 1299 iv,
1140 1230 1230 1283 22.
1260 1228 1404 1284 Nihil
1432 1228 1577 1283 enim
1599 1237 1843 1297 opertum
1868 1228 2008 1298 quod

432 1338 541 1380 non
571 1323 909 1388 revelabitur,
938 1333 991 1377 et
1016 1322 1282 1378 occultum
1313 1321 1453 1391 quod
1475 1334 1579 1375 non
1610 1321 1829 1376 scietur.
1857 1319 2007 1386 Quod

434 1414 556 1468 dico
576 1414 727 1467 vobis
769 1414 821 1466 in
849 1412 1110 1474 tenebris,
1141 1411 1302 1467 dicite
1330 1412 1380 1464 in
1415 1409 1616 1464 lumine
1648 1415 1668 1461 :'
1686 1418 1737 1464 et
1767 1409 1907 1485 qupd
1954 1411 2007 1462 in

433 1517 565 1558 aure
592 1503 807 1569 auditis,
840 1503 1124 1572 pradicate
1152 1517 1314 1571 super
1338 1509 1494 1556 tecta.
1516 1531 1586 1541 —
1607 1500 1734 1557 Luc.
1768 1515 1863 1564 xu,
1892 1498 2008 1568 2-9.

435 1592 566 1647 Dico
603 1602 779 1646 autem
806 1592 956 1646 vobis
980 1591 1161 1645 amicis
1193 1591 1326 1645 meis
1360 1607 1371 1643 :
1405 1589 1576 1645 Nolite
1594 1591 1781 1644 timere
1803 1604 1896 1644 eos
1921 1590 2009 1657 qui

432 1695 631 1749 corpus
652 1680 918 1748 occidunt,
950 1682 1180 1735 animam
1205 1696 1378 1736 meam
1413 1694 1520 1734 non
1553 1690 1773 1750 possunt
1800 1680 2011 1736 occide-

434 1785 533 1826 re:
566 1769 660 1825 sed
688 1769 863 1839 potius
899 1785 1020 1824 eum
1067 1771 1249 1825 timete
1287 1771 1375 1840 qui
1409 1780 1579 1839 potest
1608 1780 1661 1826 et
1702 1770 1931 1825 animam
1958 1780 2011 1827 et
2042 1774 2089 1836 Β

435 1874 632 1929 corpus
659 1859 882 1929 perdere
930 1860 983 1913 in
1027 1859 1347 1930 gehennam.
1381 1860 1567 1916 Nonne
1601 1859 1709 1917 duo
1760 1874 2009 1931 passeres

436 1967 560 2009 a-se
586 1962 844 2018 veneunt,
872 1962 926 2007 et
960 1940 1095 2007 unﬁs
1124 1968 1187 2007 ex
1223 1952 1326 2007 illis
1357 1967 1464 2006 non
1518 1952 1675 2007 cadet
1711 1967 1873 2022 super
1903 1961 2012 2008 ter-

437 2057 553 2096 ram
596 2043 711 2097 sine
738 2042 896 2098 Patre
924 2042 1138 2097 vestro?
1168 2041 1343 2096 Vestri
1390 2051 1567 2098 autem
1614 2042 1794 2112 capilli
1820 2043 2010 2112 capitis

436 2149 628 2188 omnes
674 2135 931 2188 numerati
973 2143 1116 2189 sunt.
1169 2134 1340 2189 Nolite
1377 2149 1504 2204 ergo
1552 2135 1787 2191 timere:
1831 2136 2014 2191 multis

443 2223 751 2289 passeribus
779 2224 1030 2278 meliores
1058 2224 1186 2278 estis
1230 2238 1351 2280 vos.
1389 2224 1741 2294 Omnis-ergo
1767 2225 1859 2296 qui
1883 2237 2016 2281 con-

441 2313 681 2369 ﬂiebitur
697 2328 783 2369 me
801 2328 980 2369 coram
1014 2314 1339 2382 hominibus,
1368 2314 1665 2370 conﬁtebor
1691 2323 1744 2371 et
1773 2329 1875 2386 ego
1891 2330 2014 2371 eum

443 2419 623 2459 coram
657 2405 813 2460 Patre
843 2419 987 2470 meo,
1019 2406 1109 2475 qui
1135 2405 1189 2460 in
1215 2404 1364 2461 caelis
1393 2413 1497 2473 est,
1530 2415 1583 2460 et
1607 2420 1786 2462 coram
1808 2407 2015 2477 angelis

439 2495 578 2563 ejus.
616 2495 713 2562 Qui
741 2503 917 2550 autem
948 2495 1221 2564 negaverit
1266 2510 1354 2550 me
1392 2509 1570 2550 ceram
1603 2496 1924 2563 horninibus,
1946 2526 2017 2537 -—

442 2585 618 2640 hinc.
646 2600 758 2648 vtu,
790 2585 881 2653 38,
912 2596 967 2641 et
1002 2586 1254 2641 confusus
1282 2601 1370 2642 me
1398 2586 1553 2642 fuerit
1580 2588 1632 2641 in
1675 2589 2019 2656 generatione

442 2680 545 2734 ista
566 2678 804 2733 adultera
831 2686 886 2733 et
910 2679 1226 2748 peccatrice,
1259 2678 1465 2749 negabo
1487 2686 1543 2735 et
1568 2694 1669 2745 ego
1694 2695 1816 2735 eum
1836 2696 2017 2737 coram

426 2766 604 2822 \Patre
634 2781 776 2834 meo,
819 2765 909 2836 qui
937 2776 1018 2821 est
1048 2767 1100 2821 in
1139 2766 1311 2833 cmlis,
1350 2777 1404 2822 et
1441 2768 1645 2837 angelis
1669 2767 1806 2837 ejus.
1840 2769 1906 2823 Et
1926 2767 2018 2824 Fi-

445 2859 552 2913 lius
589 2857 820 2913 hominis
863 2857 1156 2914 confundet
1183 2873 1340 2925 eum,
1367 2874 1487 2914 cum
1520 2863 1729 2916 venerit
1767 2862 1819 2916 in
1850 2861 2021 2932 gloria

444 2947 620 3002 Patris
644 2948 725 3003 sui
754 2961 874 3002 cum
904 2948 1104 3018 angelis
1135 2948 1263 3003 suis.
1284 2950 1580 3005 ——Ma1~ru.
1617 2965 1670 3019 s,
1704 2952 1890 3009 51-42.
1918 2952 2023 3008 No-

444 3038 539 3093 lite
567 3038 818 3093 arbitrari
840 3039 960 3107 quia
991 3042 1229 3095 venerim
1261 3041 1472 3096 mittere
1500 3055 1682 3111 pacem
1716 3044 1769 3097 iu
1785 3049 2018 3098 terram:

443 3142 551 3184 non
573 3130 692 3184 veni
716 3145 897 3197 pacem
919 3130 1151 3197 mittere,
1179 3132 1272 3187 sed
1301 3132 1634 3201 gladium.—
1662 3134 1788 3189 Luc.
1813 3151 1906 3199 xu,
1929 3136 2019 3190 52.
2050 3144 2095 3205 α

448 3222 623 3278 Erunt
650 3224 791 3278 enim
813 3239 877 3279 es
901 3223 1004 3280 hoc
1028 3225 1263 3295 quinque
1286 3226 1336 3280 in
1376 3226 1543 3282 domo
1564 3244 1664 3283 una
1695 3229 1881 3292 divisi;
1913 3241 2021 3287 tres

443 3313 504 3368 in
532 3310 659 3381 duo,
687 3320 743 3369 et
762 3313 867 3367 duo
891 3314 942 3368 in
967 3323 1076 3370 tres
1098 3313 1418 3369 dividentur.
1445 3314 1575 3371 Veni
1602 3317 1744 3373 enim
1772 3333 2022 3387 separare

447 3404 718 3460 hominem
748 3404 1003 3460 adversus
1024 3413 1229 3476 patrem
1259 3421 1444 3473 suum,
1475 3415 1529 3462 et
1561 3406 1724 3462 tiliam
1767 3408 2023 3465 adversus

444 3506 672 3550 matrem
703 3509 852 3550 suam
879 3536 892 3559 ,
925 3504 979 3549 ει
1010 3510 1199 3549 nurum
1229 3495 1486 3550 adversus
1512 3510 1723 3551 socrum
1763 3512 1940 3561 suam.
1970 3507 2024 3554 et

412 3585 651 3643 tinimici
674 3585 907 3640 hominis
942 3584 1220 3641 domestici
1266 3585 1401 3655 ejus.
1444 3588 1543 3653 Qui
1564 3597 1707 3642 amat
1739 3596 1941 3660 patrem
1969 3600 2026 3646 et

450 3687 675 3736 matrem
714 3679 832 3749 plus
877 3696 1038 3749 quam
1068 3696 1182 3748 me,
1223 3696 1328 3736 non
1355 3690 1438 3737 est
1467 3698 1551 3737 me
1584 3682 1807 3753 dignus;
1839 3694 1894 3740 et
1933 3683 2027 3755 qui

450 3780 599 3828 amat
625 3771 790 3827 lilium
820 3781 911 3826 aut
938 3771 1099 3826 titiam
1130 3787 1291 3843 super
1316 3787 1434 3838 me,
1468 3787 1570 3828 non
1599 3784 1682 3829 est
1708 3788 1792 3830 me
1812 3773 2023 3846 dignus.

448 3861 655 3918 —Luc.
692 3878 801 3927 χεν,
831 3861 1030 3917 26-27.
1058 3862 1121 3917 Et
1144 3864 1230 3933 qui
1256 3877 1361 3918 non
1391 3862 1587 3933 accipit
1610 3876 1822 3918 crucem
1848 3877 2020 3929 suam,

447 3962 502 4008 et
531 3956 771 4023 sequitur
790 3968 894 4018 me,
930 3968 1033 4009 non
1065 3962 1145 4007 est
1173 3967 1258 4008 me
1283 3952 1503 4022 dignus,
1547 3965 1645 4006 nec
1671 3959 1848 4020 potest
1873 3966 2026 4006 meus

451 4062 571 4102 esse
618 4049 928 4116 discipulus.
961 4046 1219 4103 ——Msnc.
1257 4062 1388 4113 vm,
1445 4046 1628 4102 54-55.
1668 4044 1771 4112 Qui
1827 4043 2027 4099 invenit

449 4138 680 4193 animam
703 4152 878 4203 suam,
906 4138 1089 4207 perdet
1114 4152 1256 4202 eam,
1286 4148 1341 4194 et
1369 4137 1457 4206 qui
1479 4136 1768 4202 perdiderit
1796 4138 2025 4191 animam

448 4247 599 4287 suam
630 4227 847 4301 propter
872 4248 986 4296 me,
1018 4231 1250 4288 inveniet
1281 4244 1421 4287 eam.
1457 4231 1521 4286 Et
1558 4231 1646 4300 qui
1676 4230 1861 4299 recipit
1893 4243 1986 4283 vos
2007 4269 2023 4292 ,

448 4340 536 4380 me
564 4324 789 4392 recipit;
821 4328 876 4377 et
901 4324 990 4392 qui
1020 4324 1207 4391 recipit
1239 4339 1323 4378 me
1346 4365 1362 4387 ,
1405 4324 1595 4392 recipit
1622 4336 1741 4379 eum
1772 4323 1860 4390 qui
1884 4322 2028 4376 misit

448 4427 555 4467 me.
607 4412 711 4477 Qui
761 4411 946 4479 recipit
991 4410 1301 4480 prophetam
1355 4414 1406 4466 in
1455 4414 1671 4465 nomine
1712 4408 2024 4479 pmphctai,

1556 291 1867 353 VICTORIS
1905 290 2197 350 EPISCOI’I
2249 286 2543 351 CAPUANI

430 431 626 473 nomen
673 430 871 471 meum.
903 414 1001 482 Qui
1044 421 1220 469 autem
1273 410 1695 478 perseveraverit
1733 422 1905 477 usque
1949 407 2002 461 in
2034 408 2082 467 Α

3580 297 3686 353 276

2682 401 2908 461 CAPUT
2948 404 3106 460 XLV.

2267 512 2333 568 In
2358 512 2501 569 Cana
2520 512 2752 569 Calilwc
2779 515 2932 569 Jesus
2956 532 3142 585 aquam
3169 515 3343 570 viuum
3371 516 3515 587 fecit.

2176 645 2330 701 Josn.
2364 662 2420 710 ιι,
2465 645 2611 700 1-11.
2648 646 2708 699 Et
2739 646 2828 700 die
2872 646 3029 702 tertio
3054 648 3255 718 nuptias
3291 647 3442 703 facta:
3468 657 3591 703 sunt
3629 649 3681 703 in

2108 734 2249 790 Cana
2290 733 2521 790 Galilwze
2553 754 2565 787 :
2596 746 2650 789 ct
2692 744 2803 790 erat
2847 747 3015 792 mater
3048 736 3174 794 ιω
3215 738 3307 792 ibi.
3343 738 3571 793 Vocatus
3603 750 3687 795 est

2109 835 2284 879 autem
2316 835 2368 880 et
2397 824 2585 889 Jesus,
2615 836 2668 879 et
2704 825 2950 895 discipuh
2982 827 3097 896 ejus
3125 829 3190 881 ad
3222 829 3451 897 nuptias.
3501 831 3562 883 Et
3593 831 3689 884 de-

2111 913 2324 969 ficiente
2362 914 2514 979 vino,
2550 913 2679 968 dicit
2718 922 2891 969 mater
2915 914 3041 969 Jesu
3068 915 3135 969 ad
3161 930 3283 970 eum
3315 916 3546 971 :Vinum
3579 934 3688 972 non

2112 1005 2327 1060 habent.
2362 1007 2429 1061 Et
2455 1007 2583 1062 dicit
2608 1008 2656 1061 ei
2687 1006 2843 1062 Jesus
2870 1026 2881 1061 :
2912 1007 3049 1075 Quid
3081 1008 3210 1063 mihi
3239 1019 3292 1063 et
3313 1010 3403 1063 tibi
3434 1020 3536 1077 est,
3570 1027 3690 1063 mu-

2111 1095 2245 1150 lier?
2270 1097 2503 1151 nondum
2533 1098 2674 1152 enim
2697 1098 2843 1151 venit
2869 1098 2999 1152 hora
3026 1113 3164 1153 mea.
3196 1098 3334 1153 Dicit
3364 1109 3536 1154 mater
3564 1102 3689 1169 ejus

2104 1174 2409 1241 ministris:
2442 1186 2805 1256 Quodcunque
2833 1188 3034 1243 dixerit
3070 1188 3252 1254 vobis,
3303 1187 3479 1244 facile.
3522 1189 3692 1244 Erant

2112 1291 2287 1336 autem
2319 1280 2389 1335 ibi
2426 1282 2649 1350 lapideae
2676 1280 2885 1351 hydria:
2919 1295 3012 1335 sex
3054 1280 3238 1350 positae
3267 1281 3559 1336 secundum
3593 1296 3694 1350 pu-

2112 1359 2459 1427 riﬁcationem
2489 1370 2830 1438 Iudaeorum,
2873 1371 3150 1440 capientes
3176 1371 3398 1439 singulas
3433 1378 3694 1425 metretas

2111 1462 2264 1517 binas
2311 1463 2396 1517 vel
2441 1470 2638 1531 ternas.
2674 1460 2810 1515 Dicit
2848 1462 2928 1516 eis
2972 1460 3129 1516 Iesus
3160 1475 3177 1517 :
3210 1460 3431 1530 implete
3470 1460 3695 1530 hydria:

2110 1567 2271 1623 aqua.
2312 1553 2376 1607 Et
2407 1553 2766 1622 impleverunt
2793 1567 2884 1607 eas
2912 1567 3084 1622 usque
3114 1553 3179 1607 ad
3207 1567 3496 1607 summum.
3524 1554 3587 1607 Et
3610 1552 3698 1607 di—

2112 1646 2186 1700 cit
2208 1646 2287 1701 eis
2314 1644 2471 1701 Jesus
2495 1662 2509 1698 :
2540 1645 2760 1700 Haurite
2784 1660 2948 1710 nune,
2974 1654 3030 1699 et
3054 1646 3186 1699 ferte
3207 1645 3594 1700 architriclino.
3625 1646 3701 1698 tas

2116 1735 2369 1792 tulerunt.
2403 1735 2467 1791 Ut
2491 1743 2669 1791 autem
2700 1736 2932 1804 gustavit
2957 1734 3357 1790 architriclinus
3385 1750 3573 1804 aquam
3607 1737 3696 1790 vi-

2115 1838 2241 1881 num
2270 1825 2485 1892 iactam,
2508 1834 2562 1881 et
2591 1839 2697 1879 non
2728 1826 2932 1881 sciebat
2962 1826 3105 1881 unde
3125 1834 3305 1893 esset,
3341 1827 3564 1881 ministri
3594 1841 3699 1881 au-

2114 1924 2217 1972 tem
2249 1916 2488 1972 sciebant
2531 1918 2618 1986 qui
2650 1916 2940 1972 hauserant
2977 1932 3207 1987 aquam:
3249 1929 3407 1973 vocat
3437 1933 3697 1987 sponsum

2113 2008 2504 2065 architriclinus
2524 2051 2539 2076 ,
2574 2021 2628 2065 et
2653 2010 2781 2063 dicit
2820 2011 2870 2064 ei
2896 2026 2911 2063 :
2941 2008 3129 2065 Omnis
3158 2010 3317 2065 homo
3340 2011 3567 2080 primum
3596 2011 3701 2065 bo-

2113 2116 2239 2157 num
2269 2103 2450 2157 vinum
2470 2104 2657 2173 ponit;
2683 2111 2740 2159 et
2774 2117 2896 2158 cum
2930 2103 3177 2159 inebriati
3217 2104 3411 2158 iuerint
3436 2146 3450 2168 ,
3486 2113 3608 2158 tunc
3637 2104 3698 2158 id

2114 2192 2256 2261 quod
2284 2192 2521 2249 deterius
2565 2202 2687 2248 est:
2722 2203 2776 2247 tu
2805 2205 2983 2248 autem
3026 2194 3253 2248 servasti
3284 2192 3484 2249 bonum
3512 2194 3696 2247 vinum

2115 2298 2284 2353 usque
2311 2284 2503 2339 adhuc.
2556 2285 2669 2341 lioc
2713 2286 2838 2341 fecit
2879 2286 3092 2340 initium
3140 2287 3415 2356 signorum
3442 2284 3602 2341 .lesus
3631 2286 3693 2341 ira

2116 2372 2261 2430 Cana
2289 2374 2521 2433 Galiltea
2546 2417 2561 2443 ,
2589 2385 2644 2433 et
2671 2375 3026 2431 manilestavit
3055 2376 3276 2447 gloriam
3300 2389 3479 2431 suam.

2683 2550 2909 2607 CAPUT
2948 2550 3133 2607 XLVI.

2556 2667 2711 2723 lesus
2746 2669 2961 2723 mundat
2987 2668 3262 2739 leprosum.

2190 2810 2402 2867 Mure.
2432 2827 2545 2879 vtu,
2578 2810 2706 2876 1-5;
2732 2812 2901 2868 MABC.
2929 2828 2964 2876 ι,
2995 2814 3189 2871 40-45.
3220 2813 3350 2870 Cum
3373 2822 3551 2869 autem
3611 2816 3711 2872 de-

2122 2890 2419 2958 scendisset
2450 2901 2605 2959 Jesus
2631 2904 2698 2958 de
2737 2912 2919 2959 monte
2944 2945 2958 2969 ,
2989 2915 3189 2959 secutae
3216 2915 3349 2960 sunt
3378 2920 3501 2961 eum
3530 2906 3707 2964 turba

2124 2994 2325 3049 mul'az.
2361 2995 2425 3049 Et
2448 3008 2575 3051 ecce
2601 2994 2846 3064 leprosos
2876 2995 3094 3051 veniens
3113 3010 3249 3066 genu
3276 2995 3413 3052 ﬂexo
3440 2998 3712 3053 adorabat

2125 3098 2267 3150 eum,
2300 3084 2523 3140 dicens:
2550 3085 2792 3153 Domine,
2820 3086 2864 3141 si
2895 3085 3001 3156 vis,
3039 3095 3187 3156 potes
3211 3103 3295 3142 me
3326 3090 3599 3144 mundare.
3632 3090 3712 3147 Es

2124 3175 2419 3230 extendens
2451 3190 2687 3243 manum,
2716 3176 2890 3247 tetigit
2910 3190 3031 3232 eum
3062 3176 3237 3242 Jesus,
3264 3178 3452 3235 dicens
3478 3197 3490 3232 :
3519 3178 3651 3234 Volo
3684 3200 3705 3236 :

2125 3266 2403 3321 mundare.
2445 3266 2515 3321 Et
2560 3266 2837 3323 confestim
2878 3268 3127 3323 mundata
3156 3276 3241 3324 est
3286 3270 3431 3339 lepra
3468 3269 3716 3339 ejus;,es

2123 3357 2196 3410 ait
2218 3356 2290 3411 illi
2312 3356 2466 3413 Jesus
2492 3374 2504 3409 :
2533 3356 2682 3421 Vide,
2710 3357 2911 3412 nemiui
2932 3357 3155 3427 dixeris,
3180 3358 3275 3413 sed
3297 3359 3453 3425 vade,
3478 3360 3716 3416 ostende

2126 3456 2177 3501 te
2201 3448 2497 3515 sacerdoti,
2547 3457 2602 3503 et
2630 3448 2762 3504 offer
2797 3465 2989 3505 munus
3018 3451 3158 3521 quod
3212 3454 3464 3522 praecepit
3493 3453 3715 3522 Moyses

2127 3539 2270 3608 (Leu.
2303 3555 2412 3604 siv,
2442 3538 2501 3608 2)
2527 3540 2578 3593 in
2616 3540 2981 3595 testimonium
3022 3541 3151 3595 illis.
3182 3540 3250 3594 At
3296 3542 3387 3597 ille
3427 3556 3710 3613 egressus,

2126 3632 2285 3699 coepit
2317 3632 2604 3700 przedicare
2634 3640 2686 3686 et
2718 3631 2996 3688 diﬂ'amare
3025 3648 3361 3698 sermonem;
3408 3634 3479 3688 ita
3511 3642 3565 3687 ut
3585 3633 3712 3703 jam

2128 3734 2231 3775 non
2264 3730 2442 3788 posset
2467 3719 2748 3777 manifeste
2778 3721 2831 3775 in
2860 3722 3129 3776 civitatem
3162 3722 3384 3778 introire
3403 3764 3419 3789 ,
3448 3722 3538 3777 sed
3566 3720 3717 3779 foris

2127 3810 2179 3865 in
2211 3809 2438 3865 desertis
2477 3811 2609 3867 locis
2637 3824 2780 3867 esse.
2810 3810 2879 3866 Et
2926 3811 3321 3868 conveniebant
3346 3814 3413 3867 ad
3440 3827 3560 3868 cum
3596 3826 3717 3867 un-

2126 3901 2309 3972 dique.

2673 4072 2898 4131 CAPUT
2938 4073 3148 4129 XLVII.

2238 4184 2459 4241 Puerum
2487 4184 2795 4240 centurionis
2822 4185 3163 4256 paralyticum
3188 4185 3383 4239 curavit
3408 4182 3582 4241 Iesus.

2200 4316 2412 4370 Mure.
2444 4329 2555 4381 vui,
2588 4314 2745 4381 5-13;
2771 4289 2899 4370 Luc.
2934 4328 3026 4379 vn,
3062 4313 3207 4367 1-10.
3237 4313 3365 4368 Cum
3406 4322 3579 4368 autem
3621 4313 3722 4371 in-

2131 4408 2344 4464 troisset
2371 4406 2764 4478 Capharnaum,
2806 4408 3037 4462 accessit
3077 4407 3142 4460 ad
3174 4421 3294 4461 eum
3325 4407 3586 4469 centurio,
3616 4421 3732 4463 ro-

448 4504 748 4559 mercedem
779 4501 1052 4571 pr0phetm
1078 4502 1334 4569 accipiet;
1381 4511 1437 4557 et
1462 4503 1552 4571 qui
1600 4502 1787 4570 recipit
1826 4502 2027 4570 justum
2055 4513 2104 4573 υ
2128 4515 2261 4570 gans
2300 4515 2443 4567 eum,
2475 4508 2529 4554 et
2566 4500 2751 4554 dicens
2781 4515 2795 4553 :
2830 4497 3070 4560 Domine,
3097 4511 3226 4565 puer
3266 4510 3418 4551 meus
3457 4495 3599 4565 jacet
3643 4496 3714 4552 in
3750 4518 3751 4521 η

448 4594 502 4647 in
535 4592 752 4647 nomine
795 4592 964 4659 justi,
1001 4591 1301 4646 mercedem
1330 4593 1458 4660 justi
1488 4592 1831 4661 accipiet.—
1854 4592 2024 4648 hisac.

446 4701 524 4750 is,
553 4681 643 4739 ιο.
675 4682 743 4738 Ει
774 4680 1073 4752 quicunque
1103 4691 1283 4750 potum
1314 4681 1519 4738 dederit
1564 4684 1655 4737 uni
1685 4698 1756 4743 ex
1788 4682 2027 4738 minimis

446 4776 564 4831 istis
593 4774 814 4830 calicem
861 4785 1013 4843 aqua:
1054 4772 1257 4841 frigida:
1289 4781 1491 4828 tantum
1526 4773 1578 4828 in
1621 4774 1838 4829 nomine
1866 4774 2027 4828 disci-

448 4867 580 4936 puli,
611 4866 733 4936 quia
782 4864 980 4920 Christi
1006 4864 1135 4919 estis
1164 4880 1178 4917 :
1212 4878 1366 4918 amen
1393 4862 1512 4918 dico
1541 4862 1689 4919 vobis
1709 4905 1724 4930 ,
1770 4879 1874 4920 n02:
1906 4879 2027 4935 pcr-

445 4959 537 5011 det
564 4957 866 5013 mercedem
895 4970 1068 5011 suam.
1118 4953 1333 5009 Mure.
1380 4968 1469 5021 xi,
1522 4954 1573 5010 1.
1614 4955 1681 5010 Et
1720 4954 1913 5010 factum
1944 4965 2025 5010 est

395 5069 412 5089 ι
447 5064 569 5104 curm
595 5058 1020 5115 consummas-ct
1042 5049 1220 5113 Jesus,
1253 5048 1570 5117 praecipiens
1601 5049 1879 5104 duodecim
1910 5048 2022 5105 dis-

446 5141 643 5209 cipulis
679 5142 823 5205 suis,
851 5144 1058 5197 transiit
1086 5143 1210 5198 inde
1262 5153 1317 5196 ut
1359 5144 1578 5198 doceret
1622 5152 1675 5198 et
1707 5143 2021 5212 praedicaret

448 5232 502 5284 in
531 5228 837 5283 civitatibus
857 5244 1061 5285 eorum.
1090 5262 1159 5273 —
1187 5232 1356 5289 hinc.
1389 5249 1460 5296 vt,
1506 5233 1693 5287 12-13.
1752 5233 2024 5288 Exeuntes

444 5329 623 5376 autem
650 5318 917 5387 discipuli,
935 5322 1290 5388 pra-dicabant
1318 5332 1373 5378 ut
1389 5324 1758 5392 pmu‘tentiam
1779 5334 2026 5393 agerent,

444 5422 498 5467 et
529 5408 795 5468 daemonia
820 5410 984 5465 multa
1019 5410 1302 5477 ejiciebant
1320 5454 1335 5478 ,
1365 5423 1420 5469 et
1443 5414 1712 5483 ungebant
1738 5414 1857 5471 oleo
1882 5419 2024 5472 mul-

449 5513 534 5560 tos
563 5514 817 5574 :egrotos,
851 5513 905 5558 et
934 5500 1282 5557 sanabantur.

518 5682 545 5709 ι
582 5672 673 5747 Sic
702 5676 757 5747 in
785 5673 982 5747 Graec”
1018 5670 1211 5747 Matth.
1241 5687 1350 5738 vm,
1386 5671 1437 5735 9,
1469 5672 1729 5747 ἅγθρςυπὸς
1769 5678 1870 5747 εἰμι
1913 5674 2015 5747 ὑπὸ

443 5742 694 5798 ιεουσίαν.
723 5743 888 5810 Quom
938 5743 1113 5801 locum
1162 5742 1247 5799 hic
1293 5741 1921 5812 expressit'Amuton'lus.
1951 5744 2017 5803 At

2133 4591 2293 4645 domo
2336 4588 2673 4661 paralyticus,
2705 4597 2761 4644 et
2791 4589 2930 4644 male
2970 4595 3267 4657 torquetur.
3300 4587 3364 4641 Et
3394 4588 3469 4641 ait
3498 4586 3571 4640 illi
3609 4587 3717 4642 Je-

2132 4698 2268 4738 sus:
2302 4682 2413 4751 Ego
2442 4681 2674 4746 veniam,
2722 4689 2777 4735 et
2812 4679 3010 4733 curabo
3057 4692 3202 4733 eum.
3261 4678 3327 4731 Et
3373 4676 3717 4745 respondens

2132 4775 2371 4829 centurio
2406 4774 2478 4827 ait
2506 4791 2518 4826 :
2546 4772 2790 4835 Domine,
2823 4784 2927 4825 non
2958 4785 3073 4824 sum
3103 4769 3291 4837 dignus
3328 4779 3385 4823 ut
3413 4769 3572 4845 intre.
3601 4768 3718 4824 sub

2134 4876 2325 4922 tectum
2372 4880 2568 4930 meum,
2612 4863 2708 4918 'sed
2752 4866 2950 4915 tantum
2998 4861 3084 4915 die
3128 4861 3314 4926 verbo,
3342 4871 3395 4916 et
3434 4859 3718 4915 sanabitur

2130 4973 2259 5026 puer
2284 4971 2451 5011 meus.
2482 4956 2612 5010 Nam
2645 4965 2698 5009 et
2738 4969 2836 5025 ego
2882 4954 3041 5008 homo
3078 4968 3195 5008 sum
3237 4953 3335 5007 sub
3382 4960 3642 5021 potestate
3678 4963 3714 4990 ι

2131 5050 2329 5103 habens
2358 5048 2457 5103 sub
2484 5062 2568 5102 mc
2599 5047 2815 5111 milites,
2846 5055 2900 5101 et
2930 5046 3047 5101 dico
3075 5044 3195 5099 huic
3223 5062 3236 5097 :
3260 5043 3429 5110 Vade,
3454 5054 3504 5097 et
3527 5043 3661 5097 vadit
3687 5059 3709 5107 ;

2125 5150 2179 5195 et
2204 5141 2291 5194 alii
2309 5157 2322 5192 :
2340 5139 2495 5205 Veni,
2518 5149 2572 5195 et
2594 5140 2764 5204 venit;
2797 5148 2850 5193 et
2878 5153 3033 5195 servo
3058 5149 3195 5192 meo:
3212 5136 3317 5191 Fac
3341 5136 3459 5197 hoc,
3485 5144 3537 5190 et
3554 5134 3711 5191 facit.

2129 5234 2365 5288 Audiens
2404 5243 2581 5287 autem
2621 5231 2777 5286 Jesus
2810 5231 3031 5285 miratus
3059 5238 3161 5293 est,
3190 5240 3244 5282 et
3272 5227 3613 5299 sequentibus
3639 5241 3713 5281 se

2128 5324 2261 5379 dixit
2293 5339 2305 5376 :
2337 5323 2527 5389 Amen,
2562 5321 2684 5375 dico
2726 5320 2898 5385 vobis,
2947 5335 3053 5375 non
3100 5319 3275 5373 inveni
3311 5328 3505 5372 tantam
3540 5316 3711 5370 ﬁdem

2130 5417 2183 5474 in
2218 5415 2398 5470 Israel.
2432 5413 2562 5469 Dico
2590 5422 2765 5468 autem
2800 5414 2970 5477 vobis,
2997 5412 3138 5482 quod
3185 5411 3338 5465 multi
3377 5410 3445 5464 ab
3482 5409 3712 5464 Oriente

2127 5517 2182 5562 et
2204 5505 2495 5563 Occidente
2529 5505 2762 5569 venient,
2790 5513 2844 5558 et
2884 5502 3196 5558 recumbent
3235 5515 3357 5556 cum
3404 5498 3712 5565 Abraham,

2123 5674 2251 5747 Luc.
2280 5691 2375 5738 vn,
2405 5678 2461 5742 8,
2480 5677 2582 5734 ὑπὸ
2605 5677 2838 5741 ἐξουσίαν
2858 5674 3189 5743 τασσόμενος.
3214 5673 3351 5733 [line
3376 5675 3527 5747 Vulg.
3549 5682 3709 5729 utro-

2126 5743 2307 5816 bique,
2332 5748 2422 5801 sub
2452 5758 2697 5817 patestate
2735 5754 3057 5801 constitutus.
