4026 6196
596 256 621 289 Α

316 307 416 370 ΞΠ

317 514 465 584 regni
489 512 772 582 ejicientur
797 511 849 565 in
880 511 1129 565 tenebras
1154 512 1453 563 exteriores
1477 525 1489 555 τ
1517 506 1586 560 ibi
1606 507 1705 559 erit
1736 505 1892 557 ﬂetus

315 616 372 660 et
401 604 600 658 stridor
627 603 889 658 dentium.
924 602 984 654 Et
1008 601 1142 654 dixit
1163 602 1316 655 Jesus
1347 598 1643 653 centurioni
1677 614 1688 647 :
1723 595 1889 658 Vade,

316 705 370 749 et
388 692 537 748 'sicut
560 693 835 749 credidisti
866 693 956 746 liat
985 692 1098 745 tibi.
1135 692 1199 745 Et
1227 700 1442 745 sanatus
1464 699 1545 742 est
1570 700 1702 755 puer
1722 685 1774 738 in
1802 684 1891 737 illa

320 788 471 840 hora.
518 785 580 839 Et
613 798 867 838 reversus
911 791 995 836 est
1037 784 1279 837 centurio
1307 781 1360 834 in
1392 780 1808 841 domumsuam,
1839 786 1895 831 et

316 876 523 930 invenit
551 890 766 930 SCI‘HIII‘
794 874 883 943 qui
915 874 1192 941 languerat
1222 885 1430 924 sinum.

859 985 1086 1041 CAPUT
1125 982 1354 1038 XLVIII.

531 1079 681 1133 Iesus
728 1094 928 1133 sacrum
975 1077 1116 1130 Petri
1146 1094 1177 1129 a
1207 1075 1425 1145 febribus
1452 1075 1663 1129 curat-it.

390 1191 604 1244 illurn.
638 1204 749 1252 vtn,
786 1186 961 1242 14-15.
1013 1186 1077 1240 Et
1118 1200 1239 1240 cum
1272 1186 1503 1240 venisset
1533 1184 1686 1238 .lesus
1721 1184 1771 1239 in
1803 1184 1894 1237 do-

317 1294 466 1332 mum
510 1276 670 1343 Petri,
705 1275 841 1330 vidit
885 1287 1097 1329 socrum
1136 1273 1253 1343 ejus
1294 1273 1557 1341 jacentem
1588 1280 1641 1326 et
1680 1271 1892 1325 febrici-

318 1376 544 1421 tantem.
575 1367 638 1419 Et
664 1365 836 1434 tetigit
863 1378 1076 1417 manum
1108 1368 1246 1429 ejus,
1276 1371 1328 1415 et
1348 1361 1551 1417 dimisit
1574 1378 1687 1418 eam
1713 1361 1893 1431 icbris,

316 1466 373 1510 et
405 1453 655 1521 surrexit,
680 1460 736 1508 et
763 1452 1101 1532 ministrabat
1131 1452 1228 1505 eis.

886 1563 1111 1619 CAPUT
1149 1562 1335 1617 XLIX.

562 1655 626 1709 In
656 1655 908 1709 civittem
938 1652 990 1707 Ν
994 1654 1096 1725 aint
1125 1662 1377 1705 mortuum
1402 1651 1684 1706 suscitavit.

394 1767 528 1821 Luc.
585 1779 678 1832 vn,
732 1763 913 1819 11-17.
959 1763 1022 1817 Et
1063 1762 1261 1818 factum
1291 1771 1394 1828 est,
1425 1762 1678 1831 deinceps
1708 1763 1814 1817 ibat
1846 1763 1897 1817 in
1934 1778 1979 1838 Β

313 1856 594 1909 civitatem
625 1868 744 1923 quaa
777 1860 997 1908 vocatur
1024 1851 1215 1918 Naim;
1247 1862 1300 1906 et
1328 1852 1474 1908 ibant
1502 1867 1621 1907 eum
1651 1868 1716 1909 eo
1741 1852 1899 1909 disci-

315 1944 435 2014 puli
473 1944 610 2013 ejus,
651 1953 705 1998 et
742 1942 893 1997 turba
937 1943 1175 2011 copiosa.
1211 1942 1341 1996 Cum
1389 1951 1563 1998 autem
1608 1941 1897 2011 appropin-

314 2041 515 2102 quaret
555 2041 722 2101 porta:
771 2032 1025 2095 civitatis,
1068 2044 1194 2085 ecce
1236 2031 1517 2085 defunctus
1558 2031 1895 2096 etii-rebatur,

318 2126 465 2180 ﬁlius
492 2124 688 2177 unicus
706 2122 888 2176 matris
916 2135 1027 2175 sua:
1053 2138 1065 2175 :
1089 2129 1141 2174 et
1165 2119 1278 2174 bare
1318 2120 1471 2174 vidua
1499 2130 1636 2185 erat,
1666 2132 1717 2174 et
1748 2120 1900 2175 turba

316 2215 492 2272 multa
514 2212 744 2269 civitatis
766 2227 886 2267 cum
912 2212 1020 2268 illa.
1045 2212 1213 2279 Quam
1237 2210 1358 2266 cum
1382 2212 1599 2265 vidisset
1623 2211 1898 2277 Dominus,

316 2303 691 2361 misericordia
720 2313 896 2357 motus
922 2318 1083 2371 super
1110 2317 1251 2369 eam,
1278 2301 1413 2356 dixit
1443 2301 1513 2355 illi
1548 2320 1561 2356 :
1592 2301 1706 2356 Noli
1747 2301 1900 2356 ﬂere.

320 2398 394 2451 Et
423 2396 669 2459 accessit,
694 2404 747 2449 et
780 2394 948 2463 tetigit
978 2393 1228 2447 loculum.
1262 2393 1325 2447 Ili
1370 2404 1546 2447 autem
1590 2393 1680 2458 qui
1725 2403 1904 2461 porta-

321 2492 455 2543 bant
485 2495 766 2542 steterunt.
799 2488 863 2540 Et
893 2487 968 2539 ait
999 2502 1014 2538 :
1042 2485 1390 2550 Adolescens,
1424 2486 1515 2540 tibi
1546 2487 1684 2551 dico,
1723 2501 1900 2556 surge.

320 2581 395 2635 Et
425 2581 626 2634 resedit
652 2578 743 2648 qui
772 2588 883 2633 erat
917 2588 1177 2642 mortuus,
1210 2586 1265 2633 et
1292 2578 1453 2647 coepit
1487 2579 1647 2647 loqui,
1681 2587 1731 2633 et
1758 2577 1905 2633 dedit

316 2672 480 2725 illum
508 2670 661 2723 matri
688 2684 819 2723 suze.
854 2668 1069 2739 Accepit
1096 2680 1269 2723 autem
1298 2684 1485 2723 omnes
1514 2670 1693 2734 timor,
1718 2678 1769 2724 et
1793 2683 1902 2721 ma-

317 2761 652 2834 gniﬁcabant
683 2761 847 2815 Deum
885 2761 1125 2815 dicentes
1160 2778 1172 2813 :
1206 2757 1335 2828 Quia
1379 2762 1635 2831 propheta
1684 2776 1906 2832 magnus

315 2852 635 2908 sumxit'in
659 2852 834 2919 nobis,
858 2861 910 2905 et
932 2852 1053 2922 quia
1080 2852 1220 2907 Deus
1244 2853 1473 2906 visitavit
1499 2852 1706 2921 plebem
1728 2866 1902 2907 Suam.

316 2945 475 3000 Exiit
503 2960 627 3012 ergo
655 2942 741 2997 hic
766 2957 942 2998 sermo
972 2944 1025 2998 in
1055 2944 1354 3009 universam
1382 2943 1713 3002 Judzeam'de
1739 2960 1825 3012 eo,
1850 2955 1907 3002 et

315 3038 474 3092 circa
497 3051 707 3090 omnem
736 3036 1032 3105 regionem.

956 3149 1185 3205 CAPUT
1224 3149 1286 3205 L.

320 3241 524 3296 Omnes
551 3241 871 3308 inﬁrmitates
909 3250 1079 3317 curat,
1116 3250 1171 3294 ut
1214 3241 1616 3310 adimplerentur
1643 3243 1910 3311 scriptura:

927 3311 1309 3380 prophetarum.

410 3424 622 3477 binm.
652 3438 766 3490 vtn,
799 3420 986 3477 16-18.
1022 3421 1255 3490 Vespere
1293 3432 1469 3477 autem
1506 3425 1667 3489 facto,
1702 3423 1846 3475 ohlul
1885 3452 1911 3465 -

324 3520 468 3569 runt
494 3512 544 3565 ei
575 3512 770 3566 multos
800 3511 1061 3565 daemonia
1092 3510 1370 3577 habentes,
1401 3519 1456 3566 et
1480 3511 1728 3580 ejiciebat
1757 3512 1915 3579 spiri-

328 3616 430 3659 tus
451 3603 636 3670 verbo,
667 3613 721 3658 et
744 3617 931 3657 omnes
954 3601 1095 3657 male
1119 3601 1379 3658 habentes
1405 3602 1625 3666 curavit.
1660 3615 1710 3656 ut
1740 3603 1913 3658 adim-

282 3694 583 3761 .pleretur
634 3691 775 3762 quod
830 3686 1028 3748 dit-tuin
1082 3701 1311 3763 cst'per
1362 3694 1549 3749 Isaiam
1602 3694 1913 3764 proiihetaut

324 3781 606 3836 dicentem
632 3800 647 3836 :
674 3782 791 3851 Ipse
820 3782 1157 3838 inﬁrmitates
1178 3793 1388 3839 nostras
1410 3784 1636 3853 accrpit,
1670 3794 1722 3839 et
1747 3799 1916 3853 :egro-

328 3873 572 3927 taliones
602 3874 830 3942 portavit
857 3871 991 3944 (lsa.
1038 3889 1152 3939 LIII,
1200 3873 1291 3944 4).,
1327 3874 1526 3930 Videas
1555 3884 1731 3929 autem
1763 3875 1917 3931 Jesus

288 4006 307 4015 -
332 3963 528 4018 turbas
556 3964 749 4019 multas
766 3965 968 4021 circum
998 3978 1079 4031 se,
1107 3964 1267 4034 jussit
1295 3966 1373 4021 ire
1403 3974 1549 4021 trans
1576 3964 1791 4021 fretum.

958 4075 1185 4133 CAPUT
1221 4078 1304 4133 LI.

437 4166 637 4221 Valenti
665 4185 780 4222 eum
806 4169 949 4239 sequi
975 4169 1107 4223 dixit
1131 4185 1150 4223 :
1169 4169 1369 4239 Vulpes
1404 4169 1587 4226 foveas
1616 4170 1828 4225 habent.

419 4280 633 4335 Manu.
686 4294 799 4342 vttt,
842 4280 1028 4342 19-22;
1061 4278 1188 4335 Luc.
1220 4296 1295 4349 tx,
1327 4283 1506 4338 57-62.
1548 4283 1617 4337 Et
1659 4282 1921 4339 accedens

336 4386 483 4424 unus
512 4370 706 4435 scriba,
737 4371 814 4431 ait
839 4371 915 4425 illi
939 4388 962 4424 ς
994 4372 1262 4441 Magister,
1299 4387 1494 4444 sequar
1522 4382 1576 4430 te
1604 4390 1921 4446 quocunque

339 4462 496 4515 ieris.
542 4460 609 4514 Et
655 4460 784 4515 dicit
830 4462 876 4516 ei
906 4462 1111 4519 Jesus:
1146 4462 1342 4531 Vulpes
1383 4465 1562 4520 foveas
1607 4466 1825 4532 habent,
1865 4474 1921 4522 et

338 4552 594 4608 volucres
619 4553 741 4608 cteli
764 4552 916 4608 nidos
945 4570 958 4606 :
984 4553 1147 4607 Filius
1173 4563 1349 4610 autem
1376 4556 1608 4611 hominis
1631 4572 1735 4612 non
1761 4558 1915 4614 habet

340 4645 440 4700 ubi
486 4654 642 4712 caput
686 4644 927 4699 reclinet.
961 4644 1047 4699 Ait
1072 4654 1248 4699 autem
1291 4645 1355 4699 ad
1390 4646 1615 4701 alterum
1643 4664 1657 4700 :
1683 4647 1919 4717 Sequere

342 4750 458 4789 me.
509 4733 601 4789 llle
637 4745 813 4789 autem
854 4735 1027 4790 dixit:
1063 4736 1310 4803 Domine,
1344 4740 1593 4806 permitte
1632 4738 1761 4793 mihi
1812 4741 1921 4809 pri-

345 4840 498 4878 mum
528 4822 603 4879 ire
626 4834 679 4879 et
705 4825 931 4893 sepelire
962 4834 1164 4894 patrem
1209 4842 1409 4882 meum.
1457 4827 1610 4884 Jcsus
1635 4839 1809 4885 autem
1847 4832 1921 4886 ait

343 4915 424 4968 illi
459 4931 476 4969 :
509 4915 744 4985 Sequere
785 4931 892 4983 me,
922 4925 978 4972 et
1009 4917 1217 4973 dimitte
1249 4930 1487 4975 mortuos
1525 4923 1753 4989 sepelire
1783 4938 1927 4977 mor-

332 5020 473 5067 tuos
503 5021 626 5063 suos
652 5024 667 5061 :
695 5015 752 5062 tu
778 5017 955 5063 autem
988 5010 1144 5077 vade,
1175 5013 1426 5067 annuntia
1464 5028 1685 5084 regnum
1714 5014 1829 5071 Dei.
1861 5016 1929 5071 Et

342 5099 421 5152 ait
448 5098 594 5153 alter
621 5115 635 5152 :
666 5098 872 5168 Sequar
898 5110 971 5161 te.
1008 5100 1252 5169 Domine,
1282 5102 1377 5158 sed
1418 5103 1646 5174 primum
1680 5106 1928 5173 permitte

347 5191 483 5244 mihi
511 5190 817 5246 renuntiare
836 5191 915 5246 bis
935 5192 1051 5262 'qui
1088 5192 1232 5248 domi
1261 5203 1407 5249 sunt.
1438 5196 1528 5250 Ait
1561 5197 1636 5265 ad,
1660 5197 1806 5251 illum
1838 5197 1930 5255 Je-

346 5299 442 5338 sus
475 5299 487 5333 :
518 5283 688 5339 Nemo
717 5284 933 5340 mittens
961 5301 1173 5340 manum
1203 5302 1353 5342 suam
1379 5288 1443 5342 ad
1469 5298 1726 5357 aratrum,
1760 5300 1815 5346 et
1845 5308 1927 5347 re-

348 5374 585 5443 spiciens
612 5383 775 5440 retro,
800 5387 953 5443 aptus
979 5387 1062 5432 est
1089 5392 1248 5447 regno
1278 5378 1392 5435 Dei.

431 5540 457 5570 ι
497 5529 705 5604 Excidit
751 5531 818 5586 ab
862 5533 1020 5587 editis
1062 5543 1107 5588 et
1146 5530 1305 5587 Iacob
1338 5550 1355 5587 :
1383 5536 1520 5604 quod
1561 5537 1719 5591 habet
1755 5549 1927 5597 textus

356 5601 455 5656 Gr.
488 5614 543 5657 et
579 5601 732 5673 vulg.
772 5604 950 5671 Neque
990 5606 1131 5657 enim
1178 5601 1460 5659 Ammonin
1497 5617 1586 5660 aut
1615 5609 1729 5673 cjlts
1762 5612 1925 5663 inte-r-

364 5672 525 5740 preti,
568 5672 658 5727 sed
712 5674 885 5743 potius
935 5675 1017 5728 ναοὶ
1065 5675 1292 5730 librariis
1335 5677 1413 5731 vel
1465 5672 1751 5745 typothctis
1803 5681 1928 5736 \itio

1078 300 1212 357 EVA
1226 298 1660 360 NGLIJCARUM
1705 293 2204 355 IiARSIONIABUM
2243 290 2587 348 INTERPRE
2604 291 2821 353 l‘ATlO.

317 438 372 477 et
401 426 542 478 Isaac
590 429 640 487 ι,
686 434 735 475 et
779 420 944 475 Jacob
971 420 1023 473 in
1054 434 1218 489 regno
1252 419 1514 472 caelorum
1543 434 1555 469 :
1591 415 1683 470 lilii
1713 428 1886 468 autem
1916 415 1969 474 Α

3465 292 3569 346 278

2594 406 2817 462 CAPUT
2857 405 2960 461 LII.

2105 503 2368 574 Navigant
2396 502 2611 567 imperat
2641 501 2948 570 tempestati,
2972 509 3017 553 et
3038 500 3204 554 statim
3232 502 3463 553 cessavit.

2068 615 2279 669 Mnru.
2312 629 2423 677 vtn,
2452 613 2641 678 εις-επ
2672 613 2842 667 Mue.
2872 626 2949 675 tv,
2972 612 3038 667 37
3066 612 3153 676 10;
3184 612 3311 667 an.
3341 627 3453 678 rut,
3477 613 3571 665 2*)-

1995 705 2087 759 25.
2122 706 2184 760 Et
2211 704 2536 761 ascendente
2577 720 2642 759 eo
2682 706 2738 759 in
2764 704 3083 768 naviculam,
3110 706 3275 758 secuti
3302 714 3424 757 sunt
3447 719 3569 757 eum

1997 798 2238 861 discipuli
2282 797 2418 867 ejus.
2453 797 2517 852 Et
2556 810 2684 851 ecce
2727 804 2905 849 motus
2945 810 3170 864 magnus
3200 796 3369 849 lactus
3397 805 3478 849 est
3520 797 3570 847 in

2000 888 2156 953 mari,
2187 888 2261 942 ita
2289 897 2348 942 ut
2386 887 2625 944 navicula
2654 887 2954 955 operiretur
2980 885 3226 940 lluctilms
3257 901 3271 939 :
3304 886 3417 953 ipse
3446 901 3572 938 vero

1999 986 2115 1031 erat
2152 979 2202 1032 in
2244 978 2406 1049 puppi
2438 992 2597 1047 supra
2634 976 2859 1033 cervical
2900 976 3195 1031 dormiens.
3228 977 3294 1030 Et
3326 991 3572 1032 accesse-

1998 1078 2141 1134 runt,
2169 1077 2223 1123 et
2252 1069 2640 1123 suscitaverunt
2668 1083 2812 1133 eum,
2838 1068 3077 1122 dicentes
3112 1084 3122 1118 :
3151 1066 3399 1132 Domine,
3428 1068 3572 1122 salva

2001 1150 2118 1225 nos,
2165 1160 2288 1229 quia
2332 1160 2591 1230 perimus.
2638 1159 2701 1213 Et
2741 1158 2867 1213 dicit
2898 1159 2974 1212 cis
3004 1174 3016 1211 :
3052 1157 3187 1224 Quid
3219 1156 3395 1211 timidi
3420 1159 3570 1221 estis,

2000 1251 2226 1307 modica:
2250 1251 2408 1307 ﬁdei?
2434 1251 2582 1321 Tunc
2602 1264 2824 1319 surgens
2850 1251 3125 1319 imperavit
3148 1250 3320 1311 ventis
3342 1260 3394 1305 et
3416 1252 3572 1315 mari,

2000 1350 2055 1399 et
2095 1341 2322 1398 cessavit
2359 1351 2568 1396 ventus.
2612 1341 2676 1395 Et
2706 1340 2836 1395 dixit
2881 1358 2894 1395 :
2940 1340 3102 1407 Tace,
3142 1341 3471 1395 obmutesce.
3509 1339 3576 1393 Et

2001 1436 2138 1493 facta
2167 1446 2249 1492 est
2275 1436 2628 1506 tranquillitas
2657 1436 2867 1503 magna.
2908 1432 3074 1488 Porro
3122 1433 3365 1488 homines
3397 1432 3573 1486 mirati

2001 1534 2123 1582 sunt
2153 1526 2393 1582 dicentes
2424 1544 2435 1578 :
2466 1525 2597 1591 Quis
2622 1535 2714 1579 aut
2742 1522 2910 1594 qualis
2934 1530 3017 1578 est
3046 1522 3162 1578 hic?
3185 1523 3303 1591 quia
3327 1531 3380 1578 et
3407 1524 3577 1577 ventis

2005 1617 2229 1685 imperat
2255 1625 2307 1671 et
2334 1617 2487 1682 mari,
2517 1622 2572 1670 et
2598 1614 2855 1669 obediunt
2877 1614 2949 1668 ei.

2598 1746 2822 1803 CAPUT
2862 1746 2988 1800 LIII.

2005 1842 2214 1899 (Iuravit
2240 1851 2382 1895 trans
2412 1840 2596 1910 fretum
2627 1840 2999 1894 daemoniorum
3041 1839 3128 1906 qui
3164 1839 3219 1893 in
3244 1838 3580 1892 monumentis

2664 1910 2915 1963 manebat.

2073 2027 2290 2082 Mum.
2332 2042 2442 2094 vtn,
2491 2026 2683 2092 28-54;
2729 2042 2801 2094 tx,
2844 2027 2904 2092 1;
2936 2026 3108 2082 Mmc.
3146 2043 3200 2093 v,
3247 2026 3395 2090 ηις
3448 2026 3579 2081 Luc.

2004 2133 2118 2184 vnt,
2141 2117 2324 2173 26-39.
2358 2118 2424 2172 Et
2454 2132 2574 2172 cum
2625 2118 2861 2173 venisset
2888 2125 3038 2173 trans
3085 2116 3278 2171 fretum
3317 2117 3371 2171 in
3402 2118 3579 2187 regio-

2005 2224 2129 2265 nem
2152 2210 2565 2274 Gerasenorum,
2592 2225 2711 2280 quat
2740 2220 2823 2265 est
2851 2221 3034 2266 contra
3056 2211 3352 2276 Galilaeam,
3381 2219 3434 2264 et
3458 2224 3577 2265 cum

2004 2316 2252 2369 egressus
2276 2310 2418 2356 esset
2445 2303 2511 2355 ad
2544 2312 2768 2365 terram,
2798 2311 3146 2357 occurrerunt
3174 2305 3222 2358 ei
3249 2305 3355 2357 duo
3384 2303 3583 2358 haben-

2010 2402 2089 2448 tes
2121 2392 2406 2461 dazmonia,
2438 2392 2506 2448 de
2535 2394 2894 2449 monumentis
2933 2402 3210 2458 exeuntes,
3242 2394 3370 2449 saevi
3400 2394 3579 2461 nimis,

2007 2485 2078 2539 ita
2110 2494 2355 2540 utnemo
2399 2493 2585 2553 posset
2628 2485 2857 2541 transire
2901 2500 2999 2556 per
3044 2487 3183 2541 viam
3230 2487 3397 2541 illam.
3437 2485 3585 2542 Unus

2005 2578 2147 2632 eum
2194 2574 2422 2630 habebat
2468 2574 2731 2630 daemonia
2771 2575 2885 2645 jam
2931 2577 3259 2646 temporibus
3297 2577 3502 2641 multis,
3534 2585 3587 2631 et

1966 2732 1970 2737 _
2002 2666 2325 2745 vestimento
2354 2679 2459 2721 non
2487 2665 2824 2733 induebatur,
2850 2681 3023 2737 neque
3045 2667 3099 2721 in
3119 2668 3280 2723 domo
3310 2670 3583 2728 manebat.

2006 2754 2100 2808 sed
2128 2754 2179 2808 in
2212 2756 2602 2831 monumentis;
2633 2763 2688 2810 et
2731 2770 2904 2825 neque
2934 2757 3140 2812 catenis
3166 2758 3275 2826 jam
3304 2759 3585 2827 quisquam

2006 2861 2129 2901 eum
2168 2853 2373 2915 poterat
2417 2846 2630 2914 ligare:
2668 2846 2918 2915 quoniam
2956 2860 3100 2915 smpe
3142 2847 3489 2916 compedibus
3533 2858 3588 2902 et

2007 2936 2208 3003 catenis
2231 2936 2458 3002 vinetus,
2483 2936 2803 3007 disrupisset
2826 2946 3045 2995 catenas
3064 2946 3118 2992 et
3141 2938 3426 3005 compedes
3448 2953 3590 2993 cotu-

2008 3026 2308 3091 minuisset,
2334 3034 2386 3082 et
2414 3042 2572 3082 nemo
2612 3036 2822 3096 poterat
2858 3043 2981 3083 eum
3009 3028 3247 3083 domare.
3285 3029 3349 3083 Et
3377 3044 3590 3098 semp-r

1937 3144 1982 3208 Ο
2012 3124 2166 3171 nocte
2195 3132 2258 3172 ac
2286 3117 2373 3172 die
2404 3117 2457 3172 in
2492 3118 2852 3174 monumentis
2878 3127 2934 3174 et
2963 3120 3012 3173 in
3045 3120 3316 3175 montibus
3343 3128 3457 3174 erat
3481 3120 3590 3174 cla-

2017 3222 2189 3272 mans,
2214 3216 2270 3262 et
2289 3207 2577 3264 concidens
2599 3223 2657 3263 se
2678 3209 2964 3279 lapidibus.
2988 3209 3185 3266 Vidcns
3208 3220 3382 3265 autem
3408 3211 3587 3267 iesum

2011 3312 2041 3351 a
2073 3299 2248 3369 longe,
2276 3299 2507 3354 occurrit
2533 3296 2563 3337 δ
2588 3306 2643 3355 et
2667 3300 2909 3355 adoravit
2930 3317 3072 3357 cum.
3105 3302 3171 3356 Et
3199 3303 3437 3358 clamans
3460 3319 3591 3361 voce

2012 3394 2222 3458 magna,
2255 3389 2391 3443 dixit
2418 3408 2431 3441 :
2460 3390 2597 3457 Quid
2629 3392 2780 3447 nobis
2806 3401 2857 3447 et
2885 3393 2999 3460 tibi,
3030 3393 3157 3449 Jesn
3190 3394 3289 3449 Fili
3321 3394 3414 3449 Dei
3443 3398 3592 3451 altis-

2014 3480 2168 3533 simi?
2226 3479 2429 3535 Venisu
2476 3490 2598 3536 ante
2648 3491 2857 3552 tempus
2904 3493 3153 3552 torquere
3200 3485 3330 3541 nos?
3375 3485 3596 3542 Dicebat

2016 3584 2144 3623 vero
2184 3570 2260 3624 illi
2294 3570 2450 3626 Jesus
2479 3588 2493 3625 :
2526 3572 2643 3638 Exi,
2688 3570 2905 3643 spiritus
2937 3576 3226 3642 immunde‘,
3258 3576 3324 3632 ab
3355 3577 3589 3631 homine.

2017 3662 2077 3716 Et
2112 3662 2460 3734 interrogavit
2486 3678 2607 3718 eum
2642 3666 2831 3730 :Qnod
2861 3677 2938 3722 (Si
2986 3667 3079 3723 tibi
3119 3673 3348 3722 nomen?
3394 3670 3462 3724 At
3505 3671 3595 3723 ille

2017 3753 2149 3807 dixit
2186 3771 2199 3807 :
2237 3754 2398 3825 Legio
2430 3771 2443 3809 :
2472 3756 2594 3826 quia
2641 3758 2972 3813 intraverant
3019 3760 3180 3813 multa
3231 3761 3494 3814 dicmonia
3541 3763 3591 3815 itt

2017 3860 2159 3899 eum.
2193 3845 2257 3899 Et
2286 3846 2545 3915 rogabant
2589 3847 2738 3901 illum
2783 3862 2849 3902 ne
2876 3851 3168 3915 expelleret
3204 3864 3298 3905 eos
3329 3860 3478 3905 extra
3511 3867 3596 3904 re-

2018 3938 2253 4005 gionem,
2282 3944 2335 3989 et
2383 3948 2453 3989 ne
2494 3935 2781 4003 imperaret
2822 3936 2926 3991 illis
2957 3948 3013 3992 ut
3060 3938 3112 3992 in
3151 3939 3399 4009 abyssum
3434 3942 3594 3994 irent.

2019 4026 2149 4081 Erat
2177 4037 2353 4080 au'em
2382 4039 2488 4079 non
2517 4024 2673 4095 longe
2699 4026 2768 4080 ab
2797 4026 2901 4080 illis
2931 4042 3057 4096 grex
3088 4044 3370 4099 porcorum
3405 4023 3600 4083 multo-

2019 4130 2136 4169 rum
2169 4128 2412 4184 pascens.
2444 4114 2728 4171 Dtemones
2756 4110 2933 4170 autem
2978 4119 3234 4188 rogabant
3264 4134 3385 4174 eum
3414 4119 3598 4175 dicen-

2022 4215 2100 4261 tt-s
2129 4223 2141 4257 :
2168 4205 2225 4259 Si
2257 4205 2407 4275 ejicis
2433 4220 2550 4268 nos,
2579 4205 2732 4261 mitte
2760 4221 2859 4261 nos
2883 4207 2934 4261 in
2956 4222 3170 4276 gregem
3195 4223 3501 4277 porcorum.
3527 4210 3596 4267 Et
3642 4232 3647 4235 ·

2020 4301 2093 4353 ait
2123 4298 2228 4352 illis
2254 4314 2266 4352 :
2295 4298 2387 4367 lle.
2420 4301 2487 4353 At
2512 4297 2587 4352 illi
2616 4308 2899 4367 exeuntes,
2934 4300 3178 4354 abierunt
3205 4306 3257 4355 in
3287 4316 3475 4370 porcos
3501 4321 3513 4358 :
3544 4313 3599 4361 et

2020 4386 2442 4457 magno~impetu
2478 4403 2609 4458 grex
2645 4391 3006 4459 praseipitatns
3032 4402 3114 4447 est
3140 4393 3191 4446 in
3224 4409 3370 4447 mare
3399 4393 3463 4446 ad
3491 4394 3601 4448 duo

1947 4514 1999 4578 Β
2022 4479 2206 4548 millia,
2231 4488 2287 4535 et
2312 4479 2556 4535 sull'ocali
2576 4490 2698 4535 sunt
2719 4482 2769 4535 in
2794 4483 2941 4537 mari.
2972 4483 3069 4547 Qui
3098 4492 3276 4539 autem
3313 4485 3604 4553 pascebant

2028 4586 2121 4626 eos
2152 4570 2419 4641 fugerunt,
2446 4580 2499 4626 et
2523 4572 2901 4627 nuntiaverunt
2927 4573 2979 4627 in
3003 4576 3271 4631 civitatem
3294 4579 3421 4630 etin
3443 4591 3602 4645 agros

2026 4660 2228 4724 omnia,
2259 4669 2311 4715 et
2354 4660 2423 4715 de
2470 4660 2551 4715 his
2590 4662 2679 4731 qui
2725 4662 2984 4718 daemonia
3026 4665 3342 4721 habuerant.
3374 4665 3438 4719 Et
3480 4680 3607 4721 ecce

2029 4763 2136 4806 tota
2166 4752 2354 4807 civitas
2379 4753 2507 4807 exiit
2536 4753 2746 4808 obviam
2776 4754 2899 4809 Jesu
2935 4772 2947 4807 :
2978 4766 3032 4810 et
3057 4756 3301 4811 videntes
3333 4755 3602 4810 hominem

2026 4842 2301 4897 sedentem
2343 4856 2373 4895 a
2420 4858 2525 4911 quo
2562 4843 2824 4899 dtemonia
2869 4845 3132 4911 exierant,
3172 4855 3227 4900 et
3271 4846 3518 4899 vestitum
3548 4857 3605 4900 et

2027 4948 2155 4989 sana
2188 4941 2386 5001 mente,
2417 4935 2482 4987 ad
2522 4935 2685 5003 pedes
2722 4936 2859 5002 ejus,
2894 4936 3202 4989 timuerunt.
3244 4937 3309 4990 Et
3348 4939 3608 5005 rogabant

2030 5038 2086 5081 ut
2114 5026 2363 5081 transiret
2391 5040 2421 5079 a
2453 5025 2646 5080 ﬂuibus
2667 5040 2872 5079 eorum.
2901 5026 3142 5094 Cumque
3173 5027 3487 5083 ascenderet
3514 5044 3608 5082 na-

2030 5122 2157 5185 vim,
2182 5118 2403 5189 rogabat
2424 5131 2543 5172 eum
2566 5119 2647 5170 vir
2674 5132 2701 5170 a
2729 5130 2832 5185 quo
2845 5117 3105 5171 dzemonia
3132 5119 3376 5175 exierant
3407 5130 3463 5174 ut
3484 5136 3607 5176 eum

2030 5224 2096 5262 en
2124 5219 2286 5264 esset.
2316 5208 2385 5262 Et
2405 5221 2510 5260 non
2557 5205 2773 5260 admisit
2807 5222 2951 5270 eum,
2996 5208 3089 5262 sed
3131 5210 3205 5264 ait
3233 5211 3308 5267 illi
3337 5229 3352 5267 :
3378 5211 3525 5267 Vade
3557 5215 3608 5265 in

2034 5300 2249 5352 domum
2291 5306 2432 5351 tuam
2468 5295 2704 5372 adducis,
2737 5305 2791 5351 et
2819 5312 2973 5352 narra
3004 5311 3198 5369 quanta
3231 5302 3325 5356 tibi
3358 5302 3611 5381 Dominus

2038 5387 2242 5451 iecerit,
2276 5398 2332 5443 et
2380 5386 2628 5442 misertus
2664 5395 2749 5442 est
2784 5389 2880 5443 tui.
2932 5390 2996 5444 Et
3041 5390 3173 5446 abiit
3218 5391 3511 5461 medicans
3554 5391 3610 5446 iu

2036 5540 2349 5596 vertendum
2390 5540 2761 5597 existimarim.

2108 5611 2131 5649 δ
2174 5611 2291 5685 Gr,
2334 5609 2765 5685 {Spapg‘Vulgn
2811 5616 3050 5672 cucurrit.
3096 5616 3159 5672 Et
3206 5629 3376 5673 mox:
3419 5614 3627 5677 Venisti.

2037 5684 2154 5735 huc.
2189 5682 2308 5751 er,
2336 5679 2475 5745 sua;
2503 5681 2617 5739 ὦδε.
