  <div class='ocr_page' id='page_1' title='image "/cluster/home/n/w/nwhite01/storage/ocr_20150623/68/hvd.32044054758719/147.png"; bbox 0 0 4026 6196; ppageno 0'>
   <div class='ocr_carea' id='block_1_1' title="bbox 409 339 514 397">
    <p class='ocr_par' dir='ltr' id='par_1_1' title="bbox 409 339 514 397">
     <span class='ocr_line' id='line_1_1' title="bbox 409 339 514 397; baseline 0 0"><span class='ocrx_word' id='word_1_1' title='bbox 409 339 514 397; x_wconf 71' lang='lat'><strong>279</strong></span> 
     </span>
    </p>
   </div>
   <div class='ocr_carea' id='block_1_2' title="bbox 1566 302 2562 379">
    <p class='ocr_par' dir='ltr' id='par_1_2' title="bbox 1566 302 2562 379">
     <span class='ocr_line' id='line_1_2' title="bbox 1566 302 2562 379; baseline -0.02 0"><span class='ocrx_word' id='word_1_2' title='bbox 1566 317 1873 379; x_wconf 80' lang='lat' dir='ltr'><strong>VICTORIS</strong></span> <span class='ocrx_word' id='word_1_3' title='bbox 1910 307 2217 374; x_wconf 83' lang='lat' dir='ltr'><strong>EI‘ISCOPI</strong></span> <span class='ocrx_word' id='word_1_4' title='bbox 2254 302 2562 363; x_wconf 69' lang='lat' dir='ltr'><strong>CAPUANI</strong></span> 
     </span>
    </p>
   </div>
   <div class='ocr_carea' id='block_1_3' title="bbox 411 401 3690 521">
    <p class='ocr_par' dir='ltr' id='par_1_3' title="bbox 411 401 3690 521">
     <span class='ocr_line' id='line_1_3' title="bbox 411 401 3690 521; baseline -0.006 -13"><span class='ocrx_word' id='word_1_5' title='bbox 411 449 717 521; x_wconf 78' lang='lat' dir='ltr'><strong>Decapolim</strong></span> <span class='ocrx_word' id='word_1_6' title='bbox 749 456 946 517; x_wconf 87' lang='lat' dir='ltr'><strong>quanta</strong></span> <span class='ocrx_word' id='word_1_7' title='bbox 975 445 1079 503; x_wconf 88' lang='lat' dir='ltr'><strong>sibi</strong></span> <span class='ocrx_word' id='word_1_8' title='bbox 1107 443 1324 500; x_wconf 77' lang='lat' dir='ltr'><strong>iecisset</strong></span> <span class='ocrx_word' id='word_1_9' title='bbox 1358 439 1513 496; x_wconf 74' lang='lat' dir='ltr'><strong>iesus</strong></span> <span class='ocrx_word' id='word_1_10' title='bbox 1544 456 1557 491; x_wconf 92' lang='lat'><strong>:</strong></span> <span class='ocrx_word' id='word_1_11' title='bbox 1591 448 1645 493; x_wconf 87' lang='lat' dir='ltr'><strong>et</strong></span> <span class='ocrx_word' id='word_1_12' title='bbox 1670 448 1859 491; x_wconf 79' lang='lat' dir='ltr'><strong>omnes</strong></span> <span class='ocrx_word' id='word_1_13' title='bbox 1891 431 1994 487; x_wconf 86' lang='lat' dir='ltr'><strong>mi-</strong></span> <span class='ocrx_word' id='word_1_14' title='bbox 2024 425 2078 487; x_wconf 75' lang='grc' dir='ltr'>Α</span> <span class='ocrx_word' id='word_1_15' title='bbox 2100 401 3690 521; x_wconf 35' lang='grc' dir='ltr'><strong>(ξίεοίξυιίεξὶξιξξὶίξυξξίξξξῖιξξδξῖξῗῗῖξῗῃνῗίξῗζξῖτίιξῗ</strong></span> 
     </span>
    </p>
   </div>
   <div class='ocr_carea' id='block_1_4' title="bbox 412 528 2002 603">
    <p class='ocr_par' dir='ltr' id='par_1_4' title="bbox 412 528 2002 603">
     <span class='ocr_line' id='line_1_4' title="bbox 412 528 2002 603; baseline -0.009 -7"><span class='ocrx_word' id='word_1_16' title='bbox 412 542 691 603; x_wconf 68' lang='lat' dir='ltr'><strong>labantur.</strong></span> <span class='ocrx_word' id='word_1_17' title='bbox 719 540 787 594; x_wconf 82' lang='lat' dir='ltr'><strong>Et</strong></span> <span class='ocrx_word' id='word_1_18' title='bbox 812 537 1113 598; x_wconf 85' lang='lat' dir='ltr'><strong>ascendens</strong></span> <span class='ocrx_word' id='word_1_19' title='bbox 1132 536 1187 591; x_wconf 87' lang='lat' dir='ltr'><strong>in</strong></span> <span class='ocrx_word' id='word_1_20' title='bbox 1214 532 1513 591; x_wconf 81' lang='lat' dir='ltr'><strong>naviculam</strong></span> <span class='ocrx_word' id='word_1_21' title='bbox 1538 528 1928 594; x_wconf 81' lang='lat' dir='ltr'><strong>transiretavit,</strong></span> <span class='ocrx_word' id='word_1_22' title='bbox 1946 534 2002 582; x_wconf 89' lang='lat' dir='ltr'><strong>et</strong></span> 
     </span>
    </p>
   </div>
   <div class='ocr_carea' id='block_1_5' title="bbox 411 632 1281 693">
    <p class='ocr_par' dir='ltr' id='par_1_5' title="bbox 411 632 1281 693">
     <span class='ocr_line' id='line_1_5' title="bbox 411 632 1281 693; baseline -0.006 -5"><span class='ocrx_word' id='word_1_23' title='bbox 411 636 561 693; x_wconf 76' lang='lat' dir='ltr'><strong>venit</strong></span> <span class='ocrx_word' id='word_1_24' title='bbox 588 636 640 691; x_wconf 90' lang='lat' dir='ltr'><strong>in</strong></span> <span class='ocrx_word' id='word_1_25' title='bbox 670 634 942 690; x_wconf 81' lang='lat' dir='ltr'><strong>civitatem</strong></span> <span class='ocrx_word' id='word_1_26' title='bbox 970 645 1144 686; x_wconf 83' lang='lat' dir='ltr'><strong>suam.</strong></span> <span class='ocrx_word' id='word_1_27' title='bbox 1278 632 1281 633; x_wconf 64' lang='grc'><strong><em>⁷</em></strong></span> 
     </span>
    </p>
   </div>
   <div class='ocr_carea' id='block_1_6' title="bbox 1009 738 1411 797">
    <p class='ocr_par' dir='ltr' id='par_1_6' title="bbox 1009 738 1411 797">
     <span class='ocr_line' id='line_1_6' title="bbox 1009 738 1411 797; baseline -0.005 0"><span class='ocrx_word' id='word_1_28' title='bbox 1009 739 1237 797; x_wconf 82' lang='lat' dir='ltr'><strong>CAPUT</strong></span> <span class='ocrx_word' id='word_1_29' title='bbox 1276 738 1411 795; x_wconf 71' lang='lat' dir='ltr'><strong>LIV.</strong></span> 
     </span>
    </p>
   </div>
   <div class='ocr_carea' id='block_1_7' title="bbox 476 851 1941 926">
    <p class='ocr_par' dir='ltr' id='par_1_7' title="bbox 476 851 1941 926">
     <span class='ocr_line' id='line_1_7' title="bbox 476 851 1941 926; baseline -0.007 -13"><span class='ocrx_word' id='word_1_30' title='bbox 476 856 688 914; x_wconf 83' lang='lat' dir='ltr'><strong>Curavit</strong></span> <span class='ocrx_word' id='word_1_31' title='bbox 707 854 1057 926; x_wconf 75' lang='lat' dir='ltr'><strong>paralyttcum</strong></span> <span class='ocrx_word' id='word_1_32' title='bbox 1076 867 1229 923; x_wconf 83' lang='lat' dir='ltr'><strong><em>quem</em></strong></span> <span class='ocrx_word' id='word_1_33' title='bbox 1256 851 1605 921; x_wconf 84' lang='lat' dir='ltr'><strong>deposuerunt</strong></span> <span class='ocrx_word' id='word_1_34' title='bbox 1618 866 1712 921; x_wconf 84' lang='lat' dir='ltr'><strong>per</strong></span> <span class='ocrx_word' id='word_1_35' title='bbox 1730 858 1941 905; x_wconf 82' lang='lat' dir='ltr'><strong>tectum.</strong></span> 
     </span>
    </p>
   </div>
   <div class='ocr_carea' id='block_1_8' title="bbox 493 938 1997 1010">
    <p class='ocr_par' dir='ltr' id='par_1_8' title="bbox 493 938 1997 1010">
     <span class='ocr_line' id='line_1_8' title="bbox 493 938 1997 1010; baseline -0.005 -7"><span class='ocrx_word' id='word_1_36' title='bbox 493 949 712 1003; x_wconf 75' lang='lat' dir='ltr'><strong>Mum.</strong></span> <span class='ocrx_word' id='word_1_37' title='bbox 741 962 816 1010; x_wconf 86' lang='grc' dir='ltr'><strong>ιι,</strong></span> <span class='ocrx_word' id='word_1_38' title='bbox 837 944 969 1009; x_wconf 69' lang='grc' dir='ltr'><strong>2-8ς</strong></span> <span class='ocrx_word' id='word_1_39' title='bbox 997 943 1168 997; x_wconf 66' lang='lat' dir='ltr'><strong>hinc.</strong></span> <span class='ocrx_word' id='word_1_40' title='bbox 1195 956 1257 1007; x_wconf 94' lang='grc' dir='ltr'><strong>ιι,</strong></span> <span class='ocrx_word' id='word_1_41' title='bbox 1282 941 1440 1006; x_wconf 70' lang='lat'><strong>3-12;</strong></span> <span class='ocrx_word' id='word_1_42' title='bbox 1470 940 1600 996; x_wconf 80' lang='lat' dir='ltr'><strong>Luc.</strong></span> <span class='ocrx_word' id='word_1_43' title='bbox 1627 956 1683 1007; x_wconf 90' lang='lat' dir='ltr'><strong>v,</strong></span> <span class='ocrx_word' id='word_1_44' title='bbox 1723 938 1905 997; x_wconf 73' lang='grc'><strong>18-26.</strong></span> <span class='ocrx_word' id='word_1_45' title='bbox 1928 940 1997 995; x_wconf 85' lang='grc' dir='ltr'><strong>Εῑ</strong></span> 
     </span>
    </p>
   </div>
   <div class='ocr_carea' id='block_1_9' title="bbox 420 1030 2002 1109">
    <p class='ocr_par' dir='ltr' id='par_1_9' title="bbox 420 1030 2002 1109">
     <span class='ocr_line' id='line_1_9' title="bbox 420 1030 2002 1109; baseline -0.008 -12"><span class='ocrx_word' id='word_1_46' title='bbox 420 1053 548 1097; x_wconf 83' lang='lat' dir='ltr'><strong>ecce</strong></span> <span class='ocrx_word' id='word_1_47' title='bbox 578 1045 809 1109; x_wconf 93' lang='lat' dir='ltr'><strong>quatuor</strong></span> <span class='ocrx_word' id='word_1_48' title='bbox 834 1035 936 1089; x_wconf 88' lang='lat' dir='ltr'><strong>viri</strong></span> <span class='ocrx_word' id='word_1_49' title='bbox 970 1042 1249 1104; x_wconf 81' lang='lat' dir='ltr'><strong>portantes</strong></span> <span class='ocrx_word' id='word_1_50' title='bbox 1299 1032 1351 1086; x_wconf 91' lang='lat' dir='ltr'><strong>in</strong></span> <span class='ocrx_word' id='word_1_51' title='bbox 1397 1031 1540 1087; x_wconf 80' lang='lat' dir='ltr'><strong>lecto</strong></span> <span class='ocrx_word' id='word_1_52' title='bbox 1586 1030 1859 1087; x_wconf 78' lang='lat' dir='ltr'><strong>hominem</strong></span> <span class='ocrx_word' id='word_1_53' title='bbox 1906 1031 2002 1101; x_wconf 85' lang='lat' dir='ltr'><strong>qui</strong></span> 
     </span>
    </p>
   </div>
   <div class='ocr_carea' id='block_1_10' title="bbox 423 1121 2002 1200">
    <p class='ocr_par' dir='ltr' id='par_1_10' title="bbox 423 1121 2002 1200">
     <span class='ocr_line' id='line_1_10' title="bbox 423 1121 2002 1200; baseline -0.007 -12"><span class='ocrx_word' id='word_1_54' title='bbox 423 1140 541 1189; x_wconf 86' lang='lat' dir='ltr'><strong>erat</strong></span> <span class='ocrx_word' id='word_1_55' title='bbox 565 1127 917 1200; x_wconf 79' lang='lat' dir='ltr'><strong>paralyticos,</strong></span> <span class='ocrx_word' id='word_1_56' title='bbox 940 1134 993 1180; x_wconf 92' lang='lat' dir='ltr'><strong>et</strong></span> <span class='ocrx_word' id='word_1_57' title='bbox 1018 1124 1335 1196; x_wconf 69' lang='lat' dir='ltr'><strong>quatiebant</strong></span> <span class='ocrx_word' id='word_1_58' title='bbox 1354 1138 1476 1178; x_wconf 91' lang='lat' dir='ltr'><strong>eum</strong></span> <span class='ocrx_word' id='word_1_59' title='bbox 1501 1121 1703 1177; x_wconf 79' lang='lat' dir='ltr'><strong>inferre</strong></span> <span class='ocrx_word' id='word_1_60' title='bbox 1726 1130 1779 1175; x_wconf 89' lang='lat' dir='ltr'><strong>et</strong></span> <span class='ocrx_word' id='word_1_61' title='bbox 1798 1136 2002 1193; x_wconf 85' lang='lat' dir='ltr'><strong>ponere</strong></span> 
     </span>
    </p>
   </div>
   <div class='ocr_carea' id='block_1_11' title="bbox 426 1214 2005 1285">
    <p class='ocr_par' dir='ltr' id='par_1_11' title="bbox 426 1214 2005 1285">
     <span class='ocr_line' id='line_1_11' title="bbox 426 1214 2005 1285; baseline -0.006 -7"><span class='ocrx_word' id='word_1_62' title='bbox 426 1232 550 1278; x_wconf 92' lang='lat' dir='ltr'><strong>ante</strong></span> <span class='ocrx_word' id='word_1_63' title='bbox 582 1222 785 1277; x_wconf 81' lang='lat' dir='ltr'><strong>Jesum.</strong></span> <span class='ocrx_word' id='word_1_64' title='bbox 816 1218 884 1274; x_wconf 85' lang='lat' dir='ltr'><strong>Et</strong></span> <span class='ocrx_word' id='word_1_65' title='bbox 905 1234 1012 1274; x_wconf 91' lang='lat' dir='ltr'><strong>nou</strong></span> <span class='ocrx_word' id='word_1_66' title='bbox 1063 1214 1397 1271; x_wconf 72' lang='lat' dir='ltr'><strong>invenientes</strong></span> <span class='ocrx_word' id='word_1_67' title='bbox 1426 1226 1530 1284; x_wconf 85' lang='lat' dir='ltr'><strong>qua</strong></span> <span class='ocrx_word' id='word_1_68' title='bbox 1553 1222 1706 1285; x_wconf 89' lang='lat' dir='ltr'><strong>parte</strong></span> <span class='ocrx_word' id='word_1_69' title='bbox 1752 1228 1876 1269; x_wconf 90' lang='lat' dir='ltr'><strong>eum</strong></span> <span class='ocrx_word' id='word_1_70' title='bbox 1923 1214 2005 1269; x_wconf 78' lang='lat' dir='ltr'><strong>in-</strong></span> 
     </span>
    </p>
   </div>
   <div class='ocr_carea' id='block_1_12' title="bbox 426 1305 2000 1380">
    <p class='ocr_par' dir='ltr' id='par_1_12' title="bbox 426 1305 2000 1380">
     <span class='ocr_line' id='line_1_12' title="bbox 426 1305 2000 1380; baseline -0.007 -13"><span class='ocrx_word' id='word_1_71' title='bbox 426 1312 632 1367; x_wconf 77' lang='lat' dir='ltr'><strong>ferrent</strong></span> <span class='ocrx_word' id='word_1_72' title='bbox 655 1323 767 1380; x_wconf 67' lang='lat' dir='ltr'><strong>prie</strong></span> <span class='ocrx_word' id='word_1_73' title='bbox 799 1308 979 1372; x_wconf 89' lang='lat' dir='ltr'><strong>turba,</strong></span> <span class='ocrx_word' id='word_1_74' title='bbox 1002 1305 1359 1360; x_wconf 84' lang='lat' dir='ltr'><strong>ascenderunt</strong></span> <span class='ocrx_word' id='word_1_75' title='bbox 1387 1317 1549 1374; x_wconf 81' lang='lat' dir='ltr'><strong>supra</strong></span> <span class='ocrx_word' id='word_1_76' title='bbox 1577 1310 1796 1366; x_wconf 88' lang='lat' dir='ltr'><strong>tectum,</strong></span> <span class='ocrx_word' id='word_1_77' title='bbox 1825 1308 1879 1355; x_wconf 94' lang='lat' dir='ltr'><strong>et</strong></span> <span class='ocrx_word' id='word_1_78' title='bbox 1902 1315 2000 1371; x_wconf 89' lang='lat' dir='ltr'><strong>per</strong></span> 
     </span>
    </p>
   </div>
   <div class='ocr_carea' id='block_1_13' title="bbox 427 1392 2002 1473">
    <p class='ocr_par' dir='ltr' id='par_1_13' title="bbox 427 1392 2002 1473">
     <span class='ocr_line' id='line_1_13' title="bbox 427 1392 2002 1473; baseline -0.006 -17"><span class='ocrx_word' id='word_1_79' title='bbox 427 1401 635 1473; x_wconf 81' lang='lat' dir='ltr'><strong>tegulas</strong></span> <span class='ocrx_word' id='word_1_80' title='bbox 666 1398 1030 1455; x_wconf 81' lang='lat' dir='ltr'><strong>submiserunt</strong></span> <span class='ocrx_word' id='word_1_81' title='bbox 1051 1396 1201 1450; x_wconf 87' lang='lat' dir='ltr'><strong>illum</strong></span> <span class='ocrx_word' id='word_1_82' title='bbox 1231 1409 1352 1449; x_wconf 89' lang='lat' dir='ltr'><strong>cum</strong></span> <span class='ocrx_word' id='word_1_83' title='bbox 1377 1392 1517 1446; x_wconf 87' lang='lat' dir='ltr'><strong>lecto</strong></span> <span class='ocrx_word' id='word_1_84' title='bbox 1538 1392 1593 1446; x_wconf 91' lang='lat' dir='ltr'><strong>in</strong></span> <span class='ocrx_word' id='word_1_85' title='bbox 1619 1392 1853 1447; x_wconf 87' lang='lat' dir='ltr'><strong>medium</strong></span> <span class='ocrx_word' id='word_1_86' title='bbox 1874 1399 2002 1447; x_wconf 85' lang='lat' dir='ltr'><strong>ante</strong></span> 
     </span>
    </p>
   </div>
   <div class='ocr_carea' id='block_1_14' title="bbox 427 1481 2004 1555">
    <p class='ocr_par' dir='ltr' id='par_1_14' title="bbox 427 1481 2004 1555">
     <span class='ocr_line' id='line_1_14' title="bbox 427 1481 2004 1555; baseline -0.006 -9"><span class='ocrx_word' id='word_1_87' title='bbox 427 1491 632 1546; x_wconf 67' lang='lat' dir='ltr'><strong>Iesum.</strong></span> <span class='ocrx_word' id='word_1_88' title='bbox 666 1488 902 1555; x_wconf 86' lang='lat' dir='ltr'><strong>Quorqu</strong></span> <span class='ocrx_word' id='word_1_89' title='bbox 920 1486 1080 1541; x_wconf 88' lang='lat' dir='ltr'><strong>iidem</strong></span> <span class='ocrx_word' id='word_1_90' title='bbox 1092 1493 1152 1538; x_wconf 92' lang='lat' dir='ltr'><strong>ut</strong></span> <span class='ocrx_word' id='word_1_91' title='bbox 1172 1483 1323 1549; x_wconf 85' lang='lat' dir='ltr'><strong>vidit,</strong></span> <span class='ocrx_word' id='word_1_92' title='bbox 1352 1483 1489 1539; x_wconf 83' lang='lat' dir='ltr'><strong>dixit</strong></span> <span class='ocrx_word' id='word_1_93' title='bbox 1505 1481 1801 1552; x_wconf 81' lang='lat' dir='ltr'><strong>paralytico</strong></span> <span class='ocrx_word' id='word_1_94' title='bbox 1825 1494 1841 1535; x_wconf 85' lang='lat'><strong>:</strong></span> <span class='ocrx_word' id='word_1_95' title='bbox 1867 1481 2004 1538; x_wconf 87' lang='lat' dir='ltr'><strong>Con-</strong></span> 
     </span>
    </p>
   </div>
   <div class='ocr_carea' id='block_1_15' title="bbox 354 1571 2005 1647">
    <p class='ocr_par' dir='ltr' id='par_1_15' title="bbox 354 1571 2005 1647">
     <span class='ocr_line' id='line_1_15' title="bbox 354 1571 2005 1647; baseline -0.007 -10"><span class='ocrx_word' id='word_1_96' title='bbox 354 1601 363 1611; x_wconf 78' lang='lat'><strong><em>-</em></strong></span> <span class='ocrx_word' id='word_1_97' title='bbox 428 1581 555 1647; x_wconf 70' lang='lat' dir='ltr'><strong>fide,</strong></span> <span class='ocrx_word' id='word_1_98' title='bbox 585 1580 682 1646; x_wconf 84' lang='lat' dir='ltr'><strong>liti,</strong></span> <span class='ocrx_word' id='word_1_99' title='bbox 711 1578 1059 1633; x_wconf 89' lang='lat' dir='ltr'><strong>remittuntur</strong></span> <span class='ocrx_word' id='word_1_100' title='bbox 1094 1574 1189 1630; x_wconf 87' lang='lat' dir='ltr'><strong>tibi</strong></span> <span class='ocrx_word' id='word_1_101' title='bbox 1219 1580 1441 1644; x_wconf 88' lang='lat' dir='ltr'><strong>peccata</strong></span> <span class='ocrx_word' id='word_1_102' title='bbox 1472 1581 1582 1627; x_wconf 90' lang='lat' dir='ltr'><strong>tua.</strong></span> <span class='ocrx_word' id='word_1_103' title='bbox 1622 1571 1689 1626; x_wconf 86' lang='lat' dir='ltr'><strong>Et</strong></span> <span class='ocrx_word' id='word_1_104' title='bbox 1719 1578 2005 1642; x_wconf 87' lang='lat' dir='ltr'><strong>coeperunt</strong></span> 
     </span>
    </p>
   </div>
   <div class='ocr_carea' id='block_1_16' title="bbox 431 1652 2004 1748">
    <p class='ocr_par' dir='ltr' id='par_1_16' title="bbox 431 1652 2004 1748">
     <span class='ocr_line' id='line_1_16' title="bbox 431 1652 2004 1748; baseline -0.005 -17"><span class='ocrx_word' id='word_1_105' title='bbox 431 1677 670 1748; x_wconf 84' lang='lat' dir='ltr'><strong>cogitare</strong></span> <span class='ocrx_word' id='word_1_106' title='bbox 701 1673 906 1729; x_wconf 59' lang='lat' dir='ltr'><strong>Scribat:</strong></span> <span class='ocrx_word' id='word_1_107' title='bbox 934 1680 988 1727; x_wconf 93' lang='lat' dir='ltr'><strong>et</strong></span> <span class='ocrx_word' id='word_1_108' title='bbox 1015 1652 1295 1735; x_wconf 83' lang='lat' dir='ltr'><strong>Pharisaei,</strong></span> <span class='ocrx_word' id='word_1_109' title='bbox 1329 1669 1569 1725; x_wconf 88' lang='lat' dir='ltr'><strong>dicentes</strong></span> <span class='ocrx_word' id='word_1_110' title='bbox 1605 1687 1618 1723; x_wconf 90' lang='lat'><strong>:</strong></span> <span class='ocrx_word' id='word_1_111' title='bbox 1653 1667 1784 1735; x_wconf 87' lang='lat' dir='ltr'><strong>Quis</strong></span> <span class='ocrx_word' id='word_1_112' title='bbox 1807 1675 1891 1723; x_wconf 87' lang='lat' dir='ltr'><strong>est</strong></span> <span class='ocrx_word' id='word_1_113' title='bbox 1914 1665 2004 1723; x_wconf 89' lang='lat' dir='ltr'><strong>hic</strong></span> 
     </span>
    </p>
   </div>
   <div class='ocr_carea' id='block_1_17' title="bbox 432 1761 2008 1838">
    <p class='ocr_par' dir='ltr' id='par_1_17' title="bbox 432 1761 2008 1838">
     <span class='ocr_line' id='line_1_17' title="bbox 432 1761 2008 1838; baseline -0.004 -17"><span class='ocrx_word' id='word_1_114' title='bbox 432 1767 527 1838; x_wconf 88' lang='lat' dir='ltr'><strong>qui</strong></span> <span class='ocrx_word' id='word_1_115' title='bbox 553 1764 791 1835; x_wconf 81' lang='lat' dir='ltr'><strong>loquitur</strong></span> <span class='ocrx_word' id='word_1_116' title='bbox 815 1761 1210 1834; x_wconf 77' lang='lat' dir='ltr'><strong>biaSphemias?</strong></span> <span class='ocrx_word' id='word_1_117' title='bbox 1240 1762 1362 1831; x_wconf 87' lang='lat' dir='ltr'><strong>quis</strong></span> <span class='ocrx_word' id='word_1_118' title='bbox 1386 1768 1566 1832; x_wconf 81' lang='lat' dir='ltr'><strong>potest</strong></span> <span class='ocrx_word' id='word_1_119' title='bbox 1588 1761 1860 1817; x_wconf 85' lang='lat' dir='ltr'><strong>dimittere</strong></span> <span class='ocrx_word' id='word_1_120' title='bbox 1882 1776 2008 1830; x_wconf 89' lang='lat' dir='ltr'><strong>pec-</strong></span> 
     </span>
    </p>
   </div>
   <div class='ocr_carea' id='block_1_18' title="bbox 356 1855 2010 1933">
    <p class='ocr_par' dir='ltr' id='par_1_18' title="bbox 356 1855 2010 1933">
     <span class='ocr_line' id='line_1_18' title="bbox 356 1855 2010 1933; baseline -0.006 -13"><span class='ocrx_word' id='word_1_121' title='bbox 356 1930 359 1933; x_wconf 25' lang='grc' dir='ltr'>η</span> <span class='ocrx_word' id='word_1_122' title='bbox 427 1872 557 1920; x_wconf 82' lang='lat' dir='ltr'><strong>cata</strong></span> <span class='ocrx_word' id='word_1_123' title='bbox 584 1863 689 1919; x_wconf 88' lang='lat' dir='ltr'><strong>nisi</strong></span> <span class='ocrx_word' id='word_1_124' title='bbox 717 1861 864 1918; x_wconf 84' lang='lat' dir='ltr'><strong>solus</strong></span> <span class='ocrx_word' id='word_1_125' title='bbox 882 1860 1056 1915; x_wconf 88' lang='lat' dir='ltr'><strong>Deus?</strong></span> <span class='ocrx_word' id='word_1_126' title='bbox 1090 1859 1156 1913; x_wconf 87' lang='lat' dir='ltr'><strong>Et</strong></span> <span class='ocrx_word' id='word_1_127' title='bbox 1175 1874 1300 1914; x_wconf 90' lang='lat' dir='ltr'><strong>cum</strong></span> <span class='ocrx_word' id='word_1_128' title='bbox 1325 1857 1664 1927; x_wconf 80' lang='lat' dir='ltr'><strong>cognovisset</strong></span> <span class='ocrx_word' id='word_1_129' title='bbox 1682 1855 1840 1911; x_wconf 82' lang='lat' dir='ltr'><strong>Jesus</strong></span> <span class='ocrx_word' id='word_1_130' title='bbox 1860 1855 2010 1926; x_wconf 84' lang='lat' dir='ltr'><strong>cogi-</strong></span> 
     </span>
    </p>
   </div>
   <div class='ocr_carea' id='block_1_19' title="bbox 438 1944 2012 2019">
    <p class='ocr_par' dir='ltr' id='par_1_19' title="bbox 438 1944 2012 2019">
     <span class='ocr_line' id='line_1_19' title="bbox 438 1944 2012 2019; baseline -0.006 -8"><span class='ocrx_word' id='word_1_131' title='bbox 438 1956 667 2011; x_wconf 86' lang='lat' dir='ltr'><strong>tationes</strong></span> <span class='ocrx_word' id='word_1_132' title='bbox 709 1966 930 2017; x_wconf 86' lang='lat' dir='ltr'><strong>eorum,</strong></span> <span class='ocrx_word' id='word_1_133' title='bbox 978 1950 1329 2019; x_wconf 89' lang='lat' dir='ltr'><strong>respondens,</strong></span> <span class='ocrx_word' id='word_1_134' title='bbox 1373 1948 1508 2002; x_wconf 77' lang='lat' dir='ltr'><strong>dixit</strong></span> <span class='ocrx_word' id='word_1_135' title='bbox 1546 1946 1613 2001; x_wconf 92' lang='lat' dir='ltr'><strong>ad</strong></span> <span class='ocrx_word' id='word_1_136' title='bbox 1654 1946 1773 2001; x_wconf 90' lang='lat' dir='ltr'><strong>illos</strong></span> <span class='ocrx_word' id='word_1_137' title='bbox 1809 1963 1823 1999; x_wconf 88' lang='lat'><strong>:</strong></span> <span class='ocrx_word' id='word_1_138' title='bbox 1872 1944 2012 2012; x_wconf 86' lang='lat' dir='ltr'><strong>Quid</strong></span> 
     </span>
    </p>
   </div>
   <div class='ocr_carea' id='block_1_20' title="bbox 426 2042 2018 2113">
    <p class='ocr_par' dir='ltr' id='par_1_20' title="bbox 426 2042 2018 2113">
     <span class='ocr_line' id='line_1_20' title="bbox 426 2042 2018 2113; baseline 0.002 -18"><span class='ocrx_word' id='word_1_139' title='bbox 426 2042 673 2112; x_wconf 75' lang='lat' dir='ltr'><strong>cogitatis</strong></span> <span class='ocrx_word' id='word_1_140' title='bbox 711 2042 850 2097; x_wconf 85' lang='lat' dir='ltr'><strong>mala</strong></span> <span class='ocrx_word' id='word_1_141' title='bbox 897 2043 952 2098; x_wconf 92' lang='lat' dir='ltr'><strong>in</strong></span> <span class='ocrx_word' id='word_1_142' title='bbox 988 2042 1241 2098; x_wconf 85' lang='lat' dir='ltr'><strong>cordibus</strong></span> <span class='ocrx_word' id='word_1_143' title='bbox 1277 2042 1508 2100; x_wconf 79' lang='lat' dir='ltr'><strong>vestris?</strong></span> <span class='ocrx_word' id='word_1_144' title='bbox 1535 2043 1661 2113; x_wconf 89' lang='lat' dir='ltr'><strong>quid</strong></span> <span class='ocrx_word' id='word_1_145' title='bbox 1700 2052 1784 2100; x_wconf 87' lang='lat' dir='ltr'><strong>est</strong></span> <span class='ocrx_word' id='word_1_146' title='bbox 1810 2043 2018 2099; x_wconf 76' lang='lat' dir='ltr'><strong>facilius</strong></span> 
     </span>
    </p>
   </div>
   <div class='ocr_carea' id='block_1_21' title="bbox 427 2118 2019 2205">
    <p class='ocr_par' dir='ltr' id='par_1_21' title="bbox 427 2118 2019 2205">
     <span class='ocr_line' id='line_1_21' title="bbox 427 2118 2019 2205; baseline 0.001 -16"><span class='ocrx_word' id='word_1_147' title='bbox 427 2134 609 2189; x_wconf 79' lang='lat' dir='ltr'><strong>dicere</strong></span> <span class='ocrx_word' id='word_1_148' title='bbox 638 2150 651 2187; x_wconf 91' lang='lat'><strong>:</strong></span> <span class='ocrx_word' id='word_1_149' title='bbox 683 2132 1032 2189; x_wconf 74' lang='lat' dir='ltr'><strong>Dimittuntur</strong></span> <span class='ocrx_word' id='word_1_150' title='bbox 1059 2133 1153 2190; x_wconf 87' lang='lat' dir='ltr'><strong>tibi</strong></span> <span class='ocrx_word' id='word_1_151' title='bbox 1194 2144 1434 2204; x_wconf 84' lang='lat' dir='ltr'><strong>peccata,</strong></span> <span class='ocrx_word' id='word_1_152' title='bbox 1477 2151 1543 2189; x_wconf 82' lang='lat' dir='ltr'><strong>an</strong></span> <span class='ocrx_word' id='word_1_153' title='bbox 1589 2135 1771 2192; x_wconf 87' lang='lat' dir='ltr'><strong>dicere</strong></span> <span class='ocrx_word' id='word_1_154' title='bbox 1802 2154 1816 2189; x_wconf 87' lang='lat'><strong>:</strong></span> <span class='ocrx_word' id='word_1_155' title='bbox 1846 2118 2019 2205; x_wconf 81' lang='lat' dir='ltr'><strong>Surge</strong></span> 
     </span>
    </p>
   </div>
   <div class='ocr_carea' id='block_1_22' title="bbox 429 2223 2021 2297">
    <p class='ocr_par' dir='ltr' id='par_1_22' title="bbox 429 2223 2021 2297">
     <span class='ocr_line' id='line_1_22' title="bbox 429 2223 2021 2297; baseline 0.002 -19"><span class='ocrx_word' id='word_1_156' title='bbox 429 2233 481 2279; x_wconf 83' lang='lat' dir='ltr'><strong>ct</strong></span> <span class='ocrx_word' id='word_1_157' title='bbox 507 2223 761 2278; x_wconf 81' lang='lat' dir='ltr'><strong>ambula?</strong></span> <span class='ocrx_word' id='word_1_158' title='bbox 789 2224 858 2281; x_wconf 89' lang='lat' dir='ltr'><strong>Ut</strong></span> <span class='ocrx_word' id='word_1_159' title='bbox 886 2235 1063 2282; x_wconf 85' lang='lat' dir='ltr'><strong>autem</strong></span> <span class='ocrx_word' id='word_1_160' title='bbox 1090 2227 1273 2283; x_wconf 85' lang='lat' dir='ltr'><strong>sciatis</strong></span> <span class='ocrx_word' id='word_1_161' title='bbox 1300 2226 1422 2297; x_wconf 84' lang='lat' dir='ltr'><strong>quia</strong></span> <span class='ocrx_word' id='word_1_162' title='bbox 1466 2225 1636 2283; x_wconf 86' lang='lat' dir='ltr'><strong>Filius</strong></span> <span class='ocrx_word' id='word_1_163' title='bbox 1665 2224 1897 2282; x_wconf 82' lang='lat' dir='ltr'><strong>hominis</strong></span> <span class='ocrx_word' id='word_1_164' title='bbox 1924 2241 2021 2297; x_wconf 82' lang='lat' dir='ltr'><strong>po-</strong></span> 
     </span>
    </p>
   </div>
   <div class='ocr_carea' id='block_1_23' title="bbox 428 2317 2018 2389">
    <p class='ocr_par' dir='ltr' id='par_1_23' title="bbox 428 2317 2018 2389">
     <span class='ocr_line' id='line_1_23' title="bbox 428 2317 2018 2389; baseline 0.003 -17"><span class='ocrx_word' id='word_1_165' title='bbox 428 2325 681 2372; x_wconf 86' lang='lat' dir='ltr'><strong>testatem</strong></span> <span class='ocrx_word' id='word_1_166' title='bbox 713 2317 873 2374; x_wconf 81' lang='lat' dir='ltr'><strong>habet</strong></span> <span class='ocrx_word' id='word_1_167' title='bbox 900 2320 953 2374; x_wconf 88' lang='lat' dir='ltr'><strong>in</strong></span> <span class='ocrx_word' id='word_1_168' title='bbox 986 2328 1127 2375; x_wconf 87' lang='lat' dir='ltr'><strong>terra</strong></span> <span class='ocrx_word' id='word_1_169' title='bbox 1156 2320 1433 2376; x_wconf 77' lang='lat' dir='ltr'><strong>dimittere</strong></span> <span class='ocrx_word' id='word_1_170' title='bbox 1474 2331 1714 2389; x_wconf 85' lang='lat' dir='ltr'><strong>peccata,</strong></span> <span class='ocrx_word' id='word_1_171' title='bbox 1741 2322 1817 2376; x_wconf 90' lang='lat' dir='ltr'><strong>ait</strong></span> <span class='ocrx_word' id='word_1_172' title='bbox 1860 2335 2018 2389; x_wconf 85' lang='lat' dir='ltr'><strong>para-</strong></span> 
     </span>
    </p>
   </div>
   <div class='ocr_carea' id='block_1_24' title="bbox 430 2408 2021 2483">
    <p class='ocr_par' dir='ltr' id='par_1_24' title="bbox 430 2408 2021 2483">
     <span class='ocr_line' id='line_1_24' title="bbox 430 2408 2021 2483; baseline 0.004 -20"><span class='ocrx_word' id='word_1_173' title='bbox 430 2408 598 2480; x_wconf 85' lang='lat' dir='ltr'><strong>iytico</strong></span> <span class='ocrx_word' id='word_1_174' title='bbox 648 2424 666 2464; x_wconf 84' lang='lat'><strong>:</strong></span> <span class='ocrx_word' id='word_1_175' title='bbox 714 2409 841 2465; x_wconf 57' lang='lat' dir='ltr'><strong>Tibi:</strong></span> <span class='ocrx_word' id='word_1_176' title='bbox 859 2409 1004 2479; x_wconf 86' lang='lat' dir='ltr'><strong>dico,</strong></span> <span class='ocrx_word' id='word_1_177' title='bbox 1034 2425 1216 2483; x_wconf 80' lang='lat' dir='ltr'><strong>surge,</strong></span> <span class='ocrx_word' id='word_1_178' title='bbox 1246 2411 1376 2468; x_wconf 87' lang='lat' dir='ltr'><strong>tolle</strong></span> <span class='ocrx_word' id='word_1_179' title='bbox 1405 2412 1598 2467; x_wconf 82' lang='lat' dir='ltr'><strong>lectum</strong></span> <span class='ocrx_word' id='word_1_180' title='bbox 1632 2422 1779 2468; x_wconf 80' lang='lat' dir='ltr'><strong>tuum</strong></span> <span class='ocrx_word' id='word_1_181' title='bbox 1812 2422 1867 2467; x_wconf 90' lang='lat' dir='ltr'><strong>et</strong></span> <span class='ocrx_word' id='word_1_182' title='bbox 1886 2414 2021 2469; x_wconf 85' lang='lat' dir='ltr'><strong>vade</strong></span> 
     </span>
    </p>
   </div>
   <div class='ocr_carea' id='block_1_25' title="bbox 428 2501 2015 2577">
    <p class='ocr_par' dir='ltr' id='par_1_25' title="bbox 428 2501 2015 2577">
     <span class='ocr_line' id='line_1_25' title="bbox 428 2501 2015 2577; baseline 0.003 -19"><span class='ocrx_word' id='word_1_183' title='bbox 428 2501 487 2558; x_wconf 84' lang='lat' dir='ltr'><strong>in</strong></span> <span class='ocrx_word' id='word_1_184' title='bbox 516 2502 733 2558; x_wconf 83' lang='lat' dir='ltr'><strong>domum</strong></span> <span class='ocrx_word' id='word_1_185' title='bbox 767 2511 932 2559; x_wconf 84' lang='lat' dir='ltr'><strong>tuam.</strong></span> <span class='ocrx_word' id='word_1_186' title='bbox 969 2503 1039 2560; x_wconf 87' lang='lat' dir='ltr'><strong>Et</strong></span> <span class='ocrx_word' id='word_1_187' title='bbox 1063 2506 1345 2562; x_wconf 79' lang='lat' dir='ltr'><strong>confestim</strong></span> <span class='ocrx_word' id='word_1_188' title='bbox 1396 2518 1621 2577; x_wconf 79' lang='lat' dir='ltr'><strong>surgens</strong></span> <span class='ocrx_word' id='word_1_189' title='bbox 1668 2519 1849 2562; x_wconf 83' lang='lat' dir='ltr'><strong>coram</strong></span> <span class='ocrx_word' id='word_1_190' title='bbox 1890 2508 2015 2577; x_wconf 80' lang='lat' dir='ltr'><strong>illis,</strong></span> 
     </span>
    </p>
   </div>
   <div class='ocr_carea' id='block_1_26' title="bbox 430 2592 2020 2666">
    <p class='ocr_par' dir='ltr' id='par_1_26' title="bbox 430 2592 2020 2666">
     <span class='ocr_line' id='line_1_26' title="bbox 430 2592 2020 2666; baseline 0.003 -19"><span class='ocrx_word' id='word_1_191' title='bbox 430 2592 554 2648; x_wconf 86' lang='lat' dir='ltr'><strong>tulit</strong></span> <span class='ocrx_word' id='word_1_192' title='bbox 582 2593 777 2649; x_wconf 83' lang='lat' dir='ltr'><strong>lectum</strong></span> <span class='ocrx_word' id='word_1_193' title='bbox 808 2594 995 2666; x_wconf 79' lang='lat' dir='ltr'><strong>inquo</strong></span> <span class='ocrx_word' id='word_1_194' title='bbox 1031 2593 1267 2666; x_wconf 59' lang='lat' dir='ltr'><strong>iacebat,</strong></span> <span class='ocrx_word' id='word_1_195' title='bbox 1294 2605 1351 2653; x_wconf 91' lang='lat' dir='ltr'><strong>et</strong></span> <span class='ocrx_word' id='word_1_196' title='bbox 1376 2596 1507 2651; x_wconf 86' lang='lat' dir='ltr'><strong>abiit</strong></span> <span class='ocrx_word' id='word_1_197' title='bbox 1535 2597 1588 2652; x_wconf 89' lang='lat' dir='ltr'><strong>in</strong></span> <span class='ocrx_word' id='word_1_198' title='bbox 1616 2598 1832 2653; x_wconf 80' lang='lat' dir='ltr'><strong>domum</strong></span> <span class='ocrx_word' id='word_1_199' title='bbox 1866 2611 2020 2651; x_wconf 89' lang='lat' dir='ltr'><strong>suam</strong></span> 
     </span>
    </p>
   </div>
   <div class='ocr_carea' id='block_1_27' title="bbox 431 2685 2023 2760">
    <p class='ocr_par' dir='ltr' id='par_1_27' title="bbox 431 2685 2023 2760">
     <span class='ocr_line' id='line_1_27' title="bbox 431 2685 2023 2760; baseline 0 -16"><span class='ocrx_word' id='word_1_200' title='bbox 431 2685 785 2760; x_wconf 80' lang='lat' dir='ltr'><strong>magniﬁcans</strong></span> <span class='ocrx_word' id='word_1_201' title='bbox 817 2689 1007 2743; x_wconf 79' lang='lat' dir='ltr'><strong>Deum.</strong></span> <span class='ocrx_word' id='word_1_202' title='bbox 1038 2688 1106 2744; x_wconf 81' lang='lat' dir='ltr'><strong>Et</strong></span> <span class='ocrx_word' id='word_1_203' title='bbox 1132 2699 1321 2759; x_wconf 80' lang='lat' dir='ltr'><strong>stupor</strong></span> <span class='ocrx_word' id='word_1_204' title='bbox 1348 2689 1705 2760; x_wconf 80' lang='lat' dir='ltr'><strong>apprehendit</strong></span> <span class='ocrx_word' id='word_1_205' title='bbox 1731 2704 1940 2755; x_wconf 87' lang='lat' dir='ltr'><strong>omnes,</strong></span> <span class='ocrx_word' id='word_1_206' title='bbox 1970 2699 2023 2744; x_wconf 85' lang='lat' dir='ltr'><strong>et</strong></span> 
     </span>
    </p>
   </div>
   <div class='ocr_carea' id='block_1_28' title="bbox 431 2781 2023 2853">
    <p class='ocr_par' dir='ltr' id='par_1_28' title="bbox 431 2781 2023 2853">
     <span class='ocr_line' id='line_1_28' title="bbox 431 2781 2023 2853; baseline 0.001 -18"><span class='ocrx_word' id='word_1_207' title='bbox 431 2782 848 2853; x_wconf 79' lang='lat' dir='ltr'><strong>magniﬁcabaut</strong></span> <span class='ocrx_word' id='word_1_208' title='bbox 884 2781 1072 2847; x_wconf 81' lang='lat' dir='ltr'><strong>Deum,</strong></span> <span class='ocrx_word' id='word_1_209' title='bbox 1103 2789 1156 2836; x_wconf 92' lang='lat' dir='ltr'><strong>et</strong></span> <span class='ocrx_word' id='word_1_210' title='bbox 1184 2782 1375 2850; x_wconf 87' lang='lat' dir='ltr'><strong>repleti</strong></span> <span class='ocrx_word' id='word_1_211' title='bbox 1416 2789 1541 2836; x_wconf 90' lang='lat' dir='ltr'><strong>sunt</strong></span> <span class='ocrx_word' id='word_1_212' title='bbox 1583 2782 1796 2847; x_wconf 86' lang='lat' dir='ltr'><strong>timore,</strong></span> <span class='ocrx_word' id='word_1_213' title='bbox 1839 2782 2023 2837; x_wconf 82' lang='lat' dir='ltr'><strong>dicen-</strong></span> 
     </span>
    </p>
   </div>
   <div class='ocr_carea' id='block_1_29' title="bbox 434 2871 2023 2942">
    <p class='ocr_par' dir='ltr' id='par_1_29' title="bbox 434 2871 2023 2942">
     <span class='ocr_line' id='line_1_29' title="bbox 434 2871 2023 2942; baseline 0 -15"><span class='ocrx_word' id='word_1_214' title='bbox 434 2883 517 2929; x_wconf 86' lang='lat' dir='ltr'><strong>tes</strong></span> <span class='ocrx_word' id='word_1_215' title='bbox 546 2890 561 2928; x_wconf 86' lang='lat'><strong>:</strong></span> <span class='ocrx_word' id='word_1_216' title='bbox 584 2872 718 2941; x_wconf 87' lang='lat' dir='ltr'><strong>Quia</strong></span> <span class='ocrx_word' id='word_1_217' title='bbox 749 2872 981 2928; x_wconf 84' lang='lat' dir='ltr'><strong>vidimus</strong></span> <span class='ocrx_word' id='word_1_218' title='bbox 1007 2871 1269 2928; x_wconf 79' lang='lat' dir='ltr'><strong>mirabilia</strong></span> <span class='ocrx_word' id='word_1_219' title='bbox 1291 2872 1469 2929; x_wconf 85' lang='lat' dir='ltr'><strong>hodie.</strong></span> <span class='ocrx_word' id='word_1_220' title='bbox 1497 2872 1561 2926; x_wconf 85' lang='lat' dir='ltr'><strong>Et</strong></span> <span class='ocrx_word' id='word_1_221' title='bbox 1589 2871 2023 2942; x_wconf 68' lang='lat' dir='ltr'><strong>gloriﬁcaverunt</strong></span> 
     </span>
    </p>
   </div>
   <div class='ocr_carea' id='block_1_30' title="bbox 434 2965 1819 3040">
    <p class='ocr_par' dir='ltr' id='par_1_30' title="bbox 434 2965 1819 3040">
     <span class='ocr_line' id='line_1_30' title="bbox 434 2965 1819 3040; baseline -0.004 -15"><span class='ocrx_word' id='word_1_222' title='bbox 434 2967 626 3035; x_wconf 84' lang='lat' dir='ltr'><strong>Deum,</strong></span> <span class='ocrx_word' id='word_1_223' title='bbox 657 2968 746 3040; x_wconf 89' lang='lat' dir='ltr'><strong>qui</strong></span> <span class='ocrx_word' id='word_1_224' title='bbox 777 2967 927 3024; x_wconf 89' lang='lat' dir='ltr'><strong>dedit</strong></span> <span class='ocrx_word' id='word_1_225' title='bbox 954 2975 1273 3037; x_wconf 85' lang='lat' dir='ltr'><strong>potestatem</strong></span> <span class='ocrx_word' id='word_1_226' title='bbox 1304 2966 1463 3023; x_wconf 85' lang='lat' dir='ltr'><strong>talem</strong></span> <span class='ocrx_word' id='word_1_227' title='bbox 1490 2965 1819 3023; x_wconf 85' lang='lat' dir='ltr'><strong>hominibus.</strong></span> 
     </span>
    </p>
   </div>
   <div class='ocr_carea' id='block_1_31' title="bbox 1037 3078 1408 3139">
    <p class='ocr_par' dir='ltr' id='par_1_31' title="bbox 1037 3078 1408 3139">
     <span class='ocr_line' id='line_1_31' title="bbox 1037 3078 1408 3139; baseline 0 0"><span class='ocrx_word' id='word_1_228' title='bbox 1037 3082 1262 3139; x_wconf 82' lang='lat' dir='ltr'><strong>CAPUT</strong></span> <span class='ocrx_word' id='word_1_229' title='bbox 1301 3078 1408 3139; x_wconf 75' lang='lat' dir='ltr'><strong>LV.</strong></span> 
     </span>
    </p>
   </div>
   <div class='ocr_carea' id='block_1_32' title="bbox 770 3173 1685 3248">
    <p class='ocr_par' dir='ltr' id='par_1_32' title="bbox 770 3173 1685 3248">
     <span class='ocr_line' id='line_1_32' title="bbox 770 3173 1685 3248; baseline 0 -20"><span class='ocrx_word' id='word_1_230' title='bbox 770 3173 965 3230; x_wconf 81' lang='lat' dir='ltr'><strong>Filium</strong></span> <span class='ocrx_word' id='word_1_231' title='bbox 995 3177 1155 3248; x_wconf 80' lang='lat' dir='ltr'><strong>reguli</strong></span> <span class='ocrx_word' id='word_1_232' title='bbox 1187 3175 1443 3230; x_wconf 86' lang='lat' dir='ltr'><strong>absentem</strong></span> <span class='ocrx_word' id='word_1_233' title='bbox 1472 3176 1685 3230; x_wconf 68' lang='lat' dir='ltr'><strong>curarit.</strong></span> 
     </span>
    </p>
   </div>
   <div class='ocr_carea' id='block_1_33' title="bbox 507 3290 2027 3363">
    <p class='ocr_par' dir='ltr' id='par_1_33' title="bbox 507 3290 2027 3363">
     <span class='ocr_line' id='line_1_33' title="bbox 507 3290 2027 3363; baseline -0.002 -15"><span class='ocrx_word' id='word_1_234' title='bbox 507 3290 664 3348; x_wconf 70' lang='lat' dir='ltr'><strong>Josu.</strong></span> <span class='ocrx_word' id='word_1_235' title='bbox 696 3308 768 3357; x_wconf 83' lang='lat' dir='ltr'><strong>tv,</strong></span> <span class='ocrx_word' id='word_1_236' title='bbox 795 3291 983 3347; x_wconf 65' lang='lat'><strong>46-53.</strong></span> <span class='ocrx_word' id='word_1_237' title='bbox 1016 3291 1175 3347; x_wconf 83' lang='lat' dir='ltr'><strong>Venit</strong></span> <span class='ocrx_word' id='word_1_238' title='bbox 1212 3305 1343 3363; x_wconf 87' lang='lat' dir='ltr'><strong>ergo</strong></span> <span class='ocrx_word' id='word_1_239' title='bbox 1391 3291 1585 3347; x_wconf 83' lang='lat' dir='ltr'><strong>iterum</strong></span> <span class='ocrx_word' id='word_1_240' title='bbox 1627 3290 1679 3345; x_wconf 91' lang='lat' dir='ltr'><strong>in</strong></span> <span class='ocrx_word' id='word_1_241' title='bbox 1702 3290 1852 3346; x_wconf 77' lang='lat' dir='ltr'><strong>Cana</strong></span> <span class='ocrx_word' id='word_1_242' title='bbox 1886 3290 2027 3345; x_wconf 90' lang='lat' dir='ltr'><strong>Gali-</strong></span> 
     </span>
    </p>
   </div>
   <div class='ocr_carea' id='block_1_34' title="bbox 437 3381 2026 3453">
    <p class='ocr_par' dir='ltr' id='par_1_34' title="bbox 437 3381 2026 3453">
     <span class='ocr_line' id='line_1_34' title="bbox 437 3381 2026 3453; baseline 0 -14"><span class='ocrx_word' id='word_1_243' title='bbox 437 3381 573 3452; x_wconf 70' lang='lat' dir='ltr'><strong>iazte,</strong></span> <span class='ocrx_word' id='word_1_244' title='bbox 604 3381 690 3439; x_wconf 92' lang='lat' dir='ltr'><strong>ubi</strong></span> <span class='ocrx_word' id='word_1_245' title='bbox 723 3383 846 3438; x_wconf 82' lang='lat' dir='ltr'><strong>fecit</strong></span> <span class='ocrx_word' id='word_1_246' title='bbox 872 3398 1065 3453; x_wconf 84' lang='lat' dir='ltr'><strong>aquam</strong></span> <span class='ocrx_word' id='word_1_247' title='bbox 1095 3382 1296 3438; x_wconf 69' lang='lat' dir='ltr'><strong>vinum.</strong></span> <span class='ocrx_word' id='word_1_248' title='bbox 1325 3383 1395 3439; x_wconf 85' lang='lat' dir='ltr'><strong>Et</strong></span> <span class='ocrx_word' id='word_1_249' title='bbox 1423 3391 1539 3441; x_wconf 89' lang='lat' dir='ltr'><strong>erat</strong></span> <span class='ocrx_word' id='word_1_250' title='bbox 1560 3382 1778 3453; x_wconf 88' lang='lat' dir='ltr'><strong>quidam</strong></span> <span class='ocrx_word' id='word_1_251' title='bbox 1809 3383 2026 3453; x_wconf 82' lang='lat' dir='ltr'><strong>regulus</strong></span> 
     </span>
    </p>
   </div>
   <div class='ocr_carea' id='block_1_35' title="bbox 436 3468 2028 3545">
    <p class='ocr_par' dir='ltr' id='par_1_35' title="bbox 436 3468 2028 3545">
     <span class='ocr_line' id='line_1_35' title="bbox 436 3468 2028 3545; baseline -0.001 -15"><span class='ocrx_word' id='word_1_252' title='bbox 436 3475 590 3545; x_wconf 83' lang='lat' dir='ltr'><strong>cujus</strong></span> <span class='ocrx_word' id='word_1_253' title='bbox 633 3475 773 3530; x_wconf 76' lang='lat' dir='ltr'><strong>(ilius</strong></span> <span class='ocrx_word' id='word_1_254' title='bbox 807 3468 1616 3545; x_wconf 61' lang='lat' dir='ltr'><strong>inﬁrmabatur&#39;Capbarnaum.</strong></span> <span class='ocrx_word' id='word_1_255' title='bbox 1651 3474 1747 3530; x_wconf 87' lang='lat' dir='ltr'><strong>Iiic</strong></span> <span class='ocrx_word' id='word_1_256' title='bbox 1771 3489 1893 3530; x_wconf 90' lang='lat' dir='ltr'><strong>cum</strong></span> <span class='ocrx_word' id='word_1_257' title='bbox 1927 3490 2028 3529; x_wconf 86' lang='lat' dir='ltr'><strong>au-</strong></span> 
     </span>
    </p>
   </div>
   <div class='ocr_carea' id='block_1_36' title="bbox 440 3563 2027 3636">
    <p class='ocr_par' dir='ltr' id='par_1_36' title="bbox 440 3563 2027 3636">
     <span class='ocr_line' id='line_1_36' title="bbox 440 3563 2027 3636; baseline 0 -17"><span class='ocrx_word' id='word_1_258' title='bbox 440 3567 610 3623; x_wconf 87' lang='lat' dir='ltr'><strong>disset</strong></span> <span class='ocrx_word' id='word_1_259' title='bbox 652 3565 775 3636; x_wconf 87' lang='lat' dir='ltr'><strong>quia</strong></span> <span class='ocrx_word' id='word_1_260' title='bbox 815 3565 973 3622; x_wconf 81' lang='lat' dir='ltr'><strong>Jesus</strong></span> <span class='ocrx_word' id='word_1_261' title='bbox 1011 3564 1290 3620; x_wconf 81' lang='lat' dir='ltr'><strong>adveniret</strong></span> <span class='ocrx_word' id='word_1_262' title='bbox 1330 3580 1360 3620; x_wconf 91' lang='lat' dir='ltr'><strong>a</strong></span> <span class='ocrx_word' id='word_1_263' title='bbox 1406 3564 1589 3621; x_wconf 66' lang='lat' dir='ltr'><strong>Judaza</strong></span> <span class='ocrx_word' id='word_1_264' title='bbox 1634 3565 1687 3620; x_wconf 92' lang='lat' dir='ltr'><strong>in</strong></span> <span class='ocrx_word' id='word_1_265' title='bbox 1724 3563 2027 3634; x_wconf 63' lang='lat' dir='ltr'><strong>Galilaeam,</strong></span> 
     </span>
    </p>
   </div>
   <div class='ocr_carea' id='block_1_37' title="bbox 441 3654 2026 3727">
    <p class='ocr_par' dir='ltr' id='par_1_37' title="bbox 441 3654 2026 3727">
     <span class='ocr_line' id='line_1_37' title="bbox 441 3654 2026 3727; baseline -0.004 -12"><span class='ocrx_word' id='word_1_266' title='bbox 441 3658 569 3715; x_wconf 85' lang='lat' dir='ltr'><strong>abiit</strong></span> <span class='ocrx_word' id='word_1_267' title='bbox 600 3659 665 3712; x_wconf 89' lang='lat' dir='ltr'><strong>ad</strong></span> <span class='ocrx_word' id='word_1_268' title='bbox 704 3673 857 3725; x_wconf 82' lang='lat' dir='ltr'><strong>eum,</strong></span> <span class='ocrx_word' id='word_1_269' title='bbox 879 3666 934 3712; x_wconf 90' lang='lat' dir='ltr'><strong>et</strong></span> <span class='ocrx_word' id='word_1_270' title='bbox 964 3656 1186 3727; x_wconf 88' lang='lat' dir='ltr'><strong>rogabat</strong></span> <span class='ocrx_word' id='word_1_271' title='bbox 1217 3670 1341 3710; x_wconf 89' lang='lat' dir='ltr'><strong>eum</strong></span> <span class='ocrx_word' id='word_1_272' title='bbox 1383 3664 1441 3710; x_wconf 90' lang='lat' dir='ltr'><strong>ut</strong></span> <span class='ocrx_word' id='word_1_273' title='bbox 1477 3654 1828 3711; x_wconf 86' lang='lat' dir='ltr'><strong>descenderet</strong></span> <span class='ocrx_word' id='word_1_274' title='bbox 1855 3663 1907 3710; x_wconf 91' lang='lat' dir='ltr'><strong>et</strong></span> <span class='ocrx_word' id='word_1_275' title='bbox 1937 3668 2026 3709; x_wconf 61' lang='lat' dir='ltr'><strong>sa.</strong></span> 
     </span>
    </p>
   </div>
   <div class='ocr_carea' id='block_1_38' title="bbox 444 3746 2030 3822">
    <p class='ocr_par' dir='ltr' id='par_1_38' title="bbox 444 3746 2030 3822">
     <span class='ocr_line' id='line_1_38' title="bbox 444 3746 2030 3822; baseline -0.003 -16"><span class='ocrx_word' id='word_1_276' title='bbox 444 3760 599 3807; x_wconf 87' lang='lat' dir='ltr'><strong>naret</strong></span> <span class='ocrx_word' id='word_1_277' title='bbox 627 3749 791 3806; x_wconf 82' lang='lat' dir='ltr'><strong>[ilium</strong></span> <span class='ocrx_word' id='word_1_278' title='bbox 818 3750 979 3822; x_wconf 86' lang='lat' dir='ltr'><strong>ejus:</strong></span> <span class='ocrx_word' id='word_1_279' title='bbox 1009 3746 1296 3820; x_wconf 76' lang='lat' dir='ltr'><strong>incipiebat</strong></span> <span class='ocrx_word' id='word_1_280' title='bbox 1338 3747 1481 3804; x_wconf 90' lang='lat' dir='ltr'><strong>enim</strong></span> <span class='ocrx_word' id='word_1_281' title='bbox 1526 3746 1684 3802; x_wconf 89' lang='lat' dir='ltr'><strong>mori.</strong></span> <span class='ocrx_word' id='word_1_282' title='bbox 1729 3746 1874 3801; x_wconf 80' lang='lat' dir='ltr'><strong>Dixit</strong></span> <span class='ocrx_word' id='word_1_283' title='bbox 1902 3756 2030 3817; x_wconf 78' lang='lat' dir='ltr'><strong>ergo</strong></span> 
     </span>
    </p>
   </div>
   <div class='ocr_carea' id='block_1_39' title="bbox 443 3839 2029 3911">
    <p class='ocr_par' dir='ltr' id='par_1_39' title="bbox 443 3839 2029 3911">
     <span class='ocr_line' id='line_1_39' title="bbox 443 3839 2029 3911; baseline -0.002 -13"><span class='ocrx_word' id='word_1_284' title='bbox 443 3842 597 3898; x_wconf 82' lang='lat' dir='ltr'><strong>Jesus</strong></span> <span class='ocrx_word' id='word_1_285' title='bbox 635 3843 702 3897; x_wconf 89' lang='lat' dir='ltr'><strong>ad</strong></span> <span class='ocrx_word' id='word_1_286' title='bbox 744 3858 867 3898; x_wconf 89' lang='lat' dir='ltr'><strong>eum</strong></span> <span class='ocrx_word' id='word_1_287' title='bbox 900 3860 914 3897; x_wconf 92' lang='lat'><strong>:</strong></span> <span class='ocrx_word' id='word_1_288' title='bbox 946 3840 1057 3897; x_wconf 84' lang='lat' dir='ltr'><strong>Nisi</strong></span> <span class='ocrx_word' id='word_1_289' title='bbox 1088 3841 1242 3911; x_wconf 90' lang='lat' dir='ltr'><strong>signa</strong></span> <span class='ocrx_word' id='word_1_290' title='bbox 1273 3848 1328 3896; x_wconf 88' lang='lat' dir='ltr'><strong>et</strong></span> <span class='ocrx_word' id='word_1_291' title='bbox 1364 3840 1601 3911; x_wconf 87' lang='lat' dir='ltr'><strong>prodigia</strong></span> <span class='ocrx_word' id='word_1_292' title='bbox 1632 3839 1894 3904; x_wconf 69' lang='lat' dir='ltr'><strong>videritis,</strong></span> <span class='ocrx_word' id='word_1_293' title='bbox 1922 3856 2029 3895; x_wconf 86' lang='lat' dir='ltr'><strong>non</strong></span> 
     </span>
    </p>
   </div>
   <div class='ocr_carea' id='block_1_40' title="bbox 443 3916 2033 4002">
    <p class='ocr_par' dir='ltr' id='par_1_40' title="bbox 443 3916 2033 4002">
     <span class='ocr_line' id='line_1_40' title="bbox 443 3916 2033 4002; baseline 0 -14"><span class='ocrx_word' id='word_1_294' title='bbox 443 3933 682 3989; x_wconf 88' lang='lat' dir='ltr'><strong>creditis.</strong></span> <span class='ocrx_word' id='word_1_295' title='bbox 721 3932 857 3988; x_wconf 86' lang='lat' dir='ltr'><strong>Dicit</strong></span> <span class='ocrx_word' id='word_1_296' title='bbox 898 3932 963 3987; x_wconf 85' lang='lat' dir='ltr'><strong>ad</strong></span> <span class='ocrx_word' id='word_1_297' title='bbox 1015 3947 1135 3988; x_wconf 92' lang='lat' dir='ltr'><strong>eum</strong></span> <span class='ocrx_word' id='word_1_298' title='bbox 1187 3932 1401 4002; x_wconf 87' lang='lat' dir='ltr'><strong>regulus</strong></span> <span class='ocrx_word' id='word_1_299' title='bbox 1434 3916 1459 3986; x_wconf 8' lang='lat' dir='ltr'><strong>:i</strong></span> <span class='ocrx_word' id='word_1_300' title='bbox 1482 3931 1736 3995; x_wconf 78' lang='lat' dir='ltr'><strong>Domine,</strong></span> <span class='ocrx_word' id='word_1_301' title='bbox 1764 3932 2033 3988; x_wconf 87' lang='lat' dir='ltr'><strong>descende</strong></span> 
     </span>
    </p>
   </div>
   <div class='ocr_carea' id='block_1_41' title="bbox 449 4021 2033 4095">
    <p class='ocr_par' dir='ltr' id='par_1_41' title="bbox 449 4021 2033 4095">
     <span class='ocr_line' id='line_1_41' title="bbox 449 4021 2033 4095; baseline -0.002 -18"><span class='ocrx_word' id='word_1_302' title='bbox 449 4025 752 4095; x_wconf 87' lang='lat' dir='ltr'><strong>priusquam</strong></span> <span class='ocrx_word' id='word_1_303' title='bbox 785 4025 1045 4079; x_wconf 76' lang='lat' dir='ltr'><strong>moriatur</strong></span> <span class='ocrx_word' id='word_1_304' title='bbox 1073 4023 1212 4078; x_wconf 82' lang='lat' dir='ltr'><strong>ﬁlius</strong></span> <span class='ocrx_word' id='word_1_305' title='bbox 1241 4038 1417 4080; x_wconf 87' lang='lat' dir='ltr'><strong>meus.</strong></span> <span class='ocrx_word' id='word_1_306' title='bbox 1448 4023 1586 4078; x_wconf 86' lang='lat' dir='ltr'><strong>Dicit</strong></span> <span class='ocrx_word' id='word_1_307' title='bbox 1616 4022 1664 4077; x_wconf 88' lang='lat' dir='ltr'><strong>ei</strong></span> <span class='ocrx_word' id='word_1_308' title='bbox 1695 4021 1850 4078; x_wconf 86' lang='lat' dir='ltr'><strong>Jesus</strong></span> <span class='ocrx_word' id='word_1_309' title='bbox 1881 4039 1893 4075; x_wconf 93' lang='lat'><strong>:</strong></span> <span class='ocrx_word' id='word_1_310' title='bbox 1924 4022 2033 4077; x_wconf 83' lang='lat' dir='ltr'><strong>Va-</strong></span> 
     </span>
    </p>
   </div>
   <div class='ocr_carea' id='block_1_42' title="bbox 444 4112 2033 4182">
    <p class='ocr_par' dir='ltr' id='par_1_42' title="bbox 444 4112 2033 4182">
     <span class='ocr_line' id='line_1_42' title="bbox 444 4112 2033 4182; baseline -0.003 -13"><span class='ocrx_word' id='word_1_311' title='bbox 444 4114 549 4182; x_wconf 83' lang='lat' dir='ltr'><strong>de,‘</strong></span> <span class='ocrx_word' id='word_1_312' title='bbox 568 4115 706 4170; x_wconf 83' lang='lat' dir='ltr'><strong>ﬁlius</strong></span> <span class='ocrx_word' id='word_1_313' title='bbox 751 4125 871 4169; x_wconf 89' lang='lat' dir='ltr'><strong>tuus</strong></span> <span class='ocrx_word' id='word_1_314' title='bbox 918 4115 1063 4169; x_wconf 87' lang='lat' dir='ltr'><strong>vivit.</strong></span> <span class='ocrx_word' id='word_1_315' title='bbox 1107 4113 1345 4169; x_wconf 84' lang='lat' dir='ltr'><strong>Credidit</strong></span> <span class='ocrx_word' id='word_1_316' title='bbox 1387 4113 1550 4170; x_wconf 89' lang='lat' dir='ltr'><strong>homo</strong></span> <span class='ocrx_word' id='word_1_317' title='bbox 1593 4112 1831 4169; x_wconf 87' lang='lat' dir='ltr'><strong>sermoni</strong></span> <span class='ocrx_word' id='word_1_318' title='bbox 1875 4127 2033 4180; x_wconf 88' lang='lat' dir='ltr'><strong>quem</strong></span> 
     </span>
    </p>
   </div>
   <div class='ocr_carea' id='block_1_43' title="bbox 447 4202 2032 4272">
    <p class='ocr_par' dir='ltr' id='par_1_43' title="bbox 447 4202 2032 4272">
     <span class='ocr_line' id='line_1_43' title="bbox 447 4202 2032 4272; baseline -0.003 -12"><span class='ocrx_word' id='word_1_319' title='bbox 447 4204 580 4260; x_wconf 89' lang='lat' dir='ltr'><strong>dixit</strong></span> <span class='ocrx_word' id='word_1_320' title='bbox 614 4204 662 4260; x_wconf 87' lang='lat' dir='ltr'><strong>ei</strong></span> <span class='ocrx_word' id='word_1_321' title='bbox 708 4203 970 4272; x_wconf 81' lang='lat' dir='ltr'><strong>Jesus,et</strong></span> <span class='ocrx_word' id='word_1_322' title='bbox 1012 4204 1140 4261; x_wconf 84' lang='lat' dir='ltr'><strong>ibat.</strong></span> <span class='ocrx_word' id='word_1_323' title='bbox 1187 4202 1303 4258; x_wconf 78' lang='lat' dir='ltr'><strong>iam</strong></span> <span class='ocrx_word' id='word_1_324' title='bbox 1339 4213 1518 4267; x_wconf 87' lang='lat' dir='ltr'><strong>autem</strong></span> <span class='ocrx_word' id='word_1_325' title='bbox 1554 4202 1915 4258; x_wconf 70' lang='lat' dir='ltr'><strong>descendente</strong></span> <span class='ocrx_word' id='word_1_326' title='bbox 1945 4215 2032 4265; x_wconf 91' lang='lat' dir='ltr'><strong>co,</strong></span> 
     </span>
    </p>
   </div>
   <div class='ocr_carea' id='block_1_44' title="bbox 447 4292 2033 4360">
    <p class='ocr_par' dir='ltr' id='par_1_44' title="bbox 447 4292 2033 4360">
     <span class='ocr_line' id='line_1_44' title="bbox 447 4292 2033 4360; baseline -0.004 -10"><span class='ocrx_word' id='word_1_327' title='bbox 447 4296 589 4351; x_wconf 84' lang='lat' dir='ltr'><strong>servi</strong></span> <span class='ocrx_word' id='word_1_328' title='bbox 618 4306 969 4353; x_wconf 87' lang='lat' dir='ltr'><strong>occurrerunt</strong></span> <span class='ocrx_word' id='word_1_329' title='bbox 995 4296 1048 4351; x_wconf 90' lang='lat' dir='ltr'><strong>ei</strong></span> <span class='ocrx_word' id='word_1_330' title='bbox 1086 4303 1147 4351; x_wconf 90' lang='lat' dir='ltr'><strong>et</strong></span> <span class='ocrx_word' id='word_1_331' title='bbox 1177 4298 1557 4351; x_wconf 85' lang='lat' dir='ltr'><strong>nuntiaverunt</strong></span> <span class='ocrx_word' id='word_1_332' title='bbox 1586 4296 1827 4349; x_wconf 86' lang='lat' dir='ltr'><strong>dicentes</strong></span> <span class='ocrx_word' id='word_1_333' title='bbox 1852 4309 1867 4346; x_wconf 89' lang='lat'><strong>:</strong></span> <span class='ocrx_word' id='word_1_334' title='bbox 1899 4292 2033 4360; x_wconf 81' lang='lat' dir='ltr'><strong>Quia</strong></span> 
     </span>
    </p>
   </div>
   <div class='ocr_carea' id='block_1_45' title="bbox 451 4385 2042 4457">
    <p class='ocr_par' dir='ltr' id='par_1_45' title="bbox 451 4385 2042 4457">
     <span class='ocr_line' id='line_1_45' title="bbox 451 4385 2042 4457; baseline 0.001 -18"><span class='ocrx_word' id='word_1_335' title='bbox 451 4387 593 4443; x_wconf 83' lang='lat' dir='ltr'><strong>ﬁlius</strong></span> <span class='ocrx_word' id='word_1_336' title='bbox 624 4386 744 4457; x_wconf 89' lang='lat' dir='ltr'><strong>ejus</strong></span> <span class='ocrx_word' id='word_1_337' title='bbox 773 4388 996 4443; x_wconf 86' lang='lat' dir='ltr'><strong>viveret.</strong></span> <span class='ocrx_word' id='word_1_338' title='bbox 1044 4386 1407 4457; x_wconf 82' lang='lat' dir='ltr'><strong>interrogabat</strong></span> <span class='ocrx_word' id='word_1_339' title='bbox 1437 4397 1614 4443; x_wconf 87' lang='lat' dir='ltr'><strong>autem</strong></span> <span class='ocrx_word' id='word_1_340' title='bbox 1649 4386 1834 4439; x_wconf 87' lang='lat' dir='ltr'><strong>horam</strong></span> <span class='ocrx_word' id='word_1_341' title='bbox 1858 4385 1929 4440; x_wconf 90' lang='lat' dir='ltr'><strong>ab</strong></span> <span class='ocrx_word' id='word_1_342' title='bbox 1953 4387 2042 4441; x_wconf 84' lang='lat' dir='ltr'><strong>eis</strong></span> 
     </span>
    </p>
   </div>
   <div class='ocr_carea' id='block_1_46' title="bbox 451 4479 2036 4550">
    <p class='ocr_par' dir='ltr' id='par_1_46' title="bbox 451 4479 2036 4550">
     <span class='ocr_line' id='line_1_46' title="bbox 451 4479 2036 4550; baseline 0.001 -17"><span class='ocrx_word' id='word_1_343' title='bbox 451 4482 506 4535; x_wconf 92' lang='lat' dir='ltr'><strong>in</strong></span> <span class='ocrx_word' id='word_1_344' title='bbox 536 4497 638 4550; x_wconf 87' lang='lat' dir='ltr'><strong>qua</strong></span> <span class='ocrx_word' id='word_1_345' title='bbox 669 4481 861 4537; x_wconf 89' lang='lat' dir='ltr'><strong>melius</strong></span> <span class='ocrx_word' id='word_1_346' title='bbox 912 4480 1178 4547; x_wconf 86' lang='lat' dir='ltr'><strong>habuerit,</strong></span> <span class='ocrx_word' id='word_1_347' title='bbox 1220 4491 1274 4536; x_wconf 89' lang='lat' dir='ltr'><strong>et</strong></span> <span class='ocrx_word' id='word_1_348' title='bbox 1308 4482 1561 4537; x_wconf 80' lang='lat' dir='ltr'><strong>d:xerunt</strong></span> <span class='ocrx_word' id='word_1_349' title='bbox 1596 4481 1644 4537; x_wconf 86' lang='lat' dir='ltr'><strong>ei</strong></span> <span class='ocrx_word' id='word_1_350' title='bbox 1683 4495 1699 4535; x_wconf 88' lang='lat'><strong>:</strong></span> <span class='ocrx_word' id='word_1_351' title='bbox 1740 4479 1874 4548; x_wconf 87' lang='lat' dir='ltr'><strong>Quia</strong></span> <span class='ocrx_word' id='word_1_352' title='bbox 1919 4479 2036 4535; x_wconf 74' lang='lat' dir='ltr'><strong>heri</strong></span> 
     </span>
    </p>
   </div>
   <div class='ocr_carea' id='block_1_47' title="bbox 2108 491 3692 571">
    <p class='ocr_par' dir='ltr' id='par_1_47' title="bbox 2108 491 3692 571">
     <span class='ocr_line' id='line_1_47' title="bbox 2108 491 3692 571; baseline -0.013 -6"><span class='ocrx_word' id='word_1_353' title='bbox 2108 508 2394 566; x_wconf 78' lang='lat' dir='ltr'><strong>inanducat</strong></span> <span class='ocrx_word' id='word_1_354' title='bbox 2421 515 2476 561; x_wconf 86' lang='lat' dir='ltr'><strong>et</strong></span> <span class='ocrx_word' id='word_1_355' title='bbox 2504 503 2640 558; x_wconf 84' lang='lat' dir='ltr'><strong>bibit</strong></span> <span class='ocrx_word' id='word_1_356' title='bbox 2669 499 2923 571; x_wconf 77' lang='lat' dir='ltr'><strong>magister</strong></span> <span class='ocrx_word' id='word_1_357' title='bbox 2950 495 3175 553; x_wconf 79' lang='lat' dir='ltr'><strong>vester?</strong></span> <span class='ocrx_word' id='word_1_358' title='bbox 3219 494 3330 548; x_wconf 89' lang='lat' dir='ltr'><strong>lloe</strong></span> <span class='ocrx_word' id='word_1_359' title='bbox 3366 492 3569 555; x_wconf 85' lang='lat' dir='ltr'><strong>audito,</strong></span> <span class='ocrx_word' id='word_1_360' title='bbox 3599 491 3692 545; x_wconf 80' lang='lat' dir='ltr'><strong>ic-</strong></span> 
     </span>
    </p>
   </div>
   <div class='ocr_carea' id='block_1_48' title="bbox 2105 581 3693 667">
    <p class='ocr_par' dir='ltr' id='par_1_48' title="bbox 2105 581 3693 667">
     <span class='ocr_line' id='line_1_48' title="bbox 2105 581 3693 667; baseline -0.015 -10"><span class='ocrx_word' id='word_1_361' title='bbox 2105 613 2198 657; x_wconf 72' lang='lat' dir='ltr'><strong>sus</strong></span> <span class='ocrx_word' id='word_1_362' title='bbox 2225 596 2300 652; x_wconf 85' lang='lat' dir='ltr'><strong>ait</strong></span> <span class='ocrx_word' id='word_1_363' title='bbox 2329 596 2435 651; x_wconf 90' lang='lat' dir='ltr'><strong>illis</strong></span> <span class='ocrx_word' id='word_1_364' title='bbox 2467 612 2481 648; x_wconf 89' lang='lat'><strong>:</strong></span> <span class='ocrx_word' id='word_1_365' title='bbox 2510 592 2625 648; x_wconf 84' lang='lat' dir='ltr'><strong>Non</strong></span> <span class='ocrx_word' id='word_1_366' title='bbox 2653 603 2877 667; x_wconf 82' lang='lat' dir='ltr'><strong>necesse</strong></span> <span class='ocrx_word' id='word_1_367' title='bbox 2908 586 3106 642; x_wconf 83' lang='lat' dir='ltr'><strong>habent</strong></span> <span class='ocrx_word' id='word_1_368' title='bbox 3132 584 3248 638; x_wconf 88' lang='lat' dir='ltr'><strong>sani</strong></span> <span class='ocrx_word' id='word_1_369' title='bbox 3276 581 3568 645; x_wconf 85' lang='lat' dir='ltr'><strong>medicum,</strong></span> <span class='ocrx_word' id='word_1_370' title='bbox 3593 581 3693 635; x_wconf 78' lang='lat' dir='ltr'><strong>sed</strong></span> 
     </span>
    </p>
   </div>
   <div class='ocr_carea' id='block_1_49' title="bbox 2105 672 3693 759">
    <p class='ocr_par' dir='ltr' id='par_1_49' title="bbox 2105 672 3693 759">
     <span class='ocr_line' id='line_1_49' title="bbox 2105 672 3693 759; baseline -0.013 -14"><span class='ocrx_word' id='word_1_371' title='bbox 2105 690 2195 759; x_wconf 80' lang='lat' dir='ltr'><strong>qui</strong></span> <span class='ocrx_word' id='word_1_372' title='bbox 2222 688 2363 744; x_wconf 88' lang='lat' dir='ltr'><strong>male</strong></span> <span class='ocrx_word' id='word_1_373' title='bbox 2390 686 2609 741; x_wconf 77' lang='lat' dir='ltr'><strong>habent.</strong></span> <span class='ocrx_word' id='word_1_374' title='bbox 2642 681 2845 738; x_wconf 84' lang='lat' dir='ltr'><strong>Euutes</strong></span> <span class='ocrx_word' id='word_1_375' title='bbox 2867 687 3047 733; x_wconf 87' lang='lat' dir='ltr'><strong>autem</strong></span> <span class='ocrx_word' id='word_1_376' title='bbox 3067 676 3260 733; x_wconf 85' lang='lat' dir='ltr'><strong>discite</strong></span> <span class='ocrx_word' id='word_1_377' title='bbox 3285 674 3414 744; x_wconf 85' lang='lat' dir='ltr'><strong>quid</strong></span> <span class='ocrx_word' id='word_1_378' title='bbox 3438 674 3563 728; x_wconf 82' lang='lat' dir='ltr'><strong>est:</strong></span> <span class='ocrx_word' id='word_1_379' title='bbox 3590 672 3693 726; x_wconf 73' lang='lat' dir='ltr'><strong>ili-</strong></span> 
     </span>
    </p>
   </div>
   <div class='ocr_carea' id='block_1_50' title="bbox 2107 763 3698 843">
    <p class='ocr_par' dir='ltr' id='par_1_50' title="bbox 2107 763 3698 843">
     <span class='ocr_line' id='line_1_50' title="bbox 2107 763 3698 843; baseline -0.013 -5"><span class='ocrx_word' id='word_1_380' title='bbox 2107 778 2457 838; x_wconf 86' lang='lat' dir='ltr'><strong>sericordiam</strong></span> <span class='ocrx_word' id='word_1_381' title='bbox 2478 776 2621 843; x_wconf 89' lang='lat' dir='ltr'><strong>volo,</strong></span> <span class='ocrx_word' id='word_1_382' title='bbox 2645 784 2700 829; x_wconf 89' lang='lat' dir='ltr'><strong>et</strong></span> <span class='ocrx_word' id='word_1_383' title='bbox 2723 787 2831 828; x_wconf 79' lang='lat' dir='ltr'><strong>non</strong></span> <span class='ocrx_word' id='word_1_384' title='bbox 2858 768 3178 827; x_wconf 73' lang='lat' dir='ltr'><strong>sacrificium</strong></span> <span class='ocrx_word' id='word_1_385' title='bbox 3203 767 3351 837; x_wconf 81' lang='lat' dir='ltr'><strong>(Ose.</strong></span> <span class='ocrx_word' id='word_1_386' title='bbox 3375 780 3448 831; x_wconf 79' lang='lat' dir='ltr'><strong>vi,</strong></span> <span class='ocrx_word' id='word_1_387' title='bbox 3468 764 3550 834; x_wconf 79' lang='lat'><strong>6).</strong></span> <span class='ocrx_word' id='word_1_388' title='bbox 3576 763 3698 819; x_wconf 83' lang='lat' dir='ltr'><strong>Non</strong></span> 
     </span>
    </p>
   </div>
   <div class='ocr_carea' id='block_1_51' title="bbox 2107 860 3702 940">
    <p class='ocr_par' dir='ltr' id='par_1_51' title="bbox 2107 860 3702 940">
     <span class='ocr_line' id='line_1_51' title="bbox 2107 860 3702 940; baseline -0.012 -8"><span class='ocrx_word' id='word_1_389' title='bbox 2107 874 2251 932; x_wconf 90' lang='lat' dir='ltr'><strong>enim</strong></span> <span class='ocrx_word' id='word_1_390' title='bbox 2279 886 2472 929; x_wconf 80' lang='lat' dir='ltr'><strong>vocare</strong></span> <span class='ocrx_word' id='word_1_391' title='bbox 2500 869 2623 926; x_wconf 88' lang='lat' dir='ltr'><strong>veni</strong></span> <span class='ocrx_word' id='word_1_392' title='bbox 2646 868 2845 940; x_wconf 83' lang='lat' dir='ltr'><strong>justos,</strong></span> <span class='ocrx_word' id='word_1_393' title='bbox 2875 866 2970 922; x_wconf 89' lang='lat' dir='ltr'><strong>sed</strong></span> <span class='ocrx_word' id='word_1_394' title='bbox 3004 872 3316 934; x_wconf 81' lang='lat' dir='ltr'><strong>peccatores</strong></span> <span class='ocrx_word' id='word_1_395' title='bbox 3342 862 3394 915; x_wconf 90' lang='lat' dir='ltr'><strong>in</strong></span> <span class='ocrx_word' id='word_1_396' title='bbox 3426 860 3702 928; x_wconf 61' lang='lat' dir='ltr'><strong>panitet!-</strong></span> 
     </span>
    </p>
   </div>
   <div class='ocr_carea' id='block_1_52' title="bbox 2111 952 3703 1024">
    <p class='ocr_par' dir='ltr' id='par_1_52' title="bbox 2111 952 3703 1024">
     <span class='ocr_line' id='line_1_52' title="bbox 2111 952 3703 1024; baseline -0.011 -2"><span class='ocrx_word' id='word_1_397' title='bbox 2111 967 2262 1023; x_wconf 88' lang='lat' dir='ltr'><strong>tiam.</strong></span> <span class='ocrx_word' id='word_1_398' title='bbox 2290 969 2361 1021; x_wconf 77' lang='lat' dir='ltr'><strong>At</strong></span> <span class='ocrx_word' id='word_1_399' title='bbox 2390 963 2468 1019; x_wconf 75' lang='lat' dir='ltr'><strong>illi</strong></span> <span class='ocrx_word' id='word_1_400' title='bbox 2498 963 2749 1019; x_wconf 86' lang='lat' dir='ltr'><strong>dixerunt</strong></span> <span class='ocrx_word' id='word_1_401' title='bbox 2777 959 2843 1013; x_wconf 85' lang='lat' dir='ltr'><strong>ad</strong></span> <span class='ocrx_word' id='word_1_402' title='bbox 2874 974 2995 1013; x_wconf 90' lang='lat' dir='ltr'><strong>eum</strong></span> <span class='ocrx_word' id='word_1_403' title='bbox 3019 974 3034 1012; x_wconf 91' lang='lat'><strong>:</strong></span> <span class='ocrx_word' id='word_1_404' title='bbox 3057 956 3235 1024; x_wconf 88' lang='lat' dir='ltr'><strong>Quare</strong></span> <span class='ocrx_word' id='word_1_405' title='bbox 3260 953 3503 1022; x_wconf 83' lang='lat' dir='ltr'><strong>discipuli</strong></span> <span class='ocrx_word' id='word_1_406' title='bbox 3530 952 3703 1007; x_wconf 85' lang='lat' dir='ltr'><strong>Joan—</strong></span> 
     </span>
    </p>
   </div>
   <div class='ocr_carea' id='block_1_53' title="bbox 2113 1042 3704 1130">
    <p class='ocr_par' dir='ltr' id='par_1_53' title="bbox 2113 1042 3704 1130">
     <span class='ocr_line' id='line_1_53' title="bbox 2113 1042 3704 1130; baseline -0.013 -14"><span class='ocrx_word' id='word_1_407' title='bbox 2113 1062 2198 1117; x_wconf 88' lang='lat' dir='ltr'><strong>nis</strong></span> <span class='ocrx_word' id='word_1_408' title='bbox 2222 1059 2468 1130; x_wconf 88' lang='lat' dir='ltr'><strong>jejunant</strong></span> <span class='ocrx_word' id='word_1_409' title='bbox 2496 1056 2827 1124; x_wconf 76' lang='lat' dir='ltr'><strong>frequenter,</strong></span> <span class='ocrx_word' id='word_1_410' title='bbox 2857 1059 2912 1106; x_wconf 89' lang='lat' dir='ltr'><strong>et</strong></span> <span class='ocrx_word' id='word_1_411' title='bbox 2936 1045 3335 1104; x_wconf 84' lang='lat' dir='ltr'><strong>obsecrationes</strong></span> <span class='ocrx_word' id='word_1_412' title='bbox 3366 1042 3587 1107; x_wconf 81' lang='lat' dir='ltr'><strong>faciunt,</strong></span> <span class='ocrx_word' id='word_1_413' title='bbox 3617 1042 3704 1097; x_wconf 90' lang='lat' dir='ltr'><strong>si-</strong></span> 
     </span>
    </p>
   </div>
   <div class='ocr_carea' id='block_1_54' title="bbox 2116 1134 3709 1211">
    <p class='ocr_par' dir='ltr' id='par_1_54' title="bbox 2116 1134 3709 1211">
     <span class='ocr_line' id='line_1_54' title="bbox 2116 1134 3709 1211; baseline -0.015 -1"><span class='ocrx_word' id='word_1_414' title='bbox 2116 1154 2316 1210; x_wconf 88' lang='lat' dir='ltr'><strong>militer</strong></span> <span class='ocrx_word' id='word_1_415' title='bbox 2346 1160 2402 1208; x_wconf 89' lang='lat' dir='ltr'><strong>et</strong></span> <span class='ocrx_word' id='word_1_416' title='bbox 2426 1149 2857 1211; x_wconf 69' lang='lat' dir='ltr'><strong>Pharisteorum;</strong></span> <span class='ocrx_word' id='word_1_417' title='bbox 2887 1141 2962 1197; x_wconf 89' lang='lat' dir='ltr'><strong>tui</strong></span> <span class='ocrx_word' id='word_1_418' title='bbox 2990 1148 3168 1195; x_wconf 86' lang='lat' dir='ltr'><strong>autem</strong></span> <span class='ocrx_word' id='word_1_419' title='bbox 3198 1137 3360 1191; x_wconf 86' lang='lat' dir='ltr'><strong>edunt</strong></span> <span class='ocrx_word' id='word_1_420' title='bbox 3395 1144 3451 1190; x_wconf 91' lang='lat' dir='ltr'><strong>et</strong></span> <span class='ocrx_word' id='word_1_421' title='bbox 3487 1134 3709 1200; x_wconf 82' lang='lat' dir='ltr'><strong>bibunt,</strong></span> 
     </span>
    </p>
   </div>
   <div class='ocr_carea' id='block_1_55' title="bbox 2113 1224 3712 1313">
    <p class='ocr_par' dir='ltr' id='par_1_55' title="bbox 2113 1224 3712 1313">
     <span class='ocr_line' id='line_1_55' title="bbox 2113 1224 3712 1313; baseline -0.013 -13"><span class='ocrx_word' id='word_1_422' title='bbox 2113 1253 2169 1301; x_wconf 86' lang='lat' dir='ltr'><strong>et</strong></span> <span class='ocrx_word' id='word_1_423' title='bbox 2194 1258 2299 1299; x_wconf 85' lang='lat' dir='ltr'><strong>non</strong></span> <span class='ocrx_word' id='word_1_424' title='bbox 2326 1240 2609 1313; x_wconf 80' lang='lat' dir='ltr'><strong>jejunant‘t</strong></span> <span class='ocrx_word' id='word_1_425' title='bbox 2640 1237 2845 1306; x_wconf 85' lang='lat' dir='ltr'><strong>Quibus</strong></span> <span class='ocrx_word' id='word_1_426' title='bbox 2885 1234 3002 1303; x_wconf 89' lang='lat' dir='ltr'><strong>ipse</strong></span> <span class='ocrx_word' id='word_1_427' title='bbox 3039 1233 3115 1285; x_wconf 77' lang='lat' dir='ltr'><strong>ait</strong></span> <span class='ocrx_word' id='word_1_428' title='bbox 3144 1246 3160 1283; x_wconf 87' lang='lat'><strong>:</strong></span> <span class='ocrx_word' id='word_1_429' title='bbox 3186 1224 3434 1297; x_wconf 83' lang='lat' dir='ltr'><strong>Nunquid</strong></span> <span class='ocrx_word' id='word_1_430' title='bbox 3476 1234 3712 1294; x_wconf 77' lang='lat' dir='ltr'><strong>possunt</strong></span> 
     </span>
    </p>
   </div>
   <div class='ocr_carea' id='block_1_56' title="bbox 2114 1316 3717 1403">
    <p class='ocr_par' dir='ltr' id='par_1_56' title="bbox 2114 1316 3717 1403">
     <span class='ocr_line' id='line_1_56' title="bbox 2114 1316 3717 1403; baseline -0.014 -12"><span class='ocrx_word' id='word_1_431' title='bbox 2114 1335 2208 1390; x_wconf 84' lang='lat' dir='ltr'><strong>lilii</strong></span> <span class='ocrx_word' id='word_1_432' title='bbox 2251 1333 2583 1403; x_wconf 81' lang='lat' dir='ltr'><strong>nuptiarum,</strong></span> <span class='ocrx_word' id='word_1_433' title='bbox 2608 1327 2841 1399; x_wconf 89' lang='lat' dir='ltr'><strong>quandiu</strong></span> <span class='ocrx_word' id='word_1_434' title='bbox 2881 1333 3113 1394; x_wconf 81' lang='lat' dir='ltr'><strong>sponsus</strong></span> <span class='ocrx_word' id='word_1_435' title='bbox 3140 1328 3224 1375; x_wconf 91' lang='lat' dir='ltr'><strong>est</strong></span> <span class='ocrx_word' id='word_1_436' title='bbox 3250 1334 3371 1373; x_wconf 89' lang='lat' dir='ltr'><strong>cum</strong></span> <span class='ocrx_word' id='word_1_437' title='bbox 3409 1316 3535 1381; x_wconf 88' lang='lat' dir='ltr'><strong>illis,</strong></span> <span class='ocrx_word' id='word_1_438' title='bbox 3561 1316 3717 1387; x_wconf 83' lang='lat' dir='ltr'><strong>jeju-</strong></span> 
     </span>
    </p>
   </div>
   <div class='ocr_carea' id='block_1_57' title="bbox 2115 1410 3715 1490">
    <p class='ocr_par' dir='ltr' id='par_1_57' title="bbox 2115 1410 3715 1490">
     <span class='ocr_line' id='line_1_57' title="bbox 2115 1410 3715 1490; baseline -0.011 -11"><span class='ocrx_word' id='word_1_439' title='bbox 2115 1423 2286 1479; x_wconf 85' lang='lat' dir='ltr'><strong>nare?</strong></span> <span class='ocrx_word' id='word_1_440' title='bbox 2322 1423 2534 1490; x_wconf 87' lang='lat' dir='ltr'><strong>Quanto</strong></span> <span class='ocrx_word' id='word_1_441' title='bbox 2564 1428 2805 1487; x_wconf 88' lang='lat' dir='ltr'><strong>tempore</strong></span> <span class='ocrx_word' id='word_1_442' title='bbox 2841 1410 3042 1470; x_wconf 76' lang='lat' dir='ltr'><strong>habent</strong></span> <span class='ocrx_word' id='word_1_443' title='bbox 3071 1424 3256 1467; x_wconf 85' lang='lat' dir='ltr'><strong>secum</strong></span> <span class='ocrx_word' id='word_1_444' title='bbox 3288 1422 3563 1478; x_wconf 72' lang='lat' dir='ltr'><strong>sponsum,</strong></span> <span class='ocrx_word' id='word_1_445' title='bbox 3597 1423 3715 1462; x_wconf 88' lang='lat' dir='ltr'><strong>non</strong></span> 
     </span>
    </p>
   </div>
   <div class='ocr_carea' id='block_1_58' title="bbox 2115 1497 3720 1587">
    <p class='ocr_par' dir='ltr' id='par_1_58' title="bbox 2115 1497 3720 1587">
     <span class='ocr_line' id='line_1_58' title="bbox 2115 1497 3720 1587; baseline -0.013 -16"><span class='ocrx_word' id='word_1_446' title='bbox 2115 1521 2339 1587; x_wconf 86' lang='lat' dir='ltr'><strong>possunt</strong></span> <span class='ocrx_word' id='word_1_447' title='bbox 2362 1511 2632 1582; x_wconf 88' lang='lat' dir='ltr'><strong>jejunare.</strong></span> <span class='ocrx_word' id='word_1_448' title='bbox 2665 1505 2897 1564; x_wconf 79' lang='lat' dir='ltr'><strong>Venient</strong></span> <span class='ocrx_word' id='word_1_449' title='bbox 2924 1513 3101 1559; x_wconf 89' lang='lat' dir='ltr'><strong>autem</strong></span> <span class='ocrx_word' id='word_1_450' title='bbox 3134 1499 3249 1555; x_wconf 89' lang='lat' dir='ltr'><strong>dies</strong></span> <span class='ocrx_word' id='word_1_451' title='bbox 3285 1513 3405 1554; x_wconf 89' lang='lat' dir='ltr'><strong>cum</strong></span> <span class='ocrx_word' id='word_1_452' title='bbox 3435 1497 3720 1552; x_wconf 76' lang='lat' dir='ltr'><strong>auferetur</strong></span> 
     </span>
    </p>
   </div>
   <div class='ocr_carea' id='block_1_59' title="bbox 2115 1588 3714 1674">
    <p class='ocr_par' dir='ltr' id='par_1_59' title="bbox 2115 1588 3714 1674">
     <span class='ocr_line' id='line_1_59' title="bbox 2115 1588 3714 1674; baseline -0.012 -12"><span class='ocrx_word' id='word_1_453' title='bbox 2115 1607 2186 1662; x_wconf 88' lang='lat' dir='ltr'><strong>ab</strong></span> <span class='ocrx_word' id='word_1_454' title='bbox 2230 1607 2310 1663; x_wconf 91' lang='lat' dir='ltr'><strong>eis</strong></span> <span class='ocrx_word' id='word_1_455' title='bbox 2357 1617 2612 1674; x_wconf 85' lang='lat' dir='ltr'><strong>sponsus,</strong></span> <span class='ocrx_word' id='word_1_456' title='bbox 2640 1605 2695 1657; x_wconf 88' lang='lat' dir='ltr'><strong>et</strong></span> <span class='ocrx_word' id='word_1_457' title='bbox 2741 1607 2868 1654; x_wconf 88' lang='lat' dir='ltr'><strong>tunc</strong></span> <span class='ocrx_word' id='word_1_458' title='bbox 2908 1593 3229 1665; x_wconf 89' lang='lat' dir='ltr'><strong>jejunabunt</strong></span> <span class='ocrx_word' id='word_1_459' title='bbox 3268 1590 3323 1644; x_wconf 92' lang='lat' dir='ltr'><strong>in</strong></span> <span class='ocrx_word' id='word_1_460' title='bbox 3359 1589 3464 1645; x_wconf 87' lang='lat' dir='ltr'><strong>illis</strong></span> <span class='ocrx_word' id='word_1_461' title='bbox 3491 1588 3714 1644; x_wconf 76' lang='lat' dir='ltr'><strong>diebus.</strong></span> 
     </span>
    </p>
   </div>
   <div class='ocr_carea' id='block_1_60' title="bbox 2119 1679 3723 1754">
    <p class='ocr_par' dir='ltr' id='par_1_60' title="bbox 2119 1679 3723 1754">
     <span class='ocr_line' id='line_1_60' title="bbox 2119 1679 3723 1754; baseline -0.013 1"><span class='ocrx_word' id='word_1_462' title='bbox 2119 1698 2343 1754; x_wconf 89' lang='lat' dir='ltr'><strong>Dicebat</strong></span> <span class='ocrx_word' id='word_1_463' title='bbox 2391 1704 2570 1750; x_wconf 85' lang='lat' dir='ltr'><strong>autem</strong></span> <span class='ocrx_word' id='word_1_464' title='bbox 2614 1688 3023 1748; x_wconf 88' lang='lat' dir='ltr'><strong>similitudinem</strong></span> <span class='ocrx_word' id='word_1_465' title='bbox 3072 1684 3140 1739; x_wconf 87' lang='lat' dir='ltr'><strong>ad</strong></span> <span class='ocrx_word' id='word_1_466' title='bbox 3181 1681 3306 1737; x_wconf 87' lang='lat' dir='ltr'><strong>illos</strong></span> <span class='ocrx_word' id='word_1_467' title='bbox 3338 1679 3513 1747; x_wconf 88' lang='lat' dir='ltr'><strong>:Quia</strong></span> <span class='ocrx_word' id='word_1_468' title='bbox 3551 1693 3723 1735; x_wconf 70' lang='lat' dir='ltr'><strong>neuio</strong></span> 
     </span>
    </p>
   </div>
   <div class='ocr_carea' id='block_1_61' title="bbox 2044 1772 3717 1874">
    <p class='ocr_par' dir='ltr' id='par_1_61' title="bbox 2044 1772 3717 1874">
     <span class='ocr_line' id='line_1_61' title="bbox 2044 1772 3717 1874; baseline -0.013 -29"><span class='ocrx_word' id='word_1_469' title='bbox 2044 1810 2092 1874; x_wconf 67' lang='grc' dir='ltr'><strong>Β</strong></span> <span class='ocrx_word' id='word_1_470' title='bbox 2124 1795 2493 1846; x_wconf 88' lang='lat' dir='ltr'><strong>assumentum</strong></span> <span class='ocrx_word' id='word_1_471' title='bbox 2532 1772 2697 1855; x_wconf 80' lang='lat' dir='ltr'><strong>panni</strong></span> <span class='ocrx_word' id='word_1_472' title='bbox 2742 1778 2895 1836; x_wconf 86' lang='lat' dir='ltr'><strong>rudis</strong></span> <span class='ocrx_word' id='word_1_473' title='bbox 2932 1776 3105 1867; x_wconf 71' lang='lat' dir='ltr'><strong>assuit</strong></span> <span class='ocrx_word' id='word_1_474' title='bbox 3140 1774 3463 1839; x_wconf 86' lang='lat' dir='ltr'><strong>vestimento</strong></span> <span class='ocrx_word' id='word_1_475' title='bbox 3496 1772 3655 1826; x_wconf 84' lang='lat' dir='ltr'><strong>veteri</strong></span> <span class='ocrx_word' id='word_1_476' title='bbox 3695 1786 3717 1824; x_wconf 93' lang='lat'><strong>:</strong></span> 
     </span>
    </p>
   </div>
   <div class='ocr_carea' id='block_1_62' title="bbox 2122 1864 3723 1953">
    <p class='ocr_par' dir='ltr' id='par_1_62' title="bbox 2122 1864 3723 1953">
     <span class='ocr_line' id='line_1_62' title="bbox 2122 1864 3723 1953; baseline -0.011 -16"><span class='ocrx_word' id='word_1_477' title='bbox 2122 1881 2362 1953; x_wconf 84' lang='lat' dir='ltr'><strong>alioquin</strong></span> <span class='ocrx_word' id='word_1_478' title='bbox 2405 1878 2584 1935; x_wconf 82' lang='lat' dir='ltr'><strong>aufert</strong></span> <span class='ocrx_word' id='word_1_479' title='bbox 2626 1864 3058 1945; x_wconf 85' lang='lat' dir='ltr'><strong>supplementum</strong></span> <span class='ocrx_word' id='word_1_480' title='bbox 3109 1881 3308 1924; x_wconf 83' lang='lat' dir='ltr'><strong>novum</strong></span> <span class='ocrx_word' id='word_1_481' title='bbox 3348 1879 3378 1919; x_wconf 90' lang='lat' dir='ltr'><strong>a</strong></span> <span class='ocrx_word' id='word_1_482' title='bbox 3425 1864 3615 1927; x_wconf 84' lang='lat' dir='ltr'><strong>veteri,</strong></span> <span class='ocrx_word' id='word_1_483' title='bbox 3656 1872 3723 1919; x_wconf 84' lang='lat' dir='ltr'><strong>et</strong></span> 
     </span>
    </p>
   </div>
   <div class='ocr_carea' id='block_1_63' title="bbox 2121 1958 3719 2044">
    <p class='ocr_par' dir='ltr' id='par_1_63' title="bbox 2121 1958 3719 2044">
     <span class='ocr_line' id='line_1_63' title="bbox 2121 1958 3719 2044; baseline -0.011 -14"><span class='ocrx_word' id='word_1_484' title='bbox 2121 1973 2294 2044; x_wconf 87' lang='lat' dir='ltr'><strong>major</strong></span> <span class='ocrx_word' id='word_1_485' title='bbox 2324 1972 2557 2028; x_wconf 88' lang='lat' dir='ltr'><strong>scissura</strong></span> <span class='ocrx_word' id='word_1_486' title='bbox 2591 1968 2667 2023; x_wconf 84' lang='lat' dir='ltr'><strong>iit.</strong></span> <span class='ocrx_word' id='word_1_487' title='bbox 2712 1966 2778 2022; x_wconf 86' lang='lat' dir='ltr'><strong>Et</strong></span> <span class='ocrx_word' id='word_1_488' title='bbox 2818 1974 2978 2020; x_wconf 87' lang='lat' dir='ltr'><strong>nemo</strong></span> <span class='ocrx_word' id='word_1_489' title='bbox 3007 1961 3172 2017; x_wconf 87' lang='lat' dir='ltr'><strong>mittit</strong></span> <span class='ocrx_word' id='word_1_490' title='bbox 3198 1960 3382 2027; x_wconf 89' lang='lat' dir='ltr'><strong>vinum</strong></span> <span class='ocrx_word' id='word_1_491' title='bbox 3412 1975 3606 2014; x_wconf 89' lang='lat' dir='ltr'><strong>novum</strong></span> <span class='ocrx_word' id='word_1_492' title='bbox 3650 1958 3719 2013; x_wconf 82' lang='lat' dir='ltr'><strong>in</strong></span> 
     </span>
    </p>
   </div>
   <div class='ocr_carea' id='block_1_64' title="bbox 2119 2057 3716 2133">
    <p class='ocr_par' dir='ltr' id='par_1_64' title="bbox 2119 2057 3716 2133">
     <span class='ocr_line' id='line_1_64' title="bbox 2119 2057 3716 2133; baseline -0.009 -10"><span class='ocrx_word' id='word_1_493' title='bbox 2119 2077 2269 2125; x_wconf 81' lang='lat' dir='ltr'><strong>utres</strong></span> <span class='ocrx_word' id='word_1_494' title='bbox 2294 2077 2538 2130; x_wconf 90' lang='lat' dir='ltr'><strong>veteres;</strong></span> <span class='ocrx_word' id='word_1_495' title='bbox 2567 2061 2803 2132; x_wconf 89' lang='lat' dir='ltr'><strong>alioquin</strong></span> <span class='ocrx_word' id='word_1_496' title='bbox 2849 2064 3061 2128; x_wconf 88' lang='lat' dir='ltr'><strong>rumpet</strong></span> <span class='ocrx_word' id='word_1_497' title='bbox 3095 2057 3275 2133; x_wconf 86' lang='lat' dir='ltr'><strong>vinum</strong></span> <span class='ocrx_word' id='word_1_498' title='bbox 3308 2066 3506 2125; x_wconf 85' lang='lat' dir='ltr'><strong>novum</strong></span> <span class='ocrx_word' id='word_1_499' title='bbox 3538 2065 3716 2120; x_wconf 88' lang='lat' dir='ltr'><strong>utres,</strong></span> 
     </span>
    </p>
   </div>
   <div class='ocr_carea' id='block_1_65' title="bbox 2121 2142 3721 2230">
    <p class='ocr_par' dir='ltr' id='par_1_65' title="bbox 2121 2142 3721 2230">
     <span class='ocr_line' id='line_1_65' title="bbox 2121 2142 3721 2230; baseline -0.01 -15"><span class='ocrx_word' id='word_1_500' title='bbox 2121 2159 2396 2230; x_wconf 77' lang='lat' dir='ltr'><strong>et‘ipsum</strong></span> <span class='ocrx_word' id='word_1_501' title='bbox 2435 2153 2762 2219; x_wconf 77' lang='lat' dir='ltr'><strong>eﬂ&#39;undctur,</strong></span> <span class='ocrx_word' id='word_1_502' title='bbox 2790 2159 2847 2206; x_wconf 91' lang='lat' dir='ltr'><strong>et</strong></span> <span class='ocrx_word' id='word_1_503' title='bbox 2884 2158 3032 2205; x_wconf 87' lang='lat' dir='ltr'><strong>utres</strong></span> <span class='ocrx_word' id='word_1_504' title='bbox 3063 2142 3333 2216; x_wconf 84' lang='lat' dir='ltr'><strong>peribunt.</strong></span> <span class='ocrx_word' id='word_1_505' title='bbox 3379 2144 3485 2200; x_wconf 89' lang='lat' dir='ltr'><strong>Sed</strong></span> <span class='ocrx_word' id='word_1_506' title='bbox 3528 2144 3721 2199; x_wconf 84' lang='lat' dir='ltr'><strong>virium</strong></span> 
     </span>
    </p>
   </div>
   <div class='ocr_carea' id='block_1_66' title="bbox 2120 2237 3731 2305">
    <p class='ocr_par' dir='ltr' id='par_1_66' title="bbox 2120 2237 3731 2305">
     <span class='ocr_line' id='line_1_66' title="bbox 2120 2237 3731 2305; baseline -0.008 -1"><span class='ocrx_word' id='word_1_507' title='bbox 2120 2262 2321 2305; x_wconf 87' lang='lat' dir='ltr'><strong>novum</strong></span> <span class='ocrx_word' id='word_1_508' title='bbox 2369 2246 2424 2302; x_wconf 91' lang='lat' dir='ltr'><strong>in</strong></span> <span class='ocrx_word' id='word_1_509' title='bbox 2478 2255 2625 2301; x_wconf 89' lang='lat' dir='ltr'><strong>utres</strong></span> <span class='ocrx_word' id='word_1_510' title='bbox 2671 2254 2840 2298; x_wconf 87' lang='lat' dir='ltr'><strong>novos</strong></span> <span class='ocrx_word' id='word_1_511' title='bbox 2884 2237 3204 2294; x_wconf 86' lang='lat' dir='ltr'><strong>mittendum</strong></span> <span class='ocrx_word' id='word_1_512' title='bbox 3248 2244 3354 2298; x_wconf 82' lang='lat' dir='ltr'><strong>est,</strong></span> <span class='ocrx_word' id='word_1_513' title='bbox 3397 2244 3452 2290; x_wconf 86' lang='lat' dir='ltr'><strong>et</strong></span> <span class='ocrx_word' id='word_1_514' title='bbox 3491 2244 3731 2304; x_wconf 75' lang='lat' dir='ltr'><strong>utraque</strong></span> 
     </span>
    </p>
   </div>
   <div class='ocr_carea' id='block_1_67' title="bbox 2126 2327 3733 2398">
    <p class='ocr_par' dir='ltr' id='par_1_67' title="bbox 2126 2327 3733 2398">
     <span class='ocr_line' id='line_1_67' title="bbox 2126 2327 3733 2398; baseline -0.011 0"><span class='ocrx_word' id='word_1_515' title='bbox 2126 2348 2538 2398; x_wconf 73' lang='lat' dir='ltr'><strong>conservantur.</strong></span> <span class='ocrx_word' id='word_1_516' title='bbox 2568 2337 2639 2392; x_wconf 83' lang='lat' dir='ltr'><strong>Et</strong></span> <span class='ocrx_word' id='word_1_517' title='bbox 2667 2349 2826 2391; x_wconf 92' lang='lat' dir='ltr'><strong>nemo</strong></span> <span class='ocrx_word' id='word_1_518' title='bbox 2857 2330 3049 2387; x_wconf 89' lang='lat' dir='ltr'><strong>bibens</strong></span> <span class='ocrx_word' id='word_1_519' title='bbox 3077 2337 3253 2397; x_wconf 89' lang='lat' dir='ltr'><strong>vetus,</strong></span> <span class='ocrx_word' id='word_1_520' title='bbox 3281 2328 3459 2383; x_wconf 52' lang='lat' dir='ltr'><strong>sta‘im</strong></span> <span class='ocrx_word' id='word_1_521' title='bbox 3484 2327 3596 2383; x_wconf 89' lang='lat' dir='ltr'><strong>vult</strong></span> <span class='ocrx_word' id='word_1_522' title='bbox 3618 2341 3733 2382; x_wconf 84' lang='lat' dir='ltr'><strong>no—</strong></span> 
     </span>
    </p>
   </div>
   <div class='ocr_carea' id='block_1_68' title="bbox 2126 2423 3207 2498">
    <p class='ocr_par' dir='ltr' id='par_1_68' title="bbox 2126 2423 3207 2498">
     <span class='ocr_line' id='line_1_68' title="bbox 2126 2423 3207 2498; baseline -0.009 -12"><span class='ocrx_word' id='word_1_523' title='bbox 2126 2447 2285 2498; x_wconf 86' lang='lat' dir='ltr'><strong>vum;</strong></span> <span class='ocrx_word' id='word_1_524' title='bbox 2316 2431 2446 2487; x_wconf 90' lang='lat' dir='ltr'><strong>dicit</strong></span> <span class='ocrx_word' id='word_1_525' title='bbox 2471 2428 2613 2484; x_wconf 89' lang='lat' dir='ltr'><strong>enim</strong></span> <span class='ocrx_word' id='word_1_526' title='bbox 2646 2444 2662 2487; x_wconf 71' lang='grc' dir='ltr'>ς</span> <span class='ocrx_word' id='word_1_527' title='bbox 2690 2426 2859 2483; x_wconf 78' lang='lat' dir='ltr'><strong>Vetus</strong></span> <span class='ocrx_word' id='word_1_528' title='bbox 2888 2423 3078 2481; x_wconf 86' lang='lat' dir='ltr'><strong>melius</strong></span> <span class='ocrx_word' id='word_1_529' title='bbox 3104 2432 3207 2477; x_wconf 89' lang='lat' dir='ltr'><strong>est.</strong></span> 
     </span>
    </p>
   </div>
   <div class='ocr_carea' id='block_1_69' title="bbox 2709 2542 3131 2601">
    <p class='ocr_par' dir='ltr' id='par_1_69' title="bbox 2709 2542 3131 2601">
     <span class='ocr_line' id='line_1_69' title="bbox 2709 2542 3131 2601; baseline -0.009 0"><span class='ocrx_word' id='word_1_530' title='bbox 2709 2544 2935 2601; x_wconf 79' lang='lat' dir='ltr'><strong>CAPUT</strong></span> <span class='ocrx_word' id='word_1_531' title='bbox 2975 2542 3131 2600; x_wconf 81' lang='lat' dir='ltr'><strong>LVII.</strong></span> 
     </span>
    </p>
   </div>
   <div class='ocr_carea' id='block_1_70' title="bbox 2182 2633 3638 2710">
    <p class='ocr_par' dir='ltr' id='par_1_70' title="bbox 2182 2633 3638 2710">
     <span class='ocr_line' id='line_1_70' title="bbox 2182 2633 3638 2710; baseline -0.007 -13"><span class='ocrx_word' id='word_1_532' title='bbox 2182 2640 2383 2697; x_wconf 80' lang='lat' dir='ltr'><strong>Scriba:</strong></span> <span class='ocrx_word' id='word_1_533' title='bbox 2419 2641 2625 2710; x_wconf 88' lang='lat' dir='ltr'><strong>signum</strong></span> <span class='ocrx_word' id='word_1_534' title='bbox 2664 2646 2841 2707; x_wconf 84' lang='lat' dir='ltr'><strong>petunt</strong></span> <span class='ocrx_word' id='word_1_535' title='bbox 2877 2636 2940 2689; x_wconf 89' lang='lat' dir='ltr'><strong>ab</strong></span> <span class='ocrx_word' id='word_1_536' title='bbox 2980 2650 3060 2704; x_wconf 71' lang='lat' dir='ltr'><strong>eo,</strong></span> <span class='ocrx_word' id='word_1_537' title='bbox 3100 2644 3151 2688; x_wconf 89' lang='lat' dir='ltr'><strong>et</strong></span> <span class='ocrx_word' id='word_1_538' title='bbox 3187 2633 3259 2689; x_wconf 85' lang='lat' dir='ltr'><strong>eis</strong></span> <span class='ocrx_word' id='word_1_539' title='bbox 3298 2635 3460 2687; x_wconf 77' lang='lat' dir='ltr'><strong>multa</strong></span> <span class='ocrx_word' id='word_1_540' title='bbox 3497 2634 3638 2689; x_wconf 83' lang='lat' dir='ltr'><strong>dicit.</strong></span> 
     </span>
    </p>
   </div>
   <div class='ocr_carea' id='block_1_71' title="bbox 2202 2743 3718 2818">
    <p class='ocr_par' dir='ltr' id='par_1_71' title="bbox 2202 2743 3718 2818">
     <span class='ocr_line' id='line_1_71' title="bbox 2202 2743 3718 2818; baseline -0.007 -10"><span class='ocrx_word' id='word_1_541' title='bbox 2202 2753 2421 2808; x_wconf 73' lang='lat' dir='ltr'><strong>Murri.</strong></span> <span class='ocrx_word' id='word_1_542' title='bbox 2452 2766 2546 2818; x_wconf 94' lang='grc' dir='ltr'>ιιι,</span> <span class='ocrx_word' id='word_1_543' title='bbox 2574 2749 2645 2805; x_wconf 80' lang='lat'><strong>&#39;58</strong></span> <span class='ocrx_word' id='word_1_544' title='bbox 2662 2779 2686 2790; x_wconf 95' lang='lat'><strong>-</strong></span> <span class='ocrx_word' id='word_1_545' title='bbox 2700 2748 2792 2804; x_wconf 68' lang='lat' dir='ltr'><strong>i5.</strong></span> <span class='ocrx_word' id='word_1_546' title='bbox 2832 2747 2984 2803; x_wconf 78' lang='lat' dir='ltr'><strong>Tunc</strong></span> <span class='ocrx_word' id='word_1_547' title='bbox 3004 2744 3398 2815; x_wconf 85' lang='lat' dir='ltr'><strong>responderunt</strong></span> <span class='ocrx_word' id='word_1_548' title='bbox 3416 2745 3466 2799; x_wconf 90' lang='lat' dir='ltr'><strong>ei</strong></span> <span class='ocrx_word' id='word_1_549' title='bbox 3492 2743 3718 2815; x_wconf 82' lang='lat' dir='ltr'><strong>quidam</strong></span> 
     </span>
    </p>
   </div>
   <div class='ocr_carea' id='block_1_72' title="bbox 2129 2837 3726 2909">
    <p class='ocr_par' dir='ltr' id='par_1_72' title="bbox 2129 2837 3726 2909">
     <span class='ocr_line' id='line_1_72' title="bbox 2129 2837 3726 2909; baseline -0.008 -5"><span class='ocrx_word' id='word_1_550' title='bbox 2129 2849 2198 2904; x_wconf 88' lang='lat' dir='ltr'><strong>de</strong></span> <span class='ocrx_word' id='word_1_551' title='bbox 2224 2846 2430 2904; x_wconf 87' lang='lat' dir='ltr'><strong>Scribis</strong></span> <span class='ocrx_word' id='word_1_552' title='bbox 2454 2854 2511 2901; x_wconf 92' lang='lat' dir='ltr'><strong>et</strong></span> <span class='ocrx_word' id='word_1_553' title='bbox 2529 2841 2811 2899; x_wconf 68' lang='lat' dir='ltr'><strong>Pharisazis</strong></span> <span class='ocrx_word' id='word_1_554' title='bbox 2829 2841 3107 2897; x_wconf 86' lang='lat' dir='ltr'><strong>dicentes:</strong></span> <span class='ocrx_word' id='word_1_555' title='bbox 3130 2839 3403 2909; x_wconf 72' lang='lat' dir='ltr'><strong>Magister.</strong></span> <span class='ocrx_word' id='word_1_556' title='bbox 3426 2837 3668 2892; x_wconf 87' lang='lat' dir='ltr'><strong>volumus</strong></span> <span class='ocrx_word' id='word_1_557' title='bbox 3684 2852 3726 2891; x_wconf 66' lang='grc' dir='ltr'>ε</span> 
     </span>
    </p>
   </div>
   <div class='ocr_carea' id='block_1_73' title="bbox 2128 2926 3728 3010">
    <p class='ocr_par' dir='ltr' id='par_1_73' title="bbox 2128 2926 3728 3010">
     <span class='ocr_line' id='line_1_73' title="bbox 2128 2926 3728 3010; baseline -0.008 -16"><span class='ocrx_word' id='word_1_558' title='bbox 2128 2939 2406 3010; x_wconf 75' lang='lat' dir='ltr'><strong>tesignum</strong></span> <span class='ocrx_word' id='word_1_559' title='bbox 2429 2935 2632 2992; x_wconf 90' lang='lat' dir='ltr'><strong>videre.</strong></span> <span class='ocrx_word' id='word_1_560' title='bbox 2652 2932 2755 3000; x_wconf 87' lang='lat' dir='ltr'><strong>Qui</strong></span> <span class='ocrx_word' id='word_1_561' title='bbox 2776 2931 3130 3002; x_wconf 86' lang='lat' dir='ltr'><strong>respondens,</strong></span> <span class='ocrx_word' id='word_1_562' title='bbox 3155 2930 3228 2985; x_wconf 89' lang='lat' dir='ltr'><strong>ait</strong></span> <span class='ocrx_word' id='word_1_563' title='bbox 3248 2929 3386 2984; x_wconf 74' lang='lat' dir='ltr'><strong>illis:</strong></span> <span class='ocrx_word' id='word_1_564' title='bbox 3407 2926 3610 2983; x_wconf 84' lang='lat' dir='ltr'><strong>—Luc.</strong></span> <span class='ocrx_word' id='word_1_565' title='bbox 3635 2943 3728 2993; x_wconf 84' lang='lat' dir='ltr'><strong>xr,</strong></span> 
     </span>
    </p>
   </div>
   <div class='ocr_carea' id='block_1_74' title="bbox 2132 3021 3731 3091">
    <p class='ocr_par' dir='ltr' id='par_1_74' title="bbox 2132 3021 3731 3091">
     <span class='ocr_line' id='line_1_74' title="bbox 2132 3021 3731 3091; baseline -0.008 -5"><span class='ocrx_word' id='word_1_566' title='bbox 2132 3029 2203 3086; x_wconf 78' lang='lat'><strong>‘39</strong></span> <span class='ocrx_word' id='word_1_567' title='bbox 2224 3061 2252 3072; x_wconf 89' lang='lat'><strong>-</strong></span> <span class='ocrx_word' id='word_1_568' title='bbox 2271 3030 2361 3086; x_wconf 75' lang='lat'><strong>32.</strong></span> <span class='ocrx_word' id='word_1_569' title='bbox 2402 3027 2690 3084; x_wconf 88' lang='lat' dir='ltr'><strong>Generatio</strong></span> <span class='ocrx_word' id='word_1_570' title='bbox 2734 3023 2876 3080; x_wconf 88' lang='lat' dir='ltr'><strong>maia</strong></span> <span class='ocrx_word' id='word_1_571' title='bbox 2908 3031 2963 3079; x_wconf 92' lang='lat' dir='ltr'><strong>et</strong></span> <span class='ocrx_word' id='word_1_572' title='bbox 2988 3021 3236 3077; x_wconf 86' lang='lat' dir='ltr'><strong>adultera</strong></span> <span class='ocrx_word' id='word_1_573' title='bbox 3261 3021 3473 3091; x_wconf 83' lang='lat' dir='ltr'><strong>signum</strong></span> <span class='ocrx_word' id='word_1_574' title='bbox 3500 3022 3731 3091; x_wconf 62' lang='lat' dir='ltr'><strong>quierit,</strong></span> 
     </span>
    </p>
   </div>
   <div class='ocr_carea' id='block_1_75' title="bbox 2130 3114 3729 3192">
    <p class='ocr_par' dir='ltr' id='par_1_75' title="bbox 2130 3114 3729 3192">
     <span class='ocr_line' id='line_1_75' title="bbox 2130 3114 3729 3192; baseline -0.004 -17"><span class='ocrx_word' id='word_1_575' title='bbox 2130 3130 2186 3175; x_wconf 84' lang='lat' dir='ltr'><strong>et</strong></span> <span class='ocrx_word' id='word_1_576' title='bbox 2205 3121 2414 3192; x_wconf 89' lang='lat' dir='ltr'><strong>signum</strong></span> <span class='ocrx_word' id='word_1_577' title='bbox 2431 3130 2536 3175; x_wconf 92' lang='lat' dir='ltr'><strong>non</strong></span> <span class='ocrx_word' id='word_1_578' title='bbox 2560 3116 2772 3173; x_wconf 87' lang='lat' dir='ltr'><strong>dabitur</strong></span> <span class='ocrx_word' id='word_1_579' title='bbox 2791 3116 2865 3183; x_wconf 90' lang='lat' dir='ltr'><strong>ei,</strong></span> <span class='ocrx_word' id='word_1_580' title='bbox 2884 3115 2988 3171; x_wconf 88' lang='lat' dir='ltr'><strong>nisi</strong></span> <span class='ocrx_word' id='word_1_581' title='bbox 3006 3114 3216 3185; x_wconf 88' lang='lat' dir='ltr'><strong>signum</strong></span> <span class='ocrx_word' id='word_1_582' title='bbox 3234 3114 3388 3170; x_wconf 71' lang='lat' dir='ltr'><strong>Jonze</strong></span> <span class='ocrx_word' id='word_1_583' title='bbox 3413 3114 3729 3183; x_wconf 65' lang='lat' dir='ltr'><strong>propheta.</strong></span> 
     </span>
    </p>
   </div>
   <div class='ocr_carea' id='block_1_76' title="bbox 2048 3186 3732 3270">
    <p class='ocr_par' dir='ltr' id='par_1_76' title="bbox 2048 3186 3732 3270">
     <span class='ocr_line' id='line_1_76' title="bbox 2048 3186 3732 3270; baseline -0.005 -1"><span class='ocrx_word' id='word_1_584' title='bbox 2048 3186 2095 3251; x_wconf 64' lang='grc' dir='ltr'>Ο</span> <span class='ocrx_word' id='word_1_585' title='bbox 2130 3186 2280 3268; x_wconf 67' lang='grc' dir='ltr'><strong>διουῖ</strong></span> <span class='ocrx_word' id='word_1_586' title='bbox 2307 3212 2454 3270; x_wconf 91' lang='lat' dir='ltr'><strong>enim</strong></span> <span class='ocrx_word' id='word_1_587' title='bbox 2485 3210 2583 3265; x_wconf 81' lang='lat' dir='ltr'><strong>fuit</strong></span> <span class='ocrx_word' id='word_1_588' title='bbox 2609 3208 2775 3265; x_wconf 78' lang='lat' dir='ltr'><strong>Jonas</strong></span> <span class='ocrx_word' id='word_1_589' title='bbox 2808 3208 2861 3262; x_wconf 92' lang='lat' dir='ltr'><strong>in</strong></span> <span class='ocrx_word' id='word_1_590' title='bbox 2903 3215 3093 3262; x_wconf 82' lang='lat' dir='ltr'><strong>ventre</strong></span> <span class='ocrx_word' id='word_1_591' title='bbox 3115 3204 3218 3261; x_wconf 92' lang='lat' dir='ltr'><strong>ceti</strong></span> <span class='ocrx_word' id='word_1_592' title='bbox 3248 3204 3419 3259; x_wconf 89' lang='lat' dir='ltr'><strong>tribus</strong></span> <span class='ocrx_word' id='word_1_593' title='bbox 3447 3203 3635 3260; x_wconf 90' lang='lat' dir='ltr'><strong>diebus</strong></span> <span class='ocrx_word' id='word_1_594' title='bbox 3659 3214 3732 3261; x_wconf 85' lang='lat' dir='ltr'><strong>et</strong></span> 
     </span>
    </p>
   </div>
   <div class='ocr_carea' id='block_1_77' title="bbox 2131 3293 3735 3361">
    <p class='ocr_par' dir='ltr' id='par_1_77' title="bbox 2131 3293 3735 3361">
     <span class='ocr_line' id='line_1_77' title="bbox 2131 3293 3735 3361; baseline -0.005 -2"><span class='ocrx_word' id='word_1_595' title='bbox 2131 3306 2300 3361; x_wconf 88' lang='lat' dir='ltr'><strong>tribus</strong></span> <span class='ocrx_word' id='word_1_596' title='bbox 2321 3302 2567 3359; x_wconf 88' lang='lat' dir='ltr'><strong>noctibus</strong></span> <span class='ocrx_word' id='word_1_597' title='bbox 2593 3317 2608 3350; x_wconf 90' lang='lat'><strong>:</strong></span> <span class='ocrx_word' id='word_1_598' title='bbox 2631 3300 2707 3354; x_wconf 91' lang='lat' dir='ltr'><strong>sic</strong></span> <span class='ocrx_word' id='word_1_599' title='bbox 2729 3297 2832 3354; x_wconf 85' lang='lat' dir='ltr'><strong>erit</strong></span> <span class='ocrx_word' id='word_1_600' title='bbox 2853 3297 3022 3353; x_wconf 89' lang='lat' dir='ltr'><strong>Filius</strong></span> <span class='ocrx_word' id='word_1_601' title='bbox 3046 3295 3278 3351; x_wconf 87' lang='lat' dir='ltr'><strong>hominis</strong></span> <span class='ocrx_word' id='word_1_602' title='bbox 3300 3295 3351 3350; x_wconf 93' lang='lat' dir='ltr'><strong>in</strong></span> <span class='ocrx_word' id='word_1_603' title='bbox 3375 3293 3537 3350; x_wconf 90' lang='lat' dir='ltr'><strong>corde</strong></span> <span class='ocrx_word' id='word_1_604' title='bbox 3556 3306 3735 3351; x_wconf 66' lang='lat' dir='ltr'><strong>terra</strong></span> 
     </span>
    </p>
   </div>
   <div class='ocr_carea' id='block_1_78' title="bbox 2132 3386 3731 3453">
    <p class='ocr_par' dir='ltr' id='par_1_78' title="bbox 2132 3386 3731 3453">
     <span class='ocr_line' id='line_1_78' title="bbox 2132 3386 3731 3453; baseline -0.008 0"><span class='ocrx_word' id='word_1_605' title='bbox 2132 3398 2301 3453; x_wconf 80' lang='lat' dir='ltr'><strong>tribus</strong></span> <span class='ocrx_word' id='word_1_606' title='bbox 2329 3396 2524 3453; x_wconf 86' lang='lat' dir='ltr'><strong>diebus</strong></span> <span class='ocrx_word' id='word_1_607' title='bbox 2552 3402 2605 3450; x_wconf 90' lang='lat' dir='ltr'><strong>et</strong></span> <span class='ocrx_word' id='word_1_608' title='bbox 2635 3391 2807 3449; x_wconf 90' lang='lat' dir='ltr'><strong>tribus</strong></span> <span class='ocrx_word' id='word_1_609' title='bbox 2839 3391 3105 3445; x_wconf 87' lang='lat' dir='ltr'><strong>noctibus.</strong></span> <span class='ocrx_word' id='word_1_610' title='bbox 3158 3388 3273 3443; x_wconf 86' lang='lat' dir='ltr'><strong>Viri</strong></span> <span class='ocrx_word' id='word_1_611' title='bbox 3317 3386 3565 3443; x_wconf 65' lang='lat' dir='ltr'><strong>Ninivitae</strong></span> <span class='ocrx_word' id='word_1_612' title='bbox 3594 3401 3731 3441; x_wconf 82' lang='lat' dir='ltr'><strong>sur-</strong></span> 
     </span>
    </p>
   </div>
   <div class='ocr_carea' id='block_1_79' title="bbox 2130 3480 3732 3561">
    <p class='ocr_par' dir='ltr' id='par_1_79' title="bbox 2130 3480 3732 3561">
     <span class='ocr_line' id='line_1_79' title="bbox 2130 3480 3732 3561; baseline -0.006 -16"><span class='ocrx_word' id='word_1_613' title='bbox 2130 3490 2338 3561; x_wconf 72' lang='lat' dir='ltr'><strong>gent,in</strong></span> <span class='ocrx_word' id='word_1_614' title='bbox 2365 3487 2568 3558; x_wconf 89' lang='lat' dir='ltr'><strong>judicio</strong></span> <span class='ocrx_word' id='word_1_615' title='bbox 2595 3499 2717 3541; x_wconf 87' lang='lat' dir='ltr'><strong>cum</strong></span> <span class='ocrx_word' id='word_1_616' title='bbox 2746 3482 3095 3554; x_wconf 85' lang='lat' dir='ltr'><strong>generatione</strong></span> <span class='ocrx_word' id='word_1_617' title='bbox 3134 3481 3269 3548; x_wconf 90' lang='lat' dir='ltr'><strong>ista,</strong></span> <span class='ocrx_word' id='word_1_618' title='bbox 3304 3490 3358 3536; x_wconf 92' lang='lat' dir='ltr'><strong>et</strong></span> <span class='ocrx_word' id='word_1_619' title='bbox 3385 3480 3732 3536; x_wconf 81' lang='lat' dir='ltr'><strong>condemna-</strong></span> 
     </span>
    </p>
   </div>
   <div class='ocr_carea' id='block_1_80' title="bbox 2131 3571 3737 3650">
    <p class='ocr_par' dir='ltr' id='par_1_80' title="bbox 2131 3571 3737 3650">
     <span class='ocr_line' id='line_1_80' title="bbox 2131 3571 3737 3650; baseline -0.008 -12"><span class='ocrx_word' id='word_1_620' title='bbox 2131 3582 2262 3638; x_wconf 91' lang='lat' dir='ltr'><strong>bunt</strong></span> <span class='ocrx_word' id='word_1_621' title='bbox 2287 3595 2430 3646; x_wconf 88' lang='lat' dir='ltr'><strong>eam,</strong></span> <span class='ocrx_word' id='word_1_622' title='bbox 2455 3578 2579 3650; x_wconf 91' lang='lat' dir='ltr'><strong>quia</strong></span> <span class='ocrx_word' id='word_1_623' title='bbox 2604 3574 2976 3647; x_wconf 76' lang='lat' dir='ltr'><strong>prenitentiam</strong></span> <span class='ocrx_word' id='word_1_624' title='bbox 3000 3581 3227 3644; x_wconf 88' lang='lat' dir='ltr'><strong>egerunt</strong></span> <span class='ocrx_word' id='word_1_625' title='bbox 3255 3573 3306 3626; x_wconf 89' lang='lat' dir='ltr'><strong>in</strong></span> <span class='ocrx_word' id='word_1_626' title='bbox 3336 3571 3737 3641; x_wconf 72' lang='lat' dir='ltr'><strong>prmdicatione</strong></span> 
     </span>
    </p>
   </div>
   <div class='ocr_carea' id='block_1_81' title="bbox 2130 3663 3739 3740">
    <p class='ocr_par' dir='ltr' id='par_1_81' title="bbox 2130 3663 3739 3740">
     <span class='ocr_line' id='line_1_81' title="bbox 2130 3663 3739 3740; baseline -0.009 -9"><span class='ocrx_word' id='word_1_627' title='bbox 2130 3674 2301 3731; x_wconf 57' lang='lat' dir='ltr'><strong>Jonas.</strong></span> <span class='ocrx_word' id='word_1_628' title='bbox 2335 3672 2401 3729; x_wconf 86' lang='lat' dir='ltr'><strong>Et</strong></span> <span class='ocrx_word' id='word_1_629' title='bbox 2445 3685 2574 3727; x_wconf 89' lang='lat' dir='ltr'><strong>ecce</strong></span> <span class='ocrx_word' id='word_1_630' title='bbox 2603 3669 2723 3740; x_wconf 90' lang='lat' dir='ltr'><strong>plus</strong></span> <span class='ocrx_word' id='word_1_631' title='bbox 2763 3682 2925 3737; x_wconf 85' lang='lat' dir='ltr'><strong>quam</strong></span> <span class='ocrx_word' id='word_1_632' title='bbox 2955 3665 3123 3722; x_wconf 86' lang='lat' dir='ltr'><strong>Jonas</strong></span> <span class='ocrx_word' id='word_1_633' title='bbox 3152 3665 3257 3720; x_wconf 87' lang='lat' dir='ltr'><strong>hic.</strong></span> <span class='ocrx_word' id='word_1_634' title='bbox 3301 3664 3507 3734; x_wconf 83' lang='lat' dir='ltr'><strong>Regina</strong></span> <span class='ocrx_word' id='word_1_635' title='bbox 3537 3663 3739 3717; x_wconf 79' lang='lat' dir='ltr'><strong>Austri</strong></span> 
     </span>
    </p>
   </div>
   <div class='ocr_carea' id='block_1_82' title="bbox 2132 3754 3742 3837">
    <p class='ocr_par' dir='ltr' id='par_1_82' title="bbox 2132 3754 3742 3837">
     <span class='ocr_line' id='line_1_82' title="bbox 2132 3754 3742 3837; baseline -0.01 -16"><span class='ocrx_word' id='word_1_636' title='bbox 2132 3775 2315 3837; x_wconf 86' lang='lat' dir='ltr'><strong>surget</strong></span> <span class='ocrx_word' id='word_1_637' title='bbox 2337 3764 2388 3818; x_wconf 90' lang='lat' dir='ltr'><strong>in</strong></span> <span class='ocrx_word' id='word_1_638' title='bbox 2410 3762 2615 3833; x_wconf 84' lang='lat' dir='ltr'><strong>judicio</strong></span> <span class='ocrx_word' id='word_1_639' title='bbox 2635 3774 2756 3816; x_wconf 88' lang='lat' dir='ltr'><strong>cum</strong></span> <span class='ocrx_word' id='word_1_640' title='bbox 2783 3757 3133 3828; x_wconf 86' lang='lat' dir='ltr'><strong>generatione</strong></span> <span class='ocrx_word' id='word_1_641' title='bbox 3165 3756 3286 3821; x_wconf 86' lang='lat' dir='ltr'><strong>ista,</strong></span> <span class='ocrx_word' id='word_1_642' title='bbox 3317 3764 3373 3810; x_wconf 89' lang='lat' dir='ltr'><strong>et</strong></span> <span class='ocrx_word' id='word_1_643' title='bbox 3395 3754 3742 3808; x_wconf 77' lang='lat' dir='ltr'><strong>condemna-</strong></span> 
     </span>
    </p>
   </div>
   <div class='ocr_carea' id='block_1_83' title="bbox 2134 3844 3742 3926">
    <p class='ocr_par' dir='ltr' id='par_1_83' title="bbox 2134 3844 3742 3926">
     <span class='ocr_line' id='line_1_83' title="bbox 2134 3844 3742 3926; baseline -0.009 -14"><span class='ocrx_word' id='word_1_644' title='bbox 2134 3858 2214 3913; x_wconf 80' lang='lat' dir='ltr'><strong>bit</strong></span> <span class='ocrx_word' id='word_1_645' title='bbox 2242 3872 2358 3913; x_wconf 89' lang='lat' dir='ltr'><strong>eam</strong></span> <span class='ocrx_word' id='word_1_646' title='bbox 2385 3896 2400 3920; x_wconf 94' lang='lat'><strong>,</strong></span> <span class='ocrx_word' id='word_1_647' title='bbox 2431 3855 2553 3926; x_wconf 86' lang='lat' dir='ltr'><strong>quia</strong></span> <span class='ocrx_word' id='word_1_648' title='bbox 2586 3852 2731 3908; x_wconf 88' lang='lat' dir='ltr'><strong>venit</strong></span> <span class='ocrx_word' id='word_1_649' title='bbox 2759 3866 2790 3905; x_wconf 90' lang='lat' dir='ltr'><strong>a</strong></span> <span class='ocrx_word' id='word_1_650' title='bbox 2820 3850 3022 3904; x_wconf 86' lang='lat' dir='ltr'><strong>iinibus</strong></span> <span class='ocrx_word' id='word_1_651' title='bbox 3052 3860 3212 3904; x_wconf 71' lang='lat' dir='ltr'><strong>terrae</strong></span> <span class='ocrx_word' id='word_1_652' title='bbox 3271 3846 3463 3901; x_wconf 90' lang='lat' dir='ltr'><strong>audire</strong></span> <span class='ocrx_word' id='word_1_653' title='bbox 3505 3844 3742 3914; x_wconf 82' lang='lat' dir='ltr'><strong>sapien-</strong></span> 
     </span>
    </p>
   </div>
   <div class='ocr_carea' id='block_1_84' title="bbox 2135 3935 3739 4011">
    <p class='ocr_par' dir='ltr' id='par_1_84' title="bbox 2135 3935 3739 4011">
     <span class='ocr_line' id='line_1_84' title="bbox 2135 3935 3739 4011; baseline -0.007 -8"><span class='ocrx_word' id='word_1_654' title='bbox 2135 3950 2259 4003; x_wconf 88' lang='lat' dir='ltr'><strong>tiam</strong></span> <span class='ocrx_word' id='word_1_655' title='bbox 2290 3945 2616 4004; x_wconf 75' lang='lat' dir='ltr'><strong>Salomonis.</strong></span> <span class='ocrx_word' id='word_1_656' title='bbox 2652 3944 2719 3997; x_wconf 82' lang='lat' dir='ltr'><strong>Et</strong></span> <span class='ocrx_word' id='word_1_657' title='bbox 2761 3956 2889 3998; x_wconf 89' lang='lat' dir='ltr'><strong>ecce</strong></span> <span class='ocrx_word' id='word_1_658' title='bbox 2935 3941 3074 4011; x_wconf 88' lang='lat' dir='ltr'><strong>plus.</strong></span> <span class='ocrx_word' id='word_1_659' title='bbox 3102 3954 3262 4009; x_wconf 86' lang='lat' dir='ltr'><strong>quam</strong></span> <span class='ocrx_word' id='word_1_660' title='bbox 3308 3937 3562 4007; x_wconf 83' lang='lat' dir='ltr'><strong>Salomon</strong></span> <span class='ocrx_word' id='word_1_661' title='bbox 3609 3935 3739 3991; x_wconf 88' lang='lat' dir='ltr'><strong>hic.</strong></span> 
     </span>
    </p>
   </div>
   <div class='ocr_carea' id='block_1_85' title="bbox 2135 4022 3744 4103">
    <p class='ocr_par' dir='ltr' id='par_1_85' title="bbox 2135 4022 3744 4103">
     <span class='ocr_line' id='line_1_85' title="bbox 2135 4022 3744 4103; baseline -0.007 -10"><span class='ocrx_word' id='word_1_662' title='bbox 2135 4069 2203 4081; x_wconf 85' lang='lat'><strong>-—</strong></span> <span class='ocrx_word' id='word_1_663' title='bbox 2237 4038 2363 4095; x_wconf 76' lang='lat' dir='ltr'><strong>Luc.</strong></span> <span class='ocrx_word' id='word_1_664' title='bbox 2393 4052 2481 4103; x_wconf 79' lang='grc' dir='ltr'><strong>ιι,</strong></span> <span class='ocrx_word' id='word_1_665' title='bbox 2509 4034 2714 4089; x_wconf 69' lang='grc'><strong>24-26.</strong></span> <span class='ocrx_word' id='word_1_666' title='bbox 2755 4030 2889 4087; x_wconf 91' lang='lat' dir='ltr'><strong>Cum</strong></span> <span class='ocrx_word' id='word_1_667' title='bbox 2916 4022 3226 4085; x_wconf 90' lang='lat' dir='ltr'><strong>immundus</strong></span> <span class='ocrx_word' id='word_1_668' title='bbox 3269 4026 3491 4097; x_wconf 88' lang='lat' dir='ltr'><strong>spiritus</strong></span> <span class='ocrx_word' id='word_1_669' title='bbox 3528 4025 3744 4082; x_wconf 82' lang='lat' dir='ltr'><strong>exierit</strong></span> 
     </span>
    </p>
   </div>
   <div class='ocr_carea' id='block_1_86' title="bbox 2136 4118 3739 4195">
    <p class='ocr_par' dir='ltr' id='par_1_86' title="bbox 2136 4118 3739 4195">
     <span class='ocr_line' id='line_1_86' title="bbox 2136 4118 3739 4195; baseline -0.008 -10"><span class='ocrx_word' id='word_1_670' title='bbox 2136 4130 2204 4185; x_wconf 88' lang='lat' dir='ltr'><strong>ab</strong></span> <span class='ocrx_word' id='word_1_671' title='bbox 2226 4128 2465 4194; x_wconf 88' lang='lat' dir='ltr'><strong>homine,</strong></span> <span class='ocrx_word' id='word_1_672' title='bbox 2484 4124 2722 4181; x_wconf 89' lang='lat' dir='ltr'><strong>ambulat</strong></span> <span class='ocrx_word' id='word_1_673' title='bbox 2746 4139 2840 4195; x_wconf 89' lang='lat' dir='ltr'><strong>per</strong></span> <span class='ocrx_word' id='word_1_674' title='bbox 2857 4124 2971 4178; x_wconf 91' lang='lat' dir='ltr'><strong>loca</strong></span> <span class='ocrx_word' id='word_1_675' title='bbox 2992 4122 3164 4188; x_wconf 89' lang='lat' dir='ltr'><strong>arida,</strong></span> <span class='ocrx_word' id='word_1_676' title='bbox 3188 4133 3434 4191; x_wconf 70' lang='lat' dir='ltr'><strong>qurerens</strong></span> <span class='ocrx_word' id='word_1_677' title='bbox 3455 4118 3739 4187; x_wconf 86' lang='lat' dir='ltr'><strong>requiem,</strong></span> 
     </span>
    </p>
   </div>
   <div class='ocr_carea' id='block_1_87' title="bbox 2138 4211 3739 4277">
    <p class='ocr_par' dir='ltr' id='par_1_87' title="bbox 2138 4211 3739 4277">
     <span class='ocr_line' id='line_1_87' title="bbox 2138 4211 3739 4277; baseline -0.007 -1"><span class='ocrx_word' id='word_1_678' title='bbox 2138 4232 2192 4277; x_wconf 92' lang='lat' dir='ltr'><strong>et</strong></span> <span class='ocrx_word' id='word_1_679' title='bbox 2214 4237 2318 4275; x_wconf 90' lang='lat' dir='ltr'><strong>non</strong></span> <span class='ocrx_word' id='word_1_680' title='bbox 2344 4219 2572 4274; x_wconf 83' lang='lat' dir='ltr'><strong>invenit.</strong></span> <span class='ocrx_word' id='word_1_681' title='bbox 2591 4216 2742 4272; x_wconf 88' lang='lat' dir='ltr'><strong>Tunc</strong></span> <span class='ocrx_word' id='word_1_682' title='bbox 2758 4215 2920 4272; x_wconf 83' lang='lat' dir='ltr'><strong>dicit:</strong></span> <span class='ocrx_word' id='word_1_683' title='bbox 2947 4215 3208 4268; x_wconf 81' lang='lat' dir='ltr'><strong>Revertar</strong></span> <span class='ocrx_word' id='word_1_684' title='bbox 3228 4212 3281 4268; x_wconf 92' lang='lat' dir='ltr'><strong>in</strong></span> <span class='ocrx_word' id='word_1_685' title='bbox 3304 4211 3520 4266; x_wconf 90' lang='lat' dir='ltr'><strong>domum</strong></span> <span class='ocrx_word' id='word_1_686' title='bbox 3544 4224 3739 4265; x_wconf 82' lang='lat' dir='ltr'><strong>meam</strong></span> 
     </span>
    </p>
   </div>
   <div class='ocr_carea' id='block_1_88' title="bbox 2141 4306 3746 4372">
    <p class='ocr_par' dir='ltr' id='par_1_88' title="bbox 2141 4306 3746 4372">
     <span class='ocr_line' id='line_1_88' title="bbox 2141 4306 3746 4372; baseline -0.005 -5"><span class='ocrx_word' id='word_1_687' title='bbox 2141 4315 2283 4369; x_wconf 84' lang='lat' dir='ltr'><strong>unde</strong></span> <span class='ocrx_word' id='word_1_688' title='bbox 2335 4311 2524 4368; x_wconf 84' lang='lat' dir='ltr'><strong>exivi:</strong></span> <span class='ocrx_word' id='word_1_689' title='bbox 2553 4320 2608 4365; x_wconf 91' lang='lat' dir='ltr'><strong>et</strong></span> <span class='ocrx_word' id='word_1_690' title='bbox 2652 4310 2879 4364; x_wconf 90' lang='lat' dir='ltr'><strong>veniens</strong></span> <span class='ocrx_word' id='word_1_691' title='bbox 2933 4306 3141 4362; x_wconf 83' lang='lat' dir='ltr'><strong>invenit</strong></span> <span class='ocrx_word' id='word_1_692' title='bbox 3170 4313 3489 4372; x_wconf 88' lang='lat' dir='ltr'><strong>vacantem,</strong></span> <span class='ocrx_word' id='word_1_693' title='bbox 3542 4306 3746 4372; x_wconf 78' lang='lat' dir='ltr'><strong>scOpis</strong></span> 
     </span>
    </p>
   </div>
   <div class='ocr_carea' id='block_1_89' title="bbox 2141 4394 3745 4463">
    <p class='ocr_par' dir='ltr' id='par_1_89' title="bbox 2141 4394 3745 4463">
     <span class='ocr_line' id='line_1_89' title="bbox 2141 4394 3745 4463; baseline -0.006 -5"><span class='ocrx_word' id='word_1_694' title='bbox 2141 4403 2449 4460; x_wconf 85' lang='lat' dir='ltr'><strong>mundataru</strong></span> <span class='ocrx_word' id='word_1_695' title='bbox 2473 4408 2530 4458; x_wconf 88' lang='lat' dir='ltr'><strong>et</strong></span> <span class='ocrx_word' id='word_1_696' title='bbox 2559 4409 2833 4456; x_wconf 81' lang='lat' dir='ltr'><strong>ornatam.</strong></span> <span class='ocrx_word' id='word_1_697' title='bbox 2851 4398 3003 4453; x_wconf 83' lang='lat' dir='ltr'><strong>Tunc</strong></span> <span class='ocrx_word' id='word_1_698' title='bbox 3024 4396 3170 4451; x_wconf 87' lang='lat' dir='ltr'><strong>vadit</strong></span> <span class='ocrx_word' id='word_1_699' title='bbox 3192 4405 3247 4451; x_wconf 90' lang='lat' dir='ltr'><strong>et</strong></span> <span class='ocrx_word' id='word_1_700' title='bbox 3271 4394 3496 4449; x_wconf 53' lang='lat' dir='ltr'><strong>assumit</strong></span> <span class='ocrx_word' id='word_1_701' title='bbox 3517 4400 3745 4463; x_wconf 82' lang='lat' dir='ltr'><strong>septc&#39;in</strong></span> 
     </span>
    </p>
   </div>
   <div class='ocr_carea' id='block_1_90' title="bbox 2144 4482 3751 4565">
    <p class='ocr_par' dir='ltr' id='par_1_90' title="bbox 2144 4482 3751 4565">
     <span class='ocr_line' id='line_1_90' title="bbox 2144 4482 3751 4565; baseline -0.006 -15"><span class='ocrx_word' id='word_1_702' title='bbox 2144 4497 2279 4552; x_wconf 86' lang='lat' dir='ltr'><strong>alios</strong></span> <span class='ocrx_word' id='word_1_703' title='bbox 2307 4495 2529 4565; x_wconf 88' lang='lat' dir='ltr'><strong>spiritus</strong></span> <span class='ocrx_word' id='word_1_704' title='bbox 2559 4507 2744 4548; x_wconf 88' lang='lat' dir='ltr'><strong>secum</strong></span> <span class='ocrx_word' id='word_1_705' title='bbox 2774 4490 3063 4561; x_wconf 80' lang='lat' dir='ltr'><strong>nequimes</strong></span> <span class='ocrx_word' id='word_1_706' title='bbox 3093 4500 3178 4556; x_wconf 85' lang='lat' dir='ltr'><strong>se,</strong></span> <span class='ocrx_word' id='word_1_707' title='bbox 3204 4495 3262 4543; x_wconf 80' lang='lat' dir='ltr'><strong>’et</strong></span> <span class='ocrx_word' id='word_1_708' title='bbox 3291 4486 3553 4541; x_wconf 87' lang='lat' dir='ltr'><strong>intrantes</strong></span> <span class='ocrx_word' id='word_1_709' title='bbox 3573 4482 3751 4540; x_wconf 87' lang='lat' dir='ltr'><strong>habi—</strong></span> 
     </span>
    </p>
   </div>
   <div class='ocr_carea' id='block_1_91' title="bbox 457 4559 2025 4645">
    <p class='ocr_par' dir='ltr' id='par_1_91' title="bbox 457 4568 2025 4641">
     <span class='ocr_line' id='line_1_91' title="bbox 457 4568 2025 4641; baseline 0 -17"><span class='ocrx_word' id='word_1_710' title='bbox 457 4574 588 4626; x_wconf 88' lang='lat' dir='ltr'><strong>hora</strong></span> <span class='ocrx_word' id='word_1_711' title='bbox 615 4572 842 4639; x_wconf 90' lang='lat' dir='ltr'><strong>septima</strong></span> <span class='ocrx_word' id='word_1_712' title='bbox 873 4568 1090 4640; x_wconf 90' lang='lat' dir='ltr'><strong>reliquit</strong></span> <span class='ocrx_word' id='word_1_713' title='bbox 1116 4585 1238 4625; x_wconf 85' lang='lat' dir='ltr'><strong>eum</strong></span> <span class='ocrx_word' id='word_1_714' title='bbox 1267 4570 1451 4627; x_wconf 79' lang='lat' dir='ltr'><strong>febris.</strong></span> <span class='ocrx_word' id='word_1_715' title='bbox 1494 4570 1757 4640; x_wconf 82' lang='lat' dir='ltr'><strong>Cognovit</strong></span> <span class='ocrx_word' id='word_1_716' title='bbox 1786 4584 1915 4641; x_wconf 86' lang='lat' dir='ltr'><strong>ergo</strong></span> <span class='ocrx_word' id='word_1_717' title='bbox 1942 4584 2025 4639; x_wconf 87' lang='lat' dir='ltr'><strong>pa-</strong></span> 
     </span>
    </p>
   </div>
   <div class='ocr_carea' id='block_1_92' title="bbox 2132 4559 3753 4645">
    <p class='ocr_par' dir='ltr' id='par_1_92' title="bbox 2149 4559 3753 4645">
     <span class='ocr_line' id='line_1_92' title="bbox 2149 4559 3753 4645; baseline -0.006 -3"><span class='ocrx_word' id='word_1_718' title='bbox 2149 4596 2264 4643; x_wconf 87' lang='lat' dir='ltr'><strong>tant</strong></span> <span class='ocrx_word' id='word_1_719' title='bbox 2307 4559 2422 4642; x_wconf 82' lang='lat' dir='ltr'><strong>ibi:</strong></span> <span class='ocrx_word' id='word_1_720' title='bbox 2456 4595 2509 4640; x_wconf 91' lang='lat' dir='ltr'><strong>et</strong></span> <span class='ocrx_word' id='word_1_721' title='bbox 2558 4584 2693 4638; x_wconf 81' lang='lat' dir='ltr'><strong>ﬁunt</strong></span> <span class='ocrx_word' id='word_1_722' title='bbox 2741 4559 3032 4637; x_wconf 82' lang='lat' dir='ltr'><strong>novissima</strong></span> <span class='ocrx_word' id='word_1_723' title='bbox 3083 4574 3319 4634; x_wconf 86' lang='lat' dir='ltr'><strong>hominis</strong></span> <span class='ocrx_word' id='word_1_724' title='bbox 3369 4576 3510 4631; x_wconf 88' lang='lat' dir='ltr'><strong>illius</strong></span> <span class='ocrx_word' id='word_1_725' title='bbox 3550 4575 3753 4645; x_wconf 80' lang='lat' dir='ltr'><strong>pejora</strong></span> 
     </span>
    </p>
   </div>
   <div class='ocr_carea' id='block_1_93' title="bbox 452 4661 2039 4735">
    <p class='ocr_par' dir='ltr' id='par_1_93' title="bbox 452 4661 2039 4735">
     <span class='ocr_line' id='line_1_93' title="bbox 452 4661 2039 4735; baseline 0.003 -18"><span class='ocrx_word' id='word_1_726' title='bbox 452 4672 536 4717; x_wconf 86' lang='lat' dir='ltr'><strong>ter</strong></span> <span class='ocrx_word' id='word_1_727' title='bbox 563 4661 692 4733; x_wconf 89' lang='lat' dir='ltr'><strong>quia</strong></span> <span class='ocrx_word' id='word_1_728' title='bbox 719 4663 809 4718; x_wconf 91' lang='lat' dir='ltr'><strong>illa</strong></span> <span class='ocrx_word' id='word_1_729' title='bbox 852 4662 985 4719; x_wconf 86' lang='lat' dir='ltr'><strong>hora</strong></span> <span class='ocrx_word' id='word_1_730' title='bbox 1032 4673 1150 4719; x_wconf 86' lang='lat' dir='ltr'><strong>erat</strong></span> <span class='ocrx_word' id='word_1_731' title='bbox 1191 4666 1242 4719; x_wconf 87' lang='lat' dir='ltr'><strong>in</strong></span> <span class='ocrx_word' id='word_1_732' title='bbox 1270 4675 1374 4735; x_wconf 87' lang='lat' dir='ltr'><strong>qua</strong></span> <span class='ocrx_word' id='word_1_733' title='bbox 1403 4663 1537 4719; x_wconf 86' lang='lat' dir='ltr'><strong>dixit</strong></span> <span class='ocrx_word' id='word_1_734' title='bbox 1564 4662 1613 4719; x_wconf 91' lang='lat' dir='ltr'><strong>ei</strong></span> <span class='ocrx_word' id='word_1_735' title='bbox 1645 4663 1803 4719; x_wconf 82' lang='lat' dir='ltr'><strong>Jesus</strong></span> <span class='ocrx_word' id='word_1_736' title='bbox 1829 4682 1840 4719; x_wconf 97' lang='lat'>:</span> <span class='ocrx_word' id='word_1_737' title='bbox 1873 4662 2039 4721; x_wconf 85' lang='lat' dir='ltr'><strong>Filius</strong></span> 
     </span>
    </p>
   </div>
   <div class='ocr_carea' id='block_1_94' title="bbox 456 4754 1857 4826">
    <p class='ocr_par' dir='ltr' id='par_1_94' title="bbox 456 4754 1857 4826">
     <span class='ocr_line' id='line_1_94' title="bbox 456 4754 1857 4826; baseline 0.001 -17"><span class='ocrx_word' id='word_1_738' title='bbox 456 4764 580 4810; x_wconf 90' lang='lat' dir='ltr'><strong>tuus</strong></span> <span class='ocrx_word' id='word_1_739' title='bbox 609 4755 737 4810; x_wconf 82' lang='lat' dir='ltr'><strong>vivit</strong></span> <span class='ocrx_word' id='word_1_740' title='bbox 763 4772 777 4810; x_wconf 89' lang='lat'><strong>:</strong></span> <span class='ocrx_word' id='word_1_741' title='bbox 810 4764 863 4813; x_wconf 90' lang='lat' dir='ltr'><strong>et</strong></span> <span class='ocrx_word' id='word_1_742' title='bbox 889 4755 1117 4811; x_wconf 89' lang='lat' dir='ltr'><strong>credidit</strong></span> <span class='ocrx_word' id='word_1_743' title='bbox 1139 4756 1255 4826; x_wconf 81' lang='lat' dir='ltr'><strong>ipse</strong></span> <span class='ocrx_word' id='word_1_744' title='bbox 1279 4765 1333 4811; x_wconf 90' lang='lat' dir='ltr'><strong>et</strong></span> <span class='ocrx_word' id='word_1_745' title='bbox 1358 4754 1552 4812; x_wconf 87' lang='lat' dir='ltr'><strong>domus</strong></span> <span class='ocrx_word' id='word_1_746' title='bbox 1576 4755 1696 4826; x_wconf 84' lang='lat' dir='ltr'><strong>ejus</strong></span> <span class='ocrx_word' id='word_1_747' title='bbox 1727 4764 1857 4811; x_wconf 83' lang='lat' dir='ltr'><strong>tota.</strong></span> 
     </span>
    </p>
   </div>
   <div class='ocr_carea' id='block_1_95' title="bbox 1048 4867 1449 4925">
    <p class='ocr_par' dir='ltr' id='par_1_95' title="bbox 1048 4867 1449 4925">
     <span class='ocr_line' id='line_1_95' title="bbox 1048 4867 1449 4925; baseline 0 -2"><span class='ocrx_word' id='word_1_748' title='bbox 1048 4868 1277 4925; x_wconf 67' lang='lat' dir='ltr'><strong>CAPUT</strong></span> <span class='ocrx_word' id='word_1_749' title='bbox 1314 4867 1449 4923; x_wconf 84' lang='lat' dir='ltr'><strong>LVI.</strong></span> 
     </span>
    </p>
   </div>
   <div class='ocr_carea' id='block_1_96' title="bbox 453 4959 2044 5032">
    <p class='ocr_par' dir='ltr' id='par_1_96' title="bbox 453 4959 2044 5032">
     <span class='ocr_line' id='line_1_96' title="bbox 453 4959 2044 5032; baseline -0.001 -17"><span class='ocrx_word' id='word_1_750' title='bbox 453 4960 576 5015; x_wconf 83' lang='lat' dir='ltr'><strong>Levi</strong></span> <span class='ocrx_word' id='word_1_751' title='bbox 611 4961 912 5032; x_wconf 79' lang='lat' dir='ltr'><strong>publicanus</strong></span> <span class='ocrx_word' id='word_1_752' title='bbox 941 4961 1226 5014; x_wconf 74' lang='lat' dir='ltr'><strong>cauvivium</strong></span> <span class='ocrx_word' id='word_1_753' title='bbox 1257 4962 1301 5015; x_wconf 83' lang='lat' dir='ltr'><strong>ei</strong></span> <span class='ocrx_word' id='word_1_754' title='bbox 1328 4962 1465 5032; x_wconf 80' lang='lat' dir='ltr'><strong>fecit.</strong></span> <span class='ocrx_word' id='word_1_755' title='bbox 1504 4959 1567 5015; x_wconf 85' lang='lat' dir='ltr'><strong>Et</strong></span> <span class='ocrx_word' id='word_1_756' title='bbox 1589 4960 1820 5015; x_wconf 75' lang='lat' dir='ltr'><strong>dicebant</strong></span> <span class='ocrx_word' id='word_1_757' title='bbox 1849 4959 2044 5016; x_wconf 67' lang='lat' dir='ltr'><strong>Scriba:</strong></span> 
     </span>
    </p>
   </div>
   <div class='ocr_carea' id='block_1_97' title="bbox 528 5032 2044 5102">
    <p class='ocr_par' dir='ltr' id='par_1_97' title="bbox 528 5032 2044 5102">
     <span class='ocr_line' id='line_1_97' title="bbox 528 5032 2044 5102; baseline 0.001 -18"><span class='ocrx_word' id='word_1_758' title='bbox 528 5043 576 5084; x_wconf 86' lang='lat' dir='ltr'><strong>et</strong></span> <span class='ocrx_word' id='word_1_759' title='bbox 623 5032 878 5087; x_wconf 71' lang='lat' dir='ltr'><strong>Phanscsi</strong></span> <span class='ocrx_word' id='word_1_760' title='bbox 918 5032 1184 5102; x_wconf 77' lang='lat' dir='ltr'><strong>discipulis</strong></span> <span class='ocrx_word' id='word_1_761' title='bbox 1215 5047 1236 5086; x_wconf 88' lang='lat'><strong><em>:</em></strong></span> <span class='ocrx_word' id='word_1_762' title='bbox 1262 5033 1438 5099; x_wconf 87' lang='lat' dir='ltr'><strong>Quare</strong></span> <span class='ocrx_word' id='word_1_763' title='bbox 1483 5046 1605 5087; x_wconf 87' lang='lat' dir='ltr'><strong>cum</strong></span> <span class='ocrx_word' id='word_1_764' title='bbox 1652 5033 1950 5101; x_wconf 82' lang='lat' dir='ltr'><strong>publicanis</strong></span> <span class='ocrx_word' id='word_1_765' title='bbox 1989 5044 2044 5087; x_wconf 88' lang='lat' dir='ltr'><strong>et</strong></span> 
     </span>
    </p>
   </div>
   <div class='ocr_carea' id='block_1_98' title="bbox 531 5103 1738 5174">
    <p class='ocr_par' dir='ltr' id='par_1_98' title="bbox 531 5103 1738 5174">
     <span class='ocr_line' id='line_1_98' title="bbox 531 5103 1738 5174; baseline 0.002 -20"><span class='ocrx_word' id='word_1_766' title='bbox 531 5103 903 5169; x_wconf 83' lang='lat' dir='ltr'><strong>peccatoribus</strong></span> <span class='ocrx_word' id='word_1_767' title='bbox 930 5105 1218 5158; x_wconf 87' lang='lat' dir='ltr'><strong>rnanducat</strong></span> <span class='ocrx_word' id='word_1_768' title='bbox 1247 5104 1500 5174; x_wconf 82' lang='lat' dir='ltr'><strong>magister</strong></span> <span class='ocrx_word' id='word_1_769' title='bbox 1528 5103 1738 5158; x_wconf 82' lang='lat' dir='ltr'><strong>vester?</strong></span> 
     </span>
    </p>
   </div>
   <div class='ocr_carea' id='block_1_99' title="bbox 531 5215 2043 5285">
    <p class='ocr_par' dir='ltr' id='par_1_99' title="bbox 531 5215 2043 5285">
     <span class='ocr_line' id='line_1_99' title="bbox 531 5215 2043 5285; baseline 0.003 -16"><span class='ocrx_word' id='word_1_770' title='bbox 531 5215 745 5273; x_wconf 74' lang='lat' dir='ltr'><strong>iimu.</strong></span> <span class='ocrx_word' id='word_1_771' title='bbox 773 5230 851 5281; x_wconf 85' lang='grc' dir='ltr'><strong>ιι,</strong></span> <span class='ocrx_word' id='word_1_772' title='bbox 880 5215 1040 5282; x_wconf 82' lang='lat' dir='ltr'><strong>9—i7;</strong></span> <span class='ocrx_word' id='word_1_773' title='bbox 1070 5218 1200 5276; x_wconf 78' lang='lat' dir='ltr'><strong>Luc.</strong></span> <span class='ocrx_word' id='word_1_774' title='bbox 1230 5234 1283 5285; x_wconf 82' lang='grc' dir='ltr'>ν,</span> <span class='ocrx_word' id='word_1_775' title='bbox 1310 5218 1508 5283; x_wconf 73' lang='grc' dir='ltr'><strong>29-59ς</strong></span> <span class='ocrx_word' id='word_1_776' title='bbox 1543 5218 1715 5273; x_wconf 74' lang='lat' dir='ltr'><strong>Mssa.</strong></span> <span class='ocrx_word' id='word_1_777' title='bbox 1754 5234 1815 5283; x_wconf 90' lang='grc' dir='ltr'><strong>ιι,</strong></span> <span class='ocrx_word' id='word_1_778' title='bbox 1857 5218 2043 5274; x_wconf 71' lang='lat' dir='ltr'><strong>lii-22.</strong></span> 
     </span>
    </p>
   </div>
   <div class='ocr_carea' id='block_1_100' title="bbox 462 5304 2049 5381">
    <p class='ocr_par' dir='ltr' id='par_1_100' title="bbox 462 5304 2049 5381">
     <span class='ocr_line' id='line_1_100' title="bbox 462 5304 2049 5381; baseline 0.002 -20"><span class='ocrx_word' id='word_1_779' title='bbox 462 5308 528 5362; x_wconf 72' lang='lat' dir='ltr'><strong>iit</strong></span> <span class='ocrx_word' id='word_1_780' title='bbox 561 5304 690 5361; x_wconf 76' lang='lat' dir='ltr'><strong>fecit</strong></span> <span class='ocrx_word' id='word_1_781' title='bbox 712 5306 761 5361; x_wconf 90' lang='lat' dir='ltr'><strong>ei</strong></span> <span class='ocrx_word' id='word_1_782' title='bbox 791 5306 1095 5361; x_wconf 77' lang='lat' dir='ltr'><strong>convivium</strong></span> <span class='ocrx_word' id='word_1_783' title='bbox 1125 5325 1373 5381; x_wconf 84' lang='lat' dir='ltr'><strong>magnum</strong></span> <span class='ocrx_word' id='word_1_784' title='bbox 1406 5309 1531 5363; x_wconf 86' lang='lat' dir='ltr'><strong>Levi</strong></span> <span class='ocrx_word' id='word_1_785' title='bbox 1566 5309 1615 5363; x_wconf 87' lang='lat' dir='ltr'><strong>iu</strong></span> <span class='ocrx_word' id='word_1_786' title='bbox 1642 5310 1805 5364; x_wconf 76' lang='lat' dir='ltr'><strong>domo</strong></span> <span class='ocrx_word' id='word_1_787' title='bbox 1831 5325 1950 5364; x_wconf 89' lang='lat' dir='ltr'><strong>sua.</strong></span> <span class='ocrx_word' id='word_1_788' title='bbox 1982 5311 2049 5365; x_wconf 89' lang='lat' dir='ltr'><strong>Et</strong></span> 
     </span>
    </p>
   </div>
   <div class='ocr_carea' id='block_1_101' title="bbox 463 5402 2048 5483">
    <p class='ocr_par' dir='ltr' id='par_1_101' title="bbox 463 5402 2048 5483">
     <span class='ocr_line' id='line_1_101' title="bbox 463 5402 2048 5483; baseline 0.002 -27"><span class='ocrx_word' id='word_1_789' title='bbox 463 5406 662 5457; x_wconf 61' lang='lat' dir='ltr'><strong>tactum</strong></span> <span class='ocrx_word' id='word_1_790' title='bbox 694 5412 798 5467; x_wconf 88' lang='lat' dir='ltr'><strong>est,</strong></span> <span class='ocrx_word' id='word_1_791' title='bbox 827 5402 1197 5483; x_wconf 79' lang='lat' dir='ltr'><strong>diseumheute</strong></span> <span class='ocrx_word' id='word_1_792' title='bbox 1225 5420 1291 5457; x_wconf 88' lang='lat' dir='ltr'><strong>eo</strong></span> <span class='ocrx_word' id='word_1_793' title='bbox 1318 5406 1370 5459; x_wconf 89' lang='lat' dir='ltr'><strong>in</strong></span> <span class='ocrx_word' id='word_1_794' title='bbox 1403 5405 1587 5470; x_wconf 86' lang='lat' dir='ltr'><strong>domo,</strong></span> <span class='ocrx_word' id='word_1_795' title='bbox 1613 5419 1741 5460; x_wconf 82' lang='lat' dir='ltr'><strong>ecce</strong></span> <span class='ocrx_word' id='word_1_796' title='bbox 1770 5406 1922 5459; x_wconf 80' lang='lat' dir='ltr'><strong>inulti</strong></span> <span class='ocrx_word' id='word_1_797' title='bbox 1953 5420 2048 5474; x_wconf 87' lang='lat' dir='ltr'><strong>pu-</strong></span> 
     </span>
    </p>
   </div>
   <div class='ocr_carea' id='block_1_102' title="bbox 461 5494 2046 5564">
    <p class='ocr_par' dir='ltr' id='par_1_102' title="bbox 461 5494 2046 5564">
     <span class='ocr_line' id='line_1_102' title="bbox 461 5494 2046 5564; baseline -0.001 -13"><span class='ocrx_word' id='word_1_798' title='bbox 461 5496 656 5551; x_wconf 79' lang='lat' dir='ltr'><strong>blicani</strong></span> <span class='ocrx_word' id='word_1_799' title='bbox 701 5505 755 5550; x_wconf 91' lang='lat' dir='ltr'><strong>et</strong></span> <span class='ocrx_word' id='word_1_800' title='bbox 802 5502 1109 5564; x_wconf 84' lang='lat' dir='ltr'><strong>peccatores</strong></span> <span class='ocrx_word' id='word_1_801' title='bbox 1152 5494 1449 5561; x_wconf 85' lang='lat' dir='ltr'><strong>venientes,</strong></span> <span class='ocrx_word' id='word_1_802' title='bbox 1486 5495 1890 5550; x_wconf 83' lang='lat' dir='ltr'><strong>di-cumbcbant</strong></span> <span class='ocrx_word' id='word_1_803' title='bbox 1926 5509 2046 5550; x_wconf 87' lang='lat' dir='ltr'><strong>cum</strong></span> 
     </span>
    </p>
   </div>
   <div class='ocr_carea' id='block_1_103' title="bbox 462 5584 2051 5655">
    <p class='ocr_par' dir='ltr' id='par_1_103' title="bbox 462 5584 2051 5655">
     <span class='ocr_line' id='line_1_103' title="bbox 462 5584 2051 5655; baseline 0 -16"><span class='ocrx_word' id='word_1_804' title='bbox 462 5587 587 5640; x_wconf 79' lang='lat' dir='ltr'><strong>iesu</strong></span> <span class='ocrx_word' id='word_1_805' title='bbox 615 5595 668 5641; x_wconf 85' lang='lat' dir='ltr'><strong>et</strong></span> <span class='ocrx_word' id='word_1_806' title='bbox 697 5584 972 5653; x_wconf 81' lang='lat' dir='ltr'><strong>discipulis</strong></span> <span class='ocrx_word' id='word_1_807' title='bbox 999 5584 1137 5655; x_wconf 84' lang='lat' dir='ltr'><strong>ejus.</strong></span> <span class='ocrx_word' id='word_1_808' title='bbox 1182 5584 1348 5638; x_wconf 80' lang='lat' dir='ltr'><strong>Erant</strong></span> <span class='ocrx_word' id='word_1_809' title='bbox 1388 5586 1529 5638; x_wconf 88' lang='lat' dir='ltr'><strong>enim</strong></span> <span class='ocrx_word' id='word_1_810' title='bbox 1569 5585 1719 5640; x_wconf 89' lang='lat' dir='ltr'><strong>multi</strong></span> <span class='ocrx_word' id='word_1_811' title='bbox 1751 5585 1839 5655; x_wconf 91' lang='lat' dir='ltr'><strong>qui</strong></span> <span class='ocrx_word' id='word_1_812' title='bbox 1879 5595 1933 5639; x_wconf 91' lang='lat' dir='ltr'><strong>et</strong></span> <span class='ocrx_word' id='word_1_813' title='bbox 1966 5600 2051 5639; x_wconf 83' lang='lat' dir='ltr'><strong>se-</strong></span> 
     </span>
    </p>
   </div>
   <div class='ocr_carea' id='block_1_104' title="bbox 464 5666 2049 5747">
    <p class='ocr_par' dir='ltr' id='par_1_104' title="bbox 464 5666 2049 5747">
     <span class='ocr_line' id='line_1_104' title="bbox 464 5666 2049 5747; baseline -0.003 -12"><span class='ocrx_word' id='word_1_814' title='bbox 464 5683 763 5746; x_wconf 80' lang='lat' dir='ltr'><strong>quebantur</strong></span> <span class='ocrx_word' id='word_1_815' title='bbox 789 5696 931 5737; x_wconf 90' lang='lat' dir='ltr'><strong>eum.</strong></span> <span class='ocrx_word' id='word_1_816' title='bbox 968 5681 1035 5735; x_wconf 85' lang='lat' dir='ltr'><strong>Et</strong></span> <span class='ocrx_word' id='word_1_817' title='bbox 1064 5666 1303 5734; x_wconf 84' lang='lat' dir='ltr'><strong>videntes</strong></span> <span class='ocrx_word' id='word_1_818' title='bbox 1328 5679 1529 5733; x_wconf 62' lang='lat' dir='ltr'><strong>Scriba:</strong></span> <span class='ocrx_word' id='word_1_819' title='bbox 1559 5693 1611 5732; x_wconf 88' lang='lat' dir='ltr'><strong>et</strong></span> <span class='ocrx_word' id='word_1_820' title='bbox 1644 5678 1895 5741; x_wconf 73' lang='lat' dir='ltr'><strong>Pharisrei</strong></span> <span class='ocrx_word' id='word_1_821' title='bbox 1928 5680 2049 5747; x_wconf 89' lang='lat' dir='ltr'><strong>quia</strong></span> 
     </span>
    </p>
   </div>
   <div class='ocr_carea' id='block_1_105' title="bbox 465 5772 2047 5846">
    <p class='ocr_par' dir='ltr' id='par_1_105' title="bbox 465 5772 2047 5846">
     <span class='ocr_line' id='line_1_105' title="bbox 465 5772 2047 5846; baseline -0.003 -14"><span class='ocrx_word' id='word_1_822' title='bbox 465 5774 813 5832; x_wconf 71' lang='lat' dir='ltr'><strong>mauducaret</strong></span> <span class='ocrx_word' id='word_1_823' title='bbox 834 5790 953 5832; x_wconf 88' lang='lat' dir='ltr'><strong>cum</strong></span> <span class='ocrx_word' id='word_1_824' title='bbox 984 5774 1349 5846; x_wconf 88' lang='lat' dir='ltr'><strong>peccatoribus</strong></span> <span class='ocrx_word' id='word_1_825' title='bbox 1371 5781 1425 5828; x_wconf 87' lang='lat' dir='ltr'><strong>et</strong></span> <span class='ocrx_word' id='word_1_826' title='bbox 1455 5772 1772 5844; x_wconf 84' lang='lat' dir='ltr'><strong>publicanis,</strong></span> <span class='ocrx_word' id='word_1_827' title='bbox 1798 5772 2047 5829; x_wconf 80' lang='lat' dir='ltr'><strong>dicebant</strong></span> 
     </span>
    </p>
   </div>
   <div class='ocr_carea' id='block_1_106' title="bbox 2146 4666 3578 4749">
    <p class='ocr_par' dir='ltr' id='par_1_106' title="bbox 2146 4666 3578 4749">
     <span class='ocr_line' id='line_1_106' title="bbox 2146 4666 3578 4749; baseline -0.01 -14"><span class='ocrx_word' id='word_1_828' title='bbox 2146 4677 2445 4749; x_wconf 80' lang='lat' dir='ltr'><strong>prioribus-</strong></span> <span class='ocrx_word' id='word_1_829' title='bbox 2460 4673 2550 4733; x_wconf 86' lang='lat' dir='ltr'><strong>Sic</strong></span> <span class='ocrx_word' id='word_1_830' title='bbox 2576 4676 2679 4731; x_wconf 90' lang='lat' dir='ltr'><strong>erit</strong></span> <span class='ocrx_word' id='word_1_831' title='bbox 2703 4682 2758 4729; x_wconf 89' lang='lat' dir='ltr'><strong>et</strong></span> <span class='ocrx_word' id='word_1_832' title='bbox 2788 4672 3133 4743; x_wconf 26' lang='lat' dir='ltr'><strong>generationtt</strong></span> <span class='ocrx_word' id='word_1_833' title='bbox 3156 4668 3279 4723; x_wconf 88' lang='lat' dir='ltr'><strong>huic</strong></span> <span class='ocrx_word' id='word_1_834' title='bbox 3308 4666 3578 4739; x_wconf 67' lang='grc' dir='ltr'><strong>ρεςεὴιιω.</strong></span> 
     </span>
    </p>
   </div>
   <div class='ocr_carea' id='block_1_107' title="bbox 2715 4764 3163 4828">
    <p class='ocr_par' dir='ltr' id='par_1_107' title="bbox 2715 4764 3163 4828">
     <span class='ocr_line' id='line_1_107' title="bbox 2715 4764 3163 4828; baseline -0.007 0"><span class='ocrx_word' id='word_1_835' title='bbox 2715 4764 2942 4828; x_wconf 67' lang='lat' dir='ltr'><strong>CAPUT</strong></span> <span class='ocrx_word' id='word_1_836' title='bbox 2982 4767 3163 4825; x_wconf 70' lang='lat' dir='ltr'><strong>LVIII.</strong></span> 
     </span>
    </p>
   </div>
   <div class='ocr_carea' id='block_1_108' title="bbox 2152 4855 3837 4937">
    <p class='ocr_par' dir='ltr' id='par_1_108' title="bbox 2152 4855 3837 4937">
     <span class='ocr_line' id='line_1_108' title="bbox 2152 4855 3837 4937; baseline -0.007 -12"><span class='ocrx_word' id='word_1_837' title='bbox 2152 4868 2404 4937; x_wconf 74' lang='lat' dir='ltr'><strong>Quwdam</strong></span> <span class='ocrx_word' id='word_1_838' title='bbox 2444 4866 2628 4920; x_wconf 84' lang='lat' dir='ltr'><strong>mulier</strong></span> <span class='ocrx_word' id='word_1_839' title='bbox 2660 4864 2722 4917; x_wconf 84' lang='lat' dir='ltr'><strong>de</strong></span> <span class='ocrx_word' id='word_1_840' title='bbox 2752 4864 2899 4937; x_wconf 71' lang='lat' dir='ltr'><strong>turba</strong></span> <span class='ocrx_word' id='word_1_841' title='bbox 2929 4861 3177 4915; x_wconf 80' lang='lat' dir='ltr'><strong>clamavit</strong></span> <span class='ocrx_word' id='word_1_842' title='bbox 3196 4859 3264 4937; x_wconf 78' lang='lat' dir='ltr'><strong>ad</strong></span> <span class='ocrx_word' id='word_1_843' title='bbox 3290 4856 3470 4912; x_wconf 73' lang='lat' dir='ltr'><strong>Iesum</strong></span> <span class='ocrx_word' id='word_1_844' title='bbox 3495 4875 3513 4912; x_wconf 89' lang='lat'><strong><em>:</em></strong></span> <span class='ocrx_word' id='word_1_845' title='bbox 3544 4855 3754 4914; x_wconf 72' lang='lat' dir='ltr'><strong>Beatus</strong></span> <span class='ocrx_word' id='word_1_846' title='bbox 3830 4888 3837 4893; x_wconf 53' lang='grc' dir='ltr'><strong>νη</strong></span> 
     </span>
    </p>
   </div>
   <div class='ocr_carea' id='block_1_109' title="bbox 2192 4932 3267 5003">
    <p class='ocr_par' dir='ltr' id='par_1_109' title="bbox 2192 4932 3267 5003">
     <span class='ocr_line' id='line_1_109' title="bbox 2192 4932 3267 5003; baseline -0.012 -8"><span class='ocrx_word' id='word_1_847' title='bbox 2192 4940 2199 4947; x_wconf 86' lang='grc'><em>’</em></span> <span class='ocrx_word' id='word_1_848' title='bbox 2611 4944 2782 4990; x_wconf 79' lang='lat' dir='ltr'><strong>venter</strong></span> <span class='ocrx_word' id='word_1_849' title='bbox 2816 4934 2900 5003; x_wconf 85' lang='lat' dir='ltr'><strong>qui</strong></span> <span class='ocrx_word' id='word_1_850' title='bbox 2936 4943 2984 4986; x_wconf 85' lang='lat' dir='ltr'><strong>te</strong></span> <span class='ocrx_word' id='word_1_851' title='bbox 3029 4932 3267 5001; x_wconf 77' lang='lat' dir='ltr'><strong>portavit.</strong></span> 
     </span>
    </p>
   </div>
   <div class='ocr_carea' id='block_1_110' title="bbox 2225 5018 3752 5104">
    <p class='ocr_par' dir='ltr' id='par_1_110' title="bbox 2225 5018 3752 5104">
     <span class='ocr_line' id='line_1_110' title="bbox 2225 5018 3752 5104; baseline -0.011 -7"><span class='ocrx_word' id='word_1_852' title='bbox 2225 5043 2356 5097; x_wconf 87' lang='lat' dir='ltr'><strong>Luc.</strong></span> <span class='ocrx_word' id='word_1_853' title='bbox 2385 5055 2469 5103; x_wconf 81' lang='grc' dir='ltr'><strong>ιι,</strong></span> <span class='ocrx_word' id='word_1_854' title='bbox 2493 5036 2690 5104; x_wconf 71' lang='lat'><strong>27,28.</strong></span> <span class='ocrx_word' id='word_1_855' title='bbox 2734 5032 2951 5089; x_wconf 85' lang='lat' dir='ltr'><strong>Factum</strong></span> <span class='ocrx_word' id='word_1_856' title='bbox 2979 5040 3062 5087; x_wconf 88' lang='lat' dir='ltr'><strong>est</strong></span> <span class='ocrx_word' id='word_1_857' title='bbox 3089 5041 3264 5085; x_wconf 86' lang='lat' dir='ltr'><strong>autem</strong></span> <span class='ocrx_word' id='word_1_858' title='bbox 3289 5040 3410 5085; x_wconf 88' lang='lat' dir='ltr'><strong>cum</strong></span> <span class='ocrx_word' id='word_1_859' title='bbox 3440 5018 3557 5083; x_wconf 61' lang='lat' dir='ltr'><strong>base</strong></span> <span class='ocrx_word' id='word_1_860' title='bbox 3583 5025 3752 5081; x_wconf 84' lang='lat' dir='ltr'><strong>dice-</strong></span> 
     </span>
    </p>
   </div>
   <div class='ocr_carea' id='block_1_111' title="bbox 2152 5116 3758 5198">
    <p class='ocr_par' dir='ltr' id='par_1_111' title="bbox 2152 5116 3758 5198">
     <span class='ocr_line' id='line_1_111' title="bbox 2152 5116 3758 5198; baseline -0.01 -9"><span class='ocrx_word' id='word_1_861' title='bbox 2152 5146 2253 5198; x_wconf 82' lang='lat' dir='ltr'><strong>ret,</strong></span> <span class='ocrx_word' id='word_1_862' title='bbox 2284 5130 2548 5188; x_wconf 82' lang='lat' dir='ltr'><strong>extollens</strong></span> <span class='ocrx_word' id='word_1_863' title='bbox 2576 5126 2820 5197; x_wconf 52' lang='lat' dir='ltr'><strong>quasdam</strong></span> <span class='ocrx_word' id='word_1_864' title='bbox 2864 5123 3062 5179; x_wconf 89' lang='lat' dir='ltr'><strong>mulier</strong></span> <span class='ocrx_word' id='word_1_865' title='bbox 3089 5136 3279 5177; x_wconf 85' lang='lat' dir='ltr'><strong>vocem</strong></span> <span class='ocrx_word' id='word_1_866' title='bbox 3319 5120 3386 5177; x_wconf 88' lang='lat' dir='ltr'><strong>de</strong></span> <span class='ocrx_word' id='word_1_867' title='bbox 3416 5119 3568 5175; x_wconf 84' lang='lat' dir='ltr'><strong>turba</strong></span> <span class='ocrx_word' id='word_1_868' title='bbox 3597 5116 3758 5173; x_wconf 71' lang='lat' dir='ltr'><strong>dixit</strong></span> 
     </span>
    </p>
   </div>
   <div class='ocr_carea' id='block_1_112' title="bbox 2154 5208 3759 5288">
    <p class='ocr_par' dir='ltr' id='par_1_112' title="bbox 2154 5208 3759 5288">
     <span class='ocr_line' id='line_1_112' title="bbox 2154 5208 3759 5288; baseline -0.007 -10"><span class='ocrx_word' id='word_1_869' title='bbox 2154 5227 2227 5279; x_wconf 87' lang='lat' dir='ltr'><strong>illi</strong></span> <span class='ocrx_word' id='word_1_870' title='bbox 2262 5241 2274 5276; x_wconf 91' lang='lat'>:</span> <span class='ocrx_word' id='word_1_871' title='bbox 2308 5224 2503 5276; x_wconf 86' lang='lat' dir='ltr'><strong>Beatus</strong></span> <span class='ocrx_word' id='word_1_872' title='bbox 2550 5226 2737 5274; x_wconf 83' lang='lat' dir='ltr'><strong>venter</strong></span> <span class='ocrx_word' id='word_1_873' title='bbox 2778 5216 2871 5288; x_wconf 82' lang='lat' dir='ltr'><strong>qui</strong></span> <span class='ocrx_word' id='word_1_874' title='bbox 2918 5226 2968 5271; x_wconf 88' lang='lat' dir='ltr'><strong>te</strong></span> <span class='ocrx_word' id='word_1_875' title='bbox 3011 5214 3284 5285; x_wconf 77' lang='lat' dir='ltr'><strong>portavit,</strong></span> <span class='ocrx_word' id='word_1_876' title='bbox 3330 5221 3385 5268; x_wconf 89' lang='lat' dir='ltr'><strong>et</strong></span> <span class='ocrx_word' id='word_1_877' title='bbox 3425 5208 3585 5265; x_wconf 84' lang='lat' dir='ltr'><strong>ubera</strong></span> <span class='ocrx_word' id='word_1_878' title='bbox 3617 5225 3759 5279; x_wconf 70' lang='lat' dir='ltr'><strong>qum</strong></span> 
     </span>
    </p>
   </div>
   <div class='ocr_carea' id='block_1_113' title="bbox 2152 5301 3761 5379">
    <p class='ocr_par' dir='ltr' id='par_1_113' title="bbox 2152 5301 3761 5379">
     <span class='ocr_line' id='line_1_113' title="bbox 2152 5301 3761 5379; baseline -0.009 -6"><span class='ocrx_word' id='word_1_879' title='bbox 2152 5316 2366 5373; x_wconf 79' lang='lat' dir='ltr'><strong>suxisti.</strong></span> <span class='ocrx_word' id='word_1_880' title='bbox 2396 5314 2465 5369; x_wconf 85' lang='lat' dir='ltr'><strong>At</strong></span> <span class='ocrx_word' id='word_1_881' title='bbox 2504 5313 2600 5369; x_wconf 86' lang='lat' dir='ltr'><strong>ille</strong></span> <span class='ocrx_word' id='word_1_882' title='bbox 2647 5312 2827 5365; x_wconf 81' lang='lat' dir='ltr'><strong>dixit:</strong></span> <span class='ocrx_word' id='word_1_883' title='bbox 2862 5310 3137 5379; x_wconf 87' lang='lat' dir='ltr'><strong>Quinitno,</strong></span> <span class='ocrx_word' id='word_1_884' title='bbox 3190 5307 3330 5363; x_wconf 86' lang='lat' dir='ltr'><strong>beati</strong></span> <span class='ocrx_word' id='word_1_885' title='bbox 3379 5305 3470 5376; x_wconf 91' lang='lat' dir='ltr'><strong>qui</strong></span> <span class='ocrx_word' id='word_1_886' title='bbox 3518 5301 3761 5358; x_wconf 81' lang='lat' dir='ltr'><strong>audiunt</strong></span> 
     </span>
    </p>
   </div>
   <div class='ocr_carea' id='block_1_114' title="bbox 2156 5401 3131 5471">
    <p class='ocr_par' dir='ltr' id='par_1_114' title="bbox 2156 5401 3131 5471">
     <span class='ocr_line' id='line_1_114' title="bbox 2156 5401 3131 5471; baseline -0.007 -7"><span class='ocrx_word' id='word_1_887' title='bbox 2156 5408 2378 5465; x_wconf 85' lang='lat' dir='ltr'><strong>verbum</strong></span> <span class='ocrx_word' id='word_1_888' title='bbox 2409 5404 2524 5471; x_wconf 86' lang='lat' dir='ltr'><strong>Dei,</strong></span> <span class='ocrx_word' id='word_1_889' title='bbox 2558 5413 2613 5460; x_wconf 90' lang='lat' dir='ltr'><strong>et</strong></span> <span class='ocrx_word' id='word_1_890' title='bbox 2640 5402 2950 5459; x_wconf 69' lang='lat' dir='ltr'><strong>custodiunt</strong></span> <span class='ocrx_word' id='word_1_891' title='bbox 2977 5401 3131 5457; x_wconf 90' lang='lat' dir='ltr'><strong>illud.</strong></span> 
     </span>
    </p>
   </div>
   <div class='ocr_carea' id='block_1_115' title="bbox 2735 5501 3140 5558">
    <p class='ocr_par' dir='ltr' id='par_1_115' title="bbox 2735 5501 3140 5558">
     <span class='ocr_line' id='line_1_115' title="bbox 2735 5501 3140 5558; baseline -0.015 1"><span class='ocrx_word' id='word_1_892' title='bbox 2735 5501 2962 5558; x_wconf 81' lang='lat' dir='ltr'><strong>CAPUT</strong></span> <span class='ocrx_word' id='word_1_893' title='bbox 3002 5501 3140 5557; x_wconf 77' lang='lat' dir='ltr'><strong>LIX.</strong></span> 
     </span>
    </p>
   </div>
   <div class='ocr_carea' id='block_1_116' title="bbox 2161 5586 3763 5717">
    <p class='ocr_par' dir='ltr' id='par_1_116' title="bbox 2161 5586 3763 5717">
     <span class='ocr_line' id='line_1_116' title="bbox 2161 5586 3763 5717; baseline -0.009 -63"><span class='ocrx_word' id='word_1_894' title='bbox 2161 5599 2446 5654; x_wconf 81' lang='lat' dir='ltr'><strong>Nuntiatur</strong></span> <span class='ocrx_word' id='word_1_895' title='bbox 2472 5596 2598 5650; x_wconf 75' lang='lat' dir='ltr'><strong>Iesu</strong></span> <span class='ocrx_word' id='word_1_896' title='bbox 2635 5612 2653 5651; x_wconf 91' lang='lat'><strong><em>:</em></strong></span> <span class='ocrx_word' id='word_1_897' title='bbox 2683 5594 2818 5661; x_wconf 80' lang='lat' dir='ltr'><strong>Quia</strong></span> <span class='ocrx_word' id='word_1_898' title='bbox 2845 5604 3003 5717; x_wconf 57' lang='lat' dir='ltr'><strong>mare;</strong></span> <span class='ocrx_word' id='word_1_899' title='bbox 3029 5601 3118 5646; x_wconf 82' lang='lat' dir='ltr'><strong>tua</strong></span> <span class='ocrx_word' id='word_1_900' title='bbox 3147 5601 3195 5646; x_wconf 86' lang='lat' dir='ltr'><strong>et</strong></span> <span class='ocrx_word' id='word_1_901' title='bbox 3222 5595 3410 5662; x_wconf 75' lang='lat' dir='ltr'><strong>fratres</strong></span> <span class='ocrx_word' id='word_1_902' title='bbox 3447 5588 3524 5643; x_wconf 81' lang='lat' dir='ltr'><strong>tui</strong></span> <span class='ocrx_word' id='word_1_903' title='bbox 3560 5586 3763 5640; x_wconf 62' lang='lat' dir='ltr'><strong>coimus</strong></span> 
     </span>
     <span class='ocr_line' id='line_1_117' title="bbox 2804 5675 3088 5717; baseline 0 0"><span class='ocrx_word' id='word_1_904' title='bbox 2804 5675 2852 5717; x_wconf 82' lang='lat' dir='ltr'><strong>te</strong></span> <span class='ocrx_word' id='word_1_905' title='bbox 2900 5681 2945 5717; x_wconf 84' lang='lat' dir='ltr'><strong>m</strong></span> <span class='ocrx_word' id='word_1_906' title='bbox 2985 5679 3088 5717; x_wconf 82' lang='lat' dir='ltr'><strong>ere.</strong></span> 
     </span>
    </p>
   </div>
   <div class='ocr_carea' id='block_1_117' title="bbox 2804 5675 3088 5719">
    <p class='ocr_par' dir='ltr' id='par_1_117' title="bbox 2804 5675 3088 5719">
     <span class='ocr_line' id='line_1_118' title="bbox 2804 5675 3088 5719; baseline -0.004 -1"><span class='ocrx_word' id='word_1_907' title='bbox 2804 5675 2852 5718; x_wconf 85' lang='lat' dir='ltr'><strong>te</strong></span> <span class='ocrx_word' id='word_1_908' title='bbox 2900 5675 3088 5719; x_wconf 73' lang='lat' dir='ltr'><strong>videre.</strong></span> 
     </span>
    </p>
   </div>
   <div class='ocr_carea' id='block_1_118' title="bbox 2228 5762 3781 5837">
    <p class='ocr_par' dir='ltr' id='par_1_118' title="bbox 2228 5762 3781 5837">
     <span class='ocr_line' id='line_1_119' title="bbox 2228 5762 3781 5837; baseline -0.008 -10"><span class='ocrx_word' id='word_1_909' title='bbox 2228 5771 2439 5828; x_wconf 75' lang='lat' dir='ltr'><strong>bima.</strong></span> <span class='ocrx_word' id='word_1_910' title='bbox 2475 5784 2569 5837; x_wconf 87' lang='grc' dir='ltr'>ιιι,</span> <span class='ocrx_word' id='word_1_911' title='bbox 2602 5765 2822 5833; x_wconf 65' lang='grc' dir='ltr'><strong>ιδοδος</strong></span> <span class='ocrx_word' id='word_1_912' title='bbox 2863 5766 3035 5823; x_wconf 64' lang='lat' dir='ltr'><strong>hisac.</strong></span> <span class='ocrx_word' id='word_1_913' title='bbox 3071 5782 3159 5834; x_wconf 88' lang='grc' dir='ltr'>ιιι,</span> <span class='ocrx_word' id='word_1_914' title='bbox 3191 5764 3411 5830; x_wconf 65' lang='lat' dir='ltr'><strong>Eii-55&#39;,</strong></span> <span class='ocrx_word' id='word_1_915' title='bbox 3449 5762 3577 5819; x_wconf 80' lang='lat' dir='ltr'><strong>Luc.</strong></span> <span class='ocrx_word' id='word_1_916' title='bbox 3606 5773 3781 5831; x_wconf 58' lang='lat' dir='ltr'><strong>vim,</strong></span> 
     </span>
    </p>
   </div>
  </div>
