4026 6196
262 299 369 353 28f

265 408 481 464 19-21.
524 404 716 461 Adhuc
745 420 811 461 eo
838 405 1090 476 loquente
1133 407 1200 462 ad
1250 406 1467 473 turbas,
1498 404 1638 461 Ecce
1676 409 1848 459 mater
1875 400 1925 459 A

260 502 385 570 ejus
436 509 491 554 et
543 497 737 554 fratres
776 497 993 554 stabant
1045 499 1208 565 foris,
1263 500 1572 569 quaerentes
1600 498 1745 566 loqui
1772 497 1847 553 ei.

256 593 414 647 Dixit
454 600 635 647 autem
664 591 716 647 ei
757 591 975 661 quidam
1009 608 1023 645 :
1058 592 1199 647 Ecce
1244 602 1419 647 mater
1448 605 1538 646 tua
1579 600 1632 647 et
1660 592 1854 646 fratres

267 672 347 739 tui
377 684 509 740 foris
536 691 714 749 stant,
764 691 1071 753 qumrentes
1114 692 1188 739 te.
1236 684 1307 740 At
1354 685 1470 751 ipse
1518 682 1855 753 respondens

266 775 469 832 dicenti
505 774 611 843 sibi
627 810 654 842 ,ο
674 775 753 829 ait
785 790 801 828 :
833 775 968 841 Quae
999 782 1085 830 est
1127 784 1299 830 mater
1330 788 1479 840 mea,
1508 784 1562 831 et
1602 774 1695 844 qui
1730 783 1858 830 sunt

270 869 466 923 fratres
492 866 640 923 mei?
664 866 731 922 Et
749 867 1053 923 extmdens
1078 883 1294 923 manum
1318 870 1369 924 in
1393 868 1688 939 discipulos
1704 882 1854 935 suos,

267 959 407 1014 dixit
438 975 453 1012 :
484 959 624 1014 Ecce
668 968 844 1013 mater
874 973 1016 1026 mea,
1063 968 1121 1015 et
1160 959 1353 1016 fratres
1382 961 1510 1018 mei.
1540 961 1857 1033 Quicunque

268 1050 415 1105 enirn
443 1050 632 1106 fecerit
658 1050 991 1107 voluntatem
1019 1053 1199 1119 ,l‘atris
1226 1053 1357 1120 mei,
1386 1053 1476 1123 qui
1502 1054 1558 1108 in
1577 1055 1730 1111 cretis
1748 1063 1854 1122 est,

270 1144 390 1213 ipse
414 1156 568 1201 meus
595 1144 785 1213 frater,
814 1158 971 1199 soror
998 1154 1053 1200 et
1080 1153 1256 1201 mater
1285 1154 1389 1202 est.

874 1253 1106 1312 CAPUT
1140 1254 1257 1312 LX.

264 1342 428 1419 Iesus
449 1346 717 1419 mulierem
740 1362 858 1419 qui;
874 1344 1072 1417 [iurum
1097 1350 1366 1419 sanguinis
1393 1351 1679 1419 patiebatur
1706 1368 1860 1407 cura-

341 1418 548 1497 n't,_et
572 1415 762 1498 ﬂiam’
804 1415 941 1472 Jairi
979 1415 1227 1491 principis
1277 1415 1553 1494 synagoga
1605 1434 1861 1479 mortuam

341 1496 627 1542 δίκαιοιν.

344 1602 567 1656 ΜΑττε.
597 1615 684 1667 tx,
715 1600 935 1669 18-26;
975 1602 1151 1659 Hanc.
1185 1619 1256 1671 v,
1294 1604 1522 1673 2245;
1563 1606 1695 1663 Luc.
1728 1618 1820 1663 Vm
1843 1648 1859 1675 ,

264 1691 482 1748 41-56.
524 1692 650 1747 llaec
678 1691 769 1747 illo
799 1692 1052 1763 loquente
1077 1694 1147 1749 ad
1179 1709 1305 1762 eos,
1327 1711 1457 1752 ecce
1485 1699 1740 1769 princeps
1760 1714 1857 1769 sy-

1015 290 1599 350 EVANGELICABUM
1643 282 2148 346 IIARMONIARL'M
2187 284 2750 348 INTERI’IiETATIO.

3432 288 3540 344 282

2545 399 2775 456 CAPUT
2815 398 2951 453 LXI.

1993 493 2135 549 Duos
2176 509 2336 549 cteros
2376 492 2597 558 curavit,
2638 491 3032 574 etatemonium
3066 490 3281 546 surdum
3311 500 3505 545 tantum

2659 573 2830 632 ejequ.

2030 682 2244 737 Manu.
2274 696 2348 745 rx.
2377 676 2587 735 εποδε.
2630 677 2699 731 Et
2736 683 3051 731 transeunte
3079 673 3554 743 indeJesu,secuti

1950 785 2218 831 suntcum
2246 775 2354 830 duo
2382 772 2519 829 caeci
2548 771 2848 825 clamantes
2874 776 2931 824 et
2968 767 3211 822 dicentes
3239 782 3255 821 :
3288 767 3545 821 Miserere

1960 866 2152 933 nostri,
2171 865 2271 922 Fili
2296 864 2481 920 David.
2511 863 2646 919 Cum
2673 871 2856 917 autem
2907 859 3145 914 venisset
3182 858 3424 919 domum,
3456 871 3544 909 ac-

1959 963 2238 1013 cesserunt
2273 955 2340 1009 ad
2368 969 2490 1009 eum
2531 954 2679 1008 casei.
2725 952 2793 1006 Et
2820 951 2951 1005 dicit
2974 949 3051 1004 eis
3080 948 3238 1004 Jesus
3269 963 3285 1001 :
3316 946 3546 1001 Creditus

1962 1050 2083 1121 quia
2122 1063 2341 1119 possum
2378 1047 2481 1102 hoc
2518 1046 2698 1102 facere
2725 1045 2911 1100 vobis?
2946 1042 3139 1097 Dicunt
3169 1040 3266 1096 ei:
3315 1039 3542 1108 Utique,

1963 1142 2210 1199 Domine.
2256 1140 2407 1196 Tunc
2449 1139 2623 1209 tetigit
2649 1135 2834 1192 oculos
2858 1148 3069 1200 eorum,
3092 1132 3278 1187 dicens
3303 1146 3316 1183 :
3347 1130 3549 1184 Secun-

1963 1234 2089 1290 dum
2117 1233 2276 1288 fidem
2304 1240 2537 1286 vestram
2583 1229 2678 1283 fiat
2706 1227 2878 1282 vobis.
2929 1227 2994 1280 Et
3035 1224 3204 1292 aperti
3250 1231 3376 1277 sunt
3404 1220 3543 1273 oculi

1962 1339 2170 1380 eorum.
2198 1322 2267 1379 Et
2303 1321 2663 1379 comminatus
2682 1328 2766 1375 est
2808 1318 2965 1374 Jesus
2992 1317 3074 1372 eis
3101 1316 3288 1370 dicens
3313 1330 3326 1365 :
3361 1311 3546 1366 Videte

1965 1407 2035 1473 ite
2059 1417 2180 1488 quis
2199 1414 2352 1491 sciat.
2377 1416 2455 1470 Illi
2479 1425 2658 1470 autem
2680 1424 2961 1478 exeuntes,
2991 1408 3398 1478 dilfamaverunt
3418 1418 3545 1459 eum

1964 1510 2021 1566 in
2053 1510 2298 1565 universa
2333 1518 2473 1565 terra
2503 1507 2613 1562 illa.
2645 1505 2888 1575 Egressis
2916 1518 3094 1559 aurem
3123 1500 3264 1565 illis,
3293 1512 3422 1554 ecce
3449 1496 3552 1549 ob-

1967 1602 2205 1656 tulerunt
2223 1599 2276 1657 ei
2304 1600 2575 1656 hominem
2604 1609 2830 1665 mutum,
2870 1593 3198 1652 daemonium
3239 1590 3547 1645 habentem;

1969 1692 2235 1763 Etejecto
2263 1691 2552 1757 daemonio,
2581 1690 2792 1746 locutus
2837 1697 2921 1743 est
2973 1694 3176 1741 mutus.
3228 1683 3297 1737 Et
3343 1679 3554 1735 mirata;

266 1796 500 1852 nagogze
525 1797 663 1837 unus
693 1781 779 1836 cui
811 1774 1005 1838 nomen
1034 1783 1211 1841 Jairus
1229 1827 1243 1851 ,
1277 1788 1505 1843 accessit
1528 1798 1583 1843 et
1610 1788 1862 1845 adoravit
1894 1775 1953 1837 ΒΔ
1968 1795 2093 1841 sunt
2113 1784 2285 1840 turba:
2302 1783 2545 1840 dicentes
2573 1799 2589 1837 :
2619 1783 2897 1850 Nunquam
2921 1776 3168 1847 apparuit
3182 1775 3266 1830 sic
3287 1773 3340 1828 in
3363 1771 3551 1829 Israel.

267 1890 423 1941 eum,
450 1868 635 1931 dict-ns
654 1892 671 1930 :
693 1873 825 1930 Filia
849 1890 968 1931 mea
991 1876 1151 1933 modo
1178 1878 1427 1935 defuncta
1452 1890 1567 1943 est;
1597 1882 1691 1938 sed
1715 1882 1859 1951 veni,

268 1967 492 2035 impone
522 1981 739 2021 manum
768 1981 928 2036 super
958 1983 1099 2034 eam,
1131 1978 1188 2026 et
1215 1970 1381 2031 vivet.
1418 1971 1485 2027 Et
1522 1988 1748 2044 surgens
1771 1974 1863 2031 Je-

270 2072 392 2125 sus,
424 2055 753 2127 sequebatur
775 2072 923 2126 eum,
956 2066 1012 2114 et
1042 2060 1289 2132 discipuli
1324 2062 1462 2132 ejus.
1491 2062 1559 2120 Et
1587 2081 1716 2122 ecce
1746 2083 1863 2120 mu-

272 2149 376 2202 lier
396 2162 516 2218 qua:
536 2147 815 2219 sanguinis
832 2148 1035 2205 fluxum
1061 2153 1359 2220 patiebatur
1380 2155 1661 2213 duodecim
1683 2158 1860 2226 annis,

270 2250 330 2294 et
361 2239 539 2294 fuerat
565 2239 734 2294 multa
769 2253 1022 2310 perpessa
1066 2257 1097 2298 a
1142 2246 1510 2315 compluribus
1538 2251 1779 2320 medicis,
1811 2260 1867 2308 et

271 2341 594 2405 erogaverat
640 2333 818 2389 omnia
859 2349 985 2398 sua.
1036 2351 1135 2393 nec
1170 2338 1238 2393 ab
1289 2340 1400 2394 ullo
1436 2344 1610 2411 potuit
1651 2346 1863 2414 curari,

271 2426 375 2481 sed
404 2426 574 2503 magis
608 2424 847 2481 deterius
873 2426 1129 2494 hab-bat,
1159 2428 1304 2484 venit
1346 2428 1399 2485 in
1434 2432 1587 2488 turba
1612 2443 1780 2502 retro,
1811 2446 1867 2491 et

272 2524 461 2594 tetigit
490 2522 756 2577 ﬁmbriam
786 2524 1092 2578 vestimenti
1120 2523 1259 2594 ejus.
1296 2525 1515 2582 Dicebat
1553 2529 1694 2583 enim
1729 2530 1865 2584 intra

268 2630 336 2672 se
370 2632 389 2670 :
418 2614 571 2683 Quod
610 2613 656 2670 si
707 2615 791 2670 vel
822 2616 1206 2688 vestimentum
1244 2618 1369 2689 ejus
1414 2621 1638 2690 tetigero
1662 2662 1677 2686 ,
1718 2622 1869 2677 salva

271 2720 379 2760 cro
409 2720 426 2759 :
458 2711 516 2760 et
535 2704 815 2760 confestim
837 2706 1170 2762 stetitfiuxus
1183 2711 1461 2781 sanguinis
1474 2713 1871 2782 ejus,etsensit

270 2788 516 2870 nit-pore
554 2797 694 2867 quod
726 2808 909 2853 sanata
946 2808 1090 2856 esset
1126 2815 1158 2855 a
1200 2802 1375 2873 plaga.
1407 2804 1476 2863 Et
1501 2806 1683 2860 statim
1714 2805 1871 2863 Iesus

272 2905 620 2963 cognoscens
640 2890 694 2946 in
714 2896 1011 2961 semetipso
1038 2894 1289 2949 virtutem
1311 2911 1431 2966 qua:
1459 2898 1665 2954 exierat
1687 2898 1757 2954 ab
1780 2913 1871 2966 eo,

268 2996 584 3038 conversus
608 2983 679 3040 ad
729 2984 915 3038 turbas
956 2983 1136 3040 aiebat
1168 3004 1182 3039 :
1213 2986 1347 3053 Quis
1395 3002 1483 3045 me
1532 2989 1739 3061 tetigit?
1770 2991 1874 3063 Ne,-

283 3071 558 3141 gantihus
598 3076 777 3127 autem
810 3073 1090 3141 omnibus,
1130 3074 1269 3131 dixit
1306 3074 1500 3131 Petrus
1538 3087 1593 3131 et
1620 3076 1715 3147 qui
1742 3091 1871 3133 cum

281 3178 366 3217 eo
393 3173 553 3219 erant
580 3181 597 3218 :
622 3166 955 3234 Praeceptor,
986 3168 1161 3222 turbae
1185 3175 1237 3221 te
1266 3169 1631 3235 comprimunt
1655 3176 1711 3222 et
1738 3168 1875 3222 allii-

282 3266 456 3325 gunt,
485 3264 538 3313 et
556 3257 693 3313 dicis
719 3275 734 3311 :
763 3258 897 3325 Quis
929 3274 1017 3315 tne
1047 3260 1340 3329 tetigitiEt
1369 3260 1498 3314 dixit
1530 3259 1690 3316 Jesus
1719 3278 1732 3315 :
1767 3260 1872 3315 Tc-

286 3352 422 3422 tigit
460 3367 546 3407 me
578 3352 774 3422 aliquis
806 3371 819 3407 :
855 3368 979 3409 nam
1013 3365 1069 3410 et
1105 3369 1205 3424 ego
1236 3356 1362 3411 novi
1396 3358 1649 3411 virtutem
1687 3357 1752 3412 de
1790 3376 1875 3416 me

284 3445 519 3498 exiisse.
554 3444 621 3499 Et
646 3445 1119 3517 circumspiciebat
1146 3448 1330 3503 videre
1357 3463 1479 3502 eam
1509 3464 1631 3518 quae
1662 3452 1763 3507 hoc
1792 3452 1875 3508 fe-

285 3547 472 3592 cerat.
506 3538 701 3594 Videns
729 3548 910 3594 autem
932 3541 1126 3596 mulier
1144 3542 1272 3611 quia
1297 3557 1403 3596 non
1428 3543 1606 3608 latuit,
1637 3551 1875 3601 trenwns

283 3630 538 3698 v.:nit,et
554 3631 787 3698 procidit
809 3641 934 3687 ante
962 3635 1125 3703 pedes
1145 3632 1287 3700 ejus,
1302 3632 1445 3687 etob
1465 3646 1629 3703 quam
1653 3647 1874 3690 causam

277 3712 524 3781 tetigerit
544 3729 670 3769 eum
699 3717 958 3774 indicavit
985 3735 1165 3776 coram
1193 3725 1338 3778 omni
1364 3727 1580 3806 popujo,
1610 3736 1667 3784 et
1685 3744 1879 3799 quem-

274 3807 579 3864 admodum
610 3808 893 3865 confestim
935 3821 1123 3867 sanata
1176 3814 1266 3869 ait.
1301 3815 1366 3870 Et
1412 3819 1527 3887 ipse
1565 3819 1705 3874 dixit
1750 3820 1826 3877 illi
1860 3838 1874 3875 :

280 3898 449 3962 Filia,
481 3900 613 3955 fides
640 3909 730 3956 tua
755 3902 1029 3959 tesalvam
1062 3904 1216 3973 fecit;
1248 3909 1384 3964 vade
1413 3910 1465 3965 in
1497 3925 1647 3981 pace,
1674 3922 1732 3969 et
1758 3926 1878 3971 esto

280 4005 422 4045 sana
452 4006 483 4045 a
531 3993 679 4063 plaga
723 4000 834 4049 tua.
869 3996 1058 4050 Adhuc
1088 4012 1153 4051 eo
1184 3998 1454 4068 loquente,
1482 4004 1633 4058 Venit
1661 4006 1876 4075 quidam

278 4084 364 4138 ab
388 4083 833 4155 archisynagogo,
879 4086 1064 4142 dicens
1098 4088 1148 4145 ei
1180 4105 1196 4147 :
1223 4090 1357 4158 Quia
1390 4102 1599 4149 mortua
1646 4106 1727 4152 est
1770 4098 1876 4155 filia

285 4187 412 4239 tua,
438 4176 561 4245 quid
587 4178 726 4232 ultra
750 4193 913 4233 vexas
938 4182 1285 4251 magis-trum?
1310 4184 1467 4240 Jesus
1489 4188 1673 4243 audito
1704 4190 1876 4248 verbo

283 4271 420 4333 hoc,
451 4269 522 4322 ait
542 4269 968 4341 arcbisynagogo
994 4290 1007 4326 :
1037 4273 1156 4329 Noli
1184 4277 1383 4334 timere
1408 4295 1424 4335 :
1455 4281 1618 4337 crede
1649 4291 1874 4351 tantum,

280 4369 350 4414 et
386 4359 531 4413 salva
563 4362 686 4415 erit.
719 4361 784 4415 Et
826 4378 931 4417 non
971 4367 1215 4434 permisit
1258 4385 1581 4440 quemquam
1612 4376 1763 4444 sequi
1795 4384 1875 4442 se,

284 4452 396 4506 nisi
420 4452 660 4518 Petrum,
682 4463 738 4509 et
757 4455 1035 4522 Jacobum,
1063 4467 1117 4513 et
1132 4458 1393 4516 Joannem
1418 4462 1636 4519 fratrem
1662 4460 1869 4521 Jacobi.

287 4546 362 4598 ιι
390 4558 512 4599 cum
526 4546 761 4602 venisset
779 4547 832 4601 in
857 4546 1074 4604 domum
1091 4551 1518 4626 archisynagogi,
1554 4557 1683 4613 vidit
1713 4559 1881 4614 tibici-

288 4650 393 4691 nes
420 4646 475 4692 et
499 4638 707 4707 turbam
743 4644 1151 4700 tumultuantem
1177 4686 1192 4712 ,
1225 4655 1280 4703 et
1319 4648 1510 4704 flentes
1538 4662 1591 4704 et
1618 4649 1885 4720 eiulantes

288 4729 548 4786 multum.
578 4730 643 4783 Et
671 4732 978 4799 ingressus.
1020 4736 1235 4792 dicebat
1270 4755 1284 4791 :
1320 4739 1575 4796 liecedite
1605 4757 1620 4798 :
1650 4758 1754 4797 non
1799 4753 1884 4799 est

286 4819 440 4873 enim
461 4830 667 4875 mortua
690 4825 886 4893 puella,
919 4826 1012 4881 sed
1041 4827 1261 4885 dormit.
1296 4831 1360 4885 Et
1384 4832 1701 4889 deridebant
1729 4851 1877 4902 eum,

288 4911 534 4966 scientes
558 4913 701 4983 quod
746 4927 954 4971 mortua
986 4931 1149 4975 esset.
1182 4921 1300 4990 lpse
1328 4936 1458 4978 vero
1489 4925 1673 4994 ejectis
1701 4930 1880 4981 omni-

286 5001 419 5067 bus,
449 5014 727 5075 assumpte
753 5017 904 5073 patre
943 5018 998 5065 et
1026 5020 1196 5067 matre
1227 5014 1447 5082 puellae,
1495 5024 1549 5071 et
1577 5019 1666 5087 qui
1696 5033 1878 5073 secum

288 5101 474 5159 erant,
508 5094 806 5165 ingreditur
830 5099 923 5153 ubi
953 5111 1071 5156 erat
1117 5104 1290 5172 puella
1334 5105 1544 5175 jacens.
1594 5108 1661 5164 Et
1690 5121 1879 5167 tenens

291 5199 516 5240 manum
536 5187 675 5256 ejus,
704 5191 777 5244 ait
801 5190 877 5245 illi
911 5209 925 5247 :
958 5194 1190 5263 Talitha,
1221 5200 1362 5252 cumi
1388 5215 1402 5251 :
1429 5201 1569 5268 quod
1602 5212 1685 5257 est
1713 5203 1882 5259 inter-

292 5283 565 5343 pretatum
601 5294 618 5331 :
650 5279 830 5335 Puella
858 5282 974 5353 (tibi
1006 5286 1172 5355 dico),
1205 5302 1386 5361 surge.
1430 5292 1495 5347 Et
1526 5308 1774 5350 reversus
1798 5307 1877 5352 est

292 5365 519 5435 spiritus
548 5369 689 5438 ejus.
722 5371 785 5427 Et
816 5378 1050 5431 surrexit
1081 5381 1336 5437 continuo
1364 5385 1571 5451 puella,
1594 5394 1649 5440 et
1689 5388 1880 5443 ambu—

296 5459 462 5514 labat.
502 5461 635 5517 Erat
659 5474 836 5520 autem
865 5483 1132 5525 annorum
1163 5474 1467 5531 duodecim.
1496 5478 1562 5533 Et
1592 5480 1887 5550 obstupue-

298 5559 425 5603 runt
449 5565 642 5610 omnes
666 5564 887 5628 stupore
909 5564 1162 5619 maximo.
1199 5566 1263 5620 Et
1292 5572 1547 5641 prmcepit
1572 5572 1680 5627 illis
1711 5576 1884 5631 vehe-

299 5653 511 5727 menter
543 5654 605 5699 ut
633 5662 792 5704 nemo
815 5650 867 5705 id
900 5653 1087 5709 sciret.
1116 5656 1181 5711 Et
1212 5656 1374 5727 jussit
1400 5661 1474 5715 illi
1502 5662 1616 5718 dari
1658 5667 1886 5722 mandu-

301 5746 455 5791 care.
479 5737 544 5794 Et
574 5741 742 5797 exivit
766 5743 905 5802 fama
931 5745 1046 5805 haec
1076 5747 1130 5805 in
1157 5757 1463 5811 universam
1488 5765 1688 5813 terram
1717 5759 1884 5816 illam.

1965 1902 2036 1919 -
2065 1876 2285 1932 ﬂuxu.
2318 1890 2413 1941 xu,
2444 1874 2537 1932 9-5.
2566 1872 2814 1944 Nunquid
2845 1872 2948 1928 iste
2971 1880 3054 1928 est
3078 1869 3220 1925 filius
3249 1865 3418 1923 David
3443 1857 3468 1912 ’ἒ

2536 2006 2770 2067 CAPUT
2828 2004 2984 2065 LXII.

1971 2102 2228 2161 Phariswi
2255 2102 2435 2160 dicunt
2463 2106 2525 2159 de
2552 2102 2677 2159 Iesu
2708 2119 2728 2159 :
2759 2101 2821 2158 In
2851 2101 3129 2158 Beelzebub
3171 2102 3406 2175 principe
3443 2105 3551 2155 αω-

2324 2177 2608 2231 maniorum
2638 2175 2720 2229 hic
2749 2175 2893 2246 cjicit
2919 2174 3202 2230 immania.

2038 2289 2251 2347 Manu.
2287 2306 2390 2357 xu,
2425 2290 2658 2359 21-37;
2699 2292 2983 2353 Manum.
3012 2279 3233 2356 22350;
3275 2290 3403 2345 Luc.
3463 2305 3554 2354 xi,

1972 2383 2181 2439 μεθ..
2226 2382 2489 2437 Pbarismi
2543 2391 2721 2436 autem
2779 2382 3030 2437 dicebant
3080 2399 3093 2435 :
3148 2381 3203 2437 In
3254 2380 3557 2437 Bee'zebub

1971 2472 2211 2543 principe
2241 2471 2630 2526 dzemoniorum
2665 2472 2749 2527 hic
2780 2471 2926 2541 ejicit
2968 2472 3265 2527 dmmones.
3307 2472 3427 2541 Ipse
3454 2489 3558 2526 au-

1972 2571 2078 2616 tem
2125 2568 2182 2614 ut
2228 2560 2361 2615 vidit
2409 2560 2764 2628 cogitationes
2811 2574 3021 2626 eorum,
3055 2560 3187 2615 dixit
3223 2561 3302 2616 eis
3336 2578 3349 2615 :
3378 2561 3555 2619 Omne

1973 2669 2192 2724 mgnum
2225 2653 2277 2707 in
2310 2652 2490 2721 seipso
2517 2653 2744 2708 divisum
2801 2652 3148 2717 desolabitur,
3177 2660 3234 2709 et
3270 2652 3444 2709 omnis
3483 2655 3563 2727 ci:

1950 2747 2112 2804 'vitas
2141 2747 2310 2802 divisa
2342 2742 2600 2802 adversus
2638 2761 2699 2802 se
2750 2760 2857 2802 non
2885 2746 3064 2801 stabit.
3096 2746 3153 2802 Si
3179 2755 3356 2801 autem
3380 2756 3432 2802 et
3462 2745 3562 2803 Sa-

1975 2851 2126 2896 tanas
2146 2826 2199 2894 in
2223 2839 2459 2909 seipsum
2482 2824 2686 2893 divisus
2702 2848 2804 2904 est,
2858 2836 3125 2909 quomodo
3149 2837 3312 2893 stabit
3340 2832 3562 2910 regnum

1975 2933 2185 3005 ipsius?
2211 2928 2327 2987 Non
2355 2938 2530 3001 potest
2561 2941 2726 2999 stare,
2765 2931 2859 2986 sed
2903 2931 3063 2986 finem
3096 2930 3259 2987 habet
3286 2950 3297 2984 ε
3334 2933 3453 3000 quia
3482 2930 3564 2986 di-
3628 2925 3633 2931 ’

1976 3012 2098 3080 citis
2145 3023 2197 3080 in
2230 3021 2530 3078 Beelzebub
2585 3037 2670 3075 me
2722 3020 2919 3090 ejicere
2963 3020 3249 3077 daemonia.
3298 3020 3353 3077 Si
3384 3034 3563 3077 autem

1898 3149 1947 3215 ο
1980 3133 2081 3189 ego
2108 3119 2161 3174 in
2192 3116 2493 3173 Beelzebub
2533 3117 2690 3185 cjicio
2722 3115 3008 3197 daemonia,
3042 3117 3133 3171 filii
3163 3118 3329 3172 vestri
3363 3118 3415 3171 in
3461 3135 3565 3187 quo

1975 3211 2243 3282 ejiciunt?
2272 3209 2399 3265 Ideo
2430 3210 2528 3279 ipsi
2556 3210 2761 3277 judices
2791 3207 2958 3263 vestri
2999 3219 3173 3264 erunt.
3208 3209 3372 3264 Porro
3418 3208 3462 3263 si
3510 3211 3565 3265 in

1976 3302 2141 3373 digito
2184 3302 2279 3357 Dei
2323 3300 2483 3372 ejicio
2510 3298 2795 3365 daemonia,
2845 3299 3083 3371 profecto
3114 3301 3355 3367 pervenit
3383 3300 3433 3353 in
3466 3318 3564 3355 vos

1976 3404 2198 3463 regnum
2246 3393 2358 3446 Dei.
2402 3393 2509 3446 Aut
2536 3390 2806 3461 quomodo
2835 3398 3009 3460 potest
3038 3391 3316 3461 quisquam
3364 3393 3565 3447 intrare

1977 3485 2029 3540 in
2062 3488 2277 3540 domum
2308 3484 2482 3549 fortis,
2511 3493 2565 3537 et
2590 3494 2716 3538 vasa
2740 3482 2853 3552 ejus
2874 3482 3107 3552 diripere
3138 3484 3189 3537 in
3218 3481 3411 3553 quibus
3436 3497 3566 3538 con—

1979 3576 2197 3638 fidebat.
2226 3578 2326 3631 nisi
2353 3578 2501 3646 prius
2533 3577 2831 3647 alligaverit
2860 3573 3073 3645 fortem,
3110 3585 3164 3632 et
3191 3585 3317 3631 tunc
3343 3576 3563 3631 domum

1978 3671 2121 3727 illius
2147 3668 2398 3740 diripiat?
2423 3667 2523 3736 Qui
2554 3686 2658 3723 non
2691 3679 2772 3723 est
2811 3684 3019 3723 mecum
3040 3709 3059 3737 ,
3090 3679 3275 3724 contra
3308 3684 3394 3723 me
3431 3676 3515 3723 cst
3549 3684 3562 3719 :

1979 3774 2037 3820 et
2078 3766 2167 3835 qui
2211 3780 2318 3819 non
2365 3773 2656 3834 congregat
2702 3778 2910 3817 mecum
2937 3750 3223 3832 ,'spargit.
3272 3760 3400 3816 Ideo
3443 3759 3567 3814 dico

1980 3856 2182 3910 vobis:
2226 3855 2399 3909 Omne
2450 3865 2731 3925 peccatum
2780 3864 2833 3908 et
2884 3852 3217 3922 blasphemia
3266 3851 3568 3906 remittrtttr

1983 3946 2291 4001 horninibus
2322 3963 2335 3999 :
2364 3946 2595 4015 Spiritus
2624 3955 2799 4000 autem
2830 3944 3159 4014 blasphemia
3194 3959 3299 3998 non
3328 3943 3569 3998 remitte-

1983 4050 2087 4095 tur.
2122 4037 2187 4093 Et
2215 4035 2516 4109 quicunque
2550 4038 2747 4092 dixerit
2773 4037 2992 4091 verbum
3025 4046 3210 4103 contra
3243 4033 3435 4089 Filium
3472 4034 3566 4086 ho-

1982 4131 2163 4196 minis,
2194 4127 2495 4184 remittetur
2522 4130 2568 4184 ei
2607 4149 2619 4181 :
2652 4128 2741 4198 qui
2774 4137 2949 4182 autem
2994 4126 3190 4181 dixerit
3232 4135 3416 4182 co:.tra
3449 4124 3572 4195 Spi-

1985 4221 2143 4275 ritum
2172 4231 2437 4284 sauctum,
2473 4236 2577 4274 non
2609 4220 2908 4276 remittetur
2949 4221 3029 4286 ei,
3061 4233 3233 4291 neque
3258 4218 3309 4273 in
3338 4218 3442 4275 hoc
3469 4232 3573 4274 sm-

1983 4312 2124 4375 culo,
2158 4326 2332 4382 neque
2379 4312 2431 4366 in
2484 4312 2680 4371 futuro.
2715 4314 2822 4366 Aut
2852 4311 3009 4366 facile
3053 4313 3304 4367 arborem
3349 4312 3570 4380 bonam,

1984 4417 2038 4461 et
2069 4406 2296 4462 fructum
2328 4406 2445 4477 ejus
2471 4406 2669 4461 bonum
2697 4423 2710 4462 :
2749 4418 2840 4459 aut
2872 4406 3031 4461 facile
3069 4406 3313 4461 arborem
3345 4408 3564 4473 malum,

1908 4527 1960 4588 ι)
1989 4510 2039 4557 et
2066 4502 2295 4555 fructum
2325 4499 2372 4570 ej
2387 4516 2443 4554 ns
2472 4500 2671 4553 malum
2701 4516 2713 4552 :
2742 4499 3003 4568 siquidem
3032 4514 3096 4552 ex
3130 4496 3388 4553 fructibus
3409 4497 3571 4553 arbor

1988 4590 2350 4661 cognoscitur.
2382 4588 2673 4659 Progenies
2696 4592 3021 4660 viperarum,
3053 4590 3322 4658 quomcdo
3349 4590 3573 4658 potestis

1988 4681 2127 4735 bona
2161 4681 2326 4751 loqui,
2350 4694 2468 4735 cum
2492 4679 2611 4736 sitis
2631 4681 2795 4735 mali?
2825 4696 2889 4735 ex
2921 4679 3242 4734 abundantia
3276 4679 3418 4733 enim
3453 4693 3574 4732 cor-

1988 4770 2070 4825 dis
2098 4786 2159 4825 os
2201 4770 2454 4842 loquitur.
2503 4769 2681 4825 Bonus
2706 4771 2868 4825 homo
2898 4771 2967 4825 de
2995 4769 3139 4823 bene
3171 4769 3429 4822 thesauro
3450 4783 3577 4836 pro-

1991 4863 2091 4917 fert
2120 4865 2260 4918 bona
2297 4881 2309 4916 :
2344 4873 2399 4918 et
2427 4863 2599 4919 malus
2631 4858 2793 4918 homo
2819 4863 2885 4917 de
2915 4863 3055 4916 malo
3088 4860 3339 4915 thesauro
3370 4859 3577 4929 profert

1989 4953 2149 5009 mala.
2210 4954 2337 5010 Dico
2382 4963 2560 5009 autem
2611 4954 2765 5009 vobis
2795 4970 2811 5009 :
2843 4952 3092 5023 quoniam
3142 4966 3301 5005 omne
3350 4950 3577 5006 verbum

1991 5051 2221 5103 Otiosum
2253 5050 2393 5118 quod
2422 5049 2585 5104 locuti
2610 5049 2810 5104 fuer'nt
2838 5048 3113 5109 homines,
3150 5046 3374 5101 reddent
3407 5048 3575 5102 ratio-

1994 5154 2114 5193 nem
2138 5142 2205 5195 de
2231 5156 2296 5195 eo
2319 5141 2371 5193 in
2401 5140 2490 5195 die
2512 5139 2721 5211 judicii.
2753 5140 2829 5194 Ex
2852 5140 3032 5194 verbis
3068 5138 3213 5199 enim
3247 5141 3349 5194 tuis
3372 5139 3576 5209 juStiIi-

1989 5232 2217 5299 caberi~,
2245 5243 2298 5287 et
2328 5246 2395 5287 ex
2426 5232 2603 5288 verbis
2625 5232 2727 5286 tuis
2750 5232 3214 5289 condemnaberis.

2546 5367 2777 5425 CAPUT
2817 5367 2996 5427 LXIII.

2245 5462 2454 5515 Martha
2482 5456 2663 5517 Iesum
2698 5468 2917 5535 suscepit
2948 5467 3002 5521 in
3028 5469 3177 5521 domo
3209 5484 3325 5522 sua.

2065 5578 2194 5633 Luc.
2227 5594 2290 5643 x,
2320 5578 2522 5637 3842.
2566 5577 2787 5635 Factum
2815 5591 2899 5637 est
2938 5591 3116 5636 autem
3160 5583 3289 5636 dum
3334 5582 3492 5644 irent,
3523 5588 3587 5636 et

1995 5670 2109 5741 ipse
2138 5670 2294 5729 Jesus
2320 5674 2536 5729 intravit
2566 5674 2616 5730 in
2643 5674 2909 5745 quoddam
2934 5674 3209 5731 castellum
3242 5692 3255 5730 :
3298 5686 3354 5731 et
3383 5676 3581 5732 mulier

1994 5762 2236 5834 qumdam
2287 5764 2487 5843 Martha
2536 5768 2772 5835 nomine,
2824 5765 3040 5839 excepit
3070 5765 3217 5823 illum
3260 5768 3312 5823 in
3358 5766 3592 5824 domum
