4026 6196
360 318 367 322 .
430 266 533 319 285

1516 114 1567 138 κ

1570 261 1881 320 VICTORIS
1921 259 2220 320 EPISCOPI
2259 260 2555 320 CAPUANI

432 394 603 433 suam.
642 378 698 433 Et
735 377 854 432 huic
888 386 1000 433 erat
1041 392 1193 434 soror
1220 379 1433 434 nomine
1461 378 1653 446 Maria;
1683 395 1800 452 qua:
1833 379 1993 433 etiam
2025 378 2073 439 Α
2104 378 2327 432 Virtutes
2373 376 2513 445 eius.
2559 376 2680 445 quia
2734 390 2837 429 non
2888 376 3119 445 egissent
3172 375 3559 444 pmnitcntiam.
3597 376 3689 429 Vas

432 468 628 524 seileus
656 483 814 524 secus
862 470 1025 538 pedes
1066 467 1273 525 Demini
1308 471 1455 527 Jcsu.
1486 472 1735 526 audiebat
1782 471 2002 526 verbum

430 559 591 614 illius.
627 560 830 614 Martha
870 569 1043 613 autem
1090 569 1360 628 satagebat
1394 563 1535 616 circa
1578 561 1826 631 frequens
1851 562 2006 617 mini-

429 651 672 704 sterium.
696 650 825 714 Quae
847 652 996 705 stetit
1015 660 1070 705 et
1089 653 1163 704 ait
1188 669 1200 704 :
1237 652 1481 719 Domine,
1506 667 1611 707 non
1635 654 1831 707 esttibi
1863 670 2006 709 cura:

432 739 575 809 quod
619 755 773 793 soror
803 755 919 795 mea
950 741 1163 810 reliquit
1202 757 1287 795 me
1331 743 1498 797 solam
1542 743 1884 798 ministrare?
1924 744 2008 800 die

433 845 560 899 ergo
583 828 661 882 illi
703 839 761 884 ut
789 845 876 885 me
904 830 1140 899 adjuvet.
1174 831 1241 886 Et
1272 834 1606 901 respondens
1636 832 1873 888 dixit’illi
1905 834 2008 888 Do-

432 920 610 975 minus
635 942 649 973 ς
679 921 902 979 Martha.
929 912 1152 976 sollicita
1182 937 1260 990 cs,
1285 925 1583 977 etturharis
1603 938 1728 993 erga
1756 924 2003 992 plurima.

435 1011 600 1067 Porro
622 1028 784 1067 unum
806 1022 889 1067 est
912 1015 1298 1068 necessarium.
1332 1015 1492 1069 Maria
1516 1016 1774 1084 optimam
1798 1025 2004 1087 partem

430 1105 613 1176 elegit,
646 1121 766 1176 qua:
793 1121 900 1162 non
930 1106 1206 1162 auferetur
1232 1108 1301 1161 ab
1324 1122 1413 1161 ea.

999 1217 1225 1273 CAPUT
1263 1218 1447 1273 LXIV.

465 1302 690 1362 Ioannes
719 1308 782 1362 de
810 1323 1011 1362 canere
1035 1310 1171 1363 misit
1201 1311 1270 1362 ad
1290 1310 1470 1363 Iesum
1494 1311 1809 1384 interregare
1834 1314 1969 1365 eum.

446 1422 453 1431 τ
502 1399 714 1455 Manu.
746 1415 821 1465 χι,
854 1400 1040 1464 2-19ς
1076 1401 1206 1455 Luc.
1238 1414 1343 1469 vn,
1378 1401 1586 1456 18-55.
1627 1402 1861 1458 Joannes
1908 1418 2005 1457 au-

433 1498 541 1543 tem
565 1490 941 1545 eumaudisset
960 1491 1015 1543 in
1034 1490 1259 1545 vinculis
1276 1505 1439 1562 opera
1461 1493 1680 1560 Christi,
1707 1507 2009 1548 convocans

430 1580 569 1636 duos
610 1580 679 1636 de
720 1580 995 1649 discipulis
1025 1580 1138 1635 suis
1168 1581 1317 1636 misit
1358 1582 1423 1636 ad
1456 1582 1637 1637 Jesum
1669 1583 1854 1637 dicens
1882 1600 1896 1637 :
1930 1583 2007 1638 Tu

435 1685 496 1725 es
520 1670 609 1741 qui
649 1679 904 1733 venturus
928 1684 1009 1737 es,
1057 1686 1122 1725 an
1153 1672 1315 1727 alium
1357 1674 1764 1741 exspectamus?
1786 1675 1864 1746 (In
1894 1675 2008 1744 ipsa

432 1773 615 1820 autem
647 1768 778 1819 hora
799 1767 1217 1822 curavitmultos
1244 1783 1273 1821 a
1303 1768 1643 1836 languoribus
1663 1778 1716 1823 et
1738 1768 1925 1847 plagis,
1958 1776 2013 1823 et

436 1857 715 1926 spiritibus
743 1858 919 1925 malis,
948 1868 1002 1913 et
1039 1861 1197 1915 uenis
1238 1861 1421 1915 multis
1449 1860 1666 1915 donavit
1692 1860 1913 1932 visum.)
1947 1862 2015 1918 Et

441 1948 776 2018 respondens
822 1950 958 2004 dixit
986 1951 1129 2006 illis:
1160 1951 1358 2007 Euntes
1388 1953 1631 2007 nuntiate
1657 1952 1846 2007 Joauni
1894 1970 2013 2023 quae

436 2042 646 2098 vidistis
668 2050 722 2098 et
744 2043 972 2100 audistis
1015 2061 1029 2098 :
1073 2046 1199 2116 quia
1230 2046 1360 2102 caeci
1381 2045 1586 2114 vident,
1618 2048 1793 2104 claudi
1823 2049 2011 2104 ambu-

437 2136 586 2202 lant,
616 2138 813 2207 leprosi
846 2139 1200 2213 mundantur,
1232 2141 1378 2196 surdi
1420 2143 1642 2199 audiunt
1677 2142 1812 2213 (ha.
1841 2160 2007 2209 xxxv,

435 2227 517 2295 59,
559 2228 755 2287 mortui
796 2239 1100 2301 resurgunt,
1154 2246 1420 2302 pauperes
1454 2235 1914 2304 evangelizantur.
1948 2236 2014 2291 Et

433 2315 622 2371 beatus
657 2318 744 2388 qui
776 2334 881 2374 non
913 2319 1074 2375 fuerit
1108 2321 1501 2377 scandalizatus
1532 2324 1585 2377 in
1622 2325 1736 2379 me!
1771 2326 1882 2381 Illis
1914 2341 2013 2381 au-

435 2417 543 2461 tem
576 2407 931 2476 abeuntibus,
963 2411 1126 2479 coepit
1170 2410 1325 2467 Jcsus
1375 2412 1553 2468 dicere
1596 2414 1662 2469 de
1711 2415 1915 2472 Joanne
1945 2417 2012 2489 ad

398 2492 405 2495 ’
441 2498 623 2551 turbas
648 2512 662 2550 ;
692 2498 828 2565 Quid
857 2490 1062 2556 exiist‘is
1080 2501 1132 2555 in
1151 2501 1420 2557 desertum
1443 2504 1662 2560 videre?
1683 2505 2012 2563 Arundinem

438 2597 597 2643 vento
633 2590 918 2659 agitatam?
942 2590 1045 2647 Sed
1075 2591 1199 2661 quid
1230 2593 1438 2648 exiistis
1469 2594 1695 2652 videre?
1722 2595 2009 2653 Hominem

434 2682 682 2737 mollibus
708 2684 1040 2740 vestimentis
1066 2685 1343 2741 indutum?
1366 2686 1503 2742 Ecce
1523 2688 1614 2758 qui
1642 2689 1694 2743 in
1722 2701 1869 2746 veste
1893 2706 2018 2762 pre-

437 2774 569 2827 tiosa
599 2784 725 2828 sunt
767 2782 820 2831 et
848 2774 1086 2840 deliciis,
1137 2776 1191 2829 in
1232 2776 1478 2832 domibus
1513 2793 1697 2849 regum
1726 2786 1873 2838 sunt.
1906 2783 2017 2840 Sed

362 2902 369 2909 .
437 2863 564 2931 quid
597 2864 806 2937 exiistis
836 2864 1054 2919 videre?
1085 2863 1444 2934 Prophetam?
1473 2867 1664 2938 Utique
1692 2868 1814 2926 dico
1839 2871 2018 2944 vobis,

434 2965 489 3009 et
515 2954 633 3024 plus
658 2969 811 3025 quam
840 2955 1178 3025 prophetam.
1222 2956 1319 3012 llic
1347 2966 1428 3012 est
1452 2959 1595 3014 enim
1643 2960 1711 3015 de
1749 2976 1856 3032 quo
1882 2965 2018 3019 scri-

438 3055 586 3112 ptum
617 3053 700 3100 est
731 3065 744 3099 :
775 3044 915 3101 Ecce
961 3060 1061 3115 ego
1105 3046 1258 3101 mitto
1298 3050 1543 3117 angelum
1574 3065 1752 3106 meum
1782 3063 1907 3109 ante
1936 3055 2016 3109 fa-

434 3137 571 3191 ciem
610 3147 778 3204 tuam,
809 3138 896 3206 qui
929 3138 1250 3206 praeparabit
1273 3137 1412 3193 viam
1443 3149 1585 3195 tuam
1610 3152 1733 3198 ante
1764 3153 1815 3199 te
1844 3143 2005 3216 (Mal.

434 3243 513 3292 III,
543 3226 618 3299 l).
648 3229 819 3282 Amen
849 3226 967 3283 dico
1010 3228 1164 3283 vobis
1198 3246 1211 3283 :
1246 3227 1417 3300 major
1445 3230 1585 3287 inter
1624 3243 1779 3289 natos
1826 3235 2014 3291 mulie-

437 3306 553 3373 rum
580 3319 859 3389 propheta,
891 3318 1097 3375 Joanue
1120 3320 1374 3391 Baptista,
1403 3337 1557 3377 nemo
1578 3332 1681 3382 est.
1712 3324 1808 3391 Qui
1832 3335 2010 3382 autem

436 3415 610 3466 m'nor
637 3421 718 3467 est
741 3411 791 3465 in
818 3427 982 3481 regno
1004 3413 1287 3479 cmlorum,
1312 3413 1482 3484 major
1498 3425 1583 3470 est
1604 3415 1717 3471 illo.
1748 3414 1813 3473 Et
1833 3419 2011 3475 omnis

435 3501 664 3570 papulas
714 3501 935 3556 audiens
973 3513 1025 3557 et
1067 3502 1333 3572 publicani
1360 3502 1787 3573 justiticavcrunt
1817 3508 2011 3576 Deum,

435 3594 686 3663 baptizati
714 3593 977 3663 baptismo
1003 3594 1243 3649 Joannis.
1274 3595 1526 3651 Pharisaei
1564 3606 1737 3653 autem
1768 3609 1820 3654 et
1852 3601 2008 3671 legis-

434 3688 615 3755 periti,
647 3687 1053 3743 consilium‘Dei
1084 3700 1403 3756 spreverunt
1434 3690 1484 3744 in
1516 3694 1855 3762 semctipsos,
1905 3710 2008 3750 non

432 3776 684 3844 baptizati
733 3776 799 3831 ab
843 3792 926 3831 eo.
975 3778 1019 3832 A
1066 3776 1254 3833 diebus
1284 3789 1462 3834 autem
1502 3779 1721 3836 Joannis
1759 3783 2012 3852 Baptista:

432 3885 602 3940 usque
629 3885 789 3939 nunc,
815 3886 1035 3940 regnum
1061 3872 1318 3926 cmlorum
1349 3873 1452 3927 vim
1474 3874 1693 3942 patitur,
1720 3885 1773 3931 et
1795 3877 2010 3934 violenti

432 3966 644 4031 rapiunt
676 3963 825 4017 illud.
859 3962 1057 4019 Omnes
1080 3964 1224 4018 enim
1256 3965 1529 4035 prophetae
1558 3977 1612 4022 et
1638 3968 1722 4024 lex
1751 3985 1918 4038 usque
1940 3971 2009 4027 ad

432 4051 689 4108 Joannem
722 4055 1196 4124 prephetaverunt.
1232 4057 1297 4110 Et
1323 4058 1367 4111 si
1400 4059 1564 4113 vultis
1604 4059 1863 4129 recipere,
1899 4063 2011 4133 ipse

432 4154 514 4198 est
546 4144 692 4198 Elias
720 4138 808 4215 qui
834 4157 1089 4203 venturus
1111 4159 1214 4203 est.
1245 4147 1344 4215 Qui
1375 4150 1534 4204 habet
1566 4166 1723 4205 aures
1758 4152 2008 4209 audiendi

432 4232 631 4288 audiat.
663 4232 756 4289 Cui
805 4245 983 4290 autem
1032 4237 1258 4291 similem
1301 4240 1577 4293 aestimabo
1605 4243 2007 4311 generationem

433 4320 626 4375 istam?
654 4323 852 4379 Similis
878 4332 960 4378 est
999 4326 1176 4393 pueris
1200 4325 1508 4380 sedentibus
1535 4327 1586 4381 in
1614 4329 1750 4395 foro,
1783 4334 1871 4399 qui
1896 4334 2007 4386 cla-

435 4418 641 4468 mantes
668 4416 1046 4482 coaequalibus,
1072 4416 1256 4471 dicunt
1282 4418 1616 4474 :Cecinitnus
1646 4423 1795 4477 vobis
1822 4434 1874 4478 et
1900 4442 2003 4480 non

432 4500 695 4566 saltastis;
748 4503 1194 4569 lamentavimus,
1246 4514 1299 4561 et
1343 4524 1445 4563 non
1496 4510 1797 4579 planxistis.
1851 4515 2006 4570 Venit

432 4592 574 4644 enim
607 4591 841 4647 Joannes
888 4609 1056 4663 neque
1096 4597 1455 4667 manducans,
1491 4617 1660 4669 neque
1704 4605 1922 4672 bibens,
1953 4619 2006 4663 et

438 4680 623 4737 dicunt
672 4700 686 4736 :
745 4684 1071 4740 Dzemonium
1114 4688 1291 4742 habet.
1349 4690 1503 4745 Venit
1555 4690 1720 4749 Filius
1775 4696 2005 4754 hominis

431 4774 759 4832 tnanducans
803 4787 856 4832 et
883 4777 1103 4845 bibens,
1137 4790 1189 4835 et
1215 4782 1397 4836 dcunt
1425 4801 1438 4838 :
1470 4784 1608 4840 Ecce
1642 4786 1799 4842 homo
1841 4805 2003 4844 vorax

428 4879 480 4919 et
536 4875 747 4937 potator
792 4869 935 4935 vini,
981 4870 1381 4940 publicanorum
1417 4886 1464 4928 et
1505 4886 1837 4944 peccatorum
1870 4880 2011 4935 ami-.

427 4976 543 5015 ens.
584 4961 647 5015 Et
670 4961 955 5030 jllSliiiCtliﬂ
984 4975 1063 5018 est
1092 4964 1349 5032 sapientia
1375 4980 1402 5019 a
1430 4966 1547 5020 filiis
1568 4968 1699 5022 suis.

1005 5055 1228 5112 CAPUT
1279 5056 1437 5112 LXV.

433 5143 726 5213 Exprobrat
763 5145 1137 5230 civitatibusjn
1194 5148 1372 5231 quibus
1408 5150 1556 5220 facta
1614 5160 1732 5205 sunt
1767 5152 2003 5223 plurima:

1030 5228 1238 5272 uirtutes
1269 5228 1402 5288 ejus.

503 5305 717 5357 Marrn.
768 5320 840 5370 xi,
887 5305 1116 5370 20-25;
1154 5307 1283 5363 Luc.
1314 5327 1367 5375 ι,
1403 5312 1604 5366 12-15.
1647 5310 1798 5368 Tunc
1840 5316 2000 5383 cmpit

386 5438 389 5441 ς
428 5398 759 5467 exprobrare
786 5397 1092 5453 civitatibus
1122 5402 1172 5454 in
1207 5403 1398 5471 quibus
1427 5405 1576 5459 fact-.e
1605 5415 1728 5459 sunt
1758 5406 1999 5475 pluriuue

502 5541 527 5569 ⁸
569 5533 805 5608 Coraa’u]
835 5534 928 5608 Gr.
961 5533 1145 5591 Matth.
1182 5552 1230 5589 ιι
1254 5537 1389 5608 ,21,
1416 5543 1660 5608 Χθραζίνς
1688 5541 1812 5594 Luc.
1834 5557 1883 5601 κ,
1919 5542 2002 5608 l5,

432 5608 684 5678 λοξραζίν.
720 5592 979 5678 Eusebius
1012 5622 1138 5661 vero
1167 5608 1228 5661 de
1258 5592 1435 5661 Snio.
1467 5592 1803 5663 Nonii—nitore.
1836 5592 2001 5669 ilict}:

435 5672 592 5727 habet
638 5679 906 5750 Χωραςὲιν.
954 5677 1029 5732 Ex
1062 5679 1177 5733 aliis
1227 5686 1398 5733 tamen
1433 5680 1584 5732 codd.
1633 5679 1850 5741 Graecis,
1894 5684 2003 5739 sive

2043 3091 2090 3154 C

2112 468 2461 528 tibi.Corazin
2482 477 2505 506 ⁸
2531 471 2546 524 .'
2573 484 2651 523 va:
2683 468 2778 523 tibi
2818 469 3125 531 Bethsaida,
3160 470 3280 538 quia
3318 470 3363 524 si
3388 470 3439 523 in
3466 470 3608 539 Tyro
3629 479 3689 522 et

2109 561 2306 616 Sidone
2345 561 2499 616 facta:
2529 562 2750 617 fuissent
2781 561 3005 615 virtutes
3029 576 3145 630 qua!
3175 561 3325 623 factm
3355 570 3480 614 sunt
3507 560 3557 613 in
3594 575 3693 611 vo-

2108 649 2210 717 bis,
2243 651 2368 704 olim
2415 652 2467 705 in
2517 651 2691 705 cilicio
2741 658 2796 705 et
2833 652 3014 706 cinere
3043 652 3407 719 pmnitenliam
3429 650 3687 719 egissent.

2113 740 2489 796 Verumtamen
2532 742 2653 794 dico
2682 740 2832 794 vobis
2861 758 2873 792 :
2907 740 3051 811 Tyro
3081 750 3135 795 et
3179 740 3363 794 Sidoni
3405 740 3691 793 remissius

2108 830 2211 883 erit
2236 829 2287 882 in
2317 830 2406 885 die
2446 830 2654 900 judicii,
2687 846 2857 898 quam'
2877 832 3049 885 vobis.
3090 831 3157 885 Et
3184 828 3686 897 tn,Capbarnaum,

2109 918 2344 987 nunquid
2375 933 2542 987 usque
2590 918 2867 975 inctnlum
2909 920 3272 976 exaltaberis?
3298 935 3463 989 usque
3510 922 3561 974 in
3602 922 3695 975 in-

2112 1005 2318 1061 fernum
2348 1008 2647 1067 descendes
2674 1026 2688 1063 :
2719 1010 2843 1078 quia
2884 1010 2929 1065 si
2980 1011 3033 1064 in
3081 1010 3331 1064 Sodomis
3362 1010 3513 1063 facta:
3558 1011 3695 1062 tuis-

2044 1114 2057 1125 ο
2110 1108 2233 1154 sent
2265 1100 2482 1155 virtutes
2522 1115 2644 1170 quae
2674 1101 2827 1156 factm
2858 1111 2984 1156 sunt
3011 1103 3063 1157 in
3091 1110 3164 1166 te,
3198 1101 3338 1156 forte
3365 1103 3693 1155 mansissent

2114 1206 2283 1260 usque
2332 1193 2384 1246 in
2418 1192 2558 1246 hunc
2602 1193 2768 1247 diem.
2815 1193 3192 1248 Verumtamen
3236 1194 3358 1247 dico
3385 1193 3534 1247 vobis
3562 1194 3693 1260 quia

2115 1289 2273 1334 terrm
2303 1281 2658 1337 Sodomorum
2690 1284 2964 1339 remissius
2984 1286 3088 1339 erit
3119 1285 3169 1340 in
3201 1285 3290 1340 die
3313 1284 3495 1353 judicii
3523 1300 3693 1355 quam

2113 1370 2229 1425 tibi.

2680 1482 2906 1555 CAPUT
2945 1482 3126 1538 LXVI.

2218 1570 2447 1641 Apostoti
2473 1580 2796 1627 revertuntur
2822 1574 2887 1627 de
2911 1575 3271 1643 praedicatione
3295 1576 3363 1627 ad
3388 1573 3581 1628 Jesum.

2186 1684 2362 1740 Hinc.
2393 1696 2464 1748 rt,
2496 1686 2585 1747 30.
2630 1687 2731 1749 δὶς
2768 1683 2897 1740 Luc'.
2947 1703 3021 1751 Ix,
3055 1687 3142 1741 10.
3172 1686 3237 1740 Et
3263 1703 3381 1740 cum
3426 1688 3707 1741 venissent

2116 1776 2345 1850 apostoli
2392 1776 2457 1829 ad
2496 1776 2674 1841 Jesum
2704 1818 2719 1841 ,
2766 1780 3203 1832 renuntiaverunt
3242 1779 3318 1833 illi
3363 1778 3537 1833 omnia
3573 1794 3704 1849 qua:

2115 1865 2480 1934 eonfeccrant,
2512 1862 2565 1921 ei
2594 1868 2907 1922 docuerant.
2940 1868 3007 1922 Et
3035 1868 3111 1923 ait
3141 1869 3246 1923 illis
3279 1886 3294 1923 ε
3332 1869 3515 1923 Venite
3541 1881 3704 1923 seoro

2117 1969 2235 2009 sum
2258 1957 2305 2009 in
2326 1958 2598 2011 desertum
2618 1959 2817 2025 locum,
2838 1968 2893 2014 et
2908 1960 3223 2028 requiescite
3246 1958 3511 2029 pusiiltim.
3532 1960 3707 2014 Erant

2116 2053 2293 2101 autem
2326 2047 2417 2116 qui
2450 2048 2737 2103 veniebant
2767 2049 2939 2119 multi,
2973 2059 3026 2105 et
3053 2064 3151 2105 nec
3188 2049 3536 2105 manducandi
3575 2064 3709 2121 spa-

2117 2137 2248 2191 tium
2280 2137 2567 2192 habebant.

2676 2253 2898 2308 CAPUT
2936 2255 3024 2309 LX
3037 2255 3141 2310 Vll.

2116 2335 2266 2425 Jesus
2295 2338 2442 2427 elegit
2470 2343 2599 2427 alios
2639 2346 2960 2427 septuaginta
2983 2350 3136 2427 duo:
3176 2346 3478 2427 discipulos.
3512 2346 3717 2427 Et‘ad-r

2182 2413 2358 2483 jungit
2384 2413 2682 2493 parabolae:
2700 2413 2884 2468 turrim
2912 2418 3234 2484 a'di/icnntis,
3253 2419 3441 2487 etregis
3466 2419 3713 2487 prarlium

2190 2493 2441 2550 parantis.
2688 2522 2691 2523 ν
2748 2494 2753 2499 '

2190 2590 2316 2646 Luc.
2351 2608 2406 2661 x,
2441 2594 2490 2659 Ι,
2525 2593 2706 2651 ίϐ-ΞΞ.
2740 2596 2981 2653 Posthac
3018 2606 3191 2653 autem
3252 2598 3545 2670 designavit
3593 2599 3707 2654 Do-

2118 2681 2299 2738 minus
2328 2692 2383 2736 et
2418 2684 2554 2739 alios
2582 2688 2917 2757 septuaginta
2953 2688 3107 2751 duos,
3142 2699 3197 2745 et
3225 2689 3367 2743 misit
3402 2689 3520 2744 illos
3542 2689 3711 2744 binos

2118 2783 2244 2828 ante
2269 2772 2457 2829 faciem
2479 2790 2629 2829 suam
2672 2776 2723 2830 in
2753 2789 2965 2831 omnem
2995 2777 3261 2832 civitatem
3303 2785 3357 2833 et
3386 2778 3561 2832 locum
3588 2793 3711 2847 quo

2118 2874 2231 2920 erat
2264 2865 2380 2934 ipse
2419 2874 2709 2933 venturus;
2740 2876 2794 2921 et
2838 2867 3046 2922 dicebat
3092 2868 3196 2923 illis
3227 2882 3243 2922 :
3275 2869 3373 2935 Qui
3406 2882 3501 2923 vos
3527 2868 3708 2933 audit,

2122 2968 2208 3007 me
2238 2953 2406 3021 audit,
2437 2963 2491 3008 et
2521 2955 2608 3025 qui
2639 2970 2733 3010 vos
2761 2959 2985 3026 spernit,
3016 2973 3102 3013 me
3125 2959 3481 3028 sperum—Qui
3520 2969 3711 3015 autem

2120 3042 2327 3109 spernit
2353 3057 2461 3112 me,
2494 3044 2699 3111 spernit
2727 3060 2847 3099 eum
2880 3046 2967 3115 qui
3011 3047 3155 3100 misit
3198 3062 3301 3100 me.
3334 3046 3547 3102 Βενετεὶ
3575 3058 3715 3103 sunt.

2119 3141 2295 3187 autem
2316 3134 2652 3204 septuaginta
2674 3134 2781 3188 duo
2795 3134 2915 3191 cum
2933 3136 3147 3205 gaudio,
3164 3136 3400 3193 dicentes
3419 3156 3434 3191 :
3452 3137 3708 3203 Domine,

2118 3223 2276 3278 etiam
2308 3223 2571 3279 dzemonia
2601 3225 2959 3296 subjiciuntur
2987 3228 3140 3283 nobis
3171 3229 3221 3282 in
3246 3229 3462 3284 nomine
3491 3238 3598 3285 tuo.
3627 3230 3714 3286 Et

2116 3314 2192 3367 ait
2244 3314 2349 3368 illis
2376 3328 2394 3373 :
2426 3314 2686 3371 Videbam
2719 3316 2971 3372 Satanam
2995 3360 3014 3385 ,
3062 3320 3197 3373 sicut
3247 3318 3421 3389 fulgur
3450 3321 3517 3374 de
3560 3320 3716 3374 coelo

2116 3404 2417 3460 cadentem.
2452 3405 2591 3461 Ecce
2613 3406 2735 3462 dedi
2763 3407 2914 3463 vobis
2934 3417 3250 3478 potestatem
3275 3410 3512 3465 Calcandi
3535 3424 3711 3479 supra

2119 3505 2419 3564 serpentes,
2471 3504 2525 3551 et
2553 3498 2883 3567 scorpiones,
2924 3508 2980 3553 et
3006 3513 3164 3569 supra
3203 3515 3417 3575 omnem
3448 3501 3711 3554 virtutem

2118 3588 2343 3655 inimici,
2373 3599 2426 3645 et
2456 3590 2585 3644 nihil
2618 3591 2770 3644 vobis
2821 3591 3047 3645 nocebit.
3097 3591 3469 3646 Verumtamen
3513 3593 3564 3645 in
3595 3597 3710 3648 hoc

2115 3680 2283 3734 nolite
2311 3680 2547 3759 gaudere
2575 3683 2696 3748 quia
2728 3682 2947 3752 spiritus
2971 3683 3122 3738 vobis
3153 3683 3538 3752 subjiciuntur:
3568 3699 3710 3753 gauv

2113 3769 2236 3827 dcte
2266 3779 2442 3826 autem
2486 3773 2737 3843 quoniam
2770 3775 2983 3828 nomina
3032 3785 3205 3830 vestra
3248 3776 3444 3845 scripta
3487 3788 3612 3832 sum
3638 3778 3709 3833 in

2112 3861 2288 3916 caelis.
2318 3860 2375 3915 ln
2394 3863 2507 3931 ipsa
2526 3862 2655 3916 hora
2674 3863 2970 3919 exsultavit
2995 3864 3199 3935 Spiritu
3229 3879 3432 3933 sancto,
3459 3867 3656 3922 etdixit
3686 3887 3705 3923 :

2111 3980 2181 3991 —
2223 3951 2436 4007 MATTII.
2475 3968 2550 4019 xl,
2583 3952 2780 4009 27-50.
2820 3953 3088 4009 Confiteor
3118 3956 3233 4020 tibi,
3266 3956 3442 4021 Pater,
3473 3957 3710 4012 Domine

2111 4042 2235 4097 cmli
2265 4055 2318 4098 et
2337 4052 2537 4109 .terrae,
2566 4044 2687 4114 quia
2724 4045 3047 4100 abscondisti
3081 4048 3193 4101 haec
3222 4063 3251 4100 a
3281 4048 3610 4115 sapientibus
3638 4060 3707 4104 et

2113 4132 2483 4200 prudentibus,
2530 4144 2583 4189 et
2620 4135 2866 4191 revelasti
2893 4152 2957 4191 ea
3001 4138 3252 4207 parvulis.
3290 4138 3482 4203 Etiam,
3515 4139 3699 4201 Pater,

2110 4223 2236 4290 quia
2265 4224 2343 4278 sic
2372 4223 2474 4278 fuit
2519 4225 2769 4294 placitum
2812 4235 2938 4282 ante
2984 4238 3054 4282 te.
3101 4229 3289 4282 Omnia
3324 4229 3451 4283 mihi
3500 4229 3703 4284 tradita

2110 4324 2235 4369 sunt
2264 4331 2293 4371 a
2325 4316 2484 4371 Patre
2520 4333 2658 4372 meo.
2691 4319 2757 4372 Et
2787 4335 2944 4374 nemo
2975 4320 3113 4374 novit
3148 4320 3338 4375 Filium
3366 4321 3466 4376 nisi
3498 4321 3648 4375 Pater
3680 4340 3699 4376 :

2112 4423 2284 4478 neque
2326 4409 2540 4465 Patrem
2571 4412 2689 4480 quis
2720 4413 2865 4465 novit
2886 4452 2902 4477 ,
2945 4413 3047 4466 nisi
3091 4411 3255 4469 Filius
3278 4453 3293 4475 ,
3332 4423 3385 4467 et
3413 4413 3499 4468 cui
3529 4412 3703 4468 Filius

2112 4500 2337 4553 voluerit
2369 4502 2626 4556 revelare.
2681 4502 2744 4556 Et
2792 4518 3080 4557 conversus
3127 4504 3193 4557 ad
3249 4492 3537 4572 discipulos
3564 4518 3702 4558 suos

2108 4591 2241 4643 dixit
2273 4610 2287 4643 ;
2321 4591 2508 4646 Venite
2536 4593 2601 4646 ad
2631 4608 2735 4656 me,
2768 4608 2954 4648 omnes
2983 4594 3072 4662 qui
3122 4593 3376 4648 laboratis
3405 4605 3458 4648 et
3487 4594 3701 4648 onerati

2108 4682 2256 4746 estis,
2290 4690 2343 4735 et
2366 4697 2466 4752 ego
2496 4684 2730 4737 reficiam
2760 4698 2872 4738 vos.
2902 4684 3094 4739 Tollite
3115 4674 3298 4754 jugum
3328 4699 3501 4738 meum
3529 4696 3702 4751 super

2110 4786 2227 4837 vos,
2249 4783 2301 4829 et
2327 4774 2516 4831 discite
2547 4792 2577 4829 a
2608 4792 2690 4830 me
2720 4778 2838 4846 quia
2862 4778 3006 4831 initis
3034 4792 3148 4831 sum
3180 4791 3231 4833 et
3256 4779 3467 4832 humilis
3495 4779 3653 4833 corde
3675 4798 3692 4833 :

2111 4874 2162 4918 et
2196 4864 2479 4919 invenietis
2510 4866 2743 4934 requiem
2775 4867 3051 4922 animabus
3081 4867 3290 4922 vestris.
3326 4866 3516 4938 Jugum
3546 4869 3693 4921 enim

2111 4970 2287 5009 meum
2311 4970 2475 5011 suave
2513 4965 2596 5010 est
2620 4997 2635 5021 ,
2666 4968 2720 5011 et
2758 4972 2895 5011 onus
2926 4975 3097 5012 meum
3130 4958 3265 5015 leve.
3293 4988 3366 5001 —
3396 4960 3526 5014 Luc.
3558 4977 3648 5014 ειν
3669 5000 3689 5025 ,

2112 5046 2309 5113 20-55;
2344 5048 2558 5102 Μλττιι.
2594 5063 2650 5111 x,
2679 5049 2863 5104 57-39.
2886 5048 2940 5104 Si
2964 5051 3081 5117 quis
3106 5051 3249 5104 venit
3275 5050 3341 5104 ad
3369 5065 3476 5113 me,
3507 5060 3557 5104 et
3581 5064 3691 5104 non

2112 5139 2223 5192 odit
2267 5148 2467 5209 patrem
2498 5156 2647 5194 suum
2677 5150 2730 5193 et
2755 5152 2998 5205 matrem,
3030 5152 3083 5195 et
3114 5156 3330 5196 uxorem
3369 5153 3423 5197 et
3452 5141 3606 5205 filios,
3633 5152 3689 5197 et

2110 5230 2303 5285 fratres
2331 5240 2381 5285 et
2428 5247 2639 5303 sorores
2664 5235 2760 5301 ,atl
2784 5235 2896 5286 luce
2924 5245 3098 5287 autem
3139 5243 3192 5288 et
3230 5232 3640 5286 animamsuam
3664 5273 3683 5295 ,

2105 5337 2211 5374 non
2242 5329 2417 5390 potest
2449 5337 2600 5378 meus
2624 5338 2744 5377 esse
2772 5323 3083 5390 discipulus.
3121 5324 3184 5376 Et
3221 5324 3309 5391 qui
3350 5337 3455 5377 non
3485 5322 3685 5390 bajnlat

2104 5429 2315 5469 crucem
2340 5430 2513 5483 suam,
2544 5412 2765 5470 etvenit
2792 5424 2910 5484 post
2931 5432 3036 5480 me,
3065 5431 3167 5470 non
3193 5425 3366 5484 potest
3391 5428 3541 5470 meos
3562 5427 3686 5467 esse

2114 5560 2268 5607 mss.,
2297 5545 2409 5600 sive
2438 5546 2617 5605 editis.
2646 5544 2989 5601 confirmatur
3007 5546 3389 5614 Vulgat.leetio
3407 5546 3681 5611 Caroeam,

2113 5626 2200 5672 aut
2224 5616 2528 5670 Charonis.
2565 5617 2653 5672 Sic
2680 5628 2736 5673 et
2761 5616 3117 5690 Hieronymus
3156 5619 3221 5672 de
3262 5618 3474 5673 Nomia.
3520 5618 3682 5677 Hebr,

3575 5828 3654 5885 ,ο
