4026 6196
289 303 407 359 233
484 342 497 347 -

1049 285 1635 345 EVANGELICARUM
1672 250 2179 340 HABHDNMRUM
2217 278 2793 336 INTERPRETATIO.

3445 283 3552 339 286

288 412 610 483 discipulus.
641 409 774 478 Quis
799 408 941 463 enim
969 421 1032 462 ex
1066 405 1217 460 vobis
1256 403 1439 460 volens
1472 400 1737 456 mdiiieare
1766 406 1879 451 tur-
1906 399 1957 457 Α
1981 409 2156 450 meum
2180 409 2337 463 super
2352 409 2495 452 eum.
2524 392 2846 461 etjudieium
2870 392 3111 461 gentibus
3134 395 3416 454 nuztiabit.
3437 398 3555 453 Non

294 510 428 569 rim,
457 519 561 558 non
590 502 735 571 prius
765 502 960 554 sedens
988 504 1261 566 computat
1301 502 1541 563 sumptus
1583 490 1669 560 qui
1701 503 1886 545 neces-

290 597 426 651 sarii
454 605 598 659 sunt,
626 593 671 647 si
698 592 889 647 habeat
910 590 976 646 ad
1008 589 1411 661 perliciendum;
1434 600 1518 648 ne,
1541 592 1885 653 posteaquam

296 688 543 756 posuerit
586 685 986 739 fundamentum
1011 724 1028 749 ,
1083 692 1135 737 et
1166 698 1269 736 non
1320 680 1548 750 potuerit
1579 678 1835 747 perﬁcere
1864 717 1880 741 ,

300 793 492 832 omnes
518 779 606 847 qui
630 777 807 830 vident
839 774 1097 844 incipiant
1114 774 1335 828 illudere
1362 774 1433 836 ei,
1464 772 1731 826 dicentes:
1752 768 1884 833 Quia

306 869 398 923 Isic
422 870 583 921 homo
601 866 763 936 coepit
782 865 1068 928 aedificare,
1084 873 1137 918 et
1165 880 1267 918 non
1291 863 1463 933 potuit
1478 861 1887 916 consummare?

305 962 413 1013 Aut
444 960 562 1027 quis
587 973 684 1010 rex
726 957 896 1011 iturus
927 956 1138 1009 mittere
1176 956 1370 1010 bellum
1398 955 1654 1009 adversus
1682 968 1881 1019 regem,

308 1064 417 1103 non
445 1048 638 1103 sedens
654 1048 798 1116 prius
826 1046 1021 1116 cegitat
1046 1048 1090 1101 si
1121 1048 1282 1114 possit
1307 1062 1426 1101 cum
1444 1046 1627 1101 decem
1655 1044 1887 1100 millibus

307 1152 595 1194 occurrere
623 1138 672 1191 ei
718 1136 811 1206 qui
855 1152 975 1191 cum
1007 1138 1188 1208 viginti
1221 1136 1452 1189 millibus
1499 1136 1645 1189 venit
1672 1133 1741 1187 ad
1785 1133 1887 1188 se?

310 1229 565 1297 Alioquin
587 1226 874 1282 adhueillo
894 1226 1051 1295 longe
1073 1233 1282 1293 agente,
1306 1224 1624 1293 legationem
1647 1224 1884 1291 mittens,

310 1325 466 1385 rogat
491 1331 611 1383 quae
655 1315 801 1384 pacis
846 1323 986 1368 sunt.
1033 1312 1122 1369 Sic
1150 1326 1281 1382 ergo
1326 1311 1499 1366 omnis
1524 1326 1589 1367 ex
1620 1311 1772 1368 vobis
1796 1313 1888 1381 qui

310 1422 419 1460 non
468 1405 737 1460 renuntiat
781 1403 1029 1459 omnibus
1072 1417 1193 1473 quae
1238 1402 1513 1472 possidet,
1561 1417 1667 1457 non
1714 1410 1891 1472 potest

308 1514 467 1557 meus
492 1512 612 1555 esse
639 1498 954 1564 discipulus.

856 1608 1083 1666 CAPUT
1118 1609 1343 1667 LXVIII.

576 1702 827 1757 Pharisa'i
853 1703 1154 1756 accusabant
1184 1701 1463 1771 discipulos
1490 1701 1538 1769 ej
1576 1716 1621 1755 s.

388 1814 603 1869 Μιιττιι.
634 1829 743 1880 xtt,
774 1813 904 1877 l-6;
937 1810 1117 1868 Mane.
1150 1804 1220 1880 ιι,
1251 1812 1452 1878 25-28;
1497 1813 1623 1867 Luc.
1659 1829 1741 1878 vr,
1776 1813 1889 1869 1-5.

318 1903 383 1957 Ει
414 1903 609 1958 factum
635 1916 715 1958 est
744 1906 795 1958 in
837 1902 1056 1958 sabbato
1083 1903 1318 1958 secundo
1344 1904 1536 1972 primo,
1569 1919 1688 1957 cum
1719 1915 1895 1960 trans-

316 1993 421 2048 iret
460 1994 615 2049 Jesus
662 2010 754 2062 per
801 2003 944 2059 sata,
998 1994 1264 2050 vellebant
1313 1994 1608 2063 esurientes
1651 1998 1895 2066 discipuli

317 2085 436 2153 ejus
461 2086 638 2154 spicas
683 2094 736 2139 et
771 2085 1161 2140 manducabant
1185 2130 1198 2153 ,
1247 2088 1605 2143 conmeantes
1633 2091 1898 2144 manibus.

316 2177 545 2243 Quidam
575 2189 751 2232 autem
784 2177 1175 2234 Pharismorum
1202 2179 1450 2234 dicebant
1474 2180 1580 2235 illis
1612 2199 1623 2232 :
1656 2182 1793 2248 Quid
1824 2184 1899 2235 ia-

315 2267 439 2323 citis
462 2306 479 2332 ,
510 2266 647 2337 quod
693 2283 796 2323 non
829 2267 953 2323 licet
976 2268 1027 2323 in
1070 2269 1345 2325 sabbatis?
1374 2269 1441 2323 Et
1480 2272 1804 2340 responden~
1831 2271 1895 2327 ad

315 2374 437 2425 eos,
464 2358 599 2414 dixit
622 2377 637 2413 :
662 2359 769 2415 Nec
790 2361 892 2416 hoc
912 2361 1113 2432 legistis
1136 2362 1289 2431 quod,
1305 2363 1468 2418 David
1496 2363 1618 2419 fecit
1642 2380 1763 2419 cum
1786 2381 1901 2421 esu-

316 2449 503 2503 riisset
528 2450 661 2518 ipse,
693 2459 746 2505 et
768 2451 859 2520 qui
885 2466 1006 2508 cum
1037 2452 1150 2522 ipso
1176 2461 1366 2508 erant:
1396 2453 1664 2527 quomodo
1686 2457 1900 2513 intravit

315 2538 372 2593 in
403 2538 618 2593 domum
650 2541 786 2608 Dei,
827 2553 879 2597 et
925 2557 1091 2611 panes
1135 2544 1514 2613 propositionis
1553 2547 1815 2617 sumpsit,
1844 2556 1897 2602 et

315 2631 679 2698 manducavit,
704 2643 760 2689 et
786 2633 933 2688 dedit
960 2634 1041 2687 his
1064 2638 1150 2704 qui
1178 2650 1298 2689 cum
1335 2650 1400 2690 eo
1426 2644 1598 2702 erant,
1629 2654 1759 2707 quos
1792 2654 1895 2693 non

314 2724 519 2779 licebat
553 2725 603 2780 ei
630 2725 973 2792 manducare,
1004 2727 1105 2781 nisi
1131 2727 1261 2781 solis
1291 2727 1695 2801 sacerdotibus?
1729 2729 1790 2783 Et
1817 2730 1899 2783 di-

308 2815 471 2871 cebat
516 2815 620 2871 illis
649 2834 664 2869 :
693 2815 824 2883 Quia
871 2817 1123 2873 Dominus
1143 2826 1227 2873 est
1266 2816 1432 2872 Filius
1461 2817 1710 2883 hominis,
1738 2819 1896 2874 etiam

303 2905 552 2962 sabbati.
580 2906 688 2962 Aut
717 2921 822 2962 non
868 2907 1071 2978 legistis
1100 2909 1151 2962 in
1196 2908 1314 2979 lege
1336 2949 1351 2974 ,
1397 2909 1521 2979 quia
1546 2908 1777 2966 sabbatis
1812 2925 1898 2964 sa-

303 2998 566 3052 cerdotes
592 2999 642 3052 in
675 2999 873 3069 templo
897 3000 1175 3056 sabbatum
1203 3001 1423 3065 violant,
1446 3010 1502 3057 et
1528 3002 1644 3059 sine
1674 3004 1897 3059 crimine

302 3089 489 3144 sunt?
520 3089 643 3145 Dico
681 3098 858 3145 autem
908 3089 1058 3146 vobis
1098 3093 1217 3161 quia
1247 3094 1446 3163 templo
1483 3094 1654 3162 major
1679 3104 1760 3149 est
1789 3094 1892 3149 hic.
1923 3106 1967 3166 ο

304 3180 609 3235 Sabbatum
638 3190 855 3250 propter
880 3181 1146 3238 hominem
1175 3181 1495 3252 lactum'est,
1522 3194 1575 3241 et
1601 3199 1706 3240 non
1736 3184 1895 3239 homo

154 3340 157 3341 ν
308 3280 543 3343 propter
569 3271 871 3361 sabbatum.

886 3383 1112 3442 CAPUT
1153 3386 1337 3442 LXIX.
1430 3364 1451 3371 '

450 3474 547 3530 Die
565 3475 759 3530 sabbati
777 3477 828 3529 in
848 3494 1106 3548 synagoga
1126 3481 1317 3530 curavit
1340 3494 1545 3530 manum
1567 3478 1789 3531 aridam.

398 3586 528 3641 Luc.
556 3603 630 3653 vt,
676 3585 837 3652 6-H;
870 3589 1077 3642 MATTI].
1107 3606 1198 3655 xu,
1232 3590 1295 3643 10
1328 3589 1422 3655 I2;
1458 3590 1625 3644 Mane.
1660 3605 1736 3658 ιιι,

314 3678 547 3734 Factum
589 3689 670 3733 est
694 3688 867 3734 autem
909 3693 962 3735 et
990 3680 1174 3745 in.alio
1218 3682 1459 3745 sabbato,
1488 3691 1545 3734 ut
1583 3681 1804 3736 intraret
1842 3681 1897 3735 in
1991 3736 1996 3740 .

317 3786 669 3843 synagogam,
710 3780 764 3827 et
800 3773 1037 3829 duceret.
1076 3774 1139 3828 Et
1168 3784 1284 3829 erat
1307 3774 1379 3829 ibi
1422 3774 1601 3841 homo,
1631 3784 1682 3829 et
1710 3788 1897 3831 manus

320 3869 446 3936 eius
465 3868 656 3923 dextra
691 3878 807 3923 erat
833 3868 998 3923 arida.
1028 3868 1396 3924 Observabam
1418 3877 1593 3924 autem
1617 3867 1819 3923 Scriba:
1844 3876 1899 3923 et

300 3957 583 4033 .Pharisazi
622 3959 667 4012 si
710 3958 765 4012 in
791 3958 1014 4014 Sabhato
1054 3968 1284 4024 curaret,
1330 3966 1388 4013 ut
1432 3958 1732 4013 invenirent
1760 3957 1899 4012 unde

319 4047 636 4105 accusarent
654 4049 823 4104 illum.
843 4051 958 4119 Ipse
973 4057 1100 4103 vero
1115 4049 1315 4104 sciebat
1331 4049 1678 4117 cogitationes
1689 4062 1893 4104 eorum.

324 4140 402 4195 Et
426 4140 501 4194 ait
523 4140 718 4195 homini
745 4139 835 4210 qui
866 4140 1090 4193 habebat
1117 4153 1331 4193 manum
1361 4137 1563 4192 aridam
1589 4155 1602 4191 :
1625 4137 1815 4206 Surge,
1844 4145 1899 4192 et

320 4242 410 4285 sta
452 4230 505 4284 in
532 4231 784 4286 medium.
826 4230 893 4284 Et
916 4244 1138 4299 surgens
1161 4232 1329 4285 stetit.
1358 4232 1444 4283 Ait
1481 4238 1658 4283 autem
1686 4228 1750 4282 ad
1782 4228 1898 4284 illos

324 4320 485 4375 .lesus
512 4336 528 4376 :
558 4320 829 4390 Interrogo
858 4334 971 4385 vos,
1002 4320 1049 4375 si
1088 4320 1212 4375 licet
1239 4320 1476 4375 sabbatis
1519 4318 1655 4375 bene
1701 4319 1894 4385 facere,

322 4428 395 4465 an
422 4411 589 4477 male;
616 4414 847 4466 animam
873 4411 1070 4466 salvam
1106 4411 1302 4474 facere,
1333 4425 1400 4465 an
1427 4410 1688 4480 perdere?
1718 4411 1787 4465 At
1821 4410 1896 4464 illi

324 4500 592 4557 tacebant.
620 4502 685 4556 Et
734 4503 1133 4571 circumspectis
1156 4503 1403 4557 omnibus
1426 4543 1441 4566 ,
1490 4502 1624 4557 dixit
1652 4502 1853 4558 homini
1880 4521 1891 4555 :

324 4591 568 4647 Extende
607 4607 819 4647 manum
865 4602 1030 4647 tuam.
1061 4593 1126 4647 Et
1146 4594 1408 4649 extendit.
1441 4594 1507 4648 Et
1533 4594 1775 4650 restituta
1814 4602 1898 4649 est

320 4684 538 4737 sanitati
566 4698 751 4738 manus
785 4682 903 4755 ejus
940 4683 1150 4739 sicutet
1185 4685 1372 4739 altera.
1404 4685 1469 4739 Et
1506 4684 1721 4739 dixitad
1760 4698 1891 4740 eos:

321 4770 458 4836 Quis
483 4774 583 4826 erit
606 4788 670 4828 ex
697 4773 847 4829 vobis
876 4774 1034 4827 homo
1056 4775 1143 4843 qui
1172 4775 1362 4829 habeat
1386 4788 1545 4830 ovem
1575 4788 1757 4837 unam,
1781 4784 1831 4829 ιιι
1853 4773 1899 4828 si

320 4862 579 4916 ceciderit
604 4862 719 4917 hac
762 4864 997 4917 sabbatis
1026 4864 1078 4918 in
1126 4864 1369 4930 foveam,
1413 4880 1590 4919 nonne
1619 4864 1818 4918 tenebit
1845 4874 1899 4919 et

322 4951 521 5006 levabit
564 4954 725 5006 eam?
754 4954 962 5018 Quanto
1005 4955 1170 5024 magis
1206 4965 1285 5009 est
1332 4955 1518 5010 melior
1565 4956 1724 5008 homo
1760 4953 1900 5009 ore?

320 5044 507 5112 Itaque
531 5042 657 5097 licet
693 5044 926 5099 sabbatis
956 5045 1091 5100 bene
1128 5045 1323 5101 facere.
1363 5044 1463 5115 Ipsi
1503 5055 1680 5100 autem
1710 5044 1899 5113 repleti

319 5142 449 5188 sunt
476 5133 799 5202 insipientia,
826 5146 877 5189 et
904 5124 1343 5203 colloquebantur
1380 5134 1445 5190 ad
1478 5136 1704 5190 invicem
1743 5135 1898 5204 quid-

321 5238 448 5276 nam
488 5222 727 5278 facerent
749 5223 893 5278 Jesu.
923 5224 1076 5279 Jesus
1102 5226 1279 5293 itaque
1300 5220 1475 5279 sciens
1503 5225 1726 5280 secessit
1751 5225 1895 5291 inde,

317 5320 374 5365 et
415 5314 585 5366 secuti
612 5323 735 5366 sunt
762 5329 881 5367 eum
924 5316 1113 5381 multi,
1154 5324 1207 5369 et
1246 5315 1451 5369 curavit
1476 5330 1568 5370 eos
1596 5330 1800 5369 omnes.
1835 5315 1902 5369 Et

322 5402 578 5471 praecepit
604 5404 685 5458 eis
710 5419 776 5457 ne
802 5405 1139 5461 manifestum
1181 5421 1301 5461 cum
1352 5406 1605 5471 lacerent,
1639 5419 1690 5459 ut
1735 5407 1900 5461 adim-

322 5495 561 5563 pleretur
584 5497 726 5566 quod
769 5497 966 5552 dictum
1007 5507 1091 5554 est
1128 5514 1222 5569 per
1258 5499 1445 5554 Isaiam
1479 5501 1789 5568 prophetam
1821 5501 1902 5554 di-

321 5596 535 5642 centem
567 5605 581 5641 :
614 5589 753 5645 Ecce
780 5603 909 5660 puer
936 5606 1086 5647 meus
1124 5606 1280 5661 queat
1307 5592 1467 5661 elegi,
1497 5592 1723 5647 dilectus
1751 5608 1900 5649 meus

322 5679 373 5732 in
398 5694 502 5750 quo
528 5678 665 5736 bene
689 5683 1009 5750 complacuit
1033 5682 1221 5738 anima:
1249 5699 1400 5739 mete.
1428 5684 1622 5740 l’onam
1650 5685 1894 5753 spiritum

1987 488 2312 553 contendet,
2356 501 2528 556 neque
2551 485 2839 550 clamabit,
2882 501 3051 554 neque
3074 488 3248 544 audiet
3273 492 3556 561 aliquisin

1988 580 2178 651 plateis
2206 594 2389 635 vocem
2428 580 2567 647 ejus.
2594 577 2920 632 Arundinem
2962 590 3263 647 quassatam
3300 599 3402 635 non
3428 598 3563 639 eon-

1988 672 2204 742 fringet,
2232 684 2283 727 et
2310 673 2473 725 linum
2510 670 2772 738 iumigatts
2795 685 2898 723 non
2926 671 3243 741 exstinguat,
3269 677 3437 730 donec
3460 678 3559 745 eji-

1987 766 2093 815 ciat
2116 761 2181 815 ad
2214 761 2489 814 victoriam
2502 758 2791 828 judicium.
2823 762 2884 815 Et
2912 762 2963 814 in
2991 765 3202 816 nomine
3228 764 3343 833 ejus
3375 776 3563 834 gentes

1987 852 2276 921 sperabunt
2297 849 2429 923 (Isa.
2456 866 2584 916 ml,
2611 852 2748 921 1-4).
3028 842 3039 850 ’

2565 987 2791 1043 CAPUT
2829 986 2991 1042 LXX.

1986 1074 2136 1131 Jesus
2158 1078 2211 1130 in
2237 1087 2403 1155 mante
2422 1087 2570 1155 ‘orat,
2599 1090 2646 1155 et
2681 1081 3010 1155 jurtamare
3030 1082 3187 1135 turbis
3218 1092 3264 1136 et
3299 1083 3562 1155 discipulis

2246 1149 2352 1201 suis
2379 1147 2597 1216 plurima
2624 1147 2962 1219 itz’parabolis
2992 1151 3188 1205 locutus
3213 1164 3303 1207 est.

2059 1278 2188 1334 ch.
2220 1294 2292 1340 Vl,
2326 1279 2513 1334 12—15.
2556 1281 2773 1337 Factum
2804 1294 2883 1339 est
2923 1294 3097 1339 autem
3128 1287 3177 1339 in
3206 1288 3309 1342 illis
3330 1288 3520 1345 diebus
3544 1330 3562 1357 ,

1987 1368 2118 1423 exiit
2145 1370 2201 1424 in
2229 1379 2462 1424 montem
2487 1388 2663 1438 orare,
2692 1384 2743 1429 et
2771 1383 2886 1428 erat
2912 1386 3226 1444 pernoctans
3249 1379 3299 1432 itt
3323 1380 3564 1437 oratione

1990 1456 2107 1513 Dei.
2133 1458 2200 1512 Et
2225 1473 2345 1512 cum
2368 1460 2485 1516 d;es
2516 1458 2683 1515 lactus
2697 1472 2861 1527 esset,
2881 1465 3087 1518 vocavit
3113 1467 3401 1536 discipulos
3414 1485 3564 1528 suos.

1990 1574 2059 1609 έ-
2088 1542 2307 1602 illum.
2334 1566 2447 1616 xui,
2482 1551 2598 1607 1-5.
2628 1550 2693 1605 Ει
2719 1553 2909 1608 exiens
2947 1554 3011 1609 de
3033 1554 3209 1620 domo,
3237 1558 3457 1612 sedebat
3478 1574 3567 1615 se-

1991 1651 2086 1692 cus
2115 1654 2281 1706 mare,
2313 1651 2367 1694 et
2405 1651 2742 1711 congregata:
2766 1654 2889 1724 sunt
2925 1647 2989 1701 ad
3017 1662 3137 1702 cum
3166 1650 3335 1713 turbae
3364 1655 3565 1720 mutue,

1920 1743 1967 1805 Β
1994 1728 2065 1783 ita
2093 1740 2147 1782 ut
2171 1730 2221 1784 in
2241 1731 2540 1785 naviculam
2568 1734 2863 1803 ascendens
2882 1736 3112 1791 sederet.
3134 1738 3198 1792 Et
3223 1740 3396 1794 omnis
3414 1744 3565 1809 turba

1997 1821 2169 1875 stabat
2199 1822 2250 1873 in
2279 1822 2479 1890 litt-re,
2507 1833 2562 1879 et
2590 1824 2796 1887 locutus
2821 1836 2904 1882 est
2928 1828 3005 1881 eis
3033 1830 3198 1884 multa
3228 1831 3277 1884 in
3304 1832 3569 1901 parabolis

1995 1910 2215 1966 timens:
2424 1911 2429 1915 ’

2561 2049 2786 2108 CAPUT
2824 2050 3008 2111 LXXI.

2316 2139 2451 2195 Ecce
2477 2144 2596 2197 exiit
2625 2145 2713 2212 qui
2740 2148 2954 2200 seminat
2980 2149 3246 2205 seminare.

2071 2250 2281 2303 Murri.
2311 2265 2403 2303 xm
2424 2292 2437 2315 ,
2460 2250 2598 2315 3-9;
2649 2252 2820 2308 Mane.
2849 2268 2936 2321 Iv,
2963 2257 3095 2324 5-9;
3141 2258 3269 2314 Luc.
3300 2277 3388 2316 vnt
3408 2306 3422 2328 ,
3451 2264 3567 2320 5-8;

2003 2339 2138 2395 Ecce
2183 2339 2312 2394 exiit
2339 2342 2426 2409 qui
2469 2340 2736 2406 seminat,
2783 2344 3048 2402 seminare
3074 2364 3253 2404 semen
3299 2368 3474 2409 suum.
3506 2357 3569 2411 Et

2000 2432 2124 2485 dum
2141 2432 2388 2508 seminat,
2416 2433 2656 2501 quaedam
2680 2436 2987 2491 ceciderunt
3006 2452 3159 2493 secus
3179 2441 3342 2509 viam,
3367 2454 3419 2499 et
3443 2461 3570 2500 con-

2000 2523 2203 2576 culcata
2252 2530 2370 2576 sunt
2404 2538 2419 2575 :
2447 2533 2500 2576 et
2530 2532 2791 2578 venerunt
2836 2527 3079 2582 voluc‘res
3105 2532 3224 2584 εαξη
3250 2574 3263 2595 ,
3314 2543 3366 2587 et
3392 2528 3570 2592 eome-

2000 2614 2193 2668 derunt
2232 2628 2311 2667 ea.
2342 2613 2457 2667 Alia
2487 2624 2663 2669 autem
2689 2616 2992 2672 ceciderunt
3033 2620 3082 2673 in
3115 2629 3343 2691 petros:i,
3372 2636 3423 2679 et
3463 2644 3569 2682 non

1968 2747 1972 2751 .
2001 2705 2297 2759 habuerunt
2329 2714 2523 2760 terram
2552 2708 2768 2761 multant
2804 2725 2816 2760 :
2849 2719 2900 2763 et
2929 2711 3180 2767 continuo
3209 2726 3391 2769 exerta
3421 2729 3566 2785 sunt,

1999 2797 2122 2865 quia
2167 2811 2271 2850 non
2315 2796 2581 2851 habebant
2627 2798 2962 2855 altitudinem
3007 2812 3178 2858 terrae.
3223 2806 3345 2861 Sole
3392 2818 3568 2866 autem

2001 2895 2118 2941 orto
2141 2930 2153 2951 ,
2186 2896 2404 2941 aestuavi
2424 2895 2547 2941 runt
2578 2904 2593 2943 :
2625 2898 2679 2941 et
2716 2890 2838 2958 quia
2870 2905 2973 2945 non
3007 2893 3268 2951 habebant
3297 2899 3526 2954 radicem
3552 2948 3566 2969 ,

1999 2984 2272 3029 aruerunt.
2299 2975 2412 3029 Alia
2435 2985 2608 3030 autem
2639 2977 2946 3033 ceciderunt
2974 2982 3111 3036 inter
3137 2984 3318 3053 spinas
3344 3005 3358 3043 :
3380 2999 3433 3043 et
3458 3004 3572 3044 cre-

2002 3073 2188 3117 verunt
2219 3064 2406 3131 spinae,
2434 3073 2485 3118 et
2523 3064 2913 3123 sulitzcavcrunt
2939 3085 3022 3125 ea.
3055 3072 3170 3128 Alia
3211 3090 3336 3131 vero
3364 3081 3574 3135 cecide-

2000 3160 2124 3207 runt
2168 3152 2221 3206 in
2254 3160 2447 3206 terram
2500 3154 2690 3208 bonam
2725 3173 2739 3212 :
2771 3167 2826 3213 et
2870 3159 3064 3215 dabant
3112 3162 3336 3220 fructum
3364 3210 3377 3231 ,
3429 3172 3572 3227 aliud

1995 3244 2345 3298 centesimum
2366 3284 2381 3309 ,
2413 3245 2552 3299 aliud
2598 3248 2982 3316 sexagesimum
3007 3293 3019 3315 ,
3052 3253 3191 3307 aliud
3223 3258 3571 3316 tricesimum.

1998 3333 2122 3388 llaac
2166 3334 2367 3389 dicens
2395 3334 2658 3390 clamabat
2702 3354 2717 3391 :
2766 3338 2866 3406 Qui
2917 3341 3073 3397 habet
3120 3358 3276 3400 aures
3322 3350 3573 3407 audiendi

1996 3424 2197 3480 audiat.

2547 3537 2770 3595 CAPUT
2809 3541 3018 3599 LXXII.

1998 3620 2077 3678 De
2120 3639 2177 3677 eo
2208 3625 2295 3695 qui
2336 3625 2545 3679 seminat
2576 3628 2760 3710 bonum
2806 3647 2971 3713 semen
3018 3634 3069 3686 in
3096 3636 3218 3707 agro
3260 3656 3352 3693 suo
3377 3686 3391 3710 ,
3439 3653 3485 3695 et
3513 3645 3575 3698 de
3618 3698 3623 3701 ,

2672 3715 2902 3754 atzamts.

2069 3829 2281 3884 Mum.
2310 3844 2422 3898 xm,
2449 3831 2650 3899 24-50;
2684 3834 2857 3888 Mane.
2896 3851 2979 3903 tv,
3000 3837 3188 3893 26-29.
3220 3840 3388 3895 Aliam
3416 3858 3570 3911 para-

1997 3917 2173 3973 bolam
2214 3919 2494 3988 preposuit
2520 3920 2631 3975 illis
2658 3920 2842 3976 dicens
2876 3936 2889 3980 :
2923 3924 3109 3979 Sitnile
3139 3927 3334 3981 factum
3377 3940 3459 3986 est
3492 3949 3575 3988 re-

1996 4024 2156 4079 gnum
2196 4009 2455 4064 cmlorum
2488 4009 2689 4064 homini
2735 4013 2825 4081 qui
2855 4015 3137 4069 seminavit
3167 4018 3359 4072 bonum
3390 4037 3516 4076 sem:
3540 4041 3571 4076 ιι

1999 4101 2050 4155 ἱιι
2095 4113 2222 4169 agro
2250 4113 2367 4153 suo.
2413 4098 2542 4153 Cum
2574 4108 2751 4157 autem
2783 4103 3075 4158 dormirent
3108 4107 3345 4162 homines
3370 4150 3384 4174 ,
3433 4115 3575 4169 venit

1996 4190 2242 4244 inimicus
2267 4188 2402 4259 ejus,
2434 4197 2487 4243 et
2512 4192 2954 4259 superseminavit
2979 4195 3178 4248 zizania
3209 4196 3258 4249 in
3290 4199 3464 4253 medio
3488 4206 3583 4269 trE-p

1999 4282 2108 4349 tici,
2135 4292 2190 4337 et
2214 4282 2362 4337 abiit.
2389 4281 2522 4336 Cum
2552 4293 2727 4337 autem
2759 4287 3018 4340 creviSSet
3046 4288 3229 4355 herba,
3262 4299 3313 4343 et
3345 4292 3572 4346 fructum

2007 4374 2239 4440 Iecissct,
2275 4382 2401 4427 tunc
2424 4384 2784 4443 apparuerunt
2808 4388 2861 4429 et
2887 4378 3103 4429 zizania.
3134 4379 3461 4435 Accedentes
3488 4398 3573 4434 au-

1929 4467 1978 4526 Β
2003 4476 2105 4520 tem
2134 4465 2273 4540 servi
2305 4465 2701 4533 patrisfamilias
2724 4466 2972 4521 dixerunt
3002 4470 3048 4523 ei
3082 4487 3094 4521 :
3132 4469 3372 4533 Domine.
3400 4488 3574 4528 nonne

2003 4557 2197 4617 bonum
2225 4570 2408 4611 semen
2434 4557 2707 4611 seminasﬁ
2735 4558 2785 4610 in
2812 4572 2940 4633 agro
2966 4568 3075 4651 tuo;
3108 4562 3247 4618 unde
3271 4578 3398 4633 ergo
3418 4566 3575 4640 habet

2003 4647 2241 4701 itania?
2274 4646 2340 4700 Et
2372 4647 2445 4700 ait
2474 4646 2579 4700 illis
2611 4664 2622 4699 :
2656 4647 2902 4703 Inimicus
2936 4646 3090 4703 homo
3117 4652 3215 4705 hoc
3254 4654 3393 4708 fecit.
3424 4655 3575 4710 Servi

2000 4747 2176 4792 autem
2195 4738 2442 4791 dixerunt
2465 4739 2513 4793 ei
2536 4756 2548 4790 :
2574 4739 2683 4805 Vis,
2707 4740 2843 4794 imus
2871 4750 2926 4795 et
2946 4742 3242 4812 colligimus
3264 4745 3360 4797 ea?
3380 4745 3443 4798 Et
3464 4748 3533 4796 ait
3558 4763 3570 4798 :

1984 4827 2139 4890 an,
2171 4844 2236 4882 ne
2266 4828 2402 4883 forte
2430 4830 2741 4899 colligentes
2770 4831 2991 4896 zizania,
3028 4831 3308 4887 eradicetis
3337 4834 3491 4887 simul
3522 4845 3576 4888 et

2006 4921 2241 4974 triticum
2266 4935 2385 4974 cum
2406 4924 2504 4975 eis.
2532 4923 2702 4976 Sinite
2722 4932 2945 4991 utraque
2964 4934 3209 4975 crescere
3234 4922 3298 4974 ad
3321 4938 3573 4988 messem,

2004 5019 2059 5064 et
2099 5010 2151 5063 in
2200 5019 2438 5079 tempore
2481 5012 2668 5066 messis
2711 5011 2881 5065 dicam
2930 5011 3254 5067 messoribus
3287 5030 3302 5067 :
3334 5014 3576 5083 Colligite

2006 5104 2233 5169 primum
2261 5102 2482 5165 zizania,
2512 5112 2563 5156 et
2586 5102 2799 5170 alligate
2827 5116 2887 5155 ea
2928 5101 2981 5154 in
3012 5104 3287 5161 fasciculos
3327 5107 3390 5161 ad
3429 5123 3577 5162 com-

1978 5191 2298 5245 ‘burendtnn
2333 5207 2345 5242 :
2379 5192 2609 5246 triticum
2656 5199 2832 5246 autem
2865 5204 3181 5263 congregato
3231 5198 3281 5251 itt
3326 5196 3575 5253 horreum

2007 5297 2181 5337 meum
2193 5321 2205 5334 .

2550 5395 2775 5451 CAPUT
2817 5398 3043 5457 LXXIII.

2537 5485 2616 5541 De
2642 5506 2805 5559 grano
2834 5494 3043 5563 sinapis.

2073 5598 2284 5654 Illum.
2316 5616 2439 5667 χιιι,
2472 5588 2670 5668 fil-39;
2723 5605 2893 5662 ΜΑιιο.
2931 5623 3011 5675 tv,
3044 5608 3241 5674 30-32;
3285 5610 3412 5667 [λεῖα.
3449 5628 3573 5681 χιιι,

2006 5689 2185 5745 18-19.
2212 5690 2379 5746 Aliam
2411 5694 2711 5763 parabolam
2737 5697 3007 5768 preposuit
3037 5699 3114 5753 eis
3142 5699 3322 5756 dicens
3352 5700 3486 5757 :Cui
3506 5707 3580 5761 si-
