4026 6196
461 273 560 328 287

463 393 589 447 mile
603 401 685 448 est
703 406 921 462 regnum
950 392 1062 462 Dei,
1077 401 1133 446 et
1145 392 1228 447 cui
1247 391 1419 446 simile
1434 404 1554 447 esse
1575 392 1852 446 aestimabo
1868 391 2034 446 istud?
2062 389 2114 450 Δ

463 484 568 537 Aut
604 484 690 537 cui
732 484 997 551 parabolre
1036 484 1460 550 comparabimus
1501 483 1676 538 illud?
1722 484 1907 557 Simile
1953 494 2041 540 est

418 630 425 636 _
462 587 631 643 grano
643 573 860 641 sinapis,
880 572 1020 641 quod
1043 571 1308 641 accipiens
1334 574 1511 629 homo.
1529 574 1813 628 seminavit
1840 569 1891 626 in
1916 574 2040 627 hor-

466 672 576 718 tum
598 679 753 719 suum
788 681 802 717 :
834 663 972 731 quod
1003 663 1280 718 minimum
1298 672 1384 718 est
1404 679 1472 718 ea
1496 664 1742 718 ornniims
1771 662 2038 729 oleribus;

464 764 521 810 et
546 756 604 810 lit
630 757 808 814 arbor.
840 756 913 810 ita
954 764 1010 809 ut
1034 756 1278 811 volucres
1304 756 1424 811 ωειὶ
1454 757 1670 811 veniant
1717 766 1769 811 et
1798 756 2042 813 habitent

466 845 521 900 in
544 846 703 901 ramis
730 849 868 915 ejus.

1009 1000 1233 1058 CAPUT
1272 982 1505 1058 LXXIV.

471 1092 548 1146 De
564 1094 809 1163 [eratcum
828 1097 962 1165 quod
990 1096 1253 1149 abscondit
1291 1097 1493 1149 mulier.
1520 1093 1587 1149 Et
1615 1096 1719 1149 aiia
1757 1097 1916 1151 multa
1936 1097 2041 1151 dia—

1042 1167 1160 1218 sen'l
1190 1166 1475 1236 discipulis.

540 1293 751 1348 llum.
782 1308 872 1348 xm
894 1334 909 1359 ,
939 1295 1137 1361 35:55;
1169 1296 1342 1351 hunc.
1374 1311 1457 1360 tv,
1490 1298 1592 1363 55;
1623 1297 1753 1353 Luc.
1788 1312 1879 1352 xm
1903 1338 1919 1363 ,
1948 1296 2038 1352 2L

467 1383 640 1439 Aliam
663 1384 967 1453 parabolam
1010 1387 1216 1441 locatus
1254 1395 1341 1442 est
1375 1388 1476 1442 eis.
1500 1389 1685 1444 Simile
1709 1395 1794 1443 est
1822 1402 2040 1458 regnum

467 1474 726 1531 culorum
753 1475 1035 1543 termento,
1064 1478 1205 1548 quod
1232 1490 1506 1550 acceptum
1539 1480 1731 1535 mulier
1767 1480 2043 1536 abscondit

466 1565 526 1619 in
553 1565 736 1621 farinae
758 1567 889 1621 satis
916 1566 1102 1632 tribus,
1130 1566 1304 1624 donec
1333 1567 1706 1625 fermentatum
1731 1578 1815 1626 est
1850 1578 2039 1626 totum.

469 1657 598 1713 Haec
621 1660 799 1713 omnia
826 1659 1031 1715 locutus
1060 1670 1140 1715 est
1168 1659 1323 1716 Iesus
1360 1661 1412 1715 in
1442 1662 1726 1732 parabolis,
1766 1663 1950 1719 dicens
1975 1663 2042 1717 ad

1585 270 1897 327 VICTORIS
1937 267 2245 328 EPISCOPI
2285 269 2581 331 CAPUANI

3607 298 3714 356 288

2670 393 2898 452 CAPUT
2934 402 3163 457 LXXVI.

2147 478 2246 544 Qui
2263 483 2476 565 sentiunt
2496 500 2667 565 semen
2688 496 2734 565 et
2764 490 2900 565 vadit
2925 491 3200 565 dormitum
3224 497 3299 548 vel
3331 511 3523 565 surget.
3549 500 3614 553 Et
3634 474 3733 555 αξξ

2284 552 2494 618 scipulis
2521 557 2818 624 parabolam
2839 561 3155 615 zizaniorum
3183 571 3294 634 agri
3322 552 3574 625 edisserit.

2211 661 2384 718 hinc.
2419 680 2467 731 tv
2490 706 2505 730 ,
2554 640 2741 723 26-29.
2774 670 2864 725 Sic
2907 682 2992 726 est
3039 690 3260 742 regnum
3303 678 3394 733 Dei
3428 697 3441 731 :
3471 684 3724 751 qnetuad-

2142 754 2362 808 modum
2404 756 2451 811 si
2491 756 2655 813 homo
2673 760 2832 828 jaciat
2854 774 3155 821 sementem
3185 768 3239 822 in
3267 776 3486 838 terram,
3514 782 3569 827 et
3592 774 3724 828 dor-

2096 875 2100 880 -
2142 844 2293 911 mist,
2320 856 2376 901 et
2400 860 2651 919 exsurgat
2674 861 2833 909 nocte
2859 870 2924 912 ae
2946 856 3054 923 die,
3080 866 3137 913 et
3162 848 3346 916 semen
3370 864 3635 932 germinet
3662 878 3725 921 et

2144 933 2426 1002 increscat,
2445 938 2571 994 dum
2595 943 2766 998 nescit
2789 944 2898 1001 ille.
2917 946 3067 1003 Ultro
3080 950 3224 1005 enim
3248 960 3385 1007 terra
3407 954 3721 1023 frbctiticat,

2145 1026 2372 1095 primum
2401 1031 2641 1101 herbam,
2668 1035 2864 1093 deinde
2889 1039 3113 1109 spicam,
3136 1042 3335 1099 deinde
3362 1046 3574 1114 plenum
3608 1049 3723 1103 fru-

2144 1128 2379 1174 mentum
2400 1122 2456 1175 in
2479 1124 2647 1192 spica.
2683 1125 2751 1179 Et
2767 1141 2887 1182 cum
2915 1144 2975 1184 se
2994 1131 3325 1199 produxerit,
3353 1138 3531 1190 statim
3556 1140 3724 1192 mittit

2144 1211 2354 1279 falcem,
2379 1218 2629 1283 quoniam
2653 1219 2809 1273 adest
2834 1222 3045 1276 messis.
3066 1225 3357 1280 —Muru.
3389 1244 3502 1293 xm,
3522 1231 3718 1285 56-45.

2145 1301 2297 1359 Tunc
2323 1305 2559 1361 dimissis
2578 1307 2753 1362 turbis
2788 1311 2935 1365 venit
2958 1313 3009 1365 in
3038 1314 3274 1378 domum,
3299 1326 3355 1372 et
3378 1331 3729 1374 accesserunt

2147 1674 2230 1720 est
2269 1668 2520 1724 mundus.
2561 1672 2763 1728 Bonum
2794 1690 2920 1731 vero
2945 1693 3150 1743 semen,
3183 1680 3234 1734 hi
3273 1694 3399 1737 sunt
3426 1685 3515 1738 Eiii
3546 1689 3733 1755 regni.

470 1751 677 1807 turbas.
696 1752 763 1807 Et
786 1752 977 1807 talibus
1005 1752 1272 1823 parabolis
1297 1753 1474 1808 multis
1496 1753 1814 1823 loquebatur
1831 1754 1911 1847 eis
1927 1769 2048 1809 ver-
2078 1756 2122 1817 Β
2150 1754 2363 1847 Zizania
2391 1769 2567 1815 autem
2600 1764 2691 1818 lilii
2729 1775 2850 1821 sunt
2878 1783 3123 1837 nequam.
3152 1772 3398 1829 Inimicus
3426 1751 3730 1847 autem'qui
3786 1792 3789 1793 '

468 1842 621 1907 bum,
645 1851 802 1910 prout
828 1851 1070 1912 poterant
1094 1841 1304 1908 audire,
1331 1853 1385 1899 et
1410 1845 1526 1898 sine
1551 1843 1813 1914 parabolis
1836 1830 1940 1898 n'on
1970 1845 2048 1898 lo-

473 1931 736 2000 quebatur
757 1934 856 1997 eis,
876 1941 934 1986 ut
957 1934 1266 2002 impleretur
1290 1934 1429 2002 quod
1457 1933 1653 1988 dictum
1672 1942 1789 1989 erat
1815 1949 1908 2005 per
1926 1950 2049 2004 pro-

474 2024 711 2090 phetam,
736 2022 998 2078 dicentem
1026 2023 1193 2094 (Paul.
1233 2038 1427 2089 uult,
1453 2024 1510 2093 2)
1541 2039 1558 2079 ι
1589 2025 1837 2094 Aperiam
1875 2025 1929 2079 in
1959 2042 2049 2095 pa-

473 2114 672 2169 rabolis
693 2129 754 2169 os
782 2128 978 2179 meum,
1008 2115 1262 2171 eructabo
1275 2115 1586 2170 abscondita
1614 2131 1645 2170 a
1672 2116 2065 2172 constitutione

458 2208 678 2301 Inundi.
698 2237 769 2301 :-
788 2207 1147 2301 Mantuani,
1172 2209 1365 2301 10-17,
1392 2209 1567 2301 Mane.
1596 2224 1669 2277 tv,
1701 2210 1888 2277 10-12;
1918 2210 2047 2266 Luc.

449 2297 586 2365 z'vnt,
612 2299 665 2364 9,
694 2297 787 2365 10;
814 2314 868 2364 ι,
894 2297 1083 2353 25-24.
1113 2299 1176 2352 Et
1198 2300 1511 2355 accedentes
1538 2299 1783 2369 discipuli
1803 2302 2052 2356 dixerunt

475 2392 526 2447 ei
554 2409 568 2446 :
599 2390 773 2457 Quare
801 2393 852 2446 in
883 2391 1148 2461 parabolis
1175 2391 1408 2461 loqueris
1443 2393 1558 2447 eis?
1585 2391 1686 2460 Qui
1720 2393 2050 2463 respondens

473 2484 550 2536 ait
578 2483 680 2537 illis
712 2498 727 2538 :
760 2482 895 2549 Quia
914 2483 1072 2537 vobis
1106 2483 1287 2537 datum
1315 2492 1397 2538 est
1422 2497 1582 2537 nosse
1609 2484 1861 2554 mysteria
1901 2485 2049 2555 regni

474 2573 752 2640 caelorum,
778 2573 883 2628 illis
908 2584 1085 2629 autem
1110 2588 1219 2628 non
1247 2584 1329 2629 est
1358 2575 1563 2629 datum.
1596 2574 1847 2630 Seorsum
1874 2585 2052 2629 autem

477 2664 753 2735 discipuiis
781 2665 892 2720 suis
938 2664 1238 2719 disserebat
1283 2666 1481 2719 omnia.
1534 2665 1657 2719 Ideo
1685 2664 1737 2719 in
1787 2664 2055 2734 parabolis

482 2758 672 2827 loquor
692 2759 771 2813 eis
797 2757 920 2827 quia
941 2758 1184 2812 videntes
1210 2771 1316 2812 non
1343 2756 1546 2825 vident,
1575 2766 1631 2813 et
1651 2757 1926 2814 audientes
1947 2772 2052 2812 non

481 2849 725 2915 audiunt,
748 2863 922 2920 neque
943 2848 1264 2919 intelligunt.
1292 2848 1362 2904 Et
1396 2840 1715 2918 adimpletur
1740 2852 1794 2905 in
1818 2849 1898 2906 eis
1926 2866 2055 2920 pro-

482 2942 659 3010 phetia
691 2941 841 2996 Isaiae
872 2941 1165 3011 prophetat,
1196 2940 1423 2996 dicentis
1452 2956 1468 2997 :
1498 2941 1696 2996 Audito
1724 2942 1971 3007 audietis,
2001 2951 2058 2999 et

482 3049 588 3087 non
614 3033 941 3103 intelligetis,
957 3043 1013 3086 et
1040 3032 1279 3087 videntes
1307 3032 1574 3100 videbitis,
1591 3041 1646 3088 et
1664 3047 1770 3088 non
1788 3034 2054 3090 videbitis.

2151 1846 2438 1902 seminavit
2464 1863 2550 1914 ea,
2581 1862 2662 1905 est
2684 1851 2947 1910 diabolus.
2973 1857 3157 1914 Mes~is
3184 1876 3310 1917 vero
3339 1846 3735 1923 consummatio

2150 1936 2331 1989 saeculi
2361 1945 2476 2003 est;
2507 1954 2773 1997 messores
2816 1954 2991 2000 autem
3034 1951 3205 2019 angeli
3249 1963 3391 2006 sunt.
3423 1954 3571 2009 Sicut
3596 1971 3738 2026 ergo

2151 2026 2472 2096 colliguntur
2510 2031 2712 2087 zizania
2742 2044 2796 2089 et
2822 2035 2926 2105 igni
2971 2032 3373 2109 comburuntur,
3420 2044 3499 2101 sic
3524 2047 3626 2100 erit
3668 2049 3734 2101 in

2152 2121 2610 2177 consummatione
2637 2126 2837 2181 saeculi.
2864 2128 3037 2184 Mittet
3063 2131 3227 2189 Filius
3251 2133 3480 2189 hominis
3509 2139 3738 2208 angelos

2151 2221 2316 2274 suos;
2347 2218 2402 2264 et
2428 2211 2682 2282 colligent
2709 2215 2775 2271 de
2804 2232 2968 2288 regno
3015 2220 3130 2290 ejus
3160 2224 3335 2278 omnia
3366 2227 3632 2295 scandala,
3670 2240 3742 2284 et

2153 2313 2247 2352 eos
2262 2301 2350 2368 qui
2378 2300 2576 2358 faciunt
2604 2305 2935 2376 iniquitatem
2956 2320 3011 2365 et
3040 2314 3248 2369 mittent
3274 2330 3368 2370 eos
3397 2318 3447 2371 in
3464 2319 3739 2374 caminum

2155 2387 2290 2458 ignis
2318 2404 2333 2444 :
2366 2392 2435 2446 ibi
2465 2394 2565 2448 erit
2608 2396 2764 2452 ﬂetus
2791 2407 2846 2453 et
2884 2401 3084 2457 stridor
3126 2405 3386 2460 dentium.
3418 2408 3563 2464 Tunc
3595 2409 3741 2479 justi

2155 2478 2430 2549 fulgebunt
2464 2484 2598 2539 sicut
2625 2488 2705 2541 sol
2736 2489 2788 2543 in
2819 2506 2984 2562 regno
3015 2495 3177 2564 patris
3203 2512 3410 2554 eorum.
3439 2500 3537 2567 Qui
3569 2501 3741 2558 habet

2155 2584 2313 2625 aures
2340 2572 2592 2629 audiendi
2621 2576 2817 2632 audiat.

2688 2690 2913 2749 CAPUT
2954 2694 3211 2750 LXXVII.

2156 2771 2235 2827 De
2258 2775 2494 2869 thesauro
2529 2781 2824 2869 abscondito
2857 2786 2909 2839 in
2931 2803 3095 2869 agro,
3120 2799 3181 2869 oet
3216 2791 3556 2869 negotiatione
3585 2810 3743 2847 utar-

2224 2854 2505 2932 gatt’larum
2519 2866 2556 2932 ;⁹
2590 2854 2654 2905 de
2684 2869 2873 2932 {egena
2907 2854 3062 2932 inissa
3114 2860 3165 2912 in
3200 2854 3366 2923 mare,
3411 2872 3457 2914 et
3489 2864 3551 2915 de
3585 2875 3744 2932 patre

2225 2915 2449 2985 inutilius
2469 2921 2556 2990 qui
2593 2915 2787 2992 profert
2819 2927 2883 2980 de
2904 2925 3145 2982 thesauro
3178 2946 3270 2984 suo
3303 2915 3431 2984 nova
3457 2943 3503 2985 et
3540 2915 3738 2989 retere:

2222 3051 2441 3109 Manu.
2470 3071 2561 3112 xui
2583 3096 2601 3125 ,
2639 3058 2826 3118 44-55.
2876 3061 3065 3120 Simile
3093 3026 3177 3122 est
3211 3064 3434 3138 regnum
3470 3072 3743 3130 malorum

480 3127 834 3181 lncrassatum
863 3134 946 3181 est
969 3140 1062 3180 cor
1090 3126 1269 3195 p0puli
1295 3125 1474 3195 hujus,
1500 3135 1553 3182 et
1576 3126 1795 3182 auribus
1822 3129 2051 3198 graviter
2078 3126 2124 3188 ϐ
2159 3141 2409 3200 thesauro
2465 3148 2779 3205 abscondito
2830 3152 2884 3207 in
2940 3168 3108 3225 agro;
3167 3125 3327 3228 que?"
3380 3162 3471 3230 qui

480 3218 783 3281 audierunt,
804 3225 859 3271 et
885 3217 1069 3272 oculos
1093 3230 1219 3271 suos
1244 3217 1551 3272 clauserunt
1578 3233 1596 3277 ;
1628 3219 1908 3287 nequando
1932 3235 2053 3274 ocu-

479 3306 542 3362 lis
581 3307 815 3373 videant,
847 3316 902 3362 et
926 3307 1088 3363 corde
1133 3307 1447 3378 intelligant,
1477 3318 1535 3365 et
1570 3319 1965 3378 convertantur,
1995 3321 2051 3368 et

476 3414 660 3454 sanem
695 3414 789 3453 eos
816 3397 950 3470 (lsa.
981 3415 1053 3467 vt,
1088 3400 1144 3468 9,
1176 3400 1285 3471 10).
1320 3401 1488 3457 Vestri
1514 3412 1689 3457 autem
1717 3403 1858 3458 beati
1884 3405 2044 3473 oculi,

477 3488 597 3559 quia
644 3488 845 3557 vident,
885 3498 941 3545 et
970 3504 1125 3547 aures
1171 3501 1383 3562 vestrae,
1427 3493 1548 3561 quia
1596 3493 1861 3548 audiunt:
1892 3510 2045 3551 amen

476 3580 670 3650 quippe
712 3581 830 3637 dico
859 3581 1027 3650 vobis,
1069 3583 1191 3653 quia
1220 3584 1370 3639 multi
1401 3584 1670 3654 propheta:
1706 3595 1761 3640 et
1793 3586 1925 3656 justi
1956 3603 2047 3643 cu-

393 3660 397 3664 ’
476 3673 685 3742 pierunt
712 3673 889 3730 videre
908 3690 1026 3743 qua:
1052 3673 1263 3740 videtis,
1282 3686 1335 3731 et
1362 3690 1465 3730 non
1494 3676 1763 3744 viderunt;
1784 3690 1838 3735 et
1860 3679 2047 3737 audire

475 3780 592 3834 qua:
616 3763 830 3831 auditis,
861 3773 915 3820 et
942 3779 1046 3820 non
1073 3766 1374 3821 audierunt.

1023 3920 1246 3978 CAPUT
1285 3923 1493 3981 LXXV.

672 4011 948 4084 Discipuli:
968 4013 1195 4069 edisserit
1216 4019 1508 4084 parabolae:
1526 4024 1839 4079 seminantis.

540 4164 754 4247 plura.
786 4182 913 4231 xm,
950 4170 1143 4235 lii-25;
1189 4130 1363 4227 Mane.
1396 4190 1480 4240 tv,
1516 4176 1711 4245 15οὲος
1750 4179 1882 4235 Luc.
1915 4197 2037 4250 vttt,

477 4257 659 4313 lI-lS.
688 4258 794 4313 Vos
813 4275 941 4331 ergo
966 4261 1145 4315 audite
1177 4263 1480 4330 parabolam
1506 4270 1835 4325 seminantis.
1857 4270 2043 4328 Omnis

472 4350 563 4417 qui
586 4350 730 4403 audit
752 4352 968 4405 verbum
999 4353 1168 4419 regni,
1188 4364 1241 4408 et
1266 4370 1368 4409 non
1396 4358 1659 4428 intelligit,
1682 4363 1826 4417 venit
1846 4367 2039 4436 malus,
2093 4395 2099 4401 -

471 4451 526 4493 et
566 4442 702 4509 rapit
740 4442 880 4509 quod
911 4444 1226 4499 scminatum
1253 4455 1336 4501 est
1381 4448 1433 4501 in
1460 4450 1621 4505 corde
1646 4453 1763 4522 ejus
1792 4470 1809 4508 :
1842 4454 1926 4510 hic
1959 4470 2041 4514 est
2068 4486 2122 4545 υ

474 4532 564 4600 qui
580 4546 733 4585 secus
756 4535 891 4587 viam
909 4536 1205 4617 seminatus
1221 4548 1322 4593 εει.
1346 4541 1443 4606 Qui
1460 4552 1631 4597 autem
1654 4560 1815 4613 super
1832 4560 2040 4617 petrnsa

472 4619 762 4673 scminatus
788 4630 903 4687 est,
937 4623 1020 4676 hic
1041 4633 1125 4676 est
1148 4612 1237 4693 qui
1267 4629 1487 4684 verbum
1518 4633 1683 4702 audit,
1712 4612 1765 4690 et
1791 4612 2041 4697 continuo

472 4724 593 4763 cum
621 4712 812 4781 gaud.o
837 4713 1031 4782 accipit
1067 4715 1193 4770 illud
1224 4734 1239 4772 :
1269 4734 1373 4774 non
1403 4720 1561 4777 habet
1586 4737 1761 4782 autem
1794 4731 1845 4783 in
1871 4745 1930 4787 se
1957 4750 2041 4787 ra-

470 4801 664 4865 dicem,
693 4801 785 4857 sed
824 4813 908 4857 est
945 4807 1284 4871 temporalis;
1318 4807 1452 4865 facta
1481 4823 1658 4868 autem
1699 4818 2040 4879 tribulatione

466 4902 522 4943 ct
553 4894 919 4958 persecutiotie
966 4906 1184 4963 propter
1213 4899 1452 4966 verbum,
1500 4908 1752 4960 continuo
1779 4913 2041 4968 scandali-

467 4991 635 5035 zatur.
663 4983 763 5049 Qui
793 4994 967 5039 autem
1003 4997 1293 5042 semiustus
1317 4999 1399 5045 est
1424 4993 1474 5045 in
1515 4997 1702 5063 Spinis,
1750 4998 1794 5052 is
1832 5011 1913 5056 est
1949 5005 2038 5073 qui

470 5070 688 5122 \‘ctbuul
714 5072 893 5138 audit;
921 5085 974 5128 et
999 5076 1301 5131 sollicitudo
1322 5082 1505 5134 surculi
1548 5081 1719 5150 istius,
1750 5098 1805 5142 et
1831 5070 2037 5147 fallacia

468 5160 767 5215 divitiarum
813 5164 1039 5220 sulfocat
1066 5169 1306 5235 verbum,
1348 5181 1402 5225 et
1442 5176 1561 5229 sEne
1586 5175 1757 5232 fructu
1785 5180 2034 5239 efficizut'.

468 5250 565 5313 Qui
596 5264 719 5304 vero
747 5250 795 5303 in
825 5262 1017 5306 terram
1046 5257 1234 5311 bonam
1259 5263 1552 5318 seminatus
1587 5277 1687 5331 est,
1719 5268 1804 5322 hic
1838 5282 1923 5327 est
1949 5274 2037 5343 qui

462 5343 612 5396 audit
639 5342 856 5396 verbum
887 5353 939 5397 et
968 5345 1233 5417 intelligit,
1274 5362 1325 5405 et
1366 5348 1597 5409 fructum
1623 5358 1794 5427 all‘ert,
1823 5371 1877 5416 et
1915 5342 2040 5421 facit

462 5432 606 5485 aliud
633 5431 1238 5504 quidctn,centesimum,
1263 5440 1403 5495 aliud
1423 5454 1601 5501 autem
1621 5453 2034 5525 sexagesimum,

462 5522 606 5578 aliud
631 5536 761 5578 vero
785 5523 1132 5581 tricesimum.
1172 5524 1175 5527 λ

488 5704 493 5709 “
538 5714 566 5741 ⁸
599 5705 755 5761 Deest
781 5722 874 5761 sua
905 5710 955 5763 in
989 5707 1195 5779 Vutgat.
1232 5711 1345 5769 Lat.
1373 5712 1523 5782 jtixta
1552 5721 1643 5774 Gr.

2153 3233 2334 3301 homo,
2363 3237 2666 3309 abscondit,
2695 3252 2746 3299 et
2769 3260 2877 3311 pra:
2906 3249 3102 3316 gaudio
3131 3251 3277 3307 illius
3304 3254 3462 3319 vadit,
3478 3266 3533 3314 et
3550 3259 3747 3315 vendit

2151 3325 2400 3382 universa
2436 3343 2553 3398 qua:
2584 3331 2774 3401 habet,
2820 3345 2877 3390 et
2919 3338 3050 3393 emit
3091 3353 3275 3410 agrum
3320 3343 3488 3401 illum.
3533 3347 3741 3405 lterum
3834 3378 3835 3381 η

2149 3417 2322 3471 simile
2341 3428 2421 3473 est
2450 3434 2672 3491 regnum
2702 3424 2959 3480 caelorum
2986 3428 3190 3486 homini
3215 3436 3550 3503 negotiatori,
3578 3454 3742 3507 quaa-

2150 3509 2284 3561 rcnti
2318 3508 2482 3565 bonas
2514 3514 2860 3583 margaritas:
2906 3515 3119 3573 inventa
3154 3532 3331 3577 autem
3360 3541 3462 3579 una
3495 3528 3739 3595 pretiosa

2150 3600 2434 3669 margarita
2455 3640 2469 3665 ,
2513 3603 2643 3657 abiit
2697 3613 2754 3659 et
2798 3606 3039 3663 vendidit
3066 3615 3242 3667 omnia
3271 3629 3393 3684 qua:
3422 3616 3631 3683 habuit,
3663 3630 3734 3675 et

2140 3690 2274 3741 emit
2303 3702 2442 3744 eam.
2505 3692 2701 3747 lterum
2740 3695 2915 3752 simile
2956 3709 3036 3754 est
3081 3716 3303 3779 regnum
3335 3707 3587 3762 omlorum
3630 3724 3740 3766 sa-

2144 3796 2297 3852 gettm
2344 3787 2521 3841 missa:
2568 3787 2621 3841 in
2653 3803 2833 3857 mare,
2885 3802 2939 3847 et
2982 3808 3046 3849 ex
3082 3799 3231 3852 omni
3262 3814 3458 3867 genere
3503 3805 3739 3871 piSt‘itln)

2140 3878 2506 3944 congreganti.
2562 3877 2734 3944 Quam
2767 3896 2888 3937 cum
2933 3883 3149 3953 impleta
3180 3897 3349 3956 esset,
3407 3891 3737 3963 educentes,

2138 3972 2200 4020 et
2244 3980 2399 4020 secns
2442 3968 2913 4040 littussedentes,
2969 3976 3246 4046 elegerunt
3289 3980 3459 4036 bonus
3503 3984 3554 4037 in
3596 4000 3738 4042 vasa

2142 4067 2238 4110 sua
2261 4064 2309 4122 λ,
2340 4058 2509 4113 malos
2546 4068 2722 4116 autem
2756 4063 2899 4117 foras
2927 4065 3209 4123 miserunt.
3249 4069 3339 4125 Sic
3369 4072 3474 4126 erit
3503 4074 3554 4127 in
3584 4088 3737 4130 cono

2142 4149 2500 4204 summatione
2538 4152 2742 4207 smculi.
2796 4153 3035 4210 Exibunt
3063 4159 3267 4228 angeli,
3312 4171 3365 4215 ot
3400 4165 3741 4232 separabunt

2144 4237 2315 4292 malos
2334 4238 2400 4293 de
2425 4239 2600 4294 medio
2622 4240 2910 4313 iustorum,
2939 4256 2994 4301 et
3022 4248 3236 4304 mittent
3254 4265 3348 4305 eos
3377 4252 3429 4306 in
3456 4256 3736 4311 caminum

2144 4324 2315 4395 ignis:
2346 4326 2419 4382 ibi
2449 4329 2552 4384 erit
2581 4331 2734 4386 ﬂetus
2762 4345 2819 4388 et
2847 4336 3045 4392 stridor
3075 4337 3335 4395 dentium.
3384 4342 3742 4402 intellexistis

2146 4412 2261 4469 haec
2290 4417 2515 4471 omnia?
2545 4419 2735 4475 Dicunt
2762 4422 2815 4477 ei
2841 4440 2854 4477 :
2889 4424 3082 4482 Etiam.
3106 4428 3195 4483 Ait
3226 4429 3357 4487 illis:
3391 4431 3513 4486 ldco
3544 4437 3740 4492 omnis

2148 4506 2318 4559 scriba
2349 4507 2537 4562 doctus
2566 4510 2616 4563 in
2648 4525 2815 4582 regno
2844 4515 3098 4571 caelorum
3120 4560 3135 4585 ,
3183 4519 3376 4575 similis
3413 4534 3493 4576 est
3518 4523 3737 4581 homini

2151 4599 2285 4665 patri
2325 4598 2554 4655 lautitias
2599 4603 2687 4670 qui
2740 4603 2945 4673 profert
2972 4606 3039 4661 de
3066 4609 3320 4687 thesauro
3361 4627 3461 4667 suo
3504 4630 3633 4667 nova
3670 4630 3741 4673 et

2150 4696 2349 4743 vetera.
2405 4691 2469 4743 Et
2503 4690 2696 4746 factum
2726 4702 2808 4747 est
2832 4710 2953 4750 cum
2985 4713 3414 4759 consummasset
3438 4703 3592 4759 Iesus
3620 4721 3735 4773 pa-

2145 4780 2356 4836 rabolas
2384 4782 2535 4851 istas,
2570 4785 2778 4840 transiit
2809 4786 2956 4843 inde.-

2656 4916 2881 4974 CAPUT
2921 4920 3200 4977 LXXVIII.

2157 5004 2344 5059 Contra
2392 5004 2755 5080 Jesum__ct'ves
2798 5012 2908 5080 ejus
2963 5013 3214 5080 indignati
3277 5026 3395 5069 sunt
3448 5018 3669 5074 dicentes
3715 5040 3741 5074 :

2572 5076 2719 5132 Unde
2739 5076 2858 5132 huic
2886 5092 3025 5135 tanta
3050 5076 3296 5136 scientia?

2218 5188 2424 5242 lla-nu.
2446 5203 2559 5255 xm,
2583 5188 2780 5254 54-58;
2801 5190 2972 5267 Mane.
2992 5208 3065 5259 vt,
3082 5194 3193 5247 l-(i.
3225 5194 3289 5248 Et
3306 5199 3529 5252 veniens
3546 5198 3600 5252 in
3623 5213 3733 5269 pa-

2150 5281 2305 5334 triam
2321 5295 2493 5347 suam,
2516 5281 2738 5336 docebat
2760 5297 2855 5347 eos
2872 5284 2924 5338 in
2947 5287 3254 5356 synagogis,
3279 5288 3351 5343 ita
3380 5302 3435 5344 ut
3457 5291 3731 5347 miraren-

2150 5380 2234 5424 tur
2273 5380 2325 5423 ct
2347 5371 2618 5426 dicerent:
2647 5372 2797 5429 Unde
2828 5375 2950 5429 huic
2972 5376 3232 5447 sapientia
3250 5380 3393 5448 hsce,
3418 5392 3472 5437 et
3497 5383 3734 5441 virtutes

2148 5466 2278 5520 tales
2297 5481 2414 5535 qute
2430 5482 2526 5537 per
2546 5482 2734 5523 manus
2750 5468 2869 5538 ejus
2884 5469 3219 5527 efﬁciuntur?
3240 5474 3426 5532 Nonne
3442 5476 3525 5531 hic
3538 5486 3620 5531 est
3636 5476 3736 5531 fa-

2142 5556 2223 5611 bri
2241 5556 2412 5614 titius?
2425 5557 2610 5616 Nonne
2624 5568 2795 5618 mater
2806 5559 3124 5632 ejusdicitur
3135 5563 3378 5634 Maria,et
3392 5567 3579 5625 fratres
3589 5566 3728 5640 ejus
