4026 6196
335 399 433 453 289

462 514 563 567 bus

335 519 581 577 Ιὶὶοοὺιιε,
603 519 885 574 θυυερβιι,
898 519 943 556 εξ
959 519 1165 561 διπηοη,
1184 519 1239 551 (τι
1253 519 1416 550 Juuas
1435 519 1452 545 τ
1468 519 1533 545 νει
1545 519 1685 543 eum!
1700 519 1758 542 ca
1774 519 1820 553 ι]
1830 519 1903 547 nr,

336 600 511 663 nonne
540 613 726 654 omnes
758 592 897 663 apud
931 604 1026 646 nos
1051 588 1208 642 sunt?
1240 583 1394 640 Unde
1426 596 1555 651 ergo
1581 580 1703 632 huic
1728 577 1903 629 omnia

336 698 469 753 ista?
496 696 561 749 Et
589 684 1089 745 seandiltzabantur
1112 679 1164 732 in
1186 689 1269 731 eo.
1290 672 1505 729 —Luc.
1525 687 1596 732 tv,
1618 668 1813 725 23-50.
1846 670 1909 718 Iit

336 792 409 844 ait
429 788 566 842 illis:
590 782 785 850 Utique
810 773 1001 831 dicetis
1019 770 1146 825 mihi
1173 768 1311 821 hanc
1330 760 1765 819 similitudinem:
1794 757 1908 811 Me-

336 884 474 946 dice,
488 893 615 934 cura
642 849 873 942 teipsnm
892 887 909 923 :
936 872 1134 936 quanta
1146 859 1444 914 audivimus
1454 854 1591 909 facta
1606 854 1658 907 in
1676 849 1909 946 Caphar-

339 942 519 1035 nanm,
551 969 633 1022 fac
654 975 704 1019 et
737 963 821 1015 hic
846 962 899 1013 in
933 957 1100 1026 patria
1132 961 1259 1029 tua.
1291 949 1379 1033 Ait
1402 954 1610 1010 autem,
1654 972 1726 985 --
1752 942 1907 997 Joas.

338 1079 411 1131 tv,
443 1060 733 1116 “zAmen
759 1052 878 1107 dico
903 1045 1079 1109 vobis,
1112 1043 1234 1113 quia
1265 1053 1422 1094 nemo
1450 1036 1704 1131 propheta
1725 1048 1914 1131 accep.

338 1128 423 1211 tua
454 1151 618 1208 estin
651 1147 822 1218 patria
857 1157 952 1199 sua
983 1150 1038 1196 et
1067 1138 1119 1192 in
1160 1137 1322 1191 domo
1365 1147 1483 1186 sua.
1536 1130 1601 1184 Et
1642 1142 1745 1181 non
1790 1128 1914 1181 ferit

339 1248 411 1302 ibi
444 1244 672 1300 virtutes
703 1238 918 1300 multas,
969 1240 1189 1304 propter
1210 1224 1635 1282 incredulitatem
1675 1221 1909 1281 illorum,

335 1339 442 1395 nisi
483 1348 680 1407 paucos
708 1331 952 1385 inﬁrmos
991 1321 1253 1393 impositis
1293 1318 1544 1373 manibus
1575 1314 1813 1369 curavit:
1860 1319 1915 1366 et

334 1433 636 1490 mirabatur
660 1433 876 1496 propter
896 1418 1318 1475 incredulitatem
1345 1414 1576 1466 illorum.
1607 1410 1663 1464 In
1688 1409 1915 1463 veritate

333 1526 464 1579 dico
503 1519 688 1572 vobis:
745 1515 923 1569 multa:
954 1510 1125 1564 vidua:
1179 1515 1331 1562 erant
1378 1504 1430 1557 in
1479 1503 1666 1557 diebus
1699 1501 1830 1555 Elite
1860 1500 1912 1554 in

334 1615 529 1681 Israel,
584 1610 800 1681 quando
838 1608 1077 1661 clausum
1120 1613 1201 1659 est
1231 1603 1424 1656 caelum
1464 1599 1618 1653 annis
1660 1598 1826 1651 trilms
1860 1603 1916 1652 et

333 1690 618 1765 mensibus
644 1711 778 1765 scx,’
799 1711 919 1754 cum
951 1698 1083 1751 l'act-i
1110 1704 1253 1749 esset
1276 1695 1441 1749 fames
1473 1705 1660 1761 magna
1689 1690 1739 1743 in
1768 1689 1913 1743 omni

246 1789 257 1798 ’
336 1811 520 1854 terra:
570 1804 625 1850 et
658 1793 724 1846 ad
763 1790 960 1845 nullam
1004 1788 1215 1842 illarum
1264 1784 1457 1837 missus
1503 1790 1583 1835 est
1619 1781 1759 1833 Elias
1791 1774 1914 1851 (111

337 1892 474 1962 Reg.
503 1903 634 1953 xm,
668 1886 748 1953 9),
795 1883 894 1938 nisi
922 1884 973 1936 iu
1006 1881 1230 1948 Sarepta
1260 1875 1493 1932 Sidonia:
1539 1874 1602 1927 ad
1636 1874 1911 1929 mulierem

336 1982 583 2036 viduam.
641 1978 707 2031 Et
737 1974 886 2029 multi
915 1972 1111 2042 leprosi
1141 1980 1293 2025 erant
1321 1969 1371 2026 in
1401 1967 1563 2023 lsracl
1595 1967 1692 2020 sub
1723 1966 1917 2021 Eli=tco

339 2071 601 2143 propheta
628 2066 734 2141 (ll’
763 2065 887 2137 Reg.
917 2080 970 2129 v,
1006 2061 1121 2132 ll):
1152 2070 1203 2115 et
1231 2075 1387 2113 nemo
1418 2073 1601 2141 eorum
1633 2056 1917 2115 mundatus

338 2172 449 2227 est,
497 2161 596 2215 nisi
629 2158 862 2214 Naaman
890 2155 1077 2228 Syrus.
1134 2152 1200 2207 Et
1236 2151 1423 2217 repleti
1474 2158 1596 2203 sunt
1635 2162 1817 2203 omne:
1862 2147 1914 2202 in

337 2250 612 2325 synagoga
654 2250 752 2313 ira,
814 2248 928 2302 ltmc
979 2245 1274 2299 audientes.
1334 2243 1399 2295 Et
1446 2249 1811 2302 surrexerunt,
1864 2248 1919 2295 ct

338 2345 626 2415 eiecerunt
668 2340 814 2405 illum
853 2346 999 2392 extra
1032 2336 1325 2398 civitatem,
1384 2340 1438 2388 et
1470 2333 1733 2386 duxerunt
1771 2330 1915 2384 illum

340 2451 517 2503 itaque
555 2435 621 2488 ad
670 2431 1012 2501 supercilium
1064 2427 1281 2489 montis,
1328 2439 1488 2493 super
1528 2439 1683 2492 qncnt
1727 2423 1918 2477 civitas

340 2528 558 2581 illorum
589 2533 705 2579 erat
738 2521 1018 2584 a'dilicata,
1075 2527 1133 2572 ut
1174 2515 1565 2587 praecipitarent
1602 2529 1754 2569 eum:
1807 2513 1920 2584 ipse

335 2627 525 2675 autem
558 2615 825 2670 transiens
853 2628 945 2683 per
972 2610 1203 2665 medium
1238 2610 1473 2674 illorum,
1507 2606 1635 2662 ibat.

398 2688 401 2689 ⁷
677 2714 697 2773 χ
892 2698 1120 2756 εΑΡυτ
1146 2698 1382 2754 LXXIX.
1573 2683 1579 2689 ‘

440 2799 516 2858 De
544 2796 765 2851 Herodis
793 2793 1037 2857 convivio,
1063 2801 1110 2845 et
1138 2790 1201 2844 de
1219 2789 1437 2844 Joannis
1459 2778 1829 2856 interfectiones.

424 2890 636 2945 MATTII.
668 2903 779 2954 xlv,
808 2885 973 2950 542;
1014 2884 1187 2939 Mane.
1213 2898 1285 2946 vr,
1326 2879 1520 2943 {7-29;
1562 2880 1691 2935 Luc.
1720 2892 1801 2943 ιη,
1831 2875 1918 2941 l9,

338 2979 444 3035 20.
507 2979 560 3033 ln
588 2979 683 3033 illo
713 2986 977 3046 tempore,
1021 2974 1263 3029 Herodes
1290 2962 1552 3025 tetrarcha
1579 2968 1721 3024 misit
1743 2982 1805 3022 ac
1842 2978 1921 3021 te-

318 3070 471 3124 .nnil
499 3068 777 3134 Joannem,
834 3075 887 3120 et
914 3065 1085 3119 vinxit
1129 3078 1250 3117 eum
1299 3064 1349 3116 in
1395 3075 1663 3115 carcerem
1706 3068 1921 3128 propter

349 3160 709 3215 llerodiadem
758 3173 977 3211 uxorem
1014 3155 1240 3223 Philippi
1281 3152 1459 3205 fratris
1497 3151 1608 3216 sui,
1661 3151 1782 3217 quia
1816 3148 1914 3202 du-

345 3261 507 3306 xerat
525 3265 665 3305 eam.
708 3247 925 3302 D.cebat
946 3246 1085 3299 enim
1118 3244 1351 3305 Joannes
1380 3238 1601 3294 llerodi:
1653 3238 1765 3292 Non
1798 3236 1921 3291 licet

342 3340 448 3395 tibi
479 3340 676 3393 habere
699 3351 922 3391 uxorem
957 3333 1135 3388 fratris
1163 3332 1256 3385 tui.
1303 3329 1560 3384 llerodias
1585 3336 1759 3381 autem
1794 3327 1924 3381 insi.

347 3431 599 3485 diabatnr
622 3428 720 3492 illi,
762 3437 817 3483 et
844 3428 1054 3502 votebat
1080 3424 1327 3479 occidere
1359 3437 1502 3486 eum,
1547 3436 1646 3475 nec
1682 3428 1919 3489 poterat:

348 3520 582 3575 timebat
610 3520 752 3574 enim
795 3517 1072 3586 populum,
1122 3514 1245 3583 quia
1276 3515 1415 3567 sicut
1461 3512 1769 3580 prophetam
1799 3523 1921 3572 eum

355 3612 648 3667 habebant.
674 3610 936 3665 Similiter
961 3631 970 3657 ι
994 3618 1013 3660 ι
1036 3607 1274 3661 Herodes
1299 3606 1480 3661 tolens
1509 3604 1924 3659 illum’occidere

350 3703 603 3767 timebat,
656 3702 830 3756 sciens
862 3714 983 3755 eum
1024 3698 1194 3751 virum
1223 3696 1422 3767 ju-tum
1453 3703 1509 3749 et
1544 3703 1821 3760 sanctum;
1870 3702 1925 3750 et

349 3794 692 3851 custodiebat
735 3808 879 3847 eum.
948 3790 1014 3844 Et
1040 3788 1221 3844 audito
1247 3802 1312 3843 eo
1359 3789 1524 3842 multa
1568 3786 1818 3854 faciebat,
1872 3794 1928 3841 et

350 3886 587 3942 libenter
614 3899 735 3939 cum
774 3882 1045 3937 audiebat.
1106 3880 1170 3935 Et
1194 3875 1314 3935 cum
1344 3878 1460 3934 dies
1483 3892 1601 3948 opp-
1627 3889 1814 3932 rtunns
1836 3892 1927 3935 aco

351 3979 594 4041 cidisset,
629 3976 866 4033 llerodes
890 3976 1048 4030 natali
1077 3989 1176 4028 suo
1212 3988 1425 4028 cmnam
1443 3972 1565 4028 fecit
1600 3971 1928 4044 principibus

351 4080 410 4125 et
460 4069 705 4132 tribunis,
754 4070 808 4124 et
853 4067 1042 4137 primis
1081 4065 1333 4121 Galilaem.
1375 4065 1615 4134 Cumque
1658 4064 1929 4118 introisset

354 4161 469 4216 lilia
513 4160 679 4230 ipsius
726 4158 1059 4223 llerodiatlis,
1112 4166 1162 4211 et
1219 4144 1485 4221 saltasset,
1540 4162 1595 4211 et
1643 4156 1930 4228 placuisset

356 4252 578 4320 Herodi,
629 4251 898 4320 simulque
943 4248 1403 4315 recumbentibus,
1457 4261 1549 4304 rex
1586 4248 1661 4302 ait
1707 4247 1926 4317 puellae:

357 4346 490 4400 l‘ete
518 4360 546 4398 a
578 4360 664 4400 me
702 4360 782 4413 qui
807 4344 841 4400 d
882 4345 982 4407 vis,
1036 4353 1087 4398 et
1118 4343 1255 4398 dabo
1303 4342 1418 4398 tibi.
1461 4342 1529 4397 Et
1572 4341 1771 4413 juravit
1811 4342 1926 4397 illi:

354 4436 492 4506 Quia
522 4430 778 4508 quidquid
810 4438 1024 4506 petieris
1050 4438 1187 4491 dabo
1228 4438 1343 4503 tibi,
1393 4439 1513 4493 licet
1538 4437 1812 4493 dimidium
1843 4454 1931 4495 re-

1082 372 1662 438 EVtNCELtcmuu
1706 367 2205 426 HARMONIAIIUM
2246 365 2820 423 INTERPRETATIO.

603 491 1758 574 etJusepb,etSimou,etJudas?Etsomres
1774 485 1908 553 ejus,
1941 486 1988 541 Δ
2016 496 2118 550 pus
2146 480 2281 549 ejus,
2329 492 2379 535 et
2411 481 2737 549 sepelierunt
2765 478 2889 534 illud
2922 479 2975 534 in
2996 491 3361 537 monumento.
3405 483 3472 539 Et
3494 498 3584 541 va.

3465 371 3567 429 290

2016 572 2226 639 nientes
2276 573 2655 625 nuntiaverunt
2700 572 2850 627 Jesn.
2907 602 2967 611 —
3010 572 3225 627 Mtrrtt.
3257 591 3364 639 xtv,
3415 576 3469 642 l,
3514 576 3582 641 ἲς

2011 665 2189 720 lianc.
2218 682 2286 734 vt,
2324 667 2513 731 Hi6;
2550 667 2678 720 Luc.
2704 681 2780 733 tx,
2807 652 2926 720 7-31.
2959 669 3172 721 Audivit
3216 678 3394 724 autem
3420 671 3584 727 Hero-

2014 759 2110 813 des
2143 762 2335 817 lamatu
2365 762 2513 827 Jesu,
2562 772 2615 816 et
2660 762 2834 815 omnia
2884 778 3002 830 quae
3056 763 3254 817 flebant
3299 766 3363 818 ab
3390 779 3485 819 eo:
3527 777 3581 826 et

2015 848 2317 915 hmitabat,
2370 868 2435 907 eo
2493 853 2633 922 quod
2680 853 2949 907 diceretur
2996 870 3023 907 a
3078 854 3418 924 quibusdam,
3457 858 3581 927 quia

2013 940 2247 996 Joannes
2268 945 2504 996 surrexit
2536 959 2564 997 a
2601 946 2825 998 mortuis
2849 961 2864 1001 :
2890 945 3248 1014 aquibusdam
3278 962 3433 1012 vero,
3465 948 3584 1018 quia

2015 1033 2158 1086 Elias
2186 1035 2465 1103 apparuit;
2519 1034 2588 1088 ab
2612 1036 2734 1089 aliis
2762 1046 2936 1090 autem
2969 1038 3107 1107 quod
3158 1038 3413 1107 propheta
3451 1057 3587 1095 unus

2014 1123 2080 1178 de
2109 1126 2339 1194 antiquis
2380 1127 2631 1180 surrexit.
2670 1128 2734 1181 Et
2762 1129 2836 1181 ait
2868 1129 3131 1184 Herodes:
3189 1130 3446 1186 Joannem
3488 1146 3588 1200 ego

2015 1215 2299 1281 decollari,
2329 1219 2445 1286 quis
2467 1227 2644 1273 autem
2664 1228 2746 1273 est
2776 1220 2874 1273 istc
2902 1222 2967 1275 de
2988 1237 3093 1291 quo
3121 1238 3219 1291 ego
3245 1224 3403 1277 audio
3432 1224 3589 1278 talia?

2018 1306 2084 1359 Et
2127 1310 2411 1375 (lllml8bal,
2465 1311 2645 1364 videre
2676 1300 2845 1365 eum.
2890 1343 2959 1353 —
2998 1313 3204 1367 ΜΑττιι.
3234 1330 3342 1376 xlv,
3379 1316 3464 1382 l5,
3498 1316 3585 1369 M.

2016 1398 2167 1465 Quod
2198 1414 2318 1453 cum
2351 1400 2588 1456 audisset
2619 1403 2793 1467 Jesus,
2843 1405 3066 1458 secessit
3105 1406 3230 1459 inde
3259 1406 3312 1459 in
3343 1408 3586 1461 navicula

2015 1490 2070 1545 in
2113 1491 2285 1545 locum
2317 1492 2588 1548 desertum
2622 1508 2884 1549 seorsum.
2930 1497 2996 1549 Et
3026 1512 3143 1549 cum
3173 1498 3446 1551 audissent
3480 1508 3588 1552 tur-

2016 1581 2119 1645 bae,
2173 1591 2374 1637 secuta:
2405 1594 2527 1638 sunt
2556 1600 2676 1639 eum
2725 1586 3004 1654 pedestres
3044 1586 3111 1641 de
3156 1588 3478 1643 civitatibus.
3526 1590 3589 1644 Et

2018 1675 2205 1729 exiens
2235 1676 2367 1729 vidit
2409 1678 2614 1733 turbam
2644 1679 2887 1747 multam,
2934 1688 2989 1733 et
3041 1679 3289 1735 misertus
3312 1690 3397 1737 est
3446 1681 3584 1751 eius,

2021 1776 2078 1823 et
2099 1770 2305 1823 curatit
2330 1769 2606 1838 languidos
2634 1785 2839 1825 eorum.

2573 1884 2798 1939 CAPUT
2828 1884 3041 1939 LXXX.

2016 1970 2166 2027 Iesus
2190 1972 2243 2026 in
2268 1972 2464 2046 deserto
2490 1973 2553 2026 de
2573 1974 2789 2046 quinque
2813 1974 3023 2039 panibus
3053 1982 3099 2026 ct
3119 1974 3317 2046 duobus
3368 1973 3589 2046 piscibus

2336 2044 2557 2113 quinque
2584 2042 2748 2097 millia
2768 2044 3030 2097 [taurinum
3054 2045 3270 2097 satiavit.

2090 2153 2303 2210 Manu.
2334 2170 2444 2218 xtv,
2479 2156 2672 2219 15—23;
2703 2156 2878 2211 Mane.
2903 2171 2973 2219 rt,
3001 2155 3205 2223 35-46;
3239 2156 3365 2212 ch.
3393 2172 3466 2220 tx,
3498 2156 3590 2212 η-

2019 2244 2116 2311 17;
2148 2246 2303 2301 Joan.
2331 2262 2409 2323 vt,
2441 2248 2588 2302 5-15.
2624 2247 2857 2318 Vespere
2883 2259 3059 2303 autem
3084 2248 3241 2318 iacto,
3274 2250 3589 2306 accedentes

2022 2337 2590 2400 duodecim,dixerunt
2620 2340 2734 2395 illi:
2766 2341 2982 2395 Dimi:te
3012 2340 3213 2403 turbas,
3238 2350 3297 2395 ut
3319 2350 3506 2395 euntes
3528 2342 3580 2396 itt

2046 2427 2265 2505 castella
2296 2429 2553 2499 villasque
2578 2445 2693 2497 qua
2736 2430 2873 2485 circa
2910 2440 3055 2494 sunt,
3100 2430 3387 2498 divertant,
3432 2440 3485 2485 et
3511 2431 3592 2487 in-

2026 2508 2249 2573 veniant
2262 2533 2450 2585 escas;
2483 2520 2602 2589 quia
2629 2520 2714 2575 hic
2745 2522 2797 2575 in
2828 2520 2947 2575 loco
2967 2521 3178 2575 deserto
3206 2536 3408 2575 sumus.
3433 2520 3591 2577 Jesua

2023 2619 2199 2663 autem
2231 2610 2365 2665 dixit
2391 2610 2523 2665 illis:
2556 2610 2669 2664 Non
2704 2611 2903 2668 habent
2932 2626 3153 2666 necesse
3178 2611 3289 2675 ire;
3336 2612 3458 2666 date
3486 2612 3592 2666 illis

1964 2756 1968 2760 ,
2020 2716 2115 2755 vos
2141 2702 2487 2759 manducare.
2512 2702 2805 2773 Respondit
2834 2704 2882 2756 ei
2902 2702 3177 2773 Philippus
3200 2722 3211 2756 :
3233 2705 3591 2761 Ducentorum

2022 2789 2367 2844 denariorum
2390 2795 2560 2859 partes
2586 2807 2688 2844 non
2719 2791 2987 2845 sufficiunt
3013 2792 3110 2856 eis,
3149 2801 3205 2846 ut
3234 2792 3592 2862 unusquisque

2022 2878 2290 2932 modicum
2316 2878 2440 2949 quid
2466 2879 2710 2949 accipiat.
2760 2880 2823 2933 Et
2847 2880 2977 2934 dicit
3005 2880 3111 2933 eis:
3139 2879 3279 2947 Quot
3307 2895 3472 2950 panes
3499 2884 3593 2934 ba-

2023 2965 2197 3022 betis?
2228 2966 2365 3022 Dicit
2385 2968 2432 3021 ei
2462 2985 2597 3023 unus
2618 2984 2680 3022 ex
2704 2969 2979 3037 discipulis
3001 2968 3121 3039 ejus
3145 2969 3406 3039 Andreas,
3432 2970 3593 3027 frater

2022 3056 2256 3113 Simonis
2290 3058 2467 3112 Petri:
2506 3060 2598 3116 Est
2624 3076 2759 3129 puer
2780 3077 2919 3115 unus
2951 3061 3037 3115 hic
3065 3061 3151 3130 qui
3178 3061 3339 3117 habet
3365 3064 3595 3135 quinque

2025 3163 2191 3215 panes
2220 3150 2548 3205 hordeaceos
2574 3159 2626 3206 et
2651 3152 2785 3205 duos
2816 3153 3014 3221 pisces.
3045 3152 3147 3207 Sed
3179 3152 3294 3207 haec
3320 3154 3444 3225 quid
3473 3165 3597 3209 sunt

2032 3233 2171 3295 ittlrr
2212 3243 2423 3296 tantos?
2473 3242 2581 3298 Nisi
2627 3245 2762 3299 forte
2800 3260 2896 3299 nos
2928 3262 3132 3313 camus,
3186 3256 3241 3311 et
3265 3262 3505 3302 emamus
3543 3251 3595 3303 iu

2026 3349 2236 3388 omnem
2275 3337 2409 3389 hanc
2437 3337 2643 3391 turbam
2676 3352 2845 3393 escas.
2878 3339 2974 3408 Qui
3006 3339 3083 3392 ait
3105 3340 3182 3394 eis
3206 3356 3220 3394 :
3248 3340 3446 3396 Alfene
3473 3341 3589 3395 illos

2025 3425 2153 3480 mihi
2204 3425 2325 3480 huc.
2374 3427 2436 3482 Et
2465 3430 2720 3496 prmccpit
2760 3429 2861 3482 illis
2906 3439 2962 3483 ut
2989 3429 3310 3489 accumbere
3356 3429 3596 3486 facerent

2025 3531 2212 3570 omnes
2255 3519 2548 3573 secundum
2586 3519 2958 3586 contubernia,
3016 3535 3042 3574 s
3065 3536 3174 3589 .pra
3203 3520 3372 3576 viride
3398 3519 3596 3576 fenum.

2029 3606 2097 3661 Et
2122 3608 2506 3664 discubucruut
2534 3610 2583 3663 in
2614 3619 2810 3679 partes,
2855 3623 2907 3666 et
2936 3627 3030 3681 per
3050 3621 3325 3677 centenos,
3374 3624 3424 3667 et
3448 3614 3600 3682 quin-

2026 3711 2317 3767 quagenos.
2367 3700 2612 3769 Acceptis
2637 3709 2813 3755 autem
2844 3701 3076 3772 quinque
3131 3703 3352 3772 panibus
3384 3712 3437 3757 et
3462 3703 3596 3759 duo-

2028 3784 2123 3839 bus
2158 3788 2410 3855 piscibus,
2459 3790 2693 3858 respexit
2734 3789 2786 3843 in
2812 3790 3031 3855 cadum,
3072 3799 3128 3844 et
3178 3790 3447 3845 benedixit
3475 3790 3599 3847 illis.

2028 3888 2080 3931 et
2108 3875 2286 3949 fregit,
2318 3889 2370 3933 et
2397 3877 2665 3933 distribuit
2691 3879 2966 3948 discipulis
2991 3880 3131 3934 suis:
3162 3879 3601 3948 discipuliauterr

2031 3966 2224 4022 turbis.
2284 3965 2350 4021 Et
2382 3966 2835 4022 manducaverunt
2859 3982 3067 4032 omnes,
3116 3977 3170 4023 et
3193 3970 3411 4022 saturati
3456 3979 3601 4025 sunt.

2032 4057 2098 4110 Et
2127 4057 2362 4135 tulerunt
2387 4056 2666 4127 reliquias,
2696 4056 2977 4112 duodecim
3004 4057 3260 4129 cophinos
3285 4056 3601 4128 fragmento.

2036 4163 2154 4203 rum
2202 4149 2413 4219 plenos.
2489 4147 2918 4227 Manducantium
2966 4160 3144 4204 autem
3203 4149 3301 4205 luit
3351 4166 3604 4208 numerus

2032 4244 2265 4314 quinque
2299 4242 2467 4298 millia
2500 4241 2761 4309 virorum,
2789 4246 3027 4314 exceptis
3059 4243 3374 4299 mulieribus
3402 4254 3456 4300 et
3486 4258 3603 4315 par-

2029 4335 2188 4389 vulis.
2243 4335 2309 4390 Et
2337 4335 2517 4389 statim
2547 4333 2709 4406 jussit
2744 4335 3035 4406 discipulos
3064 4335 3396 4391 ascendere.
3428 4336 3484 4390 in
3506 4318 3603 4390 ita-

2032 4430 2287 4497 viculam,
2336 4439 2389 4485 et
2418 4429 2722 4496 praecedere
2753 4446 2872 4484 eum
2922 4440 3067 4485 trans
3112 4428 3303 4484 fretum
3343 4428 3407 4483 ad
3440 4429 3605 4484 Beth-

354 4530 446 4598 gni
478 4530 604 4582 mei.
647 4529 777 4595 Quae
803 4543 922 4582 cum
964 4529 1207 4591 exiissel,
1264 4528 1397 4582 dixit
1426 4531 1577 4584 matri
1600 4544 1741 4585 sitae:
1792 4529 1927 4597 Quid
1955 4561 2010 4623 Β
2034 4521 2261 4590 saidam,
2312 4522 2483 4578 donec
2523 4523 2812 4579 dimitteret
2842 4524 3045 4581 turbas.
3100 4524 3174 4578 Illi
3205 4541 3333 4595 ergo
3365 4525 3606 4579 homines

355 4620 576 4688 petam?
624 4622 690 4675 At
713 4621 800 4673 illa
831 4619 986 4684 dixit,
1019 4628 1176 4688 caput
1202 4620 1422 4675 Joannis
1453 4622 1561 4690 Bap
1588 4620 1723 4676 istae.
1762 4622 1925 4676 Cum«

354 4726 465 4781 que
514 4711 790 4765 introisset
843 4711 1019 4765 statim
1065 4726 1182 4765 cum
1235 4712 1567 4767 festinatione
1608 4713 1672 4767 ad
1722 4729 1924 4784 regem,

360 4801 548 4866 petivit
592 4801 806 4856 dicens:
863 4800 995 4869 Volo
1024 4811 1081 4854 ut
1130 4802 1369 4870 protinus
1399 4804 1429 4856 d
1465 4818 1491 4856 s
1538 4804 1667 4858 mihi
1698 4805 1747 4858 in
1780 4806 1927 4860 disco

352 4901 517 4959 caput
570 4889 791 4945 Joannis
844 4892 1115 4960 Baptism.
1182 4895 1247 4949 Et
1300 4896 1643 4951 contristatus
1698 4907 1779 4953 est
1829 4916 1923 4955 rex

354 4992 575 5051 propter
595 4980 968 5052 jusjurandum
998 4995 1051 5038 et
1082 4995 1295 5054 propter
1319 4986 1475 5040 simul
1505 4990 1872 5043 recumbentes
1907 5008 1922 5045 :

355 5074 531 5127 noluit
557 5085 733 5129 autem
754 5092 870 5130 eam
891 5078 1226 5144 contristare,
1258 5079 1507 5150 misitque
1529 5082 1925 5150 spiculatorcm,

350 5174 409 5216 ct
460 5165 748 5219 deeo‘lavit
790 5165 1047 5221 Joannem
1096 5168 1146 5222 in
1203 5185 1437 5225 carcere.
1482 5172 1545 5226 Et
1594 5173 1810 5227 allatum
1846 5186 1927 5227 est

348 5266 513 5322 caput
568 5258 682 5325 ejus
712 5258 764 5312 in
810 5260 978 5325 disco,
1031 5271 1083 5317 et
1113 5264 1290 5316 datum
1320 5274 1402 5319 cst
1437 5267 1649 5333 puellm,
1706 5277 1755 5322 et
1784 5269 1931 5323 dedit

347 5348 509 5401 matri
541 5362 672 5402 suae.
717 5350 779 5403 Et
803 5352 1117 5407 accedentes
1144 5354 1384 5424 discipuli
1412 5354 1526 5424 ejus
1551 5357 1777 5412 tulerunt
1806 5373 1921 5417 cor-

426 5481 582 5563 fJJ-r.
637 5490 745 5536 tum
780 5483 961 5563 Matth.
1012 5501 1122 5563 xlv,
1170 5486 1260 5563 ἓξ,
1319 5497 1428 5542 tum
1478 5490 1638 5546 Mare.
1699 5509 1785 5559 vt,
1835 5495 1929 5563 ιδ,

346 5552 625 5632 ἠνᾲγδρισεθ
659 5556 927 5621 computit,
962 5557 1142 5632 coegit.
1192 5558 1353 5632 Recte
1380 5570 1557 5632 autem
1590 5552 1928 5632 Ammonius;

345 5620 775 5703 ipti'MaIIthteum
803 5620 1134 5703 potissimum
1149 5629 1421 5703 sequitur,
1453 5630 1506 5684 in
1535 5646 1633 5687 suo
1657 5620 1932 5703 exempla;

422 5690 633 5770 legebat
663 5696 782 5773 γοὺς
810 5697 1039 5773 {adyta};
1074 5690 1307 5773 ἐμϐἦνέᾳ,
1344 5690 1465 5773 nun
1503 5712 1559 5755 Itl
1586 5717 1772 5759 omnes
1801 5690 1929 5760 editi

348 5760 545 5832 praei,
592 5765 712 5832 τοὺς
739 5760 965 5832 μαθητάς
994 5760 1175 5820 αὐτὸῡ.
1225 5769 1311 5823 Sic
1343 5771 1465 5823 item
1498 5786 1615 5825 cum
1648 5776 1932 5829 Ammonio

348 5828 560 5898 legebat
584 5828 841 5901 Origenes
863 5843 990 5889 tom.
1020 5836 1037 5888 l
1067 5836 1458 5913 Comtncntar.,
1492 5856 1611 5913 pag.
1640 5843 1766 5899 240.
1803 5828 1933 5900 llittc

2032 4635 2152 4673 cum
2181 4616 2444 4673 vidisSeut
2473 4618 2612 4687 quod
2646 4617 2843 4674 fecerat
2872 4619 3103 4687 signum,
3135 4618 3412 4673 dicebant:
3475 4618 3605 4686 Quia

2035 4711 2120 4766 hic
2150 4720 2234 4788 est
2262 4727 2390 4767 vere
2420 4694 2678 4781 propheta
2709 4712 2797 4782 qui
2827 4720 3082 4766 venturus
3129 4720 3211 4765 est
3237 4712 3287 4766 in
3330 4710 3605 4765 tutmdum.

2033 4803 2189 4860 Jestts
2214 4818 2342 4872 ergo
2389 4818 2508 4857 cum
2541 4802 2877 4875 cognovisset
2920 4804 3046 4872 quia
3079 4802 3290 4856 venturi
3332 4810 3514 4857 essent
3546 4809 3605 4855 ut

2032 4903 2281 4965 raperent
2307 4909 2426 4948 eum
2463 4902 2515 4949 et
2548 4892 2785 4949 facerent
2835 4907 2955 4946 eum
2986 4906 3185 4959 regem,
3218 4891 3371 4958 fugit.
3426 4891 3492 4947 Et
3518 4891 3605 4946 di.

2031 4989 2195 5044 missa
2216 4986 2389 5050 turba,
2417 4985 2654 5040 ascendit
2680 4984 2731 5037 in
2763 4991 2995 5038 montem
3028 4981 3174 5035 solus
3199 4996 3377 5042 orare.

2564 5094 2788 5151 CAPUT
2820 5093 3054 5149 LXXXI.

2032 5188 2183 5247 Jrsttt
2233 5205 2385 5259 super
2413 5203 2553 5241 mare
2605 5185 2812 5251 pedibus
2828 5184 3135 5259 ambulauit,
3163 5193 3209 5239 et
3238 5182 3449 5239 Petrum
3477 5202 3608 5241 tuer-

2590 5264 2787 5326 gcntem
2820 5255 3066 5309 liberavit.

2106 5368 2467 5445 Murmxw,
2514 5366 2711 5434 25-35;
2761 5368 2936 5425 Muto.
2970 5386 3041 5435 vt,
3090 5369 3288 5436 47-51;
3340 5370 3496 5426 Jou.
3530 5385 3603 5435 vt,

2041 5496 2387 5551 conﬁrmatur
2406 5496 2641 5566 Vulgatte
2663 5496 2840 5562 lectio,
2870 5500 3112 5567 compulit
3132 5499 3407 5563 discipulos
3428 5515 3605 5552 ascen-

2040 5568 2324 5638 dare:cui
2337 5570 2571 5638 concinit
2610 5569 2896 5638 etl’ersica
2931 5570 3335 5638 interpretatio;
3388 5567 3605 5638 reliquis

2040 5637 2253 5693 interim
2286 5636 2529 5693 Graecum
2563 5636 2878 5692 hodiernum
2907 5637 3273 5693 all'ectantilms
3315 5652 3382 5693 ex
3429 5636 3605 5697 Marco

2042 5707 2260 5762 forsitan
2280 5708 2617 5781 restitutum.
2641 5708 2858 5781 __Adisis
2889 5708 3327 5781 Qrigenianorum
3356 5710 3605 5781 Exegeti-
3695 5730 3698 5735 ’

2042 5777 2621 5841 θοι-ιιιη,ςι.θιιὶιοι-εηι.
2641 5775 2892 5835 lluetiurn
2923 5775 3143 5833 io‘notis
3175 5793 3292 5849 pan.
3318 5778 3406 5835 55.
