4026 6196
408 324 504 388 291
1547 326 1579 377 ι’
1590 322 1852 381 ιετοιιιε
1895 321 1993 377 ΕΡΙ

2096 318 2193 375 'JPI
2234 316 2530 375 CAPUANI
3559 322 3667 378 <729-2.

415 445 594 501 lii-2!.
642 442 878 510 Vespere
907 441 1276 504 autem'facto,
1304 437 1452 492 solus
1470 446 1586 493 erat
1612 437 1703 491 ibi.
1732 434 1984 490 Navicnla
2016 428 2065 495 Α
2088 430 2159 511 de
2183 430 2323 485 ctelo
2349 444 2556 485 verum.
2612 427 2769 483 Panis
2809 428 2954 484 enim
2988 428 3082 483 Dei
3112 437 3216 494 est,
3268 432 3357 499 qui
3386 430 3669 485 descendit

410 545 584 591 autem
616 534 667 587 in
687 534 860 586 medio
887 532 1018 586 mari
1045 530 1342 599 iactabatur
1365 528 1630 583 ﬂuctibus.
1660 527 1786 581 Erat
1806 535 1985 580 autem
2089 520 2159 575 de
2185 520 2346 585 cmlo,
2376 530 2430 575 et
2451 519 2543 574 dat
2562 520 2725 573 vitam
2748 519 2968 574 mundo.
2999 519 3255 574 Dixerunt
3277 536 3403 589 ergo
3426 522 3492 575 ad
3514 536 3667 576 eum:

409 628 713 683 contrarius
732 636 940 679 ventus.
967 624 1159 690 Quarta
1183 632 1361 677 autem
1384 621 1560 691 vigilia
1584 621 1773 685 noctis,
1803 620 1986 675 videns

412 734 505 774 eos
534 718 859 781 laborantes,
912 715 1056 768 venit
1086 713 1151 767 ad
1179 727 1273 768 eos
1316 712 1595 767 ambulans
1624 725 1784 780 supra
1814 723 1983 764 mare.

413 811 479 866 Et
506 808 717 863 volebat
766 807 1042 875 praeterire
1087 819 1198 859 eos.
1263 803 1332 857 Et
1378 802 1621 857 videntes
1658 814 1782 855 eum
1826 812 1986 867 supra

417 915 564 955 mare
620 898 1013 962 ambulantem,
1067 894 1259 949 turbati
1308 904 1463 961 sunt,
1524 893 1800 947 dicentes:
1856 891 1988 957 Quia

420 994 730 1061 phantasma
760 1000 864 1059 est,
901 999 958 1045 et
988 1004 1096 1059 prae
1126 989 1319 1044 timore
1348 989 1737 1043 clamaverunt.
1770 984 1990 1040 Statim-

416 1098 520 1152 que
545 1082 699 1137 .lesus
730 1082 937 1137 locutus
964 1088 1047 1135 est
1073 1078 1173 1144 eis,
1219 1079 1433 1133 dicens:
1482 1076 1685 1133 Habeto
1710 1074 1986 1130 ﬁduciam:

422 1190 522 1243 ego
553 1189 697 1228 sum:
747 1172 911 1226 nolite
954 1172 1163 1225 timere.
1195 1170 1544 1237 Respondens
1572 1179 1748 1221 autem
1780 1167 1986 1229 Petrus,

417 1266 580 1319 dixit:
632 1264 873 1328 Domine,
907 1264 949 1316 si
984 1271 1035 1316 tu
1065 1277 1144 1325 es,
1170 1262 1298 1330 juhe
1330 1275 1415 1317 me
1448 1260 1629 1313 venire
1654 1258 1720 1311 ad
1753 1269 1802 1311 te
1831 1270 1990 1325 super

416 1370 603 1424 aquas.
652 1359 720 1410 At
748 1355 859 1425 ipse
889 1354 962 1406 ait
996 1370 1011 1407 :
1044 1353 1211 1407 Veni.‘
1256 1351 1322 1405 Et
1349 1350 1678 1405 descendens
1711 1350 1898 1404 Petrus
1924 1348 1991 1403 de

417 1449 681 1512 navicula,
731 1447 1038 1502 ambulabat
1065 1461 1226 1514 super
1246 1460 1459 1514 aquam,
1494 1444 1780 1499 utveniret
1805 1442 1871 1498 ad
1902 1442 1990 1498 Je-

416 1555 557 1594 sum.
605 1538 797 1592 \‘idens
820 1552 948 1591 vero
978 1546 1193 1591 ventum
1222 1536 1481 1603 validum,
1533 1536 1730 1590 timuit.
1783 1534 1846 1588 Et
1865 1549 1985 1589 cum

415 1628 667 1696 cmpisset
714 1625 903 1696 mergi,
947 1626 1195 1681 clamavit
1223 1625 1433 1680 dicens:
1492 1625 1733 1692 Domine,
1782 1626 1986 1679 salvum

419 1736 504 1774 me
530 1721 631 1774 fac.
665 1720 731 1773 Et
757 1720 1010 1774 continuo
1038 1718 1196 1774 Jesus
1221 1718 1516 1773 extendens
1542 1732 1757 1773 manum
1798 1732 1990 1786 appreo

2092 613 2339 677 Domine,
2370 625 2584 681 semper
2607 611 2673 665 da
2702 610 2858 665 nobis
2883 624 3073 679 panem
3105 611 3266 665 hunc.
3319 612 3459 666 Dixit
3489 625 3651 667 auteu

2089 704 2170 759 eis
2218 702 2410 758 Jesus:
2447 702 2556 771 Ego
2599 715 2716 755 sum
2764 701 2917 771 panis
2947 701 3102 757 vitas:
3152 702 3244 772 qui
3274 703 3416 757 venit
3445 703 3510 757 ad
3557 719 3645 758 me

2092 810 2198 850 non
2222 797 2460 851 esuriet:
2501 803 2559 851 et
2593 794 2683 864 qui
2709 794 2881 850 credit
2909 795 2962 850 in
2995 811 3103 863 me,
3136 784 3240 850 non
3264 796 3407 851 sitiet
3434 812 3663 868 unquam

2094 885 2285 958 (Eccli.
2303 885 2579 956 xxtv,29).
2600 886 2704 941 Sed
2726 885 3019 953 dixi-vobis,
3047 887 3169 957 quia
3185 897 3241 942 et
3259 887 3465 943 vidistis
3485 905 3589 959 me,
3610 898 3666 945 et

2093 990 2203 1032 non
2221 975 2529 1031 credidistis
2542 974 2568 1013 δ
2579 1013 2594 1030 .
2614 975 2785 1031 Omne
2800 976 2940 1045 quod
2955 976 3047 1032 dat
3062 977 3192 1033 mihi
3214 978 3367 1033 Pater
3383 979 3448 1033 ad
3473 994 3559 1034 me
3576 995 3667 1035 ve-

2091 1067 2205 1122 niet
2229 1084 2241 1119 :
2264 1075 2320 1122 et
2345 1080 2466 1121 eum
2492 1065 2583 1135 qui
2612 1063 2759 1122 venit
2778 1065 2843 1121 ad
2866 1081 3092 1133 me,non
3111 1068 3316 1139 ejiciam
3337 1069 3517 1124 teras:
3544 1073 3672 1139 quia

2090 1157 2339 1212 descendi
2353 1156 2421 1212 de
2435 1157 2594 1223 coelo,
2614 1172 2717 1212 non
2729 1167 2787 1211 ut
2799 1156 2988 1212 faciam
3003 1158 3329 1213 voluntatem
3363 1173 3559 1224 meam,
3572 1161 3675 1215 sed

2090 1249 2418 1303 voluntatem
2441 1248 2554 1318 ejus
2581 1249 2671 1318 qui
2707 1248 2850 1304 misit
2873 1264 2976 1303 me.
3011 1248 3134 1304 “:20
3175 1262 3256 1304 est
3285 1251 3527 1305 voluntas
3549 1251 3673 1319 ejus

2092 1338 2181 1407 qui
2202 1339 2348 1393 misit
2368 1354 2453 1394 me
2475 1340 2666 1405 Patris,
2681 1348 2740 1393 ut
2759 1354 2918 1393 omne
2935 1339 3072 1408 quod
3093 1339 3237 1394 dedit
3258 1340 3404 1404 mihi,
3426 1355 3527 1395 non
3547 1357 3675 1410 per-

2092 1429 2214 1483 dant
2235 1444 2301 1484 ex
2326 1444 2410 1493 eo,
2430 1430 2522 1483 sed
2547 1431 2856 1484 resuscitem
2881 1429 3011 1484 illud
3029 1431 3081 1483 in
3103 1430 3388 1485 novissimo
3408 1431 3514 1485 die.
3545 1432 3674 1486 lltee

2093 1530 2177 1574 est
2195 1520 2337 1575 enim
2356 1519 2598 1575 voluntas
2611 1520 2779 1574 Patris
2801 1520 2903 1574 mei
2920 1523 3006 1590 qui
3031 1521 3173 1576 misit
3194 1534 3299 1585 me,
3314 1528 3372 1575 ut
3388 1503 3560 1575 omnis
3576 1520 3673 1588 qui

2092 1611 2235 1664 videt
2256 1609 2423 1664 ﬁlium
2448 1619 2502 1665 et
2522 1610 2692 1664 credit
2714 1610 2764 1664 in
2786 1624 2932 1676 eum,
2963 1610 3155 1665 habeat
3186 1611 3349 1664 vitam
3372 1618 3619 1665 aeternam
3651 1627 3668 1673 ;

2091 1710 2145 1755 et
2173 1690 2499 1754 resuscitabo
2543 1693 2665 1754 eum
2715 1700 2767 1753 in
2807 1699 3096 1754 novissimo
3122 1700 3231 1755 die.
3266 1700 3672 1754 Murmurabant

419 1813 607 1868 hendit
627 1829 773 1878 cutn,
801 1820 856 1868 et
876 1812 947 1866 ait
970 1813 1072 1866 nn:
1098 1812 1315 1867 Modica:
1335 1811 1479 1878 ﬁdei,
1510 1826 1674 1881 quare
1697 1809 1987 1866 dubitasti?
2015 1812 2062 1871 Β
2091 1804 2219 1881 ergo
2237 1788 2408 1881 Judaei
2438 1789 2504 1843 dc
2535 1788 2641 1855 illo.
2656 1789 3078 1881 ξιυῖίιάίξίδεθιε
3107 1790 3217 1881 Εεο
3246 1805 3362 1844 sum
3394 1790 3543 1860 ranis
3571 1790 3669 1881 (uti

418 1906 619 1959 Etcum
658 1904 677 1925 ⁴
707 1904 1034 1958 ascendisset
1066 1903 1379 1967 naviculam,
1409 1902 1885 1958 cessavit'ventus:
1933 1910 1989 1957 et

416 1996 595 2049 statim
628 1995 724 2049 fuit
757 1994 909 2049 navis
937 1994 1001 2048 ad
1034 2003 1228 2049 terram
1260 1993 1323 2046 ad
1365 2007 1522 2063 quam
1554 1993 1719 2047 ibant.
1767 1992 1866 2060 Qui
1892 2007 1989 2047 au.

418 2098 522 2141 tem
553 2088 604 2140 in
635 2086 873 2140 navicu'a
903 2096 1074 2152 erant,
1109 2094 1367 2141 venerunt
1393 2093 1447 2140 et
1466 2084 1820 2140 adoraverunt
1844 2098 1987 2151 eum,

416 2180 692 2236 dicentes:
726 2179 861 2234 Vere
891 2179 1031 2233 [ilius
1062 2178 1155 2233 Dei
1183 2192 1261 2235 es.

940 2320 1167 2378 CAPUT
1194 2320 1453 2375 LXXXII.

416 2411 830 2482 Transfretantea
874 2421 1113 2464 venerum
1144 2411 1197 2464 in
1229 2421 1413 2463 terram
1440 2408 1711 2464 Genasar:
1755 2416 1800 2463 et
1828 2409 1989 2463 turba:

790 2491 973 2536 secuta
996 2491 1111 2535 aunt
1140 2497 1253 2535 eum
1284 2490 1424 2534 mina
1450 2495 1606 2535 mare.

489 2613 696 2668 Manu.
746 2628 861 2681 xw,
906 2612 1107 2674 34-56;
1157 2611 1331 2666 Mane.
1372 2627 1445 2678 vr,
1496 2609 1690 2667 55-56.
1755 2610 1824 2665 Et
1868 2622 1990 2664 cum

419 2705 875 2771 transfretassent,
926 2710 1189 2758 venerunt
1234 2704 1288 2756 in
1327 2710 1520 2755 terram
1549 2699 1786 2756 Genasar
1818 2708 1863 2749 ι.
1925 2698 1990 2752 Ει

417 2811 537 2850 cum
585 2796 958 2864 cognovissent
998 2809 1120 2848 eum
1150 2792 1248 2847 viri
1297 2792 1400 2847 loci
1430 2791 1588 2858 illius,
1638 2790 1895 2844 miserunt
1938 2791 1990 2863 in

422 2888 722 2943 universam
766 2884 1037 2954 regionem
1072 2883 1240 2949 illam,
1293 2890 1347 2937 et
1375 2881 1682 2935 obtulerunt
1721 2881 1772 2935 ei
1806 2892 1993 2935 omnes

420 2980 558 3033 male
606 2978 880 3031 habentes.
935 2975 1003 3030 Et
1045 2975 1303 3045 rogabant
1348 2989 1470 3028 eum
1516 2981 1572 3026 nt
1615 2972 1694 3027 vel
1729 2966 1990 3045 ﬁmbriam

421 3069 721 3123 vestimenti
752 3068 868 3136 ejus
897 3076 1198 3135 tangerent.
1254 3067 1319 3120 Et
1348 3056 1650 3135 quicunque
1682 3065 1988 3135 tetigerunt,

2089 1880 2155 1935 de
2184 1881 2321 1935 caelo
2344 1879 2617 1935 descendi.
2653 1879 2721 1934 Et
2758 1880 3024 1948 dicebant,
3077 1912 3151 1924 ——
3173 1880 3386 1935 MATTH.
3420 1896 3530 1946 χιιι,
3559 1879 3665 1946 55;

2089 1970 2262 2026 Mane.
2287 1971 2441 2037 vt,5:
2465 1969 2648 2025 Nonne
2670 1970 2755 2026 hic
2776 1980 2859 2026 est
2883 1972 3022 2026 (ilus
3040 1970 3260 2042 Josepb,
3278 1973 3430 2041 cujus
3451 1986 3545 2026 nos
3565 1956 3667 2026 no;

2089 2063 2261 2117 vimus
2295 2074 2496 2132 patrem
2534 2069 2590 2116 et
2616 2063 2873 2117 matrem?
2902 2062 3179 2129 Quomodo
3217 2078 3345 2133 ergo
3373 2064 3503 2118 dicit
3528 2064 3611 2117 hic
3642 2079 3660 2115 :

2089 2153 2222 2219 Quia
2250 2152 2319 2208 de
2348 2154 2487 2209 caalo
2513 2154 2803 2208 descendi?
2836 2154 3131 2233 Respondit
3163 2169 3291 2225 ergo
3317 2153 3474 2209 Jesus
3502 2170 3518 2206 :
3549 2153 3663 2207 No-

2091 2245 2183 2299 lite
2220 2258 2555 2300 murmurare
2584 2244 2830 2300 invicem.
2862 2243 3030 2300 Nemo
3068 2254 3241 2315 potest
3262 2244 3443 2299 venire
3479 2244 3544 2298 ad
3574 2261 3665 2300 me

2091 2334 2193 2389 nisi
2222 2335 2379 2390 Pater
2407 2348 2558 2389 meus
2591 2344 2614 2373 ο
2644 2335 2862 2391 traxerit
2891 2351 3043 2401 eum;
3089 2344 3145 2391 et
3185 2350 3285 2406 ego
3332 2335 3666 2391 resuscitabo

2094 2440 2217 2481 eum
2240 2425 2292 2479 in
2319 2426 2610 2481 novissimo
2637 2425 2744 2482 die.
2772 2428 2864 2481 Est
2888 2427 3145 2498 scriptum
3176 2426 3228 2480 in
3262 2427 3527 2497 prapbetis
3554 2445 3569 2482 :
3597 2420 3669 2481 Et

2092 2526 2250 2571 erunt
2275 2531 2463 2573 omnes
2489 2517 2645 2574 docib
2666 2517 2745 2574 les
2771 2518 2861 2574 Dei
2892 2517 3033 2589 (ha.
3066 2534 3181 2583 Liv,
3210 2518 3328 2589 13).
3358 2521 3541 2574 Omnis
3567 2520 3663 2590 qui

2093 2609 2293 2664 audivit
2314 2624 2345 2664 a
2369 2607 2546 2678 Patre,
2565 2610 2771 2677 didicit,
2790 2611 2937 2666 venit
2958 2611 3025 2666 ad
3041 2626 3145 2667 me.
3167 2610 3281 2665 Non
3311 2611 3431 2680 quia
3451 2609 3663 2665 Patrem

2094 2700 2223 2755 vidit
2251 2700 2529 2771 quisquam
2556 2719 2568 2754 :
2596 2701 2698 2756 nisi
2725 2701 2814 2771 qui
2840 2711 2921 2757 est
2942 2716 2972 2755 a
2999 2701 3127 2770 Deo,
3162 2702 3250 2757 hic
3281 2702 3407 2755 vidit
3427 2701 3659 2757 Patrem.

2094 2794 2300 2860 Amen,
2338 2806 2493 2848 amen
2527 2790 2648 2847 dico
2681 2793 2833 2847 vobis
2877 2809 2887 2844 :
2927 2793 3016 2861 qui
3058 2792 3229 2848 credit
3264 2791 3316 2845 in
3348 2806 3461 2858 me,
3505 2791 3671 2845 habet

2095 2886 2257 2940 vitam
2298 2894 2576 2940 aeternam.
2623 2884 2734 2955 Ego
2773 2898 2890 2938 sum
2930 2884 3081 2954 panis
3117 2883 3257 2938 vitaz.
3291 2883 3475 2938 Patres
3504 2883 3667 2937 vestri

2096 2974 2551 3031 manducaverunt
2588 2990 2781 3030 manna
2818 2975 2870 3029 in
2910 2976 3155 3042 deserto,
3186 2985 3242 3049 et
3284 2974 3478 3030 mortui
3517 2985 3665 3029 sunt.

2096 3069 2192 3124 ilic
2220 3078 2305 3125 est
2328 3071 2479 3140 panis
2509 3068 2576 3124 de
2604 3068 2740 3125 cmlo
2770 3068 3104 3125 descendens
3130 3086 3142 3122 :
3169 3069 3291 3124 utsi
3319 3068 3437 3138 quis
3461 3082 3525 3123 ex
3553 3054 3691 3136 ipso'

422 3161 553 3215 salvi
584 3160 706 3213 facti
737 3169 879 3213 sunt.
913 3188 983 3201 —-
1011 3158 1167 3214 JOAN.
1199 3174 1273 3225 vt,
1303 3156 1494 3211 22-72.
1535 3156 1714 3211 Altera
1743 3155 1849 3220 die,
1885 3165 1992 3209 tur-
2023 3178 2070 3241 α
2102 3162 2528 3228 manducaverit,
2560 3177 2665 3216 non
2692 3163 2969 3215 moriatur.
3012 3161 3121 3231 Ego
3157 3176 3273 3215 sum
3315 3164 3465 3229 panis
3496 3162 3669 3223 vivus,

424 3254 489 3309 ba
520 3268 637 3323 quae
683 3252 855 3308 stab.:t
886 3262 1029 3306 trans
1074 3265 1240 3315 mare,
1299 3249 1427 3304 vidit
1456 3250 1577 3319 quia
1610 3247 1849 3303 navicula
1890 3246 1994 3300 alia

425 3361 529 3401 non
559 3355 673 3399 erat
700 3344 772 3398 ibi
803 3343 903 3399 nisi
937 3357 1062 3409 una,
1095 3351 1149 3398 et
1176 3342 1298 3413 quia
1330 3356 1434 3397 non
1466 3340 1735 3395 introisset
1765 3353 1884 3393 cum
1909 3336 1995 3392 di—

422 3436 639 3507 scipulis
669 3436 777 3490 suis
807 3435 963 3490 Jcsus
993 3436 1043 3489 in
1068 3435 1265 3500 navim,
1319 3433 1414 3489 sed
1461 3433 1559 3488 soli
1588 3432 1836 3501 discipuli
1878 3431 1995 3501 ejus

360 3584 363 3587 λ
423 3528 676 3581 ahiissent
696 3546 708 3582 :
732 3526 847 3581 alia:
870 3541 994 3581 vero
1016 3534 1439 3594 supervenerunt
1462 3516 1624 3581 naves
1644 3540 1673 3578 a
1691 3521 1992 3588 Tiberiade,

422 3620 572 3685 juxta
603 3619 772 3672 locum
797 3618 882 3673 ubi
913 3618 1361 3672 manducaverant
1386 3632 1597 3686 panem,
1621 3615 1815 3685 gratias
1837 3628 1999 3684 agt-n-

427 3719 505 3763 tes
536 3708 781 3762 Domino.
814 3707 943 3763 Cum
975 3723 1100 3777 ergo
1131 3708 1350 3762 vidisset
1379 3706 1530 3761 turba
1558 3706 1680 3775 quia
1710 3704 1862 3760 Jesus
1891 3719 1997 3758 non

429 3816 501 3854 es-
517 3812 570 3855 et
600 3800 695 3868 ibi,
744 3816 913 3870 neque
936 3799 1179 3868 discipuli
1211 3799 1347 3869 ejus,
1383 3798 1737 3854 ascenderunt
1764 3799 1814 3853 in
1844 3796 1997 3851 navi-

425 3892 591 3955 culas,
644 3900 697 3945 et
738 3901 997 3947 venerunt
1024 3889 1417 3959 Capharnaum,
1468 3898 1767 3960 qumrentes
1791 3886 1993 3942 Jesum.

426 3981 491 4033 Et
535 3996 652 4035 cum
684 3980 1012 4035 invenissent
1038 3996 1159 4035 eum
1208 3968 1353 4034 trans
1398 3974 1568 4044 mare,
1618 3976 1870 4032 dixerunt
1906 3976 1994 4031 ei:

429 4072 617 4136 liahbi,
652 4071 863 4140 quando
897 4071 997 4125 huc
1029 4070 1257 4126 venisti?
1311 4066 1604 4140 Respbndit
1633 4069 1786 4145 .lesus
1813 4070 1913 4133 eis,
1947 4076 2001 4122 et

424 4164 582 4216 dixit:
609 4162 797 4230 Amen,
825 4177 979 4216 amen
1003 4162 1120 4216 dico
1150 4162 1320 4227 vobis,
1350 4163 1583 4231 qumritis
1611 4176 1716 4227 me,
1748 4176 1852 4214 non
1877 4162 1995 4227 quia
2032 4184 2041 4187 -

427 4246 633 4309 vidistis
661 4255 834 4326 signa,
884 4253 978 4307 sed
1010 4254 1131 4321 quia
1163 4250 1530 4306 manducastis
1556 4268 1619 4306 cx
1653 4254 1898 4319 panibus,
1947 4258 2001 4305 et

371 4371 373 4373 ί
424 4347 648 4400 saturati
676 4346 824 4400 estis.
876 4344 1183 4413 Operamini
1226 4360 1329 4398 non
1360 4343 1533 4399 cibum
1575 4346 1666 4412 qui
1697 4346 1854 4413 perit,
1904 4345 2000 4399 Sed

425 4437 516 4505 qui
549 4445 823 4503 permanet
855 4428 907 4490 in
939 4438 1101 4490 vitam
1134 4444 1412 4502 aeternam,
1444 4452 1599 4506 quem
1637 4436 1799 4490 Filius
1831 4436 1999 4491 homi-

2098 3255 2189 3322 qui
2222 3256 2289 3309 de
2318 3255 2457 3310 casio
2484 3254 2754 3308 descendi.
2789 3252 2843 3309 Si
2876 3251 2996 3323 quis
3030 3253 3429 3308 manducaverit
3471 3268 3534 3307 ex
3566 3250 3674 3306 hoc

2099 3360 2265 3414 pane,
2298 3346 2439 3397 vivet
2483 3344 2533 3397 in
2571 3351 2853 3397 aeternum.
2887 3342 2951 3396 Et
2986 3342 3134 3410 panis
3172 3356 3329 3410 quem
3367 3357 3467 3411 ego
3508 3342 3671 3405 dabo,

2097 3449 2223 3489 caro
2253 3449 2370 3488 mea
2402 3442 2486 3490 est
2514 3448 2607 3502 pro
2648 3433 2833 3487 mundi
2862 3434 2990 3486 vita.
3024 3432 3318 3502 Litigabant
3346 3447 3473 3501 ergo
3498 3432 3673 3486 Judzei

2098 3527 2164 3582 ad
2210 3527 2469 3591 invicem,
2512 3525 2754 3581 dicentes
2796 3542 2809 3579 :
2851 3520 3130 3590 Quomodo
3165 3531 3343 3593 potest
3385 3522 3474 3579 hic
3517 3522 3678 3578 nobis

2097 3635 2314 3680 carnem
2334 3634 2484 3675 suam
2509 3619 2639 3674 dare
2666 3617 2731 3672 ad
2764 3616 3226 3672 manducandum?
3258 3614 3397 3671 Dixit
3434 3628 3562 3685 ergo
3591 3615 3677 3668 eis

2098 3709 2253 3766 Jesus
2280 3728 2292 3763 :
2324 3714 2517 3775 Amen,
2545 3722 2702 3762 amen
2723 3707 2843 3762 dico
2864 3706 3016 3761 vobis
3043 3726 3056 3760 :
3086 3706 3195 3761 Nisi
3220 3705 3674 3762 manducaveritis

2099 3814 2313 3854 carnem
2331 3799 2444 3854 Filii
2469 3798 2716 3865 hominis,
2742 3808 2795 3853 et
2822 3798 3062 3854 biberi.is
3078 3798 3193 3867 ejus
3218 3798 3548 3866 sanguinem,
3566 3811 3701 3850 nou.

2102 3890 2365 3946 habebitis
2404 3891 2660 3945 vitamsin
2707 3890 2879 3945 vobis.
2912 3892 3011 3957 Qui
3041 3891 3324 3946 manducat
3349 3906 3521 3945 meam
3552 3904 3681 3944 car-

2100 3999 2223 4038 nem
2265 3993 2317 4039 et
2355 3983 2484 4038 bibit
2528 3998 2704 4037 meum
2743 3983 3087 4055 sanguinem,
3120 3982 3284 4039 habet
3309 3983 3470 4036 vitam
3507 3990 3671 4035 aeter-

2101 4091 2223 4130 nam
2258 4094 2269 4128 :
2300 4086 2355 4132 et
2379 4090 2477 4145 ego
2507 4075 2837 4132 resuscitabo
2866 4091 2988 4131 eum
3012 4075 3063 4129 in
3088 4075 3375 4130 novissimo
3401 4074 3505 4127 die.
3534 4074 3679 4127 Caro

2102 4166 2241 4221 enim
2270 4181 2388 4222 mea
2419 4182 2542 4222 vere
2571 4176 2652 4221 est
2687 4166 2867 4231 cibus,
2900 4175 2953 4220 et
2983 4154 3197 4236 sanguis
3236 4180 3388 4222 mirus
3427 4179 3553 4220 vere
3588 4174 3681 4218 est

2103 4268 2279 4326 potus.
2314 4256 2413 4323 Qui
2442 4257 2728 4311 manducat
2763 4272 2934 4313 meam
2971 4272 3184 4312 carnem
3221 4266 3275 4311 et
3320 4256 3451 4310 bibit
3493 4269 3677 4311 meum

2103 4348 2437 4419 sanguinem,
2473 4349 2525 4401 in
2559 4364 2642 4402 me
2683 4357 2892 4421 manet,
2924 4356 2978 4402 et
2999 4362 3098 4418 ego
3129 4349 3179 4403 in
3208 4347 3319 4401 illo.
3353 4346 3502 4403 Sicut
3530 4345 3681 4405 misit

2106 4452 2190 4490 me
2213 4439 2398 4491 vivens
2427 4438 2602 4501 Pater,
2634 4448 2686 4493 et
2711 4453 2810 4507 ego
2838 4436 2959 4492 vivo
2992 4446 3205 4506 propter
3235 4436 3477 4499 Patrem;
3509 4443 3563 4487 et
3583 4433 3682 4503 qui

428 4531 510 4582 nis
560 4526 712 4580 vobis
766 4527 949 4581 dabit:
1012 4527 1151 4581 hunc
1190 4527 1328 4582 enim
1382 4527 1539 4582 Pater
1579 4526 1809 4597 signavit
1857 4527 1997 4581 Deus
2030 4546 2077 4606 ι)
2105 4531 2385 4584 ιιηειιιιιυοιιι
2412 4545 2516 4596 me,
2544 4539 2597 4583 et
2622 4532 2731 4599 ipse
2757 4530 2898 4585 vivet
2924 4538 3139 4598 pr0pter
3162 4543 3265 4583 me.
3296 4527 3393 4583 llic
3416 4536 3497 4582 est
3521 4526 3677 4597 panis

424 4616 637 4689 (Matth.
672 4632 750 4683 ut,
796 4618 892 4683 i7;
952 4633 1081 4684 xvn,
1114 4618 1188 4687 5).
1254 4618 1510 4673 Dixerunt
1554 4634 1680 4687 ergo
1729 4619 1797 4675 ad
1843 4635 1996 4675 eum:

421 4706 558 4774 Quid
585 4705 863 4775 faciemus,
899 4718 955 4761 ut
982 4722 1269 4778 operemur
1332 4724 1494 4777 opera
1525 4710 1658 4765 Dei?
1708 4709 2001 4781 Respondit

420 4800 598 4866 Jesus,
632 4809 686 4854 et
716 4798 852 4853 dixit
879 4798 989 4853 eis:
1035 4799 1145 4853 Hoc
1166 4806 1249 4853 est
1277 4813 1411 4868 opus
1442 4799 1555 4865 Dei,
1604 4810 1661 4854 ut
1689 4800 1919 4856 credatis
1946 4802 1998 4856 in

420 4905 540 4942 cum
568 4905 723 4958 quem
757 4890 901 4945 misit
931 4891 1038 4945 ille.
1076 4890 1332 4945 Dixerunt
1360 4905 1487 4962 ergo
1508 4890 1584 4945 ei:
1615 4890 1767 4957 Quod
1797 4907 1923 4963 ergo
1946 4902 1999 4947 tu

422 4983 551 5037 iacis
581 4986 813 5053 signum,
867 4994 923 5039 ut
962 4985 1237 5039 videamus
1287 4994 1342 5039 et
1369 4985 1652 5040 credamus
1678 4986 1813 5041 tibi?
1861 4986 1997 5054 Quid

422 5073 713 5138 operaria?
761 5075 945 5129 Patres
987 5077 1151 5129 nostri
1207 5089 1395 5128 manna
1449 5074 1901 5129 rnanducavcrunt
1948 5078 2001 5130 in

422 5162 661 5226 deserto,
711 5164 848 5216 sicut
898 5168 1152 5234 scriptum
1186 5177 1295 5221 eSt:
1350 5166 1547 5221 Panem
1595 5167 1663 5221 de
1692 5168 1827 5221 ccelo
1857 5168 2003 5222 dedit

425 5254 505 5308 eis
526 5254 846 5308 manducare
872 5255 1064 5323 (Exod.
1100 5274 1214 5322 avt,
1244 5259 1351 5327 14).
1386 5260 1523 5314 Dixit
1547 5276 1674 5329 ergo
1698 5262 1777 5313 eis
1805 5261 1991 5317 Jesus:

422 5346 615 5411 Amen,
668 5359 824 5398 amen
867 5344 989 5399 dico
1016 5347 1204 5403 vobis:
1264 5348 1377 5401 Non
1408 5350 1615 5421 Moyses
1649 5351 1811 5427 .dedit
1846 5352 1996 5407 vobis

424 5450 614 5506 panem
645 5437 713 5492 de
752 5438 911 5503 οωιυ,
969 5438 1063 5492 sed
1098 5437 1256 5491 Pater
1282 5455 1435 5493 meus
1482 5442 1575 5494 dat
1619 5441 1768 5496 vobis
1799 5456 1989 5510 panem

498 5606 525 5636 ι
554 5599 726 5667 νυιεη
771 5597 1014 5653 Genesar.
1066 5598 1372 5652 Lectionem
1405 5596 1671 5653 Gennasar
1718 5600 1913 5669 duplici
1958 5618 1991 5653 ιι

429 5668 620 5722 "illius
650 5669 868 5733 profert.

498 5737 525 5775 δ
561 5737 738 5802 ναις..
785 5751 828 5790 ct
859 5755 958 5792 non
996 5738 1220 5793 creditis.
1276 5738 1457 5807 Neque
1491 5738 1642 5793 aliter
1667 5739 1783 5806 Gr.,
1826 5743 1906 5793 καὶ
1932 5742 1990 5797 εὐ

2105 4621 2195 4691 qui
2235 4620 2302 4675 de
2346 4622 2482 4676 coelo
2532 4620 2828 4675 descendit.
2881 4620 2992 4675 Non
3041 4622 3177 4675 sicut
3224 4619 3683 4673 manducaverunt

2107 4714 2468 4781 patres,vcstri
2502 4728 2692 4766 manna
2736 4713 2785 4766 in
2816 4713 3056 4774 deserto,
3086 4723 3139 4767 et
3180 4711 3372 4766 mortui
3400 4718 3542 4764 sunt.
3574 4708 3679 4776 Qui

2106 4804 2390 4856 manduCat
2422 4802 2559 4855 hunc
2585 4817 2795 4870 panem,
2830 4804 2972 4856 vivet
2999 4803 3050 4857 in
3082 4812 3359 4857 mternum.
3393 4801 3516 4855 Haec
3542 4802 3681 4855 dixit

2104 4896 2155 4948 in
2184 4909 2455 4964 synagoga
2478 4894 2767 4959 docens,in
2795 4894 3187 4964 Capharnaum.
3227 4893 3373 4947 Multi
3411 4906 3539 4962 ergo
3582 4904 3677 4943 au-

2106 4988 2312 5041 dientes
2337 5002 2399 5039 ex
2441 4972 2716 5055 discipulis
2745 4987 2891 5055 ejus,
2928 4988 3176 5040 dixerunt
3214 5001 3226 5037 :
3271 4985 3440 5037 Durus
3479 4993 3559 5036 est
3589 4983 3677 5035 hic

2105 5093 2313 5140 sermo;
2348 5078 2467 5147 quis
2499 5087 2670 5146 potest
2694 5092 2815 5131 eum
2847 5077 3064 5131 audire?
3095 5079 3283 5132 Sciens
3308 5085 3488 5129 autem
3515 5075 3676 5128 Jesus

2104 5168 2240 5236 apud
2272 5170 2649 5236 semetipsum,
2683 5168 2803 5237 quia
2838 5176 3228 5221 murmurarcnt
3263 5166 3331 5221 de
3369 5167 3469 5220 hoc
3508 5164 3670 5218 dsci-

2108 5261 2217 5331 puli
2253 5261 2368 5330 ejus
2390 5303 2405 5328 ,
2436 5261 2575 5314 dixit
2602 5260 2680 5314 eis
2714 5276 2727 5312 :
2762 5260 2873 5313 lloc
2911 5273 3004 5312 vos
3039 5257 3402 5312 Scandalizat?
3440 5257 3495 5311 Si
3545 5271 3676 5326 ergo

2108 5350 2347 5405 videritis
2376 5350 2563 5405 Filium
2594 5348 2825 5404 hominis
2849 5349 3348 5415 ascendentem,ubi
3368 5337 3508 5418 prius
3523 5348 3675 5402 erat?

2102 5439 2331 5508 Spiritus
2368 5451 2448 5495 est
2482 5440 2570 5509 qui
2611 5439 2843 5495 viviﬁcat
2881 5456 2894 5492 :
2945 5453 3072 5494 caro
3108 5456 3211 5493 nou
3264 5439 3487 5509 prodest
3522 5437 3674 5508 quid«

2096 5622 2415 5792 ῐισήτὲῗῖιοὸ
2461 5679 2628 5750 “map
2672 5674 2698 5729 ὁ
2737 5673 2945 5744 πέμψας
2972 5691 3053 5744 μα,
3093 5669 3251 5726 Pater
3290 5672 3372 5743 qui
3403 5673 3536 5726 mtatt
3573 5688 3673 5750 me,

2147 5754 2178 5792 u
2205 5756 2253 5792 ιι.

2147 5754 2253 5810 urg.
