4026 6196
305 352 409 410 293

1063 341 1647 406 EVANGELICARUM
1687 337 2190 398 HARIIONIARUM
2229 337 2804 398 INTERPRE'I‘ATIO.

3462 346 3563 402 εὶθὶ

303 479 487 533 quam.
520 461 695 517 Verba
727 475 843 530 qua:
874 475 973 531 ego
1002 460 1213 515 locutus
1239 472 1354 516 sum
1381 456 1549 520 vobis,
1582 456 1799 525 spiritus
1825 463 1879 508 et
1907 455 1958 516 Α
1987 452 2114 507 Sine
2141 468 2296 506 causa
2321 453 2500 507 colunt
2526 469 2629 518 me,
2656 454 2907 509 docentes
2928 454 3196 512 doctrinas
3224 468 3273 512 ct
3315 464 3559 517 mandata

301 556 407 610 vita
432 565 578 608 sunt.
602 552 707 609 Sed
735 560 859 607 sunt
887 551 1098 621 quidam
1127 568 1190 607 ex
1219 551 1369 605 vobis
1389 549 1480 618 qui
1509 564 1613 603 non
1638 548 1878 602 credunt.

299 646 520 703 Sciebat
548 647 689 700 enim
719 644 787 698 ab
818 643 968 698 initio
998 642 1153 697 .Iesus
1184 642 1274 711 qui
1304 647 1485 695 essent
1524 654 1628 694 non
1660 640 1884 694 creden-

301 748 383 793 tes
398 746 452 803 ⁸.
465 746 519 792 et
540 737 651 807 quis
669 736 958 790 traditurus
975 745 1117 788 esset
1136 749 1276 787 eum.
1296 732 1359 787 Et
1373 731 1578 786 dicebat
1598 749 1608 783 :
1626 731 1880 800 Propter-

299 842 363 882 ea
394 828 507 881 dixi
558 826 733 890 vobis,
764 826 886 895 quia
918 841 1077 880 neruo
1105 834 1283 894 potest
1323 824 1503 878 venire
1538 822 1603 877 ad
1634 838 1749 887 me,
1784 822 1883 876 nisi

301 919 467 975 fuerit
494 919 543 973 ei
574 920 754 974 datum
783 934 810 971 a
837 918 990 973 Patre
1009 932 1148 972 meo.
1185 917 1257 971 Ex
1287 916 1386 970 hoc
1408 915 1559 969 multi
1594 915 1624 969 d
1649 914 1884 984 scipulo-

302 1025 424 1063 rum
446 1009 568 1077 ejus
592 1009 838 1064 abierunt
859 1017 1003 1063 retro
1030 1023 1044 1060 :
1071 1017 1123 1062 et
1146 1008 1255 1076 jam
1297 1020 1400 1061 non
1428 1020 1548 1061 cum
1578 1005 1669 1060 illo
1698 1005 1886 1059 ambu-

307 1100 513 1155 labant.
556 1100 695 1153 Dixit
739 1114 870 1170 ergo
907 1099 1065 1155 Jesns
1108 1099 1172 1153 ad
1202 1098 1483 1154 duodecim
1516 1116 1528 1152 :
1563 1097 1807 1167 Nunquid
1834 1108 1888 1152 ct

212 1202 223 1209 '
309 1206 408 1246 vos
462 1185 837 1247 vtaltis'abire?
869 1191 944 1245 Re
977 1191 1163 1260 pondit
1196 1205 1323 1260 ergo
1356 1196 1372 1212 '
1406 1190 1589 1247 Simon
1640 1190 1830 1245 Petrus
1872 1206 1885 1243 :

310 1286 559 1351 Domine,
592 1286 656 1339 ad
687 1300 842 1354 quem
872 1283 1289 1338 ibimus?Verba
1316 1282 1437 1337 vita:
1466 1295 1679 1338 reterns:
1703 1284 1885 1338 habes.

309 1373 375 1429 Et
402 1390 504 1427 nos
533 1375 873 1435 credidimus,
905 1381 960 1427 et
986 1373 1337 1441 cognovimus
1357 1416 1371 1439 ,
1405 1373 1526 1441 quia
1567 1382 1621 1427 tu
1649 1387 1707 1428 es
1735 1373 1890 1428 Chri-

309 1476 425 1518 stus
456 1462 623 1518 Filius
654 1466 764 1519 Dei.
800 1464 1090 1533 Respondit
1113 1467 1193 1517 eLs
1221 1462 1407 1517 Jesus:
1439 1462 1624 1517 Nonne
1661 1478 1760 1534 ego
1796 1479 1889 1520 vos

310 1553 598 1609 duodecim
628 1555 785 1623 elegi,
816 1563 870 1608 et
891 1569 954 1608 ex
986 1553 1139 1607 vobis
1161 1568 1301 1608 unus
1324 1554 1566 1607 diabolus
1589 1555 1708 1609 est?
1738 1555 1890 1609 Dice-

314 1645 401 1698 bat
425 1654 605 1699 autem
630 1644 816 1699 Iudam
842 1644 1078 1698 Simonis
1106 1644 1413 1698 lscariotem
1447 1662 1459 1695 :
1494 1644 1580 1715 hic
1607 1645 1746 1699 enim
1776 1655 1889 1702 erat

315 1735 608 1789 traditurus
630 1751 774 1798 eum,
802 1749 923 1790 cum
954 1744 1098 1789 esset
1124 1748 1260 1788 unus
1287 1750 1352 1789 ex
1380 1735 1682 1790 duodecim.

814 1844 1052 1901 ‘CAPUT
1090 1844 1374 1900 LXXXIII.

317 1938 541 2005 Quidam
566 1936 862 1991 Phariaene
885 1936 1273 2008 rogavitdesum
1292 1939 1359 1992 ad
1388 1956 1420 2007 p
1450 1939 1657 1993 audiunt
1681 1956 1697 1992 :
1729 1950 1775 1995 et
1803 1957 1889 1995 co-

603 2008 791 2079 gitabat
816 2024 972 2078 quare
995 2024 1094 2061 non
1124 2010 1276 2076 fuerit
1306 2012 1606 2079 baptisatus.

388 2118 520 2172 Luc.
550 2133 624 2183 xr,
648 2117 826 2172 57-41.
856 2117 1079 2190 Rogavit
1112 2128 1287 2175 autem
1324 2121 1467 2174 illum
1510 2122 1723 2191 quidam
1756 2122 1895 2178 Pha-

310 2210 532 2275 riscus,
564 2218 621 2265 ut
650 2210 937 2280 pranderet
961 2210 1100 2281 apud
1128 2225 1207 2266 se.
1240 2212 1305 2267 Et
1336 2214 1602 2282 ingressus
1629 2216 1888 2271 recubuit.

312 2301 624 2357 Pharisteus
661 2311 838 2358 autem
876 2304 1038 2372 coepit
1086 2304 1223 2358 intra
1277 2318 1336 2359 se
1387 2314 1635 2372 reputans
1691 2306 1889 2375 dicere,

311 2408 484 2463 quare
520 2409 624 2449 non
656 2394 950 2463 baptizatus
987 2404 1133 2451 esset
1177 2384 1313 2450 ante
1352 2398 1667 2465 prandium?
1715 2400 1779 2452 Et
1814 2400 1894 2453 ait

313 2484 580 2540 Dominus
607 2486 674 2541 ad
708 2486 857 2554 illum
888 2487 1074 2543 :Nunc
1110 2503 1206 2543 vos
1238 2489 1491 2544 Pharisaei
1522 2491 1660 2558 quod
1698 2490 1895 2548 deforis

311 2587 403 2631 at
423 2577 604 2632 calicis
622 2588 677 2633 et
705 2579 916 2648 patinas,
945 2581 1231 2648 mundatis,
1260 2581 1402 2651 quod
1427 2592 1600 2637 autem
1633 2583 1775 2638 intus
1813 2594 1896 2639 est

313 2677 581 2739 vestrum,
631 2672 844 2740 plenum
894 2681 976 2726 est
1020 2672 1201 2743 rapina
1234 2672 1312 2728 ’et
1354 2673 1651 2743 iniquitate.
1710 2674 1892 2744 Stulti,

311 2775 502 2814 nonne
525 2763 613 2831 qui
642 2764 764 2818 Iecit
792 2764 934 2833 quod
960 2764 1165 2819 deforis
1188 2776 1291 2831 est,
1324 2768 1481 2820 etiam
1513 2766 1563 2822 id
1592 2769 1731 2837 quod
1754 2768 1892 2825 dein-
1957 2756 1961 2760 ’

308 2860 410 2906 tus
461 2864 578 2916 est,
615 2852 781 2907 fecit?
834 2854 1210 2910 Verumtamen
1258 2856 1399 2924 quod
1447 2868 1722 2927 superest,
1771 2860 1896 2918 dato

304 2940 717 3019 deemosynam
752 2958 766 2996 :
796 2952 850 2998 et
878 2958 1004 2999 ecce
1029 2945 1206 2999 omnia
1238 2947 1433 3000 munda
1464 2957 1587 3002 sunt
1612 2951 1785 3005 vobis.

829 3053 1055 3111 CAPUT
1094 3056 1373 3114 LXXXIV.

310 3140 405 3196 De
430 3142 713 3231 Apostolis,
745 3160 902 3213 quare
946 3163 1046 3201 non
1077 3150 1192 3203 lotis
1240 3153 1467 3243 munibus
1503 3157 1889 3213 mandttcarenl.
1920 3180 1966 3242 ρ

396 3252 609 3310 Μιττιῐ.
664 3271 753 3321 xv,
808 3257 962 3324 1-20;
1006 3260 1177 3315 Mane.
1230 3277 1327 3326 vrr,
1379 3263 1525 3318 1-23.
1558 3264 1921 3324 Pharisaaict’

306 3345 535 3414 quidam
564 3348 632 3402 de
662 3346 863 3411 Scribis
888 3340 1162 3407 venientes
1204 3336 1271 3407 ab
1320 3355 1721 3431 Hierosolymis,
1769 3375 1893 3417 cum

308 3433 579 3491 vidissent
604 3438 859 3506 quosdam
890 3454 953 3495 ex
993 3441 1267 3510 discipulis
1326 3443 1473 3514 ejus,
1524 3450 1895 3505 communibus

312 3523 588 3591 manibus,
602 3526 654 3580 id
680 3535 760 3581 est
790 3543 892 3583 non
919 3529 1060 3598 lotis,
1077 3535 1396 3589 manducare
1420 3551 1603 3603 partes,
1629 3540 1893 3609 vitupera-

311 3627 532 3679 verunt,
561 3617 797 3674 dicentes
828 3637 840 3671 :
872 3618 1044 3688 Quare
1065 3623 1305 3691 discipuli
1332 3626 1403 3681 tui
1436 3615 1893 3699 transgrediuntur

311 3707 634 3763 tr.td.tiones
671 3712 976 3766 seniorum?
1002 3713 1115 3769 Non
1146 3716 1286 3771 enim
1320 3717 1496 3773 lavant
1530 3737 1720 3777 manus
1768 3739 1889 3780 curn

310 3812 510 3865 partem
543 3800 885 3860 manducant.
920 3802 1033 3871 Ipse
1054 3814 1229 3859 autem
1261 3808 1607 3878 respondens,
1640 3814 1712 3867 ait
1734 3813 1835 3868 illis
1872 3833 1885 3869 :

309 3891 496 3954 Quare
519 3899 572 3945 et
598 3904 694 3945 vos
719 3895 1144 3963 transgredimini
1174 3900 1478 3954 mandatum
1512 3900 1641 3967 Dei,
1675 3918 1892 3975 propter

313 3979 662 4039 traditionem
691 3985 956 4038 vestram?
994 3982 1123 4040 Nam
1159 3987 1297 4043 Deus
1335 3990 1465 4045 dixit
1495 4008 1508 4045 :
1547 3990 1767 4049 llonora‘
1799 4011 1890 4065 pa-

311 4084 458 4127 trem
487 4085 540 4127 et
568 4084 790 4129 matrem
823 4075 1015 4147 (Exod.
1041 4095 1132 4144 xx,
1165 4079 1261 4147 1%;
1294 4081 1441 4135 Deut.
1476 4099 1527 4150 v,
1555 4085 1679 4155 16);
1711 4097 1765 4141 et
1791 4089 1888 4153 Qui

313 4163 651 4222 malcdixerit
692 4169 837 4235 patri
862 4170 944 4223 vel
977 4173 1171 4239 matri,
1204 4184 1376 4229 morte
1407 4169 1663 4233 moriatur
1691 4178 1885 4252 (Exod.

309 4270 429 4319 xxi,
458 4258 541 4323 l7;
586 4258 705 4312 Leo.
733 4276 823 4327 xx,
853 4260 966 4330 20).
1003 4262 1107 4317 Vos
1129 4275 1306 4320 autem
1337 4266 1512 4321 dicitis
1540 4286 1551 4321 :
1579 4264 1890 4343 Quicunque

308 4346 511 4401 dixerit
526 4349 659 4416 patri
678 4350 758 4405 vel
785 4355 962 4417 matri,
984 4352 1173 4409 Munus
1194 4357 1549 4430 quodcunque
1582 4371 1669 4418 est
1698 4379 1761 4420 ex
1780 4382 1882 4430 me,

308 4436 410 4492 tibi
445 4439 679 4506 proderit
710 4460 723 4494 :
756 4453 808 4497 et
849 4459 954 4498 non
995 4445 1370 4503 honoriﬁcavit
1401 4461 1603 4519 patrem
1640 4469 1793 4511 suum
1834 4469 1887 4513 et

1986 542 2284 597 hominum.
2319 543 2695 613 Relinquentes
2720 544 2861 597 enim
2897 546 3201 602 mandatum
3235 550 3349 615 Dei,
3373 563 3514 606 tenet
3539 571 3565 609 s

1986 634 2322 689 trarLtionem
2368 636 2663 688 hominum.
2715 637 2776 689 lxt
2818 641 3121 692 convocatis
3160 643 3223 694 ad
3270 658 3329 698 se
3358 649 3561 716 turbis,
3618 682 3637 705 τι

1988 723 2121 781 dixit
2152 726 2231 779 eis
2259 742 2270 776 :
2304 726 2499 780 Audito
2528 737 2581 781 et
2619 727 2897 796 intelligite
2929 746 2941 781 :
2975 729 3086 783 Non
3118 733 3256 799 quod
3303 734 3464 789 intrat
3509 740 3561 792 itt

1986 827 2047 866 os
2079 814 2386 884 toinqttinat
2416 816 2706 871 hominem.
2757 817 2905 871 Tunc
2950 820 3267 877 accedentes
3316 826 3577 894 discipuli-

1986 904 2123 973 ejus,
2157 905 2407 960 dixerunt
2442 906 2490 961 ei
2521 924 2535 961 :
2568 907 2681 960 Scis
2704 909 2822 976 quia
2870 910 3147 976 Pharisaei,
3180 914 3360 969 audito
3398 918 3561 972 verbo

1989 996 2109 1061 hoc,
2146 999 2489 1053 scandalizati
2521 1001 2686 1054 sunt?
2713 1002 2776 1055 At
2809 1002 2897 1055 ille
2930 1006 3279 1073 respondens,
3308 1010 3418 1065 ait:
3443 1012 3569 1066 Orn-

1989 1089 2071 1141 nis
2090 1088 2346 1155 plantatiu
2368 1105 2523 1157 quam
2551 1107 2653 1145 non
2681 1092 2931 1160 plantavit
2959 1095 3114 1150 Pater
3136 1112 3285 1153 meus
3308 1102 3572 1168 cmlestis,

1988 1177 2368 1231 eradicabitur.
2402 1180 2573 1234 Sinite
2605 1180 2723 1235 illos
2753 1198 2765 1234 :
2795 1183 2923 1236 cruci
2954 1195 3099 1251 sunt,
3126 1199 3178 1240 et
3207 1190 3368 1245 duces
3396 1207 3574 1247 creen-

1990 1284 2108 1324 rum
2143 1284 2356 1325 :c:ecus
2397 1282 2573 1328 autem
2612 1274 2657 1327 si
2689 1288 2832 1328 caeco
2867 1276 3117 1331 ducatum
3151 1296 3240 1348 ρι’-ο
3262 1281 3380 1349 bet,
3412 1288 3571 1340 ambo

1990 1358 2044 1413 in
2094 1361 2299 1416 foveam
2342 1364 2560 1418 cadunt.
2613 1364 2822 1420 Etcum
2872 1368 3144 1425 introisset
3189 1372 3240 1425 in
3289 1374 3504 1430 domum
3537 1393 3568 1431 a

1991 1453 2163 1517 turba,
2195 1445 2420 1523 rogabat
2444 1470 2567 1508 eum
2601 1456 2792 1511 Petrus
2822 1475 2835 1511 :
2872 1459 3119 1515 Edissere
3151 1462 3305 1517 nobis
3337 1468 3568 1533 parabo-

1991 1544 2093 1600 Iam
2124 1549 2297 1602 istam.
2336 1551 2403 1602 At
2433 1549 2520 1603 ille
2545 1550 2680 1604 dixit
2709 1569 2720 1603 :
2752 1551 2943 1607 Adhuc
2968 1564 3019 1607 et
3042 1570 3134 1609 vos
3151 1558 3267 1611 sine
3294 1558 3569 1616 intellectu

1990 1640 2120 1693 esus
2139 1639 2159 1692 i
2181 1640 2623 1712 Non,intelligitis
2646 1645 2765 1712 quia
2790 1660 2948 1699 onme
2977 1647 3115 1716 quod
3146 1649 3199 1701 in
3227 1664 3286 1703 os
3311 1650 3491 1717 intrat,
3514 1656 3566 1709 in

1995 1742 2241 1787 ventrem
2267 1734 2418 1787 'vadit
2438 1746 2490 1788 et
2513 1736 2563 1788 itt
2594 1748 2864 1791 secessum
2912 1740 3208 1794 emittitur?
3233 1743 3363 1809 Quae
3388 1756 3567 1802 autent

1928 1810 1973 1871 Β
2002 1822 2298 1891 procedunt
2335 1827 2403 1879 de
2428 1840 2557 1892 ore,
2598 1827 2665 1882 de
2700 1827 2862 1882 corde
2893 1840 3120 1895 exeunt,
3152 1842 3207 1887 et
3234 1850 3296 1887 ea
3328 1837 3571 1907 coinqui-

1994 1923 2123 1967 nant
2159 1915 2454 1970 hominem.
2489 1916 2563 1972 De
2602 1917 2764 1972 corde
2793 1920 2936 1972 enim
2976 1932 3182 1975 exeunt
3224 1926 3573 1994 cogitationes

1996 2005 2170 2071 malas,
2196 2007 2500 2073 homicidia,
2526 2008 2809 2075 adulteria,
2836 2010 3234 2081 fornicationes,
3262 2016 3422 2083 ittrta,
3440 2019 3573 2074 falsa

1995 2096 2301 2152 testimonia
2320 2138 2336 2163 ,
2362 2100 2583 2153 avaritia
2602 2102 2902 2169 ,mequitia:
2922 2142 2937 2165 ,
2971 2102 3125 2158 dolus
3144 2143 3161 2170 ,
3198 2105 3571 2175 impudicitiae,

1993 2193 2180 2241 oculus
2209 2188 2382 2243 malus
2402 2231 2417 2256 ,
2450 2190 2826 2258 blasphemire,
2858 2194 3105 2261 supertia
3131 2234 3143 2258 ε
3171 2198 3416 2253 stultitia.
3450 2200 3573 2256 Ilaec

1994 2289 2116 2332 sunt
2144 2295 2264 2348 qua
2290 2281 2636 2350 coinquinant
2661 2283 2949 2338 hominem.
2984 2284 3097 2337 Non
3120 2286 3241 2339 lotis
3265 2298 3441 2343 autem
3460 2305 3574 2344 ma-

1994 2370 2149 2425 nibus
2178 2371 2517 2436 manducare,
2550 2388 2654 2425 non
2680 2374 2993 2441 coinquinat
3022 2375 3320 2432 hominem.

2527 2483 2751 2541 CAPUT
2797 2485 3056 2543 LXXXV.

1997 2573 2075 2627 De
2102 2575 2314 2629 muliere
2351 2575 2743 2647 Symp/tostrina
2762 2618 2776 2642 ,
2804 2593 2920 2647 qua
2948 2595 3040 2650 pro
3068 2580 3179 2649 [ilia
3208 2596 3301 2634 sua
3348 2584 3566 2652 petebat.

2062 2690 2275 2745 Ilum.
2336 2707 2423 2758 xv,
2470 2691 2674 2757 Eii-‘28;
2729 2692 2901 2748 hinc.
2959 2709 3067 2757 vn,
3105 2694 3290 2752 24-30.
3339 2697 3400 2751 Et
3450 2694 3573 2755 inde

1993 2794 2239 2851 surgens,
2270 2782 2399 2835 abiit
2435 2786 2486 2836 ln
2518 2781 2651 2837 iines
2682 2782 2807 2853 Tyri
2836 2792 2891 2839 et
2922 2785 3158 2841 Sidonis.
3196 2787 3257 2841 Et
3300 2803 3425 2842 ecct-
3456 2806 3571 2844 mu-

1995 2870 2093 2925 lier
2120 2868 2416 2937 Chananrna
2446 2873 2675 2943 gentilis,
2694 2873 3105 2944 Syrophtenissa
3133 2880 3567 2953 genere,clama-

1994 2962 2069 3015 vit
2092 2961 2276 3017 dicens
2309 2981 2321 3015 :
2358 2963 2612 3020 Miserere
2657 2965 2792 3031 mei,
2825 2964 3079 3033 Domine,
3116 2967 3183 3020 illi
3226 2968 3385 3023 David
3420 2987 3431 3022 :
3465 2970 3591 3031 tilia.

1994 3067 2109 3108 mea
2138 3054 2274 3110 male
2302 3070 2332 3110 a
2361 3054 2625 3111 dzemonio
2652 3067 2891 3112 vexatur.
2923 3056 3077 3113 Jesus
3108 3069 3283 3113 autem
3327 3077 3432 3115 non
3484 3078 3572 3117 re-

1996 3145 2215 3215 spondit
2242 3147 2289 3201 ei
2317 3148 2556 3201 verbum.
2599 3147 2665 3202 Et
2694 3150 3008 3225 accedentes
3055 3150 3119 3204 ad
3162 3166 3281 3204 cum
3328 3151 3570 3221 discipuli

2000 3235 2116 3305 ejus
2144 3237 2397 3305 rogabant
2427 3254 2566 3303 eum,
2589 3238 2825 3293 dicentes
2850 3254 2863 3291 :
2891 3238 3104 3295 Dimitte
3135 3255 3276 3309 eam,
3304 3243 3424 3309 quia
3457 3243 3571 3297 cIa-

1995 3334 2105 3379 mat
2133 3335 2250 3394 post
2280 3340 2396 3380 nos.
2429 3326 2546 3395 Ipse
2576 3335 2753 3381 autem
2792 3328 3122 3397 respondeas
3147 3330 3219 3383 ait
3255 3350 3266 3383 :
3302 3329 3416 3385 Non
3448 3345 3565 3387 sum

1996 3415 2225 3478 missus.
2255 3416 2354 3473 nisi
2388 3417 2452 3471 ad
2484 3431 2610 3472 oves
2636 3432 2755 3487 qua:
2784 3418 3055 3487 perierunt
3080 3417 3270 3475 domus
3300 3421 3479 3476 Israel.
3504 3425 3567 3477 At

1994 3506 2081 3560 illa
2117 3509 2289 3574 venit,
2320 3519 2372 3562 et
2405 3508 2642 3562 adoravit
2671 3522 2792 3562 eum
2814 3549 2828 3572 ,
2858 3508 3043 3563 dicens
3074 3525 3089 3561 :
3120 3508 3569 3581 Domine,adjuva

1994 3612 2100 3651 me.
2130 3596 2234 3665 Qui
2257 3598 2392 3653 dixit
2423 3599 2496 3653 illi
2530 3616 2544 3653 :
2574 3598 2702 3654 Sine
2729 3598 2871 3667 prius
2899 3600 3125 3653 saturari
3149 3599 3285 3653 iilios
3313 3618 3325 3652 :
3358 3616 3461 3655 non
3489 3610 3580 3656 est

1994 3688 2136 3743 enim
2168 3689 2362 3743 bonum
2394 3705 2607 3745 sumere
2634 3704 2826 3759 panem
2867 3689 3095 3743 illinrum
3139 3701 3190 3745 et
3231 3691 3445 3745 mittere
3479 3705 3571 3746 ca-

1994 3782 2166 3835 nibus.
2202 3784 2269 3835 At
2301 3782 2384 3834 illa
2415 3781 2549 3836 dixit
2581 3798 2594 3833 :
2624 3781 2828 3847 Etiam,
2861 3780 3083 3835 Domine
3113 3796 3127 3834 :
3158 3796 3277 3834 nam
3305 3791 3359 3835 et
3391 3782 3570 3835 catelli

1993 3873 2153 3928 edunt
2200 3872 2267 3925 de
2302 3871 2452 3925 micis
2505 3886 2622 3941 quae
2669 3871 2866 3925 cadunt
2904 3870 2972 3926 de
3009 3885 3192 3925 mensa
3236 3871 3570 3927 dominorum

1992 3955 2233 4017 auorum.
2264 3963 2413 4015 Tunc
2441 3960 2954 4029 respoudensdesus
2975 3999 2989 4025 ,
3021 3960 3096 4014 ait
3126 3960 3200 4015 illi
3235 3978 3247 4013 ε
3283 3960 3329 4015 Ο
3357 3963 3569 4028 mulier,

1993 4065 2184 4120 magna
2213 4062 2291 4104 est
2323 4051 2454 4105 fides
2486 4061 2573 4103 trra
2608 4067 2620 4102 :
2648 4049 2737 4104 iiat
2762 4049 2857 4104 tibi
2886 4050 3024 4104 sicut
3054 4050 3150 4104 vis.
3182 4050 3247 4105 Et
3275 4060 3459 4105 sanata
3489 4063 3571 4107 est

1995 4142 2097 4196 lilia
2125 4140 2261 4195 illius
2288 4142 2464 4195 ex-illa
2495 4140 2644 4195 hora.

2500 4250 2725 4309 CAPUT
2765 4250 3047 4308 LXXXVI.

2313 4340 2461 4396 Iesus
2488 4343 2697 4396 surdum
2728 4354 2775 4396 et
2804 4353 3006 4395 mutum
3031 4342 3244 4396 curavit.

2063 4458 2325 4515 Manc..vn
2345 4497 2359 4521 ,
2384 4453 2574 4512 51:37.
2603 4456 2665 4509 Et
2693 4456 2882 4510 iterum
2906 4456 3089 4510 exiens
3108 4455 3172 4511 de
3197 4456 3387 4515 finibus
3408 4457 3533 4526 Tyri
3554 4498 3569 4523 .

307 4540 538 4585 matrem
570 4547 582 4584 :
613 4544 664 4586 et
696 4533 903 4589 irritum
951 4537 1153 4593 fecistis
1202 4541 1506 4598 mandatum
1539 4544 1633 4601 Dei
1674 4558 1887 4619 propter
1912 4542 1967 4607 ι)
1995 4551 2137 4605 venit
2163 4566 2257 4621 per
2283 4549 2536 4605 Sidonem
2582 4549 2646 4601 ad
2696 4563 2841 4602 mare
2888 4546 3156 4610 Galilaere,
3204 4548 3338 4603 inter
3369 4551 3573 4605 medios

309 4623 651 4683 traditionem
676 4641 926 4686 vestram.
963 4634 1212 4690 Pharisaei
1242 4636 1384 4691 enim
1408 4648 1461 4693 et
1483 4655 1669 4697 omnes
1690 4642 1882 4713 Juda‘i,

307 4718 413 4771 nisi
446 4719 634 4775 crebro
664 4723 840 4777 lavent
870 4739 1079 4789 manus,
1119 4742 1223 4783 non
1258 4730 1609 4797 manducant,
1644 4744 1885 4795 tenentes

307 4808 625 4865 traditiones
652 4811 921 4867 seniorum
948 4831 960 4867 :
986 4827 1038 4868 et
1069 4829 1098 4869 a
1130 4817 1244 4872 foro
1271 4819 1373 4873 nisi
1403 4819 1757 4891 baptizenlur,
1779 4841 1884 4882 non

302 4901 618 4956 comedunt.
651 4901 716 4957 Et
760 4903 860 4958 alia
906 4906 1067 4959 multa
1098 4917 1221 4963 sunt
1261 4923 1377 4977 quas
1407 4912 1599 4965 tradita
1628 4924 1753 4968 sunt
1782 4917 1888 4971 iiiis

302 5008 529 5048 servare
575 4995 889 5067 baptismata
942 4999 1166 5053 calicum
1192 5040 1206 5065 ,
1250 5012 1300 5056 et
1333 5017 1644 5069 urceorum,
1676 5016 1729 5060 et
1756 5023 1889 5062 tera-

304 5093 612 5137 mentorum
638 5126 653 5150 ,
683 5095 735 5139 et
782 5087 811 5139 Ι‹
832 5099 1038 5141 ctortnn
1064 5131 1077 5151 ,
1098 5082 1164 5144 et
1192 5091 1294 5145 alia
1336 5091 1419 5146 bis
1464 5093 1659 5149 similia
1696 5097 1892 5155 iaciunt

306 5175 496 5227 multa.
530 5174 741 5231 Irritum
774 5178 974 5233 fecistis
1006 5181 1308 5237 mandatum
1339 5184 1453 5249 Dei,
1484 5202 1702 5256 propter
1733 5191 1890 5245 tradi-

307 5268 509 5321 tionem
543 5278 795 5323 vestram.
832 5270 1152 5341 Iiypoctitzn,
1186 5273 1319 5329 bene
1349 5276 1681 5346 prophetavit
1703 5279 1767 5333 de
1797 5298 1889 5333 v0-

306 5359 389 5411 bis
418 5357 601 5425 Isaias,
632 5359 816 5416 dicens
849 5379 863 5415 :
894 5363 1130 5432 Populus
1175 5363 1259 5418 hic
1307 5365 1458 5420 labiis
1505 5382 1591 5422 me
1634 5369 1881 5441 honorat,

300 5465 402 5506 cor
442 5463 619 5507 autem
651 5467 837 5507 eorum
886 5454 1040 5523 Ionge
1085 5464 1167 5510 est
1209 5469 1239 5507 a
1272 5472 1357 5510 me
1402 5456 1531 5526 (Ira.
1577 5475 1707 5512 xxix
1734 5500 1746 5519 .
1774 5461 1884 5531 I3).

381 5647 407 5674 ⁸
437 5636 491 5690 In
518 5638 638 5690 aliis
660 5636 791 5708 edit.
816 5637 997 5708 deerat
1026 5637 1285 5707 particula
1319 5653 1539 5708 negans.
1571 5637 1700 5694 Eam
1733 5640 1894 5695 resti-

303 5709 505 5762 tuimns
531 5708 681 5777 juxta
715 5706 807 5761 Gr.
837 5717 891 5777 et
921 5706 1074 5777 Vulg.
1104 5709 1219 5761 Lat.

381 5780 405 5815 δ
439 5778 561 5841 cn,
591 5776 801 5842 Ἐφφαίά
854 5776 1001 5832 Unde
1032 5776 1440 5833 rescribendum
1476 5788 1588 5833 erat
1622 5781 1894 5850 interpreti

1994 4644 2126 4697 ﬁnes
2157 4641 2504 4709 Deeapoleos.
2544 4639 2609 4694 Et
2635 4640 2905 4694 adducunt
2932 4640 2979 4693 ei
3006 4640 3224 4693 sur-.lunt
3258 4651 3309 4694 et
3340 4652 3571 4707 mutum,

1993 4743 2049 4789 et
2076 4734 2499 4802 deprecabantur
2539 4747 2661 4785 cum
2698 4740 2757 4786 ut
2796 4732 3097 4801 imponeret
3134 4732 3208 4785 illi
3241 4748 3474 4786 manum.
3512 4735 3577 4788 Et

1994 4823 2401 4893 apprehendens
2428 4839 2548 4876 eum
2579 4822 2643 4877 de
2689 4822 2838 4876 turba
2869 4837 3109 4876 seorsum
3136 4862 3150 4886 ,
3200 4821 3342 4875 misit
3379 4822 3576 4892 digitos

1994 4932 2119 4971 suos
2150 4916 2201 4970 in
2232 4914 2494 4970 auriculas
2540 4913 2696 4982 ejus,
2745 4921 2798 4965 et
2842 4926 3079 4979 expuens
3118 4911 3286 4978 tetigit
3339 4911 3573 4979 iingnam

1995 5007 2130 5076 ejus.
2165 5006 2231 5060 Et
2259 5005 2553 5073 suspiciens
2580 5004 2632 5057 in
2672 5003 2861 5057 etelum
2885 5044 2898 5066 ,
2943 5002 3235 5069 ingemuit,
3266 5010 3317 5053 et
3350 5002 3422 5053 ait
3449 5002 3518 5054 illi
3563 5020 3574 5054 :

1996 5096 2200 5167 Ephata
2226 5094 2252 5133 δ
2280 5096 2419 5165 quod
2452 5106 2563 5157 est,
2591 5092 2886 5161 adaperire.
2924 5091 2986 5143 Et
3009 5092 3185 5143 statim
3215 5102 3411 5159 aperta:
3450 5102 3582 5147 sunt

1998 5203 2153 5241 aures
2206 5186 2343 5256 ejus,
2378 5193 2432 5240 et
2459 5185 2689 5238 solutum
2722 5192 2804 5236 est
2833 5182 3097 5236 vincu'um
3125 5181 3315 5253 Iingnte
3344 5183 3488 5252 ejus.
3530 5194 3585 5238 ct

2000 5278 2315 5349 loquebatur
2345 5287 2509 5330 recte.
2549 5275 2614 5328 Et
2652 5276 2903 5344 praecepit
2937 5275 3040 5329 iliis
3076 5290 3143 5328 ne
3183 5276 3266 5329 tui
3309 5275 3571 5331 dicerent.

1996 5370 2205 5433 Quanto
2234 5375 2409 5419 autem
2438 5366 2516 5420 eis
2539 5363 2903 5434 praecipiebat,
2929 5373 3076 5419 tanto
3105 5364 3269 5434 magis
3300 5364 3414 5431 plus
3437 5380 3573 5441 prce-

2001 5456 2267 5522 dicabant,
2309 5465 2362 5509 et
2410 5470 2475 5510 eo
2520 5454 2748 5525 amplius
2796 5456 3236 5519 admirabantur,
3283 5455 3522 5510 dicentes
3559 5468 3571 5503 :

2002 5637 2116 5693 sive
2143 5636 2379 5700 librario,
2406 5634 2733 5705 Epliphatlm.
2750 5632 2931 5705 Lectio
2963 5639 3137 5685 tamen
3165 5627 3396 5698 Vulgata:
3425 5627 3570 5698 lt'plt-

2004 5712 2152 5778 plteta
2175 5704 2531 5764 tonitrmatur
2550 5721 2613 5761 ex
2646 5706 2765 5760 cod.
2798 5704 2951 5759 Cant.
