4026 6196
457 294 562 351 293$

1591 292 1908 352 vicronts
1947 295 2251 360 EPISCOI‘I
2290 274 2585 362 CAPUANI

3636 303 3747 361 ωδ

455 410 600 463 Bene
622 404 800 463 omnia
830 404 954 460 l't-cit
988 422 1000 460 :
1035 412 1086 461 et
1118 404 1311 461 Surdos
1359 403 1485 460 fecit
1521 407 1744 474 audire,
1786 417 1841 465 et
1869 420 2046 467 mutos
2078 417 2127 478 Α
2152 425 2235 473 est
2262 415 2543 472 Christus!
2577 412 2836 470 Exierunt
2861 412 2973 468 dde
2990 412 3233 482 civitate;
3260 425 3316 472 ει
3355 418 3649 476 vehiclum
3679 422 3748 479 ad

455 499 619 568 loqui.

965 609 1193 668 CAPUT
1234 611 1544 668 LXXXVII.

455 705 607 762 Iesus
637 722 791 774 super
822 715 1027 774 puteum
1058 705 1219 759 Jacob
1268 707 1477 761 mulieri
1513 706 1861 764 Samaritana:
1904 709 2047 764 locu-

1153 787 1234 831 tus
1258 785 1352 831 εει.

527 893 686 947 .Iom.
716 907 787 957 Iv,
818 890 971 946 4-43.
997 890 1288 958 Oportebat
1313 898 1488 945 autem
1521 905 1642 946 eum
1669 890 1789 945 "ire
1824 904 1920 960 per
1945 889 2046 943 Sa~

460 984 709 1037 mariatn.
736 982 888 1037 Venit
909 998 1035 1051 ergo
1060 982 1110 1035 in
1134 980 1401 1037 civitatem
1431 981 1685 1036 Samaria:
1710 995 1831 1050 qua:
1855 979 2050 1035 dicitur

461 1076 669 1145 Sycliar
702 1082 749 1137 ι,
779 1074 927 1141 juxta
963 1074 1219 1143 praedium
1259 1073 1402 1144 quod
1450 1073 1598 1128 dedit
1640 1073 1805 1129 Iacob
1850 1072 2049 1143 .loseplt

465 1172 572 1225 lilio
599 1185 696 1224 suo
726 1168 880 1239 (Gen.
916 1185 1099 1237 XLVIII,
1127 1169 1239 1241 22).
1267 1169 1397 1224 Erat
1419 1179 1595 1224 antem
1619 1169 1686 1222 ibi
1719 1168 1833 1222 fons
1862 1168 2049 1226 Iacob.

459 1262 618 1319 Jesus
668 1278 797 1332 ergo
845 1262 1115 1333 fatigatus.
1141 1278 1206 1319 ex
1242 1264 1434 1318 itinere
1459 1304 1475 1331 ,
1523 1264 1745 1320 sedebat
1775 1264 1852 1317 sic
1890 1277 2052 1331 super

463 1355 686 1411 fontem.
733 1354 875 1408 Ilora
908 1365 1084 1409 autem
1114 1364 1233 1409 erat
1259 1355 1413 1424 quasi
1458 1364 1629 1409 sexta.
1665 1354 1820 1407 Venit
1860 1354 2053 1409 mulier

464 1449 533 1502 de
574 1448 816 1503 Samaria
846 1448 1060 1502 haurire
1090 1462 1303 1516 aquam.
1340 1446 1476 1501 Dicit
1502 1447 1551 1501 ei
1580 1446 1735 1501 Jesus
1770 1464 1783 1499 :
1824 1447 1897 1501 Da
1924 1444 2054 1501 mihi

462 1541 669 1597 bbere.
706 1540 962 1609 Discipuli
1003 1539 1148 1594 enim
1190 1539 1307 1609 ejus
1332 1540 1577 1595 abierant
1608 1541 1657 1593 in
1688 1541 1956 1599 civitatem
1997 1549 2055 1595 ut

464 1631 617 1687 cibos
666 1640 929 1687 emerent.
960 1631 1094 1686 Dicit
1133 1647 1261 1701 ergo
1302 1631 1494 1687 mulier
1535 1631 1623 1685 ille
1668 1632 2002 1687 Samaritana
2037 1649 2051 1684 :

404 1755 411 1761 -
466 1724 748 1790 Quomodo
779 1735 831 1777 ιιι
859 1723 1077 1778 Iudaeus
1107 1740 1228 1777 eum
1275 1728 1378 1784 sis,
1429 1723 1616 1778 bibere
1656 1738 1685 1777 a
1731 1738 1818 1778 Ino
1856 1722 2051 1793 poscis,

465 1830 586 1883 qum
628 1831 749 1869 sum
796 1814 988 1869 mulier
1015 1814 1386 1870 Sam.:ritana?
1416 1814 1532 1868 Non
1580 1815 1723 1868 enitn
1766 1823 2058 1870 coutuntur

467 1907 640 1961 Judaei
695 1906 1061 1961 Samaritanis.
1121 1904 1418 1974 Respondit
1478 1904 1635 1961 Jcsus
1673 1917 1726 1960 et
1764 1905 1897 1960 dixit
1949 1904 2053 1961 ei:

467 1998 524 2053 Si
551 1997 719 2054 scires
747 2000 948 2052 donum
979 1997 1105 2062 Dei,
1146 2005 1203 2051 et
1242 1998 1365 2066 quis
1393 2005 1477 2053 est
1511 1998 1601 2064 qui
1633 1997 1764 2051 dicit
1804 1997 1896 2052 tibi
1936 2013 1951 2051 :
1981 1997 2054 2052 Da

469 2087 600 2146 mihi
633 2088 848 2155 bibere,
888 2098 940 2141 tu
988 2086 1211 2141 forsitan
1236 2085 1483 2157 petiisses
1512 2088 1579 2140 ab
1608 2101 1705 2151 eo,
1738 2095 1794 2142 et
1821 2086 2059 2141 dedisset

468 2180 565 2235 tibi
591 2196 785 2250 aquam
810 2180 1003 2234 vivam.
1039 2179 1179 2234 Dicit
1208 2180 1258 2235 ei
1290 2180 1485 2235 mulier
1516 2196 1530 2233 :
1577 2178 1841 2245 Domine,
1884 2195 2060 2249 neque

450 2274 524 2336 in
556 2287 663 2341 quo
687 2272 906 2326 haurias
937 2271 1125 2338 babes,
1156 2280 1210 2326 et
1235 2279 1424 2339 puteus
1453 2272 1591 2326 altus
1615 2281 1696 2327 est
1721 2286 1736 2325 :
1767 2271 1908 2326 unde
1931 2285 2060 2341 ergo

471 2365 635 2419 habes
680 2380 873 2433 aquam
919 2363 1134 2418 vivam?
1177 2363 1422 2433 Nunquid
1472 2373 1529 2419 tu
1577 2363 1751 2434 major
1802 2380 1861 2419 cs
1910 2375 2061 2431 patre

471 2473 541 2511 no
574 2466 655 2511 tro
684 2456 848 2510 Iacob
868 2497 882 2520 ,
913 2456 1001 2526 qui
1032 2455 1182 2511 dedit
1209 2456 1366 2511 nobis
1393 2465 1611 2525 puteum
1635 2496 1650 2522 ,
1680 2463 1734 2510 et
1759 2456 1873 2524 ipse
1901 2468 1966 2509 ex
1994 2469 2061 2509 eo

471 2551 628 2617 bibit,
659 2560 713 2605 et
733 2550 825 2604 lilii
846 2550 986 2619 ejus,
1018 2557 1071 2604 et
1103 2562 1292 2617 pecora
1323 2549 1478 2618 ejus?
1505 2548 1801 2619 Respondit
1825 2547 1982 2605 .lesus
2008 2558 2060 2601 et

471 2643 604 2696 dixit
631 2642 679 2697 ei
714 2659 726 2693 :
756 2640 941 2697 Omnis
963 2642 1052 2709 qui
1086 2640 1218 2695 bibit
1246 2655 1313 2695 ex
1335 2655 1468 2711 aqua
1500 2641 1619 2704 bac,
1650 2640 1793 2694 sitiet
1816 2638 2007 2694 iterum
2042 2653 2058 2693 :

472 2733 560 2803 qui
612 2743 787 2786 autem
834 2731 1032 2786 biberit
1079 2746 1144 2785 ex
1197 2745 1335 2800 aqua
1364 2746 1523 2802 quam
1556 2745 1656 2802 ego
1686 2730 1823 2785 dabo
1852 2730 1929 2794 ei,
1956 2745 2061 2783 non

471 2822 619 2877 sitiet
658 2822 709 2876 in
741 2831 996 2875 maternum
1029 2836 1043 2874 :
1074 2820 1168 2875 sed
1211 2835 1349 2891 aqua
1387 2835 1548 2890 quam
1581 2834 1681 2892 ego
1712 2819 1849 2874 dabo
1889 2818 1941 2876 ei
1973 2818 2064 2892 [iet

473 2915 528 2970 in
555 2929 623 2971 eo
653 2913 771 2969 l’ons
800 2928 951 2983 aqua:
981 2911 1222 2968 salientis
1249 2912 1301 2966 in
1333 2911 1496 2968 vitam
1526 2921 1803 2968 aeternam.
1830 2910 1969 2966 Dicit
1993 2908 2062 2967 :l'd

471 3024 593 3063 eum
621 3008 814 3063 mulier
848 3023 861 3062 :
895 3006 1140 3070 Domine,
1172 3006 1236 3060 da
1265 3005 1395 3062 mihi
1431 3008 1566 3061 hanc
1595 3020 1822 3076 aquam,
1862 3012 1919 3059 ut
1957 3019 2062 3060 non

474 3099 690 3166 sitiam,
735 3112 907 3167 neque
948 3096 1158 3151 veniam
1206 3096 1309 3151 huc
1356 3096 1591 3151 haurire.
1624 3095 1759 3150 Dicit
1785 3096 1833 3150 ei
1857 3094 2058 3151 Ictus:

476 3190 644 3258 Vade,
673 3203 806 3244 voca
834 3190 1004 3243 virum
1039 3197 1208 3254 tuum,
1238 3197 1294 3243 et
1325 3190 1442 3241 veni
1474 3187 1594 3241 huc.
1627 3186 1920 3256 Respondit
1946 3201 2063 3241 mu-

474 3285 595 3353 lier,
626 3292 680 3339 et
722 3283 900 3338 dixit:
935 3281 1052 3337 Non
1104 3281 1277 3337 habeo
1320 3282 1514 3337 virum.
1566 3279 1704 3337 Dicit
1746 3282 1794 3334 ei
1842 3279 1998 3336 Jesus
2044 3298 2057 3333 :

472 3379 619 3435 Bene
640 3376 854 3443 dixisti,
894 3375 1017 3446 quia
1049 3390 1155 3435 non
1199 3376 1369 3430 habeo
1412 3376 1582 3428 virum
1617 3375 1890 3445 :quinque
1915 3373 2059 3437 enim

470 3470 619 3528 viros
639 3449 911 3535 ‘habuisti;
943 3476 999 3524 et
1048 3481 1191 3524 nunc
1235 3482 1393 3538 quem
1443 3466 1611 3525 babes
1637 3510 1652 3535 ,
1692 3481 1799 3521 non
1828 3474 1910 3522 est
1939 3474 2061 3523 tuus

466 3568 556 3623 vir
588 3586 603 3623 :
636 3566 738 3621 hoc
765 3580 891 3622 vere
921 3564 1128 3620 dixisti.
1160 3564 1297 3619 Dicit
1325 3563 1375 3619 ei
1406 3564 1633 3619 mulier:
1669 3562 1931 3628 Domine,
1975 3562 2060 3618 vi-

470 3660 579 3719 deo
606 3658 729 3729 quia
764 3656 1022 3729 propheta
1048 3672 1109 3712 es
1138 3664 1214 3710 ιιι.
1252 3655 1440 3711 Patres
1469 3654 1637 3710 nostri
1666 3654 1719 3708 in
1749 3662 1930 3709 monte
1959 3653 2061 3709 hoc

472 3752 877 3815 adornveruut,
919 3758 974 3803 et
1022 3762 1118 3803 vos
1153 3745 1333 3801 dicitis
1375 3745 1498 3816 quia
1551 3744 1934 3815 Hierosolymis
1977 3752 2062 3800 est

473 3841 625 3899 locus
651 3840 743 3897 ubi
771 3840 997 3897 adorare
1018 3846 1229 3907 oportet
1260 3836 1442 3908 (Deut.
1470 3851 1565 3904 xII,
1634 3835 1710 3907 5).
1740 3834 1874 3891 Dicit
1893 3836 1942 3892 ei
1973 3835 2061 3891 Je-

473 3950 566 3994 sua
598 3953 613 3991 :
643 3936 834 3992 Ilulier
857 3977 873 4001 ,
922 3934 1084 3991 crede
1133 3932 1307 3999 mihi,
1340 3932 1463 4001 quia
1501 3931 1649 3988 venit
1687 3931 1815 3987 hora
1845 3931 2061 4002 quando

473 4043 653 4097 neque
674 4027 727 4082 in
756 4034 938 4081 monte
970 4025 1091 4089 hoc,
1144 4039 1319 4092 neque
1350 4023 1733 4096 Hierosolymis
1769 4023 2062 4080 adorabitis

474 4117 709 4172 Patrem.
744 4117 852 4172 Vos
898 4115 1136 4172 adoratis
1180 4115 1320 4186 quod
1363 4116 1616 4179 nescitis,
1651 4130 1749 4169 nos
1774 4114 2061 4170 adoramus

474 4212 616 4282 quod
646 4211 878 4276 scimus;
911 4209 1035 4279 quia
1061 4208 1210 4264 salus
1244 4223 1308 4263 ex
1339 4206 1541 4263 Iudaeis
1571 4215 1673 4261 est.
1708 4205 1812 4262 Sed
1843 4207 2064 4261 advenit

476 4302 631 4367 liora,
664 4311 718 4357 et
746 4314 888 4357 nunc
917 4307 1024 4364 est,
1052 4297 1265 4366 quando
1286 4297 1400 4352 veri
1423 4297 1737 4353 adoratores
1762 4296 2062 4351 adorabunt

475 4392 689 4448 Patrem
738 4391 791 4445 in
838 4389 1027 4457 spiritu
1057 4397 1113 4442 et
1153 4387 1398 4442 veritate.
1442 4388 1576 4454 Nam
1618 4395 1675 4441 et
1722 4386 1878 4440 Pater
1930 4387 2063 4442 tales

476 4485 673 4551 qumrit
697 4482 785 4551 qui
813 4480 1040 4535 adorent
1061 4493 1206 4533 eum.
1235 4477 1564 4548 Spiritusest
1582 4476 1749 4532 Deus:
1774 4485 1828 4531 et
1852 4490 1946 4531 eos
1971 4477 2059 4548 qui

477 4575 708 4628 adorant
735 4588 890 4638 eum,
924 4574 977 4626 in
1011 4571 1201 4635 spiritu
1242 4578 1297 4626 et
1325 4570 1549 4624 veritate
1573 4577 1784 4639 oportet
1812 4569 2060 4626 adorare.

479 4667 616 4722 Dicit
642 4667 688 4721 ei
719 4666 912 4722 mulier
941 4681 955 4719 :
990 4663 1115 4719 Scio
1138 4664 1261 4733 quia
1293 4662 1515 4718 Messias
1541 4663 1717 4727 venit,
1750 4662 1839 4733 qui
1869 4663 2062 4720 dicitur

473 4760 741 4817 Christus.
772 4757 903 4815 Cum
935 4771 1064 4828 ergo
1101 4756 1310 4811 venerit
1355 4756 1478 4821 ille,
1528 4756 1683 4812 nobis
1728 4756 2063 4812 annuntiabit

476 4856 674 4909 omnia.
720 4852 856 4907 Dicit
903 4852 951 4907 ei
981 4850 1139 4907 Iesus
1172 4866 1187 4905 :
1220 4848 1333 4920 Ego
1362 4862 1480 4904 sum
1524 4848 1615 4919 qui
1649 4848 1838 4917 loquor
1869 4859 2064 4905 tecum.

478 4948 541 5003 Et
570 4948 827 5001 continuo
854 4951 1121 5001 venerunt
1148 4935 1399 5011 discipuli
1425 4940 1541 5011 ejus
1573 4958 1586 4994 :
1617 4951 1669 4996 et
1702 4940 2063 5009 mirabantur,

474 5018 747 5106 quia-cum
791 5036 1015 5090 muliere
1065 5031 1401 5103 loquebatur.
1452 5031 1618 5086 Nemo
1663 5039 1841 5087 tamen
1884 5031 2060 5087 dixit:

475 5126 612 5192 Quid
642 5125 870 5194 qumris,
923 5135 1015 5179 aut
1062 5124 1188 5195 quid
1235 5123 1472 5193 loqueris
1516 5137 1636 5178 cum
1684 5122 1789 5177 ea?
1835 5122 2067 5193 Reliquit

475 5234 605 5288 ergo
636 5217 878 5288 Itydriam
910 5233 1059 5271 suam
1088 5217 1283 5272 mulier
1303 5259 1317 5283 ,
1347 5226 1400 5273 et
1433 5216 1561 5272 abiit
1603 5218 1653 5270 in
1681 5217 1981 5282 civitatem,
2014 5223 2069 5271 et

475 5311 606 5366 dicit
649 5310 755 5365 illis
808 5308 1114 5364 hominibus
1156 5328 1169 5362 :
1205 5311 1423 5376 Venite,
1471 5321 1525 5368 et
1575 5310 1750 5366 videte
1798 5310 2066 5365 hominem

476 5405 566 5475 qui
597 5403 734 5459 dixit
764 5401 894 5457 mihi
939 5402 1117 5456 omnia
1150 5418 1478 5472 qumcunque
1509 5403 1605 5459 ieci
1641 5421 1654 5455 :
1690 5403 1926 5473 nunquid
1958 5403 2072 5472 ipse

553 5598 576 5625 ι
603 5588 762 5643 Juxta
788 5585 1017 5639 litteram
1051 5589 1248 5644 textus,
1282 5580 1483 5653 Συχάρ.
1544 5649 1555 5653 Α
1771 5618 1779 5625 .
1855 5625 1859 5629 .

549 5657 577 5696 ι’
608 5658 734 5713 Post
760 5655 1101 5710 dest‘ettdisset
1132 5652 1329 5706 omittit
1351 5646 1404 5702 iit
1430 5646 1679 5720 piscinam
1704 5665 1723 5703 :
1755 5663 1872 5717 qum
1898 5646 2061 5701 habet

478 5729 689 5795 Vulgat.
724 5737 777 5781 et
805 5730 1029 5781 Armen.
1058 5722 1281 5795 lta,Gr.,
1313 5722 1473 5795 ἐμϐὰς
1503 5723 1635 5795 psset
1652 5727 1739 5779 τὴν
1767 5723 2026 5795 ταραχήν.

556 5790 700 5850 (Sic
738 5806 791 5848 et
839 5796 890 5847 in
922 5810 1070 5866 seqq.
1125 5794 1218 5849 Gr.
1267 5790 1437 5863 \'ttlg.,
1470 5790 1783 5865 κρἀϐϐατον.
1815 5790 1969 5845 Alex.
2012 5797 2068 5843 et

478 5866 660 5929 CanL.
694 5867 992 5941 κράϐαττον.

2144 504 2294 567 eum.
2327 508 2731 580 lnterrogabattt
2769 516 2951 562 autem
2994 523 3116 562 eum
3154 509 3429 581 discipuli,
3454 511 3700 581 dicentes
3732 533 3746 569 ε

2152 603 2356 669 Ιὶθὺὺί,
2401 601 2685 658 manduca.
2728 598 2821 655 Ille
2850 610 3028 654 autem
3080 602 3219 656 deit
3242 603 3321 658 eis
3360 619 3376 658 :
3420 604 3528 675 Ego
3570 605 3749 662 cibum

2154 693 2327 751 habeo
2357 693 2682 749 manducare
2706 733 2721 753 ,
2747 706 2906 763 quem
2943 708 3038 747 vos
3070 695 3311 748 nescitis.
3337 695 3599 752 Dicebant
3621 713 3757 769 ergo

2149 783 2395 853 discipuli
2423 782 2490 838 ad
2520 782 2747 838 invicem
2775 799 2788 834 :
2814 781 3065 852 Nunquid
3092 783 3290 852 aliquis
3315 786 3493 840 attulit
3523 802 3573 842 et
3602 804 3754 845 man-

2151 873 2379 931 ducare?
2411 872 2544 926 Dicit
2574 872 2653 927 eis
2681 870 2838 927 Jcsus
2871 889 2885 926 :
2923 872 3074 926 Mens
3109 874 3264 927 cibus
3309 884 3391 930 est
3416 918 3431 943 ,
3469 886 3527 930 ut
3557 876 3753 933 faciam

2151 967 2476 1022 voluntatem
2499 965 2614 1035 ejus
2640 965 2732 1035 qui
2760 963 2905 1019 misit
2934 979 3045 1030 me,
3074 974 3133 1021 ut
3160 967 3434 1037 perﬁciam
3457 984 3595 1040 Opus
3611 974 3753 1042 ejus.

2152 1058 2337 1114 Nonne
2364 1070 2461 1111 vos
2492 1056 2698 1120 dicitis,
2726 1055 2866 1125 quod
2898 1056 3075 1110 adhuc
3103 1065 3331 1126 quatuor
3361 1074 3576 1116 menses
3605 1072 3755 1128 sunt,

2152 1162 2208 1207 et
2258 1148 2447 1207 messis
2494 1147 2669 1203 venit?
2711 1146 2852 1202 Ecce
2885 1144 3007 1205 diCU
3057 1146 3211 1201 vobis
3251 1164 3265 1201 :
3318 1132 3519 1204 Levate
3566 1150 3757 1211 oculos

2156 1251 2367 1298 vestros
2389 1282 2404 1307 ,
2436 1247 2493 1295 et
2515 1238 2693 1294 vidi-te
2722 1238 2999 1311 regiones,
3038 1237 3160 1308 quia
3202 1238 3340 1294 albae
3372 1250 3497 1295 sunt
3529 1241 3645 1311 jam
3688 1244 3757 1298 ad

2156 1347 2406 1389 messem.
2443 1332 2510 1386 Et
2537 1332 2627 1403 qui
2659 1330 2834 1397 metit,
2865 1333 3172 1387 mercedem
3203 1334 3419 1403 accipit,
3448 1346 3500 1391 et
3528 1350 3756 1406 congre-

2155 1435 2243 1497 gat
2276 1424 2505 1480 fructum
2547 1424 2599 1479 in
2645 1424 2808 1479 vitam
2838 1435 3096 1481 aeternam
3134 1432 3240 1481 :’ut
3282 1439 3335 1481 et
3381 1430 3470 1498 qui
3524 1432 3761 1487 seminat

2157 1518 2317 1573 simul
2346 1516 2595 1587 gaudeat,
2626 1525 2682 1572 ct
2711 1520 2799 1583 qui
2831 1520 3002 1575 metit.
3036 1517 3089 1571 In
3120 1518 3221 1574 hoc
3247 1520 3391 1575 enim
3423 1516 3506 1577 est
3532 1523 3757 1579 verbum

2159 1623 2344 1664 verum
2371 1650 2386 1675 ,
2420 1608 2545 1677 quia
2574 1608 2710 1663 alius
2741 1616 2823 1664 est
2867 1611 2958 1678 qui
2987 1610 3256 1675 seminat,
3287 1620 3344 1666 et
3372 1613 3514 1668 alius
3553 1624 3640 1670 est
3665 1619 3758 1685 qui

2159 1700 2332 1754 metit.
2368 1699 2479 1770 Ego
2518 1699 2638 1754 ιιιὶ›ἰ
2668 1713 2764 1753 vos
2788 1708 3028 1765 metere,
3057 1701 3198 1769 quod
3230 1717 3324 1757 vos
3372 1719 3481 1758 non
3518 1704 3762 1765 laboras-

2087 1789 2134 1850 B
2162 1791 2230 1846 tis
2264 1809 2277 1845 :
2307 1791 2396 1845 alii
2440 1792 2850 1857 laboraverunt,
2878 1800 2935 1846 et
2961 1806 3057 1846 vos
3087 1792 3140 1846 in
3182 1794 3397 1849 labores
3437 1810 3627 1851 eorum
3678 1798 3763 1852 in-

2157 1885 2382 1940 troistis.
2430 1883 2505 1938 Ex
2533 1884 2751 1938 civitate
2787 1894 2967 1938 autem
3006 1882 3091 1938 illa
3124 1884 3277 1941 multi
3327 1886 3671 1942 crediderunt
3706 1890 3759 1942 in

2158 1994 2297 2033 euur
2315 1978 2798 2043 Samaritanorum,
2832 1986 3051 2047 propter
3079 1980 3303 2037 verbum
3332 1980 3576 2035 mulieris
3607 1984 3760 2037 testi-

2158 2071 2399 2141 monium
2441 2071 2774 2141 perltibeutis
2807 2087 2820 2124 :
2853 2070 2986 2147 Quia
3036 2071 3175 2127 dixit
3209 2072 3341 2127 mihi
3384 2073 3565 2128 omnia
3606 2090 3760 2144 qua:-

2158 2175 2368 2232 cunque
2397 2162 2521 2217 l'eci.
2554 2163 2795 2228 Cumque
2823 2165 3097 2219 venissent
3124 2162 3190 2221 ad
3224 2164 3374 2219 illum
3408 2164 3759 2230 Samaritani,

2159 2265 2480 2327 rogaverunt
2507 2270 2629 2310 cum
2681 2264 2740 2310 ut
2788 2254 2861 2309 ibi
2888 2266 3149 2314 maneret.
3184 2258 3249 2311 Et
3277 2259 3476 2314 mansit
3505 2259 3581 2313 ibi
3620 2261 3760 2314 duos

2160 2346 2294 2402 dies.
2319 2346 2386 2401 Et
2417 2347 2584 2402 multo
2614 2346 2793 2415 plures
2818 2346 3167 2402 crediderunt
3197 2360 3418 2418 prepter
3448 2364 3759 2405 sermonem

2161 2437 2301 2506 ejus.
2328 2438 2393 2492 Et
2414 2438 2623 2492 mulieri
2648 2437 2931 2493 dicebant:
2960 2438 3095 2506 Quia
3106 2438 3222 2509 jam
3239 2456 3343 2495 non
3370 2450 3591 2513 propter
3614 2452 3761 2496 tuam

2162 2531 2429 2599 loquelam
2455 2532 2726 2586 credimus
2752 2549 2766 2585 :
2795 2529 2895 2599 ipsi
2917 2530 3061 2586 enim
3094 2514 3427 2601 audi'vimus,
3456 2544 3511 2591 et
3534 2534 3765 2590 scimus.

2161 2628 2288 2698 quia
2322 2641 2449 2683 vere
2478 2626 2564 2682 hic
2589 2640 2673 2683 eet
2695 2625 2945 2682 Salvntor
2975 2626 3185 2683 mundi.

2650 2760 2881 2818 CAPUT
2919 2760 3256 2817 LXXXVIII.

2161 2854 2317 2910 Iesus
2348 2852 2723 2930 Hierosolymis
2769 2852 3035 2930 iit/irinum
3062 2854 3300 2919 curavit,
3344 2852 3433 2930 qui
3463 2852 3759 2930 triginta_et

2235 2936 2350 2979 octo
2387 2926 2539 2979 annis
2560 2924 2733 2993 jasuit
2761 2925 2814 2976 in
2841 2925 3141 2988 inﬁrmrtaw
3170 2938 3190 2976 :
3218 2935 3267 2977 et
3295 2924 3459 2977 multa
3503 2939 3619 2978 sunt
3657 2925 3764 2978 Jut—

2239 2995 2366 3050 dazt's
2394 2995 2507 3067 ejus
2537 2996 2802 3049 occasione
2833 2994 3130 3065 diputuvit.

2116 3153 2132 3176 ,
2236 3108 2392 3164 Joas.
2434 3122 2494 3185 νι
2524 3108 2677 3164 Ι-ΓΙ.
2709 3106 2956 3163 Postbacc
2994 3115 3116 3163 erat
3173 3107 3293 3165 dies
3339 3108 3507 3165 festus
3545 3109 3761 3165 inda-o-

2166 3217 2287 3256 rum
2315 3244 2331 3268 ,
2362 3210 2419 3256 et
2451 3200 2697 3257 ascendit
2742 3199 2899 3255 Jesus
2944 3198 3393 3269 Hierosolymam.
3446 3200 3543 3258 Est
3579 3213 3761 3257 autem

2172 3292 2563 3364 Hierosolymis
2612 3291 2895 3347 Probatica
2947 3291 3153 3361 piscina
3184 3307 3304 3361 qua:
3351 3294 3763 3364 cognominatur

2167 3384 2432 3441 Iiebraice
2459 3424 2475 3449 ,
2519 3381 2806 3439 Bethsaida
2828 3422 2845 3450 ,
2876 3382 3113 3454 quinque
3148 3383 3386 3451 porticus
3427 3381 3655 3439 habens.
3703 3382 3762 3440 In

2167 3476 2251 3532 bis
2269 3475 2488 3547 jacebat
2515 3474 2799 3530 multitudo
2823 3488 3013 3545 magna
3043 3473 3436 3545 languentium,
3460 3490 3759 3545 caecorum,

2164 3568 2507 3633 claudorum,
2538 3565 2839 3632 aridorum,
2884 3565 3319 3635 exspectantium
3346 3580 3500 3635 aqua:
3528 3577 3757 3622 motum.

2166 3660 2404 3733 Angelus
2432 3670 2612 3714 autem
2646 3656 2857 3713 Domini
2897 3656 3194 3714 secundum
3225 3665 3436 3728 tempus
3462 3657 3763 3713 descende-

2167 3754 2252 3809 bat
2287 3753 2341 3807 in
2372 3751 2658 3822 piscinam,
2688 3758 2744 3805 et
2788 3747 3107 3804 movebatur
3152 3763 3310 3819 aqua.
3362 3748 3428 3804 Et
3464 3750 3555 3822 qui
3610 3750 3764 3819 prior

2168 3841 2544 3899 descendisset
2574 3848 2695 3912 post
2726 3840 3018 3896 motionem
3063 3854 3215 3908 aqua:
3248 3837 3298 3906 ι’,
3329 3854 3493 3893 sinus
3537 3838 3702 3895 llebat
3730 3854 3761 3894 a

2168 3947 2491 4005 quocunque
2522 3933 2783 4005 languore
2815 3932 3118 3988 tenebatur.
3152 3929 3285 3989 Erat
3327 3938 3506 3985 autem
3536 3932 3760 4000 quidam

2172 4031 2334 4082 homo
2366 4025 2439 4081 ibi
2465 4065 2482 4091 ,
2528 4024 2742 4094 triginta
2775 4032 2832 4078 et
2857 4032 2979 4077 octo
3007 4035 3178 4077 annos
3207 4020 3410 4076 habens
3441 4021 3493 4075 in
3532 4019 3763 4075 inﬁrmi-

2167 4128 2277 4176 tate
2304 4131 2423 4175 sua.
2454 4117 2604 4171 llunc
2625 4130 2746 4169 cum
2777 4114 2998 4169 vidisset
3033 4112 3191 4169 Iesus
3215 4111 3488 4183 jacentem
3511 4152 3529 4179 ,
3573 4120 3633 4167 et
3666 4127 3764 4167 co-

2167 4211 2445 4285 gnovisset
2485 4210 2607 4281 quia
2634 4208 2745 4279 jam
2778 4206 3003 4262 multum
3056 4214 3268 4275 tempus
3313 4205 3580 4274 haberet,
3626 4205 3762 4261 dicit

2169 4308 2217 4363 ei
2254 4323 2271 4362 :
2304 4305 2395 4363 Vis
2436 4317 2601 4360 sanus
2652 4302 2810 4361 ﬁeri?
2843 4301 3141 4374 Respondit
3181 4300 3234 4357 ei
3281 4299 3608 4372 languidus:
3655 4302 3763 4357 Do-

2176 4400 2361 4466 mine,
2411 4396 2687 4455 hominem
2728 4410 2835 4453 non
2868 4394 3042 4450 habeo
3085 4402 3145 4451 ut
3185 4409 3306 4450 cum
3340 4394 3553 4448 turbata
3601 4392 3765 4451 fuerit

2170 4506 2307 4564 aqua
2354 4490 2535 4546 mittat
2566 4501 2654 4544 mo
2685 4487 2736 4543 in
2769 4485 3029 4556 piscinam
3061 4503 3078 4553 ;
3119 4485 3249 4541 dum
3273 4485 3433 4541 venio
3458 4487 3605 4541 enim
3634 4500 3758 4556 ego,

2170 4582 2309 4637 alius
2353 4589 2479 4635 ante
2528 4594 2615 4633 me
2664 4575 2965 4631 descendit.
3003 4576 3141 4631 Dicit
3175 4575 3227 4631 ei
3267 4576 3425 4631 .lcsus
3477 4592 3491 4629 :
3549 4576 3759 4647 Surge,

2171 4672 2297 4727 tolle
2322 4672 2599 4745 grabatum
2632 4681 2653 4709 ε
2689 4680 2861 4735 ιιιιιιιι,
2893 4680 2947 4726 et
2986 4670 3222 4727 ambula.
3278 4670 3346 4724 Et
3390 4670 3573 4725 statim
3596 4684 3761 4727 sanus

2171 4762 2343 4817 factus
2392 4771 2476 4817 e~t
2519 4760 2729 4815 homo:
2774 4770 2829 4815 et
2874 4760 3089 4815 sustulit
3139 4760 3420 4830 grabatum
3465 4776 3658 4829 suum,
3708 4772 3763 4817 et

2172 4852 2501 4907 ambulabat.
2526 4850 2656 4905 Erat
2675 4859 2854 4904 autem
2876 4849 3154 4904 sabbatum
3184 4850 3237 4907 in
3262 4850 3354 4905 illo
3375 4851 3481 4907 die.
3499 4851 3761 4907 Dicebant

2174 4940 2346 4996 Juda'i
2375 4938 2399 4977 ά
2438 4939 2516 4994 illi
2549 4938 2640 5010 qui
2672 4951 2897 4995 sanatus
2930 4941 3099 4994 fuerat
3130 4957 3143 4992 :
3171 4940 3462 4995 Sahhatnm
3494 4953 3617 4995 est:
3652 4957 3757 4995 nou

2173 5034 2299 5090 licet
2328 5033 2420 5088 tibi
2452 5033 2642 5087 tollere
2672 5033 2952 5102 grabatum
2980 5042 3149 5087 tuum.
3183 5031 3480 5087 Resnondit
3507 5036 3582 5087 eis
3611 5050 3626 5087 :
3657 5033 3757 5098 Qui

2176 5142 2261 5180 me
2307 5139 2501 5179 sanum
2546 5122 2710 5192 l‘ccit,
2742 5123 2833 5178 ille
2879 5124 3007 5178 mihi
3054 5123 3189 5178 dixit
3232 5124 3433 5180 :Tolle
3478 5125 3758 5193 grabatum

2181 5228 2327 5271 tuum
2360 5227 2412 5271 et
2435 5214 2669 5269 ambula.
2697 5214 3170 5286 Interrogaverunt
3194 5230 3324 5285 ergo
3354 5230 3502 5281 eum,
3530 5216 3649 5285 quis
3677 5226 3762 5271 est

2173 5307 2263 5362 ille
2311 5304 2473 5360 homo
2522 5303 2615 5375 qui
2670 5304 2762 5359 tibi
2815 5304 3000 5358 dixit:
3056 5304 3269 5375 Surge,
3327 5305 3453 5361 tolle
3496 5314 3520 5341 ο
3568 5304 3759 5377 graba-

2178 5410 2289 5453 tum
2330 5407 2476 5453 tuum
2503 5438 2518 5463 ,
2567 5406 2621 5452 et
2660 5395 2911 5450 ambula?
2953 5395 3001 5450 Is
3038 5406 3215 5452 autem
3246 5411 3339 5469 qut
3375 5411 3543 5453 sanus
3575 5396 3760 5451 fuerat

2247 5570 2273 5609 ἀ
2311 5574 2465 5640 Vulg.
2497 5586 2616 5626 cum
2664 5567 2785 5635 Gr.,
2817 5567 3061 5640 Diceba_nt
3088 5584 3220 5640 ergo
3264 5566 3391 5624 Jud.
3424 5569 3762 5625 Observabat

2171 5646 2368 5701 Millius
2397 5634 2586 5697 deesse
2617 5639 2932 5711 particulam
2965 5634 3054 5693 οὖν
3085 5639 3135 5711 in
3158 5634 3326 5711 Cant.
3360 5650 3425 5711 et_
3447 5640 3609 5711 Δῃὼ.
3664 5648 3669 5711 ς

2228 5726 2271 5842 de
2308 5716 2416 5769 Vox
2450 5712 2594 5783 prior
2619 5704 2739 5767 sive
2773 5710 2825 5765 in
2854 5720 3020 5777 textu,
3059 5709 3170 5766 sive
3201 5710 3253 5765 in
3285 5708 3629 5765 versionibus
3649 5704 3749 5760 de-

2178 5789 2221 5843 si
2263 5795 2465 5843 aratur.
