4026 6196
428 322 532 378 999

1566 324 1880 385 VICTORIS
1921 329 2223 388 EI‘ISCOPI
2263 332 2562 391 CAPUANI

3582 331 3686 389 $00

437 447 542 488 non
572 436 637 488 de
664 449 800 504 pano
847 435 955 490 diti
985 437 1130 492 vobis
1164 456 1174 489 :
1210 438 1407 494 Cavete
1451 454 1477 492 a
1521 438 1784 513 fermento
1833 442 2017 496 Phcirl-
2046 452 2086 508 Α
2122 461 2222 499 non
2258 458 2424 514 potest
2453 450 2679 511 candida
2710 450 2906 507 facere.
2941 452 3005 504 Et
3034 464 3159 507 ecce
3199 460 3567 518 app-nterim!
3597 450 3702 503 illi!

428 540 655 579 eteorum
697 536 749 580 ct
787 524 1241 582 Sadducseorum?
1271 530 1418 584 Tunc
1450 531 1857 590 intellexerunt.
1890 535 2012 601 quia

430 631 534 669 non
596 616 793 671 dixerit
848 619 1144 672 cavi-udum
1187 634 1213 673 a
1266 619 1529 677 fermento
1577 637 1809 688 panum,
1852 624 1944 678 sed
1984 638 2015 677 a

429 706 668 760 doctrina
702 706 1091 761 Pharisaeorum
1132 718 1182 762 et
1216 708 1657 764 Sadductcorum.

1029 845 1255 902 C.\PUT
1294 848 1404 902 XC.

421 936 586 996 Jews
620 940 897 1002 interroan
924 939 1183 1006 apostolos
1210 926 1235 995 τ’
1268 942 1426 1005 Quem
1458 958 1537 993 me
1564 943 1743 997 dicunt
1789 944 2017 999 homines

496 1025 608 1061 esse
622 1010 717 1127 (let
745 1025 858 1077 qum
885 1020 1166 1075 sequamur
1188 1028 1206 1064 :
1238 1022 1284 1064 et
1307 1014 1430 1063 dicit
1459 1010 1614 1066 Petro
1649 1030 1667 1065 :
1697 1015 2017 1070 St‘ondulum

506 1094 558 1127 es
590 1095 655 1127 ηιι
678 1095 737 1127 ιι.

506 1094 558 1130 ⁸⁸
590 1094 737 1131 num.

506 1217 714 1273 binm.
751 1234 857 1282 xvi,
892 1219 1074 1274 15-27.
1129 1219 1285 1275 Ven't
1334 1231 1510 1276 autem
1542 1221 1699 1278 Iesus
1747 1224 1798 1278 in
1839 1235 2018 1294 partes

434 1306 585 1361 Cit-sa
615 1323 693 1362 ea:
718 1308 974 1379 Philippi;
1001 1319 1056 1364 et
1086 1311 1451 1379 interrogabat
1470 1312 1758 1383 discipulos
1787 1330 1911 1370 suos
1939 1318 2021 1370 di-

434 1402 563 1453 cens
596 1417 608 1451 :
643 1400 811 1466 Quem
842 1400 1028 1455 dicunt
1062 1402 1321 1471 homines
1355 1416 1477 1457 esse
1510 1402 1703 1457 Filium
1746 1405 2018 1459 hominis?

439 1497 508 1545 At
535 1492 609 1545 illi
645 1493 933 1545 dixerunt:
968 1492 1071 1546 Alii
1096 1493 1354 1548 Joannem
1383 1494 1694 1564 Baptistam,
1726 1495 1817 1551 alii
1839 1509 2016 1552 autem

442 1585 632 1648 Etiam,
663 1585 750 1638 alii
783 1599 914 1638 vero
947 1585 1262 1650 Jeremiam,
1294 1596 1386 1641 aut
1427 1604 1587 1641 unum
1622 1603 1686 1643 ex
1720 1590 2014 1659 praphetis.

443 1672 581 1726 Dicit
612 1674 719 1728 iliis
746 1676 903 1729 .Iesus
933 1691 946 1727 :
986 1675 1091 1729 Vos
1116 1686 1294 1730 autem
1339 1662 1495 1745 quem
1525 1692 1610 1732 me
1639 1693 1761 1733 esse
1800 1679 2020 1735 dicitis?

445 1766 790 1836 lii-spondens
814 1769 994 1821 Simon
1020 1769 1229 1833 Petrus,
1258 1768 1388 1823 dixit
1419 1769 1535 1838 :,Tu
1562 1786 1620 1825 es
1641 1770 1906 1838 Christus,
1936 1770 2018 1825 Fi-

445 1860 547 1913 lius
584 1860 677 1914 Dei
724 1861 857 1914 vivi.
908 1860 1258 1930 Respondeas
1299 1872 1476 1915 autem
1508 1863 1663 1916 lesus
1690 1903 1704 1928 ,
1736 1863 1870 1916 dixit
1912 1863 1960 1917 ei
2004 1878 2018 1915 :

445 1947 639 2003 Beatus
668 1964 744 2014 es,
781 1951 965 2004 Simon
1000 1951 1224 2018 Barjona
1254 1952 1412 2020 :quia
1439 1967 1565 2006 caro
1593 1962 1647 2006 et
1675 1954 1889 2021 Sanguis
1916 1969 2021 2007 non

447 2040 698 2094 revelavit
739 2040 831 2094 tibi
861 2081 873 2101 .
902 2040 996 2095 sed
1023 2041 1181 2117 Pater
1211 2056 1384 2105 tuens,
1415 2044 1502 2112 qui
1548 2043 1601 2098 in
1632 2045 1782 2101 cadis
1808 2055 1910 2101 cit.
1960 2045 2025 2100 Et

448 2132 595 2201 (ego)
646 2131 763 2185 dico
797 2132 891 2185 tibi
935 2149 947 2183 :
990 2132 1112 2200 quia
1146 2143 1198 2185 tu
1232 2148 1292 2187 cs
1336 2132 1525 2189 Petrus
1551 2174 1565 2195 ,
1608 2143 1662 2189 et
1692 2149 1854 2202 super
1887 2134 2023 2188 hanc

444 2232 649 2287 petram
680 2222 954 2275 :edilie-aho
999 2223 1290 2276 Ecclesium
1331 2238 1539 2287 meum;
1571 2234 1623 2277 et
1656 2233 1822 2293 portae
1870 2225 1949 2278 inf
1981 2225 2023 2279 ri

445 2327 549 2364 non
583 2315 946 2381 praevalebunt
972 2304 1228 2366 adversus
1256 2328 1394 2366 eam.
1431 2314 1495 2367 Et
1525 2314 1616 2367 tibi
1656 2315 1797 2372 dabo
1839 2316 2022 2371 claves

444 2405 587 2472 regni
618 2404 895 2457 coriorum.
945 2404 1007 2457 Et
1036 2404 1388 2473 quodcunque
1421 2385 1671 2475 ligaveris
1702 2422 1866 2474 super
1910 2416 2022 2462 ter-

448 2509 585 2555 ram,
617 2494 718 2546 erit
751 2493 966 2560 ligatum
996 2502 1048 2545 et
1082 2493 1132 2547 in
1164 2493 1313 2547 C(Biis
1345 2510 1357 2547 :
1391 2504 1444 2547 et
1468 2494 1825 2563 quodcunque
1853 2499 2026 2552 solve-

446 2584 521 2637 ris
547 2597 705 2652 super
733 2594 952 2647 terram,
978 2585 1080 2637 erit
1107 2585 1337 2637 solutum
1366 2593 1419 2637 et
1442 2583 1493 2637 in
1521 2583 1693 2638 caelis.
1717 2584 1868 2642 Tunc
1891 2603 2025 2655 prte-

444 2674 589 2741 cepit
634 2673 911 2743 discipulis
942 2675 1054 2728 suis
1082 2715 1097 2737 ,
1145 2682 1200 2727 ut
1241 2674 1439 2727 nemini
1472 2674 1863 2757 diccrentﬁquia
1911 2677 2025 2745 ipse

445 2775 592 2819 esset
622 2765 886 2821 Chrisuts.
931 2765 1137 2819 Exinde
1166 2768 1327 2835 cmpit
1365 2764 1518 2823 Iesus
1549 2768 1838 2825 ostendere
1866 2769 2025 2824 disci-

449 2857 586 2927 pulis
632 2858 744 2912 suis
773 2858 891 2928 quia
923 2865 1138 2924 Oportet
1180 2872 1300 2911 eum
1343 2858 1421 2912 ire
1472 2858 1893 2931 Hierosolymam
1920 2902 1934 2925 ,
1973 2872 2028 2917 et

446 2950 609 3003 multa
641 2950 745 3018 pati
778 2962 807 3001 a
838 2948 1143 3003 senioribus
1172 2957 1227 3002 et
1250 2948 1443 3003 scribis
1474 2960 1527 3004 et
1575 2949 1907 3019 principibus
1936 2966 2027 3005 sa-

449 3038 728 3095 cerdotum
757 3079 771 3103 ,
801 3049 853 3093 et
884 3037 1078 3104 occidi,
1112 3048 1165 3092 et
1212 3039 1365 3092 tertia
1396 3039 1485 3094 die
1513 3055 1814 3107 resurgere.
1849 3042 1913 3095 Et
1940 3057 2028 3097 as-

447 3144 668 3183 sumens
691 3143 809 3183 cum
844 3128 1053 3192 Petrus,
1084 3128 1246 3195 caspit
1278 3128 1559 3198 increpare
1587 3129 1756 3197 illum,
1791 3129 1977 3185 dicens
2006 3147 2019 3183 :

448 3218 605 3272 Absit
630 3232 657 3269 a
688 3225 761 3284 te,
808 3218 1061 3279 Domine;
1093 3233 1197 3271 non
1228 3219 1333 3272 erit
1362 3218 1454 3272 tibi
1500 3219 1619 3275 hoc.
1665 3221 1763 3286 Qui
1792 3236 2020 3276 conver-

446 3321 559 3370 sus,
589 3306 720 3361 dixit
751 3306 911 3362 Petro
941 3324 955 3360 :
989 3307 1133 3362 Vade
1167 3318 1285 3376 post
1317 3323 1422 3372 me,
1456 3309 1683 3375 Satana;
1714 3312 2023 3367 scandalum

447 3413 506 3452 es
540 3399 665 3451 mihi
712 3415 727 3453 :
770 3397 892 3467 quia
942 3413 1045 3451 non
1094 3400 1237 3467 sapis
1266 3414 1326 3454 ea
1358 3416 1477 3468 qua:
1511 3400 1601 3454 Dei
1635 3411 1797 3461 sunt.
1840 3403 1932 3457 sed
1962 3419 2025 3459 ea

447 3504 566 3556 quae
589 3489 883 3543 hotn‘uum.
909 3488 1059 3542 Tunc
1084 3492 1551 3563 convocata'turba
1580 3506 1700 3545 cum
1726 3491 1824 3546 ἀίει
1844 3494 2023 3561 ipulis,

447 3581 580 3636 dixit
609 3581 727 3635 eis:
760 3581 812 3635 Si
863 3582 981 3651 quis
1014 3581 1126 3634 vult
1159 3592 1273 3650 post
1306 3596 1391 3636 me
1432 3583 1637 3647 venire,
1668 3584 1897 3652 abneget
1942 3601 2027 3638 se-

449 3674 756 3741 metipsum.
790 3682 843 3727 et
884 3672 1036 3726 tollat
1080 3686 1294 3725 crucem
1326 3686 1475 3725 suam
1499 3716 1514 3740 ,
1556 3682 1611 3727 et
1638 3683 1890 3742 sequatur
1918 3690 2022 3731 me.

448 3762 547 3827 Qui
570 3764 712 3815 enim
741 3761 973 3815 voluerit
1007 3761 1238 3815 animam
1271 3774 1420 3814 suam
1451 3761 1651 3815 salvam
1683 3761 1879 3827 facere,
1904 3779 2027 3833 per-

449 3852 540 3907 det
569 3868 708 3907 eam.
729 3851 831 3919 Qui
863 3860 1037 3905 autem
1063 3851 1356 3920 perdiderit
1382 3852 1613 3906 animam
1638 3868 1785 3906 suam
1809 3863 2026 3924 propter

449 3956 555 4001 me.
573 3943 805 3997 inveniet
826 3939 1118 4007 eam.Quid
1142 3940 1285 3994 enim
1315 3940 1531 4007 prodest
1557 3941 1840 4008 homini,si
1871 3960 2025 3998 mun-

447 4035 574 4088 dum
602 4036 909 4088 universum
940 4033 1196 4098 lucretur,
1226 4033 1420 4087 anima:
1444 4046 1571 4087 vero
1591 4048 1702 4087 sua:
1733 4032 2021 4088 detrimen-

449 4137 560 4182 tum
586 4128 853 4196 patiatur?
884 4129 984 4181 Aut
1008 4141 1164 4197 quam
1189 4127 1337 4180 dabit
1369 4126 1527 4181 homo
1549 4129 2018 4182 commutationem

449 4234 546 4284 pro
566 4220 738 4272 anima
771 4218 913 4272 sua?
945 4216 1110 4273 Filius
1139 4218 1279 4273 enim
1314 4216 1546 4271 hominis
1574 4227 1828 4271 venturus
1856 4228 1937 4271 est
1969 4218 2021 4273 in

445 4309 612 4379 gloria
648 4309 817 4363 Pa'ris
860 4308 939 4361 sui
985 4323 1106 4363 eum
1138 4308 1345 4377 angelis
1393 4309 1545 4373 suis;
1576 4320 1630 4363 et
1664 4315 1790 4363 tunc
1834 4309 2023 4364 reddet

451 4402 736 4469 unicuique
758 4398 1051 4454 secundum
1084 4413 1218 4466 opus
1248 4399 1388 4467 ejus.

1037 4536 1261 4594 CAPUT
1300 4537 1434 4592 XCI.

446 4631 599 4686 Jews
629 4631 749 4683 dicit
789 4646 806 4683 :
850 4627 987 4684 Sunt
1030 4629 1235 4700 quidem
1280 4631 1345 4682 de
1397 4631 1478 4682 hic
1503 4630 1751 4683 tantibus
1794 4632 1883 4700 qui
1921 4647 2023 4685 non

555 4702 831 4773 gustabunt
864 4709 1094 4757 mortem.
1126 4698 1192 4753 Et
1223 4704 1272 4752 in
1304 4712 1469 4753 monte
1500 4698 1915 4773 trunsﬁgurolut‘.

450 4862 459 4871 κ
515 4844 730 4899 Mam.
763 4840 998 4908 xvi,28;
1035 4855 1166 4903 xvn,
1202 4841 1356 4904 lol'5;
1391 4840 1558 4895 Mane.
1596 4855 1666 4903 nt,
1700 4840 1862 4906 1-15;
1888 4842 2015 4898 Luc.

443 4933 726 4997 15.28436.
771 4939 938 4990 Amen
984 4932 1106 4987 dico
1149 4931 1348 4987 vobis:
1391 4930 1528 4987 Sunt
1566 4932 1780 5001 quidam
1828 4933 1895 4989 de
1935 4934 2021 4989 hic

442 5024 709 5078 tantibus
755 5023 842 5093 qui
892 5038 997 5078 non
1051 5022 1341 5088 gustabunt
1389 5031 1617 5077 mortem
1649 5063 1663 5087 ,
1713 5023 1888 5077 donec
1941 5023 2018 5078 vi—

442 5115 601 5166 deant
643 5112 837 5167 Filium
883 5112 1113 5170 hominis
1165 5119 1468 5169 venientem
1517 5114 1568 5167 in
1621 5128 1788 5182 regno
1814 5110 2022 5169 snofEt

392 5234 404 5267 ο,
447 5216 566 5274 post
617 5203 732 5258 dies
780 5217 873 5258 sex
919 5205 1210 5270 assumpsit
1255 5204 1415 5259 Jesus
1459 5203 1705 5266 Petrum,
1764 5213 1817 5257 et
1873 5203 2024 5258 laco-

397 5303 406 5313 ‘
444 5295 568 5349 bum
597 5332 612 5359 ,
655 5302 712 5350 et
763 5292 1022 5349 Joannem
1070 5294 1287 5349 fratrem
1339 5295 1486 5365 ejus,
1545 5306 1599 5350 et
1640 5295 1786 5349 ducit
1822 5296 1939 5350 illos
1970 5297 2021 5352 in

442 5399 677 5443 montem
699 5386 970 5444 excelsum
998 5401 1266 5451 seorsum,
1294 5400 1349 5440 ut
1380 5398 1580 5452 oraret,
1606 5397 1659 5442 et
1683 5389 2022 5457 transfigura-

445 5491 529 5534 tus
556 5492 637 5536 est
666 5492 789 5534 ante
810 5493 922 5533 eos.
959 5477 1022 5531 Et
1054 5477 1387 5543 resplenduit
1420 5480 1581 5533 {alios
1606 5478 1719 5546 t'jUS
1741 5479 1876 5533 sicut
1899 5480 1975 5532 snl
2011 5496 2023 5530 :

442 5576 758 5628 vestimenta
812 5580 987 5625 autem
1033 5569 1151 5639 ejus
1189 5567 1324 5621 facta
1371 5579 1495 5623 sunt
1544 5570 1663 5622 alba
1714 5572 1853 5622 sicut
1898 5569 2024 5633 nix,

443 5664 780 5731 splendentia
806 5663 1030 5718 candida
1062 5661 1239 5732 lituis,
1278 5659 1456 5732 qualia
1485 5660 1614 5717 Iullo
1636 5675 1797 5732 super
1826 5673 2022 5718 terram

2121 539 2328 607 Moyses
2355 549 2410 594 et
2461 541 2604 596 Elias
2651 556 2771 597 cum
2818 555 2885 598 eo
2932 540 3196 605 dicentes,
3225 542 3275 593 in
3304 544 3603 609 majestate.
3636 541 3704 596 Et

2118 630 2367 684 dicebant
2394 646 2677 687 excessum
2708 632 2859 702 ejus,
2903 645 3060 701 quem
3106 630 3469 699 cooipleturus
3496 640 3615 687 erat
3650 647 3702 684 ιιι

2116 719 2437 777 Jerusalem.
2448 721 2798 792 Respondeas
2813 732 2989 779 autem
3014 723 3219 786 Petrus,
3237 722 3369 776 dixit
3390 722 3455 776 ad
3478 721 3663 776 Iesum
3686 738 3698 773 :

2122 811 2362 877 Domine,
2396 812 2591 868 bonum
2643 822 2727 868 est
2772 828 2871 870 nos
2919 813 3004 869 hic
3032 827 3152 870 esse
3184 830 3196 865 :
3230 811 3276 865 si
3308 812 3416 875 vis,
3445 811 3703 865 iaciamus

2120 898 2206 955 hic
2240 902 2335 957 tria
2366 903 2737 970 tabernacula;
2770 904 2862 959 tibi
2894 918 3079 968 unum,
3109 901 3279 973 Moysi
3299 917 3482 965 unum,
3505 901 3705 957 etEiize

2121 1006 2303 1047 unum.
2339 993 2525 1048 Adhuc
2549 1009 2614 1047 eo
2645 996 2928 1063 loquente,
2953 1008 3081 1050 ecce
3113 993 3280 1048 nubes
3313 993 3480 1047 lucida
3505 993 3702 1046 (θιιιιιιει⁴

2119 1082 2290 1137 bravit
2319 1099 2431 1138 eos.
2466 1084 2529 1138 Et
2563 1101 2690 1141 ecce
2715 1102 2812 1139 vox
2848 1086 2913 1139 de
2942 1085 3098 1148 caelo,
3127 1085 3308 1139 dici-ns
3342 1101 3353 1136 :
3388 1082 3481 1136 llic
3510 1094 3590 1137 est
3617 1082 3702 1136 Fi—

2121 1172 2223 1225 lius
2268 1188 2417 1227 meus
2459 1174 2685 1229 dilectus
2710 1216 2729 1240 ,
2769 1175 2819 1229 in
2850 1190 2956 1243 quo
2988 1175 3114 1229 mihi
3158 1174 3452 1240 complacui
3484 1193 3495 1227 :
3527 1176 3702 1242 ipsum

2120 1263 2319 1318 audite.
2354 1263 2419 1318 Et
2451 1265 2729 1321 audientes
2757 1266 3042 1335 discipuli,
3071 1266 3382 1321 ceciderunt
3422 1267 3475 1319 in
3514 1266 3706 1321 faciem

2120 1367 2268 1407 suam
2288 1396 2302 1420 ,
2320 1365 2386 1410 -et
2416 1357 2707 1411 timuerunt
2727 1357 2901 1411 valde.
2939 1359 3004 1410 Et
3030 1360 3256 1413 accessit
3285 1356 3470 1423 Iesus,
3501 1370 3554 1411 et
3582 1368 3705 1413 tet-

2064 1492 2097 1520 ,
2121 1446 2195 1514 git
2217 1460 2331 1509 eos,
2364 1447 2603 1517 dixitque
2633 1450 2713 1504 cis
2752 1466 2767 1503 :
2797 1448 3032 1518 Surgite.
3075 1458 3131 1504 et
3171 1450 3335 1503 nolite
3366 1452 3575 1504 timere.
3605 1450 3705 1505 Le—

2122 1547 2307 1593 vautes
2351 1549 2528 1594 autem
2574 1542 2765 1596 oculos
2809 1555 2909 1595 suo
2926 1560 2958 1604 ς,
2991 1542 3259 1596 neminem
3288 1541 3568 1603 viderunt,
3601 1558 3634 1595 ιι
3660 1542 3703 1595 si

2120 1631 2291 1685 solum
2320 1631 2524 1686 Jesum.
2555 1631 2620 1686 Et
2643 1632 3091 1689 descendentibus
3118 1634 3221 1686 illis
3248 1633 3313 1686 de
3341 1647 3541 1697 mone,
3573 1648 3703 1701 pm-

2122 1724 2264 1789 cepit
2290 1721 2444 1776 Iesus
2464 1764 2477 1786 ,
2509 1722 2694 1778 dicens
2727 1740 2741 1776 :
2776 1724 2983 1777 Nemini
3015 1723 3256 1779 dixeritis
3283 1722 3579 1787 visionem,
3608 1725 3704 1775 do-

2053 1812 2098 1870 B
2128 1829 2223 1870 nec
2250 1814 2413 1869 Filius
2444 1815 2674 1872 hominis
2703 1831 2732 1871 a
2760 1816 2985 1872 mortuis
3016 1826 3275 1883 resurgat.
3312 1815 3377 1869 Et
3405 1814 3707 1881 interroga-

2127 1915 2312 1958 verunt
2349 1919 2471 1960 eum
2516 1906 2791 1975 discipuli,
2836 1906 3077 1962 dicentes
3112 1924 3127 1962 :
3160 1906 3294 1973 Quid
3339 1921 3466 1975 ergo
3514 1906 3706 1960 scriba

2125 1996 2157 2050 d
2184 2005 2327 2060 cunt,
2362 1996 2499 2064 quod
2537 1996 2703 2051 Etiam
2736 1998 2965 2066 primum
2995 1999 3179 2051 venire
3216 1996 3464 2064 oportet?
3502 1997 3572 2052 At
3616 1996 3706 2049 ille

2124 2085 2477 2154 reSpondens,
2502 2086 2636 2140 dixit
2660 2090 2677 2110 ‘
2709 2105 2720 2139 :
2744 2087 2889 2142 Elias
2910 2086 3123 2155 quidem
3142 2096 3393 2141 venturus
3412 2096 3516 2152 est,
3539 2097 3593 2140 et
3618 2087 3708 2139 ille

2125 2177 2371 2229 restituet
2392 2178 2569 2230 omnia
2600 2175 2755 2247 (Mal.
2788 2194 2859 2244 tv,
2894 2179 2970 2247 ὃ).
3005 2177 3134 2233 Dico
3162 2188 3339 2233 autem
3370 2178 3556 2240 vobis,
3582 2180 3707 2246 quia

2129 2260 2269 2319 Elias
2285 2264 2395 2335 jam
2431 2271 2579 2322 venit
2611 2286 2625 2322 :
2657 2278 2710 2322 et
2742 2283 2847 2322 non
2877 2278 3240 2348 cognoverunt
3264 2284 3407 2331 eum,
3436 2271 3529 2322 sed
3563 2270 3709 2324 lece-

2126 2368 2248 2412 ruut
2276 2361 2325 2412 in
2359 2350 2424 2414 ἓο
2451 2375 2783 2430 (ιιιτροιιιιιιιιο
2812 2361 3119 2415 voluerunt.
3145 2361 3235 2416 Sic
3263 2370 3317 2414 et
3346 2360 3508 2413 Filius
3535 2361 3712 2412 homi-

2128 2450 2207 2502 nis
2239 2464 2490 2517 passurus
2518 2459 2600 2503 est
2628 2450 2696 2502 ab
2727 2452 2822 2503 eis.
2859 2450 3010 2505 Tunc
3039 2452 3419 2504 intellexerunt
3458 2448 3708 2513 discipuli

2126 2538 2246 2606 quia
2278 2536 2342 2590 de
2366 2536 2571 2590 Joanne
2622 2537 2854 2604 Baptista
2897 2538 3033 2592 dixit
3070 2539 3172 2593 eis.
3217 2538 3282 2591 Et
3317 2553 3436 2592 cum
3474 2540 3710 2591 veuiSset

2125 2625 2192 2679 ad
2228 2625 2463 2689 turbam,
2497 2625 2626 2679 vidit
2662 2627 2865 2681 scribas
2894 2628 3272 2692 conquirentes
3318 2642 3439 2680 cum
3482 2624 3605 2679 illis.
3641 2625 3710 2679 Et

2126 2714 2405 2771 confestim
2440 2715 2615 2771 omnis
2665 2718 2889 2785 populus
2917 2718 3101 2771 videns
3129 2716 3307 2771 Iesum
3334 2757 3350 2780 ,
3386 2714 3621 2783 stupefac
3645 2731 3709 2768 us

2126 2818 2240 2874 est,
2273 2814 2326 2861 et
2355 2817 2705 2875 expaverunt.
2743 2806 2809 2861 Et
2840 2816 3185 2860 accurrentes
3225 2806 3526 2859 salutabant
3553 2821 3708 2870 eum,

2126 2910 2180 2956 et
2209 2898 2556 2971 interrogavit
2584 2912 2677 2953 eos
2709 2898 2880 2966 :Quid
2903 2898 3040 2952 inter
3070 2913 3161 2953 vos
3183 2898 3527 2967 conquiritis?

2700 3011 2927 3066 CAPUT
2974 3010 3123 3065 XCII.

2137 3101 2383 3158 Pharisaei
2407 3105 2585 3158 dicunt
2614 3106 2682 3158 ad
2702 3103 2877 3158 Iesum
2909 3119 2927 3157 :
2960 3103 3181 3157 Discede
3209 3104 3345 3168 hinc,
3378 3104 3499 3163 quia
3532 3102 3708 3157 Utere-

2305 3176 2392 3227 des
2418 3178 2519 3228 vult
2549 3186 2595 3229 te
2622 3176 2850 3229 occidere
2874 3189 2892 3227 :
2921 3184 2967 3228 et
2998 3176 3192 3228 curavit
3222 3175 3522 3228 (nauticum.

2193 3266 2324 3340 .Luc.
2356 3300 2469 3349 xm,
2500 3286 2687 3341 51-53.
2716 3284 2770 3339 lu
2813 3285 2926 3353 ipsa
2956 3283 3044 3339 die
3096 3295 3439 3340 accesserunt
3484 3285 3704 3353 quidam

2131 3376 2547 3440 Pharisaeorum,
2577 3376 2821 3431 dicentes
2848 3376 2924 3429 illi
2953 3392 2967 3429 :
3004 3375 3125 3440 Exi,
3154 3385 3208 3429 et
3234 3375 3369 3429 vade
3409 3374 3554 3439 hinc,
3580 3378 3706 3443 quia

2130 3467 2369 3523 llerodes
2405 3467 2516 3522 vult
2565 3477 2618 3522 te
2644 3467 2915 3523 accidere.
2950 3465 3018 3520 Et
3041 3466 3120 3521 ait
3139 3467 3288 3524 illis:
3319 3466 3415 3532 Ite,
3460 3477 3514 3523 et
3540 3470 3709 3522 dicite

2128 3558 2266 3623 vulpi
2296 3556 2369 3610 illi
2402 3572 2415 3610 :
2454 3557 2591 3611 Ecce
2622 3554 2779 3625 ejicio
2810 3555 3096 3622 dremonia,
3132 3563 3185 3611 et
3208 3555 3471 3615 sanitates
3488 3558 3707 3623 perﬁcio

2129 3650 2287 3706 hodie
2310 3659 2363 3704 et
2386 3664 2527 3713 cras,
2550 3658 2602 3703 et
2631 3650 2788 3702 tertia
2818 3648 2906 3702 die
2927 3650 3296 3703 consumtum.
3321 3646 3705 3704 Verumtamen

2125 3751 2339 3813 Oportet
2361 3758 2443 3796 me
2468 3741 2647 3807 hodie,
2669 3748 2722 3795 et
2750 3753 2894 3803 cras,
2922 3748 2976 3795 et
3003 3736 3247 3807 sentienti
3279 3738 3367 3794 die
3393 3740 3704 3803 ambulare;

2125 3838 2247 3905 quia
2283 3849 2385 3888 non
2422 3834 2558 3902 capit
2593 3831 2913 3903 prophetam
2947 3830 3126 3900 perire
3163 3840 3313 3885 extra
3346 3830 3705 3885 Hierusalem.

2122 3923 2527 3985 -Mn,1u.xvn,
2555 3922 2715 3979 ιι-εο
2736 3940 2752 3987 ;
2777 3922 2948 3981 Mane.
2972 3937 3049 3987 ts,
3070 3920 3249 3988 lii-28;
3274 3921 3400 3977 Luc.
3422 3936 3497 3985 ιι.
3514 3920 3705 3977 58-4ί.

2126 4014 2345 4071 Factum
2373 4024 2455 4068 est
2488 4026 2664 4067 autem
2709 4014 2763 4068 in
2803 4013 3048 4082 sequenti
3091 4011 3197 4077 die,
3222 4011 3454 4066 accessit
3478 4011 3545 4065 ad
3577 4027 3703 4066 eum

2127 4104 2287 4161 homo
2309 4104 2533 4173 genibus
2555 4103 2668 4173 ejus
2692 4104 3032 4171 provolutus,
3061 4114 3113 4157 et
3140 4102 3459 4157 exclamavit
3482 4101 3704 4155 dicens:

2127 4195 2363 4261 Domine,
2396 4197 2654 4252 miserere
2683 4194 2797 4249 lilio
2825 4208 2964 4251 meo.
2992 4196 3117 4263 quia
3149 4194 3337 4248 unicus
3362 4200 3447 4247 est
3468 4192 3616 4254 mihi,
3649 4201 3709 4245 et

2125 4285 2270 4339 quat
2290 4298 2383 4339 cus
2414 4292 2515 4339 est.
2553 4285 2615 4338 Et
2642 4300 2761 4340 cum
2794 4284 3017 4354 Spiritus
3038 4282 3396 4353 apprehendit
3416 4298 3560 4346 eum,
3592 4283 3708 4337 alli-

2123 4377 2220 4441 dit,
2254 4388 2306 4430 et
2328 4387 2558 4442 spumat,
2585 4386 2638 4429 et
2660 4376 2847 4431 stridet
2871 4374 3143 4439 dentibus,
3166 4385 3219 4429 et
3244 4376 3464 4440 arescit,
3484 4382 3538 4429 et
3561 4375 3706 4429 male

2125 4473 2338 4536 pat'tur.
2361 4468 2488 4522 Nam
2509 4478 2650 4536 sgepe
2664 4469 2808 4521 cadit
2831 4470 2883 4523 in
2900 4470 3096 4536 ignem,
3116 4475 3173 4523 et
3195 4466 3387 4522 crebro
3406 4465 3456 4519 in
3479 4480 3701 4534 aquius,

2050 4542 2103 4601 D
2128 4570 2179 4612 et
2200 4559 2377 4612 subito
2405 4559 2614 4623 clunat,
2644 4568 2697 4613 et
2720 4558 2943 4626 dissipat
2971 4572 3117 4623 eum,
3147 4566 3202 4613 ct
3241 4557 3324 4610 vix
3358 4554 3590 4610 discedit
3621 4558 3710 4613 di-

2132 4650 2337 4704 lutians
2368 4665 2511 4705 eum.
2551 4651 2614 4703 Et
2644 4651 2824 4723 rogavi
2875 4650 3168 4719 discipulos
3199 4658 3321 4703 tuos
3367 4656 3423 4702 ut
3448 4648 3709 4716 ejicerent

2129 4756 2272 4805 eum,
2303 4750 2355 4794 et
2389 4755 2492 4794 non
2523 4750 2811 4808 potuerunt
2840 4755 3032 4795 curare
3061 4755 3204 4794 eum.
3239 4739 3590 4808 Respondeas
3609 4755 3705 4793 su-

2131 4841 2234 4885 tem
2263 4829 2417 4886 Iesus
2443 4829 2579 4885 dixit
2632 4849 2645 4883 :
2682 4830 2726 4885 Ο
2752 4831 3025 4901 generatio
3058 4830 3290 4884 iulidelis
3327 4839 3382 4883 et
3424 4844 3704 4897 perversa,

2128 4922 2147 4946 ‘
2172 4940 2337 4994 usque
2365 4924 2521 4977 modo
2549 4937 2643 4979 ero
2665 4924 2802 4991 apud
2833 4939 2925 4978 vos
2945 4923 3182 4978 iAlIcrte
3213 4923 3358 4975 illum
3375 4922 3481 4976 huc
3508 4921 3573 4976 ad
3599 4937 3702 4976 me.

2130 5016 2194 5069 Et
2224 5032 2343 5069 eum
2394 5016 2675 5069 accederet
2719 5024 2773 5069 et
2804 5014 3023 5069 vidisset
3064 5000 3236 5079 illum,
3271 5014 3465 5068 statim.
3487 5014 3708 5081 spiritus

2128 5108 2468 5163 cunturbavit
2512 5123 2658 5171 cum,
2710 5118 2766 5164 et
2804 5108 2967 5164 elisus
3018 5109 3069 5163 ia
3121 5119 3317 5167 terram
3368 5107 3708 5163 volutahatur

2127 5215 2401 5270 spumans.
2432 5201 2496 5254 Et
2522 5201 2867 5270 interrogavd
2900 5211 3101 5269 patrem
3124 5200 3264 5268 ejus,
3286 5208 3541 5268 quantum
3572 5206 3707 5251 tem-

2132 5292 2277 5360 poris
2299 5302 2379 5346 est
2410 5307 2474 5346 es
2501 5306 2607 5360 quo
2634 5291 2683 5346 ei
2715 5290 2817 5345 hoc
2843 5290 3057 5346 accidit.
3089 5290 3155 5344 At
3184 5291 3276 5344 ille
3304 5290 3397 5353 ait,
3428 5290 3497 5341 ab
3530 5288 3709 5341 infau-

2083 5370 2099 5391 “
2133 5384 2202 5439 tia
2237 5402 2249 5437 :
2282 5392 2339 5439 et
2360 5383 2665 5453 frequenter
2693 5398 2816 5437 eum
2848 5393 2903 5438 et
2934 5384 2986 5437 in
3019 5384 3190 5452 ignem
3218 5391 3272 5435 et
3301 5381 3353 5435 iu
3387 5394 3575 5449 aquam
3609 5381 3709 5433 mi.

2134 5476 2223 5541 sit,
2252 5486 2307 5529 ut
2336 5490 2458 5531 eum
2487 5476 2735 5544 perderet
2761 5492 2775 5529 :
2808 5475 2901 5530 sed
2934 5473 3130 5544 siquid
3164 5482 3337 5543 potes,
3366 5472 3555 5539 adjuvat
3584 5485 3708 5538 ιος,

2134 5569 2387 5623 misertus
2414 5568 2605 5622 nostri.
2649 5566 2807 5622 Jesus
2836 5575 3013 5621 autem
3054 5565 3129 5619 ait
3155 5564 3231 5618 illi
3259 5581 3274 5618 :
3303 5563 3359 5618 Si
3402 5570 3554 5631 potes
3591 5575 3715 5615 cve-

2131 5656 2283 5724 dere,
2316 5658 2494 5738 omnia
2520 5670 2643 5728 poss
2667 5655 2792 5713 bilia
2816 5654 3058 5713 credenti
3088 5662 3134 5707 ι.
3161 5652 3228 5711 Et
3255 5651 3508 5711 continuo
3534 5654 3718 5721 excia-

525 5804 551 5830 ⁸
582 5792 735 5862 Vulg.
789 5797 1062 5848 interserit
1104 5806 1240 5848 sunt.
1269 5794 1387 5861 GL,
1414 5796 1578 5848 πάντα
1608 5793 1799 5849 δυνατὰ
1830 5801 1902 5867 τῷ
1941 5793 2247 5852 πιστεύοντι.

1692 5990 1719 6009 δ
