3980 6196
290 390 380 451 50-
1045 393 1628 454 EVANGELICARUM
1671 396 2172 454 HADMONIARUM
2213 396 2785 454 INTERPRETATIO.

3432 395 3538 448 3'72

290 524 437 565 muns
466 518 615 579 pater
639 508 788 574 pueri
818 523 937 562 cum
965 508 1214 580 lacrymis
1236 550 1250 573 ,
1279 509 1452 562 aiebat
1478 508 1499 560 ἰ
1534 510 1728 573 Credo,
1753 509 1854 562 Do-
1889 513 1936 569 Α
1969 509 2109 562 mine
2155 524 2293 575 meo,
2346 523 2431 563 me
2458 508 2702 575 suscipit.
2753 505 2849 573 Qui
2883 511 3057 558 autem
3102 503 3435 558 scandalfzztv
3474 507 3541 559 rit

290 600 432 654 mine
457 616 468 649 :
493 598 686 666 adjuva
721 599 1151 654 incredulitatem
1186 615 1382 655 meum.
1415 599 1480 654 Et
1509 615 1630 655 eum
1657 601 1865 655 videret

289 689 444 744 .lcsus
467 698 879 745 eoucurrentem
907 689 1113 745 turbam
1130 729 1145 755 ,
1168 689 1528 746 comminatus
1548 701 1631 746 est
1655 692 1863 759 spiritui

283 777 586 843 immundo,
630 780 818 833 dicens
848 779 963 834 illi:
996 779 1170 835 Surde
1215 791 1269 837 et
1312 764 1457 835 mute
1488 780 1729 851 spiritus,
1763 797 1866 852 ego

292 870 381 923 tibi
412 869 702 939 "scipio:
734 868 822 925 exi
846 868 914 924 ah
939 884 1027 938 eo,
1080 881 1137 927 et
1164 871 1395 941 amplius
1426 888 1494 928 ne
1543 875 1779 927 introeas
1812 874 1864 926 in

291 976 428 1016 eum.
474 960 541 1015 Et
569 960 807 1016 clamans
829 1001 843 1026 ,
876 973 930 1016 et
957 960 1184 1016 multum
1214 961 1527 1034 discerpetis
1557 977 1703 1031 eum,
1736 965 1869 1017 exiit

289 1051 355 1109 ab
393 1065 485 1107 eo.
521 1050 585 1106 Et
617 1050 789 1107 lactus
821 1063 904 1106 est
930 1052 1070 1108 sicut
1100 1062 1365 1121 mortuus,
1397 1055 1465 1107 ita
1504 1062 1565 1115 ιιι
1607 1052 1759 1107 multi
1791 1053 1870 1106 di-

290 1154 501 1207 cerent,
549 1144 674 1212 quia
704 1153 950 1199 mortuus
999 1152 1101 1198 est.
1136 1144 1291 1200 Jesus
1319 1155 1496 1200 autem
1540 1153 1727 1202 tenens
1758 1159 1870 1199 ina-

291 1249 416 1288 num
443 1234 585 1304 ejus.
618 1234 854 1288 elevavit
882 1249 1025 1300 eum,
1057 1245 1112 1289 et
1136 1235 1398 1290 surrexit.
1431 1237 1499 1290 Et
1541 1248 1758 1291 curatus
1788 1246 1872 1290 est

292 1340 512 1394 plerex
541 1324 631 1379 illa
654 1326 812 1391 hora,
838 1332 894 1380 et
916 1324 1151 1380 reddidit
1177 1326 1323 1381 illum
1351 1328 1488 1397 patri
1512 1328 1650 1398 ejus.
1679 1330 1871 1397 Stupe-

292 1415 421 1471 bant
439 1426 621 1470 autem
657 1430 846 1471 omnes
873 1417 926 1470 in
963 1417 1331 1485 magnitudine
1367 1418 1482 1473 Dei.
1513 1417 1662 1473 Tunc
1691 1433 1873 1472 acces-

291 1514 480 1561 serunt
529 1504 779 1573 discipuli
833 1505 902 1560 ad
949 1505 1132 1561 Jesum
1178 1516 1414 1573 secreto,
1470 1516 1524 1562 et
1570 1507 1815 1562 dixerunt
1853 1524 1868 1561 :

290 1594 473 1661 Quare
518 1608 624 1649 non
656 1595 927 1661 potuimus
970 1594 1170 1666 ejicere
1196 1596 1390 1653 illum?
1428 1597 1565 1653 Dicit
1592 1598 1720 1667 illis,
1752 1614 1874 1669 pro-

291 1695 417 1755 pter
445 1685 879 1741 incredulitatem
917 1696 1171 1742 vestram.
1206 1686 1378 1744 Amen
1402 1691 1601 1760 quippe
1628 1691 1751 1744 dico
1778 1705 1873 1744 vo-

293 1776 397 1841 bis,
428 1777 474 1833 si
512 1777 805 1833 habueritis
830 1778 989 1834 ﬁdem
1018 1780 1157 1835 sicut
1180 1796 1403 1851 granum
1435 1782 1658 1851 sinapis,
1684 1782 1873 1838 dicetis

1969 614 2129 651 unum
2157 598 2222 652 de
2246 598 2448 665 pu~illis
2470 598 2631 664 ‘illis,
2656 594 2744 666 qui
2776 596 2829 648 in
2862 610 2944 647 me
2970 594 3212 658 credunt,
3242 596 3454 663 expedit
3487 596 3539 648 ei

1969 699 2025 743 ut
2047 689 2402 758 suspendatur
2434 688 2570 742 mola
2594 688 2826 741 as‘naria
2847 686 2898 740 in
2925 685 3064 741 Collo
3095 684 3229 754 ejus,
3251 695 3305 741 et
3329 687 3541 771 demet-

1967 791 2118 848 gatur
2146 781 2196 834 in
2230 779 2546 848 profundum
2578 779 2758 833 maris.

2543 869 2767 925 CAPUT
2806 867 2958 923 XCV.

1968 956 2091 1012 Non
2120 960 2301 1013 debere
2336 960 2593 1031 prohiberi
2634 977 2719 1083 eo;
2747 962 2835 1030 qui
2863 964 3057 1031 faciunt
3084 962 3227 1032 signa
3251 964 3301 1016 in
3343 963 3545 1014 nomine

2724 1047 2831 1083 esu.

2724 1047 2831 1085 esu.

2041 1121 2215 1176 Mane.
2249 1135 2323 1186 ts,
2355 1118 2551 1186 57-39;
2580 1121 2707 1176 Lcc.
2742 1137 2813 1186 ix,
2840 1120 2928 1184 t9,
2954 1120 3041 1175 50.
3076 1120 3425 1189 ReSpondens
3447 1134 3512 1171 au

1971 1221 2073 1265 tem
2098 1212 2355 1277 Joannes,
2397 1212 2533 1267 dixit
2564 1229 2576 1265 :
2621 1213 2891 1283 Magister,
2925 1213 3154 1266 vidimus
3176 1212 3458 1281 quemdam
3494 1226 3543 1263 ιιι

1972 1303 2189 1356 nomine
2238 1312 2328 1357 tuo
2379 1302 2686 1371 ejicientem
2741 1303 3024 1368 dmmonia,
3078 1315 3131 1358 et
3179 1303 3545 1371 prohibuimus

1971 1406 2114 1457 eum,
2147 1393 2266 1462 quia
2299 1407 2405 1446 non
2438 1394 2678 1461 sequitur
2707 1394 3005 1447 nobiscum.
3039 1393 3191 1447 .lesus
3220 1404 3393 1446 autem
3427 1392 3500 1444 ait
3531 1409 3541 1441 :

1973 1480 2145 1534 Nolite
2194 1482 2478 1550 prohibere
2520 1497 2643 1537 eum
2674 1499 2689 1535 :
2726 1498 2882 1536 nemo
2927 1493 3008 1536 est
3060 1482 3202 1536 enim
3253 1482 3343 1548 qui
3389 1482 3547 1533 faciat

1973 1571 2222 1625 virtutem
2254 1574 2305 1625 in
2337 1575 2549 1627 nomine
2576 1587 2719 1637 meo,
2744 1584 2796 1628 et
2828 1575 2994 1640 possit
3015 1572 3121 1625 cito
3150 1572 3285 1625 male
3310 1572 3451 1639 loqui
3478 1570 3545 1623 de

1972 1676 2079 1716 me.
2108 1661 2207 1729 Qul
2234 1661 2375 1717 enim
2404 1678 2507 1717 non
2535 1673 2615 1716 est
2646 1663 2901 1716 adversus
2924 1677 3037 1729 vos,
3064 1678 3157 1729 pro
3180 1660 3297 1715 vobi
3322 1698 3323 1701 η
3350 1671 3450 1714 est.
3474 1687 3542 1701 --

1975 1750 2487 1820 Murmxvmﬂ-D;
2526 1753 2697 1807 Mane.
2727 1768 2803 1819 ix,
2838 1752 3038 1817 41—48;
3072 1751 3200 1807 Luc.
3238 1767 3366 1818 xvu,
3404 1752 3453 1814 1,
3488 1752 3542 1806 2.

294 1871 468 1926 monti
503 1873 667 1927 huic:
703 1872 896 1928 Transi
924 1872 1067 1939 hinc,
1100 1883 1158 1929 et
1184 1874 1434 1929 transibit
1466 1892 1480 1928 :
1514 1885 1566 1929 et
1591 1874 1724 1939 nihil
1768 1875 1869 1929 im-

1978 1844 2068 1900 γε
2133 1846 2331 1902 mundo
2383 1848 2449 1903 ab
2499 1847 2786 1902 scandalis.
2855 1847 3087 1902 Necesse
3147 1856 3229 1902 est
3283 1848 3422 1902 enim
3488 1859 3546 1902 ut

296 1963 551 2031 possibile
590 1964 694 2019 erit
718 1965 893 2020 vobis.
926 1964 1038 2020 Hoc
1064 1974 1243 2020 autem
1271 1980 1440 2036 genus
1486 1966 1873 2023 dmmoniorum

296 2069 404 2108 non
431 2054 664 2123 ejicitur,
688 2054 795 2111 nisi
824 2069 920 2124 per
942 2058 1239 2111 orationem
1270 2064 1326 2112 et
1347 2056 1635 2127 jejunium.

864 2167 1090 2225 CAPUT
1127 2167 1310 2224 XCIII.

296 2255 450 2330 Iesus
480 2255 544 2310 de
583 2258 817 2322 passione
860 2275 955 2311 sua
1000 2259 1266 2330 discipulis
1294 2249 1557 2328 patefacit,
1587 2270 1637 2315 et
1676 2262 1727 2315 in
1770 2262 1873 2316 Ca-

365 2328 654 2401 pharnaum
692 2343 785 2396 pro
824 2344 876 2381 se
913 2338 960 2382 et
1003 2327 1160 2382 Petro
1203 2327 1507 2383 didrachma
1552 2334 1875 2401 capacioribus

367 2396 612 2449 reddidit.

334 2508 548 2562 Hann.
580 2523 707 2572 xvii,
729 2507 927 2573 2l—26;
952 2508 1122 2583 Muto.
1153 2526 1229 2575 ιι,
1253 2511 1352 2577 30,
1380 2512 1477 2577 δίς
1515 2511 1643 2567 Luc.
1672 2529 1746 2579 ιι,
1778 2514 1868 2581 Η,

296 2597 390 2651 65.
433 2598 882 2654 Conversantibus
932 2610 1106 2654 autem
1137 2601 1216 2655 eis
1246 2602 1298 2654 in
1339 2601 1578 2673 Galilaza,
1608 2604 1740 2658 dixit
1770 2604 1875 2660 illis

297 2685 456 2741 Iesus
481 2704 496 2741 :
528 2687 696 2742 Filius
723 2687 957 2743 hominis
987 2690 1277 2745 tradendus
1306 2699 1387 2745 est
1407 2692 1457 2746 in
1482 2707 1670 2747 manus
1698 2693 1872 2748 homi-

299 2793 449 2843 num,
484 2787 538 2833 et
578 2779 826 2834 occident
852 2794 998 2846 eum,
1040 2790 1094 2836 et
1125 2782 1276 2837 tertia
1304 2782 1390 2837 die
1418 2793 1678 2854 resurget.
1704 2788 1771 2838 At
1796 2786 1873 2839 illi

299 2868 621 2937 ignorabant
644 2870 889 2938 verbum,
919 2881 973 2928 et
1005 2873 1262 2929 timebant
1289 2889 1409 2929 eum
1435 2874 1786 2946 interrogare.
1810 2878 1874 2932 Et

296 2959 597 3013 contristati
631 2971 754 3015 sunt
798 2963 1163 3019 vehementer.
1212 2965 1423 3020 Etcum
1456 2967 1729 3021 venissent
1773 2966 1878 3021 Ca-

303 3049 628 3118 pharnaum,
653 3063 992 3109 accesserunt
1015 3055 1103 3125 qui
1129 3054 1441 3111 didrachma
1459 3058 1639 3127 accipi-
1662 3059 1787 3114 bant
1808 3060 1873 3114 ad

298 3143 536 3207 Petrum,
585 3154 640 3199 et
670 3144 993 3201 dixerunt'ei
1026 3163 1039 3199 :
1070 3146 1319 3217 Magister
1347 3158 1523 3205 vester
1570 3165 1673 3204 non
1709 3151 1873 3207 solvit

1978 1939 2197 1995 veniant
2258 1941 2562 1997 scandala:
2618 1954 2984 1997 verumtamen
3051 1956 3132 1995 vae
3202 1942 3401 1996 homini
3456 1958 3549 2011 per

1976 2045 2134 2099 quem
2182 2031 2492 2086 scandalum
2527 2033 2693 2087 venit.
2728 2032 2785 2089 Si
2838 2044 3016 2086 autem
3070 2048 3259 2087 manus
3309 2042 3417 2099 tua,
3468 2035 3547 2087 vel

1890 2156 1909 2169 ηρ
1975 2136 2071 2191 pes
2098 2132 2220 2177 tuus
2246 2124 2570 2180 scandalizat
2596 2134 2667 2191 te,
2695 2125 2950 2179 abscinde
2979 2140 3123 2189 eum,
3154 2134 3205 2177 et
3235 2124 3432 2193 projice
3454 2124 3549 2176 alis

1977 2223 2030 2271 te
2054 2232 2069 2273 :
2098 2216 2295 2271 bonum
2324 2218 2416 2272 tibi
2438 2226 2519 2272 est
2539 2218 2602 2272 ad
2630 2218 2793 2272 vitam
2817 2217 3023 2288 ingredi
3043 2218 3269 2272 debilem
3298 2218 3379 2271 vel
3409 2218 3550 2270 cian-

1975 2303 2124 2368 dum,
2171 2320 2328 2375 quam
2357 2306 2491 2361 duas
2520 2322 2709 2361 manus
2750 2309 2833 2362 vel
2868 2309 3003 2363 duos
3045 2308 3209 2377 pedes
3242 2308 3546 2367 habentem,

1976 2397 2116 2452 mitti
2143 2398 2197 2452 in
2243 2398 2415 2468 ignem
2446 2411 2725 2455 aeternum.
2761 2401 2829 2453 Et
2854 2400 2898 2454 si
2924 2399 3109 2454 oculus
3134 2409 3255 2453 tuus
3280 2400 3548 2453 scandali-

1976 2499 2063 2543 zat
2088 2499 2157 2556 te,
2192 2507 2321 2547 erue
2348 2506 2491 2557 eum,
2521 2500 2575 2546 et
2607 2492 2808 2561 projice
2833 2492 2930 2546 abs
2972 2502 3023 2546 te
3052 2511 3064 2545 :
3098 2494 3294 2547 bonum
3340 2492 3433 2545 tibi
3467 2501 3550 2545 ρμι

1980 2582 2184 2637 luscum
2216 2584 2270 2638 in
2310 2586 2471 2639 vitam
2504 2585 2725 2653 intrare,
2756 2601 2915 2655 quam
2965 2587 3099 2641 duos
3128 2589 3311 2642 oculos
3341 2589 3546 2644 haben-

1976 2683 2106 2737 tem,
2136 2674 2269 2728 mittl
2294 2674 2346 2729 in
2373 2678 2667 2745 gehennam
2692 2676 2830 2746 ignis
2854 2695 2866 2730 :
2899 2677 2984 2732 ubi
3009 2681 3205 2734 vermis
3231 2693 3417 2735 eorum
3443 2695 3548 2736 non

1978 2766 2221 2834 moritur,
2246 2774 2301 2822 et
2323 2767 2457 2837 ignis
2479 2782 2583 2822 non
2612 2772 2984 2841 exstinguitur.
3011 2772 3195 2826 Omnis
3218 2774 3362 2829 enim
3386 2773 3547 2830 homo

1977 2857 2097 2927 igne
2126 2858 2368 2927 salietur,
2397 2873 2449 2916 et
2478 2862 2652 2916 omnis
2677 2862 2890 2917 victima
2920 2865 3144 2921 salictur
3170 2865 3220 2921 δ.

2501 3024 2507 3031 .
2540 2974 2764 3030 CAPUT
2795 2973 2974 3033 XCVI.

1978 3059 2091 3114 Nos
2115 3078 2239 3143 non.
2257 3063 2787 3145 debere-contemnere
2814 3084 2983 3145 miunt
2998 3060 3291 3145 de‘pusillis
3313 3089 3332 3127 :
3354 3075 3547 3145 adjun-

2047 3149 2169 3201 gens
2195 3132 2588 3197 similitudinem
2622 3136 2687 3188 de
2714 3152 2803 3189 ove
2837 3138 3037 3208 perdita
3059 3132 3104 3192 et
3135 3141 3199 3195 de
3224 3132 3543 3201 draclm'tate.

297 3232 648 3287 didrachma?
677 3234 766 3288 Ait
796 3253 808 3289 :
842 3235 1032 3317 Etiam.
1068 3236 1280 3292 Etcum
1330 3239 1582 3294 intrasset
1628 3242 1869 3307 domum,

1976 3243 1980 3249 ·
2023 3223 2397 3288 Μλττιι.ινιιι,
2428 3226 2623 3291 10.14;
2648 3226 2782 3313 ἰδιιις.⁸
2808 3243 2901 3291 xv,
2934 3230 3085 3285 5-10.
3115 3231 3301 3289 Videte
3320 3250 3386 3289 ne
3412 3252 3546 3292 con-

300 3324 553 3390 pra'venit
586 3340 707 3379 eum
737 3326 922 3391 Jesus,
970 3328 1155 3384 dicens
1186 3346 1200 3383 :
1233 3329 1368 3398 Quid
1401 3331 1495 3385 tibi
1523 3332 1759 3397 videtur,
1790 3335 1873 3390 Si-

300 3417 466 3469 mon?
510 3414 679 3486 Reges
721 3427 879 3472 teme
909 3433 938 3472 a
978 3419 1170 3487 quibus
1201 3421 1473 3491 accipiunt
1501 3423 1755 3478 tributum
1787 3425 1871 3479 vel

299 3507 553 3560 censum?
578 3521 608 3559 a
641 3506 762 3562 ﬁliis
789 3509 923 3575 suis,
952 3525 1016 3564 an
1039 3511 1107 3565 ab
1132 3512 1358 3567 alienis?
1384 3514 1450 3569 Et
1472 3512 1563 3568 ille
1586 3515 1713 3569 dixit
1747 3534 1759 3568 :
1792 3516 1873 3570 Ab

301 3595 511 3650 alienis.
538 3596 681 3651 Dixit
712 3598 785 3653 illi
812 3598 967 3654 Jesus
994 3618 1005 3652 :
1037 3600 1182 3670 Ergo
1213 3603 1367 3658 liberi
1399 3615 1520 3658 sunt
1546 3604 1658 3660 lilii.
1692 3606 1755 3661 Ut
1779 3622 1871 3661 an-

304 3693 406 3737 tem
438 3701 544 3738 non
575 3689 995 3743 scandalizemus
1021 3705 1136 3757 eos,
1170 3692 1303 3748 vade
1326 3695 1392 3748 ad
1437 3709 1608 3761 mare,
1639 3705 1691 3750 et
1720 3698 1872 3755 mitte

304 3775 512 3829 hamum
537 3794 551 3829 :
573 3787 629 3832 et
649 3792 769 3832 eum
794 3780 994 3848 piscem
1022 3782 1108 3850 qui
1133 3782 1332 3850 primus
1354 3785 1679 3843 ascenderit.
1708 3788 1870 3856 tolle;

302 3876 562 3935 etaperto
582 3882 679 3923 ore
705 3866 842 3937 ejus,
870 3870 1109 3925 invenies
1129 3881 1381 3927 staterem
1411 3891 1424 3927 :
1459 3874 1604 3928 illum
1627 3891 1868 3945 sumens,

302 3956 362 4010 da
382 3961 462 4013 eis
489 3972 585 4026 pro
615 3973 709 4019 me
724 3969 777 4013 et
805 3969 881 4014 te.

860 4065 1086 4124 CAPUT
1122 4069 1302 4127 XCIV.

307 4152 651 4236 Interrogatus
679 4155 836 4236 Iesus
873 4172 917 4236 ᾳ
936 4161 1203 4236 discipulis
1234 4162 1340 4236 suis
1369 4164 1482 4231 quis
1511 4167 1674 4236 major
1704 4167 1796 4219 erit
1820 4168 1871 4220 in
1935 4200 1943 4208 .

367 4242 524 4304 regno
552 4227 838 4304 striarum?
880 4227 1083 4304 instruft
1113 4248 1196 4285 eos
1225 4232 1302 4285 his
1332 4227 1669 4304 eientplis'ut
1696 4235 1871 4290 humi-

370 4296 489 4349 lient
514 4312 567 4350 se
593 4299 727 4351 sicut
754 4300 1016 4367 parvulus.

337 4407 543 4461 διλττιι.
577 4423 726 4473 xvnt,
761 4410 892 4473 1-6;
926 4410 1101 4466 Haec.
1132 4426 1214 4479 ix,
1243 4412 1444 4479 52-56;
1492 4413 1620 4468 Luc.
1662 4430 1737 4480 ιι,
1770 4415 1871 4469 46-

308 4495 392 4550 48.
421 4498 472 4552 In
516 4500 605 4553 illa
637 4500 767 4555 hora
804 4515 924 4557 cum
952 4502 1096 4557 domi
1145 4514 1310 4571 esset,
1338 4506 1703 4575 interrogabat
1733 4521 1829 4562 eos
1856 4524 1868 4560 :

1977 3315 2225 3367 temnatis
2256 3330 2419 3369 unum
2441 3330 2506 3370 ex
2537 3316 2616 3370 his
2645 3298 2849 3386 pusillis
2875 3335 2887 3371 :
2912 3320 3033 3375 dico
3057 3323 3199 3378 enim
3224 3325 3395 3392 vobis,
3418 3330 3542 3397 quia

1974 3405 2150 3472 angeli
2184 3419 2370 3459 eorum
2392 3406 2465 3461 in
2512 3409 2664 3463 cmlis
2695 3425 2911 3479 semper
2936 3414 3118 3469 vident
3157 3416 3341 3471 [aciem
3375 3419 3549 3477 Patris

1973 3497 2101 3561 mei,
2132 3497 2220 3565 qui
2249 3499 2302 3552 in
2324 3500 2476 3555 ctelis
2506 3510 2607 3555 est.
2635 3501 2793 3558 Venit
2821 3505 2964 3559 enim
2994 3505 3162 3562 Filius
3187 3509 3416 3566 hominis
3440 3514 3545 3566 sal-

1973 3603 2098 3641 vare
2123 3590 2264 3659 quod
2299 3593 2550 3658 perierat.
2585 3595 2650 3648 Et
2676 3593 2752 3649 ait
2782 3595 2847 3649 ad
2879 3596 3002 3652 illos
3035 3599 3337 3668 parabolam
3363 3603 3545 3667 istam,

1972 3678 2196 3735 dicens:
2228 3682 2363 3749 Quid
2395 3684 2544 3738 vobis
2572 3684 2814 3740 videtur?
2841 3688 2894 3742 Si
2928 3687 3126 3743 fuerint
3151 3691 3305 3746 alicui
3329 3706 3543 3751 centum

1973 3783 2122 3834 oves,
2153 3781 2209 3827 et
2227 3783 2437 3829 erraret.
2465 3790 2567 3828 una
2595 3791 2659 3829 ex
2690 3779 2788 3840 eis,
2819 3792 2997 3835 nonne
3028 3781 3355 3851 relinqueret
3377 3801 3542 3841 nona-

1973 3861 2116 3931 ginta
2152 3877 2343 3918 novem
2374 3865 2424 3919 in
2470 3866 2740 3921 montibus
2772 3872 2853 3922 vel
2897 3870 2949 3922 in
2979 3870 3213 3936 deserto,
3244 3881 3299 3928 et
3328 3877 3551 3934 vaderet

1976 3967 2093 4007 eam
2122 3967 2364 4022 qua-rere
2414 3970 2532 4024 qute
2577 3957 2815 4011 erravit?
2840 3958 2908 4012 Et
2933 3959 2979 4012 si
3000 3961 3281 4029 coiitigerit
3307 3974 3367 4019 ut
3398 3967 3548 4024 inve-

1977 4044 2089 4097 niat
2128 4058 2267 4110 eam,
2297 4044 2522 4113 imponit
2553 4045 2604 4098 in
2635 4046 2889 4102 humerus
2917 4063 3043 4103 suos
3072 4051 3347 4119 gaudens:
3375 4065 3428 4111 et
3456 4073 3546 4112 ve-

1979 4136 2131 4187 niens
2157 4134 2393 4198 domum,
2426 4143 2689 4190 convocat
2729 4137 2931 4193 amicos
2956 4149 3013 4193 et
3035 4141 3241 4197 vicinos
3270 4144 3454 4201 dicens
3484 4147 3549 4202 ιι.

1978 4226 2043 4281 lis
2070 4244 2084 4279 :
2109 4226 2563 4295 Congratulamini
2596 4226 2746 4295 mihi,
2780 4231 2902 4299 quia
2952 4232 3131 4287 inveni
3171 4248 3325 4288 ovem
3374 4252 3547 4292 meam

1977 4334 2097 4387 quae
2128 4321 2377 4389 perierat.
2411 4320 2578 4374 Amen
2607 4319 2727 4374 dico
2748 4320 2925 4388 vobis,
2960 4324 3080 4393 quia
3112 4325 3360 4393 gaudebit
3387 4342 3550 4396 super

1976 4423 2091 4461 eam
2134 4408 2301 4477 magis
2330 4423 2488 4478 quam
2521 4422 2685 4475 super
2719 4411 3008 4483 nonaginta
3056 4428 3247 4468 novem
3294 4431 3413 4484 qua:
3442 4432 3548 4472 non

1975 4507 2317 4562 erraveru.:t,
2350 4507 2405 4552 et
2445 4513 2549 4551 non
2584 4497 2823 4570 indigent
2853 4502 3186 4571 pmnltentia.
3215 4503 3303 4558 Sic
3330 4521 3435 4560 non
3463 4519 3547 4562 est

310 4584 437 4652 Quid
475 4589 527 4643 in
558 4591 642 4645 via
694 4592 1043 4649 tractabatis?
1074 4595 1141 4648 At
1183 4594 1258 4648 illi
1288 4597 1529 4651 tacebant
1558 4615 1570 4647 :
1604 4597 1867 4666 siquidem
1900 4602 1947 4660 l)
1981 4592 2229 4644 VO'ﬂnlaS
2261 4599 2387 4666 3an
2417 4590 2632 4647 Palmm
2665 4601 2899 4648 νεδῑΐυηι
2932 4594 3021 4662 ιιιιί
3066 4595 3116 4648 in
3161 4596 3316 4650 εωιίε
3342 4605 3447 4660 οδίν
3494 4608 3553 4652 υῐ

313 4676 440 4731 inter
466 4694 522 4733 se
545 4681 597 4734 in
629 4680 712 4734 via
744 4681 1087 4750 disputabant
1109 4687 1229 4752 quis
1251 4685 1461 4739 illorum
1491 4697 1637 4740 esset
1660 4686 1870 4757 major?

314 4764 370 4818 Et
410 4782 744 4825 accesserunt
772 4774 1019 4843 discipuli
1066 4776 1133 4829 ad
1172 4776 1373 4841 Jesum,
1421 4779 1708 4835 dicentes:
1740 4781 1870 4847 Quis

312 4866 454 4922 putas
480 4859 647 4927 major
672 4871 755 4916 est
785 4863 835 4916 in
863 4878 1028 4932 regno
1053 4866 1348 4920 cmlorum?
1392 4868 1455 4921 Et
1492 4868 1758 4924 advocans
1783 4870 1872 4925 Je-

312 4958 396 4999 sus
423 4954 713 5017 parvulum,
738 4954 919 5007 statuit
946 4970 1068 5009 eum
1097 4957 1147 5008 in
1177 4957 1350 5011 mediu
1376 4973 1585 5025 eorum,
1612 4968 1667 5014 et
1694 4960 1829 5016 dixit
1855 4976 1869 5014 :

312 5035 469 5093 Amen
489 5042 608 5096 dico
629 5043 781 5097 vobis
798 5085 812 5110 ,
837 5045 938 5099 nisi
960 5048 1206 5101 conversi
1238 5049 1463 5114 fueritis,
1488 5062 1539 5105 et
1563 5051 1867 5106 eiliciamini

314 5127 436 5181 sicut
476 5132 700 5201 parvuli,
752 5149 859 5187 non
906 5135 1174 5192 intrabitis
1223 5138 1278 5192 in
1334 5154 1553 5209 regnum
1582 5143 1862 5196 emluruui.

313 5214 602 5291 Quicunque
633 5237 762 5292 ergo
791 5221 1153 5279 humiliaverit
1180 5241 1240 5282 se
1269 5227 1402 5281 sit-ut
1452 5231 1704 5295 parvulus
1740 5231 1863 5295 iste.

315 5302 389 5360 hic
428 5322 506 5364 est
530 5313 705 5378 major
737 5314 788 5366 in
830 5329 996 5385 regno
1028 5315 1307 5372 cmlorum.
1342 5318 1397 5373 Si
1439 5318 1558 5387 quis
1603 5320 1712 5373 vult
1748 5336 1868 5375 esse

316 5398 467 5469 major
491 5411 539 5467 ⁸,
565 5403 671 5457 erit
696 5406 935 5459 amnium
968 5407 1310 5472 novissimus,
1341 5420 1392 5465 et
1432 5413 1670 5465 omnium
1706 5412 1865 5466 mini-

318 5498 427 5545 ster.
460 5494 522 5549 Et
548 5493 642 5567 qui
670 5499 967 5567 susceperit
998 5515 1160 5553 unum
1193 5502 1468 5567 parvulum
1496 5503 1654 5557 talem
1689 5504 1739 5557 in
1774 5520 1868 5559 no-

374 5669 398 5696 ⁸·
426 5661 596 5737 Ῡςιιεη
626 5666 843 5734 primus,
879 5671 1039 5725 Marc.
1072 5687 1144 5737 ιι,
1177 5673 1244 5727 δι
1274 5692 1285 5726 :
1320 5675 1458 5730 unde
1492 5676 1602 5730 huic
1641 5678 1856 5732 desum-

319 5737 413 5802 pta.
440 5732 796 5802 Neriue'aliter
823 5738 916 5793 Gr.

377 5798 623 5862 δυοιιίωι
646 5805 784 5863 istud
814 5809 974 5864 Marc.
994 5826 1069 5875 ιι,
1095 5812 1183 5879 48,
1211 5814 1278 5868 ita
1303 5814 1352 5867 iti
1378 5812 1578 5870 Gnecis
1603 5816 1852 5871 elIertur:

1979 4687 2161 4748 pereat
2208 4664 2349 4733 unus
2373 4680 2441 4734 de
2488 4682 2693 4749 pusillis
2736 4681 2892 4737 istis:
2923 4693 3015 4755 aut
3043 4699 3162 4753 quae
3205 4685 3395 4739 mu‘ier
3446 4688 3545 4739 ha-

1978 4773 2109 4825 bens
2127 4771 2411 4827 drachmas
2431 4775 2637 4838 decem,
2661 4775 2705 4828 si
2730 4776 3021 4843 perdiderit
3036 4777 3340 4830 drachmam
3364 4794 3543 4843 unam,

1977 4879 2156 4918 nonne
2196 4866 2443 4919 accendit
2487 4866 2791 4929 lucernam,
2842 4876 2897 4920 et
2943 4868 3142 4919 everrit
3194 4867 3441 4935 domum,
3494 4881 3547 4924 (ι

1975 4957 2167 5024 qurerit
2198 4957 2503 5026 diligenter,
2536 4957 2706 5011 donec
2738 4957 3015 5010 inveniat?
3044 4956 3110 5009 Et
3155 4972 3275 5010 eum
3324 4959 3547 5016 invene-

1977 5049 2068 5109 rit,
2094 5056 2354 5102 convocat
2383 5048 2585 5100 amicas
2617 5055 2673 5100 et
2696 5046 2898 5099 vicinas
2926 5044 3115 5098 dicens
3144 5062 3158 5099 ε
3192 5045 3544 5116 Congratula-

1977 5140 2105 5193 mini
2134 5138 2284 5198 mihi,
2309 5138 2434 5205 quia
2460 5136 2635 5189 inveni
2665 5134 2976 5189 drachmam
2998 5151 3154 5203 quant
3185 5140 3546 5205 perdideram.

1976 5231 2048 5285 Ita
2080 5230 2201 5284 dico
2223 5229 2392 5292 vobis,
2421 5227 2668 5297 gaudium
2693 5228 2793 5281 erit
2822 5242 3002 5283 coram
3030 5231 3230 5301 angelis
3256 5229 3362 5287 Dei
3378 5249 3540 5302 super

1979 5336 2086 5375 uno
2134 5331 2414 5387 peccatore
2462 5316 2833 5387 pmnitentiam
2893 5330 3121 5389 agente,
3177 5336 3335 5390 quam
3380 5338 3541 5390 supra

1980 5413 2262 5482 nonaginta
2321 5426 2510 5467 novem
2561 5410 2722 5481 justis
2774 5416 2863 5483 qui
2919 5428 3023 5467 nun
3078 5413 3317 5483 indigent
3364 5415 3537 5482 pumi-

1979 5506 2162 5560 tentia.

1969 5688 2071 5741 ιιᾶς
2092 5684 2702 5759 γάρΑπυρὶνὰὴᾳθήσιξται,
2730 5689 2815 5740 καὶ
2837 5691 2984 5759 πᾷσα
3003 5687 3153 5741 θυσία
3180 5686 3259 5741 ἄιλί
3280 5685 3542 5746 Mlier-

1966 5774 2071 5872 ταΙι.
2115 5756 2295 5873 iulg,
2317 5756 2493 5809 Omnis
2517 5757 2649 5811 enim
2672 5757 2786 5825 igne
2812 5756 3041 5822 salietur,
3066 5767 3111 5809 et
3143 5759 3305 5812 omnis
3337 5759 3541 5811 victima

1966 5838 2021 5872 sa
2046 5837 2073 5873 e
2100 5840 2154 5875 δτι
2183 5833 2335 5877 natur.
2532 5842 2537 5847 '

2100 5840 2335 5879 δίιιιειιιτ.
2532 5842 2537 5847 ⁷
