4026 6196
418 528 439 637 i

402 846 420 873 Ι

456 318 566 377 303

1010 433 1235 490 CAPUT
1276 433 1483 490 XCVII.

654 523 727 579 De
756 523 862 591 ﬁlio
896 524 982 591 qui
1012 524 1349 579 substantiam
1380 525 1540 594 patris
1572 524 1845 579 devoravit.

535 615 665 673 an.
696 629 785 679 xv,
820 613 1004 668 "-52.
1037 615 1126 669 Ait
1152 627 1329 670 autem
1363 632 1375 668 :
1411 615 1581 671 Homo
1603 615 1817 685 quidam
1851 613 2037 669 habuit

466 708 597 765 duos
624 706 794 769 ﬁlios;
825 715 879 760 et
906 705 1046 759 dixit
1071 705 1463 760 adolescentior
1502 710 1521 729 ‘
1542 705 1677 774 patri
1708 720 1720 757 :
1758 704 1938 768 Pater,
1970 703 2037 757 da

472 796 600 850 mibi
628 793 925 862 portionem
959 793 1274 848 substantiae
1303 809 1420 862 qua:
1448 808 1533 848 me
1560 793 1841 863 contingit.
1876 794 1940 847 Et
1961 792 2043 847 di-

464 887 593 941 visit
614 885 719 938 illis
748 883 1117 937 substantiam.
1152 883 1219 938 Et
1246 900 1349 937 non
1382 894 1502 953 post
1532 884 1725 938 multos
1751 884 1889 949 dies,
1914 899 2043 938 con-

467 977 700 1044 gregatis
727 974 975 1029 omnibus
1000 1015 1014 1040 ,
1049 974 1445 1030 adolescentior
1471 974 1611 1029 filius
1655 989 1878 1043 peregre
1919 989 2043 1044 pro-

470 1064 640 1119 fectus
673 1074 753 1118 est
783 1063 837 1116 in
869 1063 1142 1132 regionem
1168 1061 1549 1132 longinquam;
1582 1072 1636 1118 et
1660 1062 1731 1117 ibi
1763 1062 2043 1130 dissipavit

469 1153 823 1207 substantiam
858 1167 1007 1206 suam
1050 1152 1282 1207 vivendo
1333 1152 1627 1207 luxuriose.
1664 1152 1731 1206 Et
1764 1165 2041 1223 postquam

477 1242 656 1296 omnia
687 1242 1127 1311 consumpsisset,
1167 1240 1304 1295 facta
1336 1252 1419 1297 est
1466 1242 1630 1296 fames
1675 1242 1848 1296 valida
1877 1243 1928 1296 in
1959 1256 2044 1297 re-

468 1331 625 1400 gione
663 1332 775 1385 illa.
810 1332 875 1386 Et
912 1333 1026 1401 ipse
1065 1332 1225 1400 carpit
1254 1346 1435 1402 egere.
1469 1331 1533 1386 Et
1558 1332 1707 1399 abiit,
1740 1342 1794 1387 et
1820 1333 2047 1389 adbzesit

465 1426 558 1478 uni
588 1425 781 1478 civium
834 1424 1067 1493 regionis
1119 1424 1263 1477 illius
1291 1440 1303 1475 :
1338 1432 1392 1478 et
1426 1423 1572 1477 misit
1603 1424 1751 1477 illum
1780 1425 1833 1477 in
1865 1424 2044 1479 villam

466 1532 642 1581 suam,
677 1524 734 1571 ut
762 1525 1005 1582 pasceret
1035 1530 1243 1583 porcos.
1282 1515 1346 1569 Et
1387 1515 1634 1585 cupiebat
1667 1516 1890 1585 implere
1914 1530 2045 1569 ven-

477 1622 614 1662 trem
662 1621 818 1661 suum
861 1606 927 1660 de
955 1606 997 1658 si
1023 1605 1158 1674 iquis
1186 1618 1316 1674 quas
1346 1606 1490 1672 porci
1523 1604 1941 1681 manducabant;
1992 1616 2045 1657 et

472 1715 631 1756 nemo
666 1698 741 1752 illi
788 1699 967 1752 dabat.
1003 1698 1119 1766 Ipse
1164 1708 1339 1751 autem
1372 1697 1424 1751 in
1460 1711 1519 1751 se
1571 1712 1843 1759 reversus,
1875 1697 2043 1749 dixit:

1595 317 1897 374 VICTORIS
1939 313 2240 373 EPISCOI’I
2278 313 2576 370 CAIUANI

2068 439 2115 494 Α
2145 445 2357 499 cunque
2390 428 2739 499 alligaveriiis
2770 442 2928 495 super
2959 436 3178 495 terram,
3212 439 3369 486 erunt
3402 428 3563 501 ligata
3590 441 3641 486 et
3668 432 3716 485 in

3615 314 3716 369 ωδ

2142 522 2283 576 ctelo
2313 537 2325 574 :
2361 531 2413 574 et
2439 534 2766 590 quzecunque
2797 519 3063 574 solveritis
3116 535 3277 588 super
3306 528 3528 583 terram,
3562 533 3715 575 erunt

2140 612 2314 666 soluta
2346 625 2399 667 ct
2427 611 2480 665 in
2503 610 2660 665 cmlo.
2694 610 2886 665 Iterum
2918 610 3037 663 dico
3064 610 3214 665 vobis
3248 629 3259 663 :
3296 611 3419 680 quia
3451 610 3496 665 si
3523 611 3626 664 duo
3657 628 3717 664 ex

2140 702 2291 756 vobis
2334 701 2704 757 consenserint
2748 713 2911 767 super
2936 708 3155 764 terram,
3185 699 3250 753 de
3276 700 3421 753 omni
3452 714 3509 753 re
3529 715 3716 768 quam-

2142 806 2354 860 cunque
2383 790 2656 865 petierint,
2707 788 2798 843 fiet
2828 789 2933 842 illis
2960 804 2990 842 a
3025 790 3180 844 Patre
3209 804 3329 843 meo
3371 789 3459 858 qui
3492 789 3543 843 in
3572 789 3720 844 cretis

2143 894 2247 936 est.
2279 880 2377 936 Ubi
2404 882 2545 934 enim
2573 887 2696 932 sunt
2724 879 2829 932 duo
2854 879 2934 932 vel
2962 889 3072 933 tres
3095 880 3398 948 congregati
3426 880 3477 933 in
3508 881 3721 933 neruine

2144 987 2285 1034 meo,
2309 970 2378 1024 ibi
2402 986 2516 1024 sum
2542 970 2593 1024 in
2619 968 2793 1023 medio
2818 984 3023 1023 eorum.
3047 969 3198 1023 Tunc
3220 969 3482 1023 accedens
3509 970 3573 1023 ad
3601 985 3724 1025 eum

2146 1062 2354 1127 Petrus,
2386 1059 2520 1114 dixit
2547 1079 2558 1111 :
2594 1050 2833 1125 Domine,
2856 1061 3062 1129 quoties
3087 1061 3388 1130 peccaverit
3421 1061 3473 1114 in
3507 1076 3593 1115 tne
3621 1061 3720 1115 Ira.

2146 1160 2226 1204 ter
2254 1166 2424 1215 meus,
2456 1158 2509 1203 et
2542 1149 2808 1202 dimittam
2840 1149 2888 1205 ei
2917 1148 3133 1219 iusque
3172 1150 3372 1219 septies
3400 1150 3422 1202 ?
3458 1150 3594 1204 Dicit
3642 1148 3719 1205 illi

2145 1239 2300 1295 Jesus
2334 1258 2346 1293 :
2380 1239 2495 1292 Non
2542 1239 2660 1293 dico
2690 1239 2787 1294 tibi
2838 1253 3006 1309 usque
3035 1239 3255 1308 septies,
3308 1239 3402 1295 Sed
3433 1254 3603 1309 usque
3633 1254 3719 1291 ar

2148 1332 2389 1403 ptuagies
2414 1330 2633 1400 septies.

2713 1468 2938 1527 CAPUT
2972 1468 3153 1523 XCIX.

2152 1560 2451 1616 Similitudo
2478 1560 2540 1614 de
2558 1576 2672 1629 rege
2691 1562 2775 1629 qui
2802 1561 2968 1632 posuit
2997 1562 3246 1614 rationem
3270 1574 3388 1615 cum
3411 1562 3566 1616 servis
3594 1564 3719 1616 suis.

2223 1700 2437 1754 illum.
2473 1714 2623 1764 xvtu,
2656 1699 2843 1779 25-35.
2867 1699 2991 1753 Ideo
3019 1700 3369 1755 assimilatum
3394 1710 3478 1757 est
3504 1717 3724 1769 regnum

472 1798 669 1868 Quanti
699 1793 1017 1849 mercenarii
1050 1794 1100 1846 in
1132 1792 1292 1846 domo
1325 1792 1492 1861 patris
1522 1791 1625 1845 mei
1652 1790 1923 1846 abundant
1954 1804 2045 1857 pa-
2081 1801 2123 1859 Β
2152 1792 2408 1846 cmlorum
2442 1789 2646 1845 homini
2698 1790 2807 1860 regi
2865 1789 2953 1859 qui
3000 1790 3167 1844 voluit
3218 1790 3476 1845 rationem
3526 1808 3729 1862 ponere

482 1887 677 1949 uibusl
705 1900 802 1955 ego
829 1892 1003 1938 autem
1030 1883 1116 1938 hic
1146 1884 1284 1939 fame
1315 1898 1495 1954 pereo.
1528 1883 1773 1953 Surgam,
1799 1892 1853 1938 et
1876 1881 2046 1937 ibuad

470 1958 892 2045 patrem'meum,
913 1974 1149 2029 etdieam
1173 1975 1246 2029 illi
1270 1994 1282 2028 :
1302 1975 1481 2042 Pater,
1500 1974 1713 2046 peccavi
1733 1974 1787 2028 in
1826 1974 2044 2036 cm'um,

471 2078 532 2121 et
572 2083 754 2124 coram
787 2076 859 2122 te.
906 2068 967 2120 Et
992 2066 1101 2134 jam
1135 2082 1240 2120 non
1293 2081 1409 2121 sum
1452 2067 1645 2136 dignus
1676 2065 1856 2121 vocari
1908 2064 2047 2119 filius

474 2169 598 2215 tuus
628 2178 641 2213 :
678 2161 757 2213 fac
812 2174 897 2213 me
926 2158 1062 2211 sicut
1112 2173 1276 2213 unum
1307 2173 1376 2213 ex
1419 2157 1769 2212 mercenariis
1821 2157 1946 2212 tuis.
1978 2156 2046 2211 Et

476 2266 721 2323 surgens,
761 2251 907 2305 venit
949 2249 1014 2302 ad
1049 2259 1253 2316 patrem
1286 2262 1461 2303 suum.
1492 2248 1624 2304 Cum
1657 2257 1834 2302 autem
1878 2248 2054 2302 adlmc

480 2349 634 2418 longe
671 2354 836 2413 esset,
866 2343 999 2398 vidit
1029 2344 1178 2398 illum
1208 2353 1362 2413 pater
1406 2342 1570 2409 illius,
1600 2351 1653 2397 et
1684 2341 2053 2397 misericordia

478 2450 653 2495 motus
681 2447 781 2494 est.
813 2439 877 2493 Et
903 2453 1107 2493 accurri
1128 2451 1212 2501 ns,
1255 2437 1447 2491 cecidit
1485 2451 1641 2503 supra
1670 2435 1867 2490 collum
1912 2434 2049 2505 ejus,

477 2540 532 2585 et
562 2529 830 2585 osculatus
857 2538 937 2583 est
966 2544 1107 2581 eum.
1145 2528 1393 2595 Dix'tque
1421 2527 1469 2580 ei
1505 2527 1642 2581 filius
1671 2542 1684 2579 :
1718 2526 1895 2589 Pater,
1930 2536 2056 2592 pee-

478 2624 592 2680 Cavi
639 2622 692 2677 in
720 2622 935 2687 caelum,
966 2629 1021 2675 et
1066 2634 1245 2674 coram
1290 2629 1340 2673 te
1373 2638 1387 2673 :
1417 2618 1527 2688 jam
1556 2634 1665 2673 non
1714 2631 1830 2672 sum
1864 2617 2056 2685 dignus

480 2714 655 2767 vocari
686 2712 826 2766 filius
857 2721 997 2765 tuus.
1030 2711 1171 2764 Dixit
1196 2720 1371 2763 autem
1396 2719 1545 2778 pater
1575 2708 1638 2762 ad
1665 2721 1851 2763 servus
1880 2720 2010 2761 suos
2040 2723 2053 2758 :

480 2805 597 2858 Cito
628 2803 858 2873 proferte
915 2802 1106 2857 stolam
1162 2803 1411 2869 primam,
1443 2811 1499 2854 et
1546 2800 1748 2854 induite
1784 2799 1956 2868 illum,
2001 2806 2055 2852 et

479 2894 604 2947 date
632 2891 883 2945 annulum
914 2890 964 2943 in
998 2904 1214 2942 manum
1247 2888 1384 2958 ejus.
1420 2897 1475 2943 et
1495 2889 1855 2942 calceamenta
1888 2889 1939 2941 in
1967 2902 2058 2956 pe-

479 2984 578 3038 des
623 2983 769 3051 ejus;
818 2990 873 3034 et
919 2980 1169 3033 adducite
1200 2979 1424 3033 vitulum
1457 2980 1779 3048 saginatum,
1812 2989 1867 3031 et
1914 2978 2058 3032 occi-

483 3073 611 3136 dite,
642 3083 696 3128 et
722 3069 1123 3132 manducemus,
1170 3080 1222 3122 et
1253 3069 1535 3137 epulemur
1566 3085 1579 3121 :
1612 3069 1731 3138 quia
1780 3068 1868 3123 hic
1918 3067 2058 3123 filius

2151 1898 2271 1936 cum
2300 1884 2469 1937 servis
2495 1883 2625 1937 suis.
2660 1882 2725 1937 Et
2751 1896 2870 1936 cum
2904 1882 3153 1949 coepisset
3196 1883 3454 1936 rationem
3486 1900 3682 1950 ponere
3702 1925 3718 1949 ,

2154 1977 2366 2029 oblatus
2395 1983 2478 2029 est
2507 1974 2555 2030 ei
2585 1988 2722 2028 unus
2751 1975 2839 2043 qui
2871 1974 3096 2029 debebat
3134 1974 3318 2030 decem
3352 1976 3513 2030 millia
3550 1977 3724 2030 talen-

2153 2078 2223 2123 ta.
2252 2067 2385 2122 Cum
2408 2077 2581 2121 autem
2604 2082 2707 2121 non
2732 2067 2951 2122 haberet
2979 2067 3119 2122 unde
3140 2067 3408 2132 redderet,
3428 2068 3589 2137 jussit
3609 2084 3730 2124 eum

2153 2160 2403 2214 dominus
2430 2158 2744 2227 venundari.
2777 2167 2831 2214 et
2861 2173 3083 2212 uxorem
3116 2158 3249 2228 ejus,
3274 2168 3328 2213 et
3354 2159 3511 2221 ﬁlios,
3540 2171 3593 2215 et
3617 2175 3731 2215 om-

2155 2250 2242 2303 nia
2272 2264 2392 2318 qua:
2426 2249 2675 2314 habebat,
2709 2259 2763 2303 et
2794 2248 2966 2304 reddi.
3002 2247 3296 2304 Proeidens
3336 2254 3511 2303 autem
3542 2266 3732 2305 servus

2157 2343 2269 2405 ille.
2302 2342 2491 2397 orabat
2519 2358 2639 2397 eum
2671 2341 2852 2397 dicens
2880 2359 2892 2394 :
2925 2341 3244 2396 Patientiam
3276 2341 3412 2397 habe
3442 2343 3492 2396 in
3524 2358 3632 2407 me,
3680 2353 3736 2398 et

2159 2435 2337 2488 omnia
2388 2435 2605 2489 reddam
2638 2434 2752 2488 tibi.
2808 2434 3057 2489 Misertus
3089 2444 3263 2488 autem
3295 2433 3542 2487 dominus
3589 2436 3731 2489 servi

2161 2529 2305 2583 illius
2325 2567 2340 2591 ,
2372 2543 2492 2582 eum
2522 2526 2761 2591 dimisit,
2794 2535 2846 2580 et
2876 2525 3112 2579 debitum
3141 2524 3342 2579 dimisit
3369 2526 3437 2579 ei.
3472 2525 3735 2595 Egressus

2158 2630 2333 2676 autem
2361 2634 2553 2673 servus
2603 2619 2711 2683 ille,
2747 2619 2946 2672 invenit
2974 2632 3135 2681 unum
3180 2616 3248 2672 de
3272 2618 3547 2671 COnSrrvis
3588 2620 3733 2683 suis,

2158 2713 2244 2780 qui
2276 2709 2504 2765 debebat
2528 2731 2539 2761 ι
2560 2710 2573 2763 i
2598 2719 2809 2763 centum
2840 2707 3121 2770 denarios;
3146 2717 3198 2760 et
3225 2718 3411 2761 tenens
3439 2708 3733 2761 suil'ocabit

2157 2816 2300 2865 eum,
2336 2800 2522 2854 dicens
2547 2816 2559 2851 :
2593 2798 2773 2853 Redde
2802 2798 2942 2867 quod
2968 2798 3154 2853 debes.
3203 2798 3268 2852 Et
3299 2798 3578 2866 procidens
3605 2814 3734 2852 cou-

2157 2905 2347 2947 servus
2380 2892 2499 2957 ille,
2530 2890 2749 2960 rogabat
2797 2905 2955 2957 eum,
2988 2891 3210 2945 dicens:
3244 2890 3558 2944 Patientiam
3597 2890 3735 2945 habe

2160 2984 2210 3036 in
2243 2998 2348 3047 me,
2378 2991 2434 3037 et
2461 2982 2636 3036 omnia
2679 2980 2897 3035 reddam
2931 2981 3046 3036 tibi.
3077 2980 3171 3036 Ille
3198 2989 3378 3036 autem
3411 2982 3599 3045 noluit,
3634 2982 3727 3035 sed

2159 3076 2311 3141 abiit,
2346 3086 2393 3129 et
2429 3075 2570 3128 misit
2593 3088 2713 3128 eum
2744 3074 2794 3127 in
2827 3088 3122 3136 carcerem,
3155 3073 3325 3127 donec
3355 3074 3598 3129 redderet
3630 3076 3726 3128 de-

483 3179 631 3219 mens
662 3169 903 3216 mOI‘lUUS
930 3172 1063 3225 eral.
1098 3168 1154 3214 Cl
1180 3160 1406 3224 τυνίιὶις
1436 3161 1686 3230 Defieri".
1720 3168 1774 3213 ει
1809 3159 2056 3219 inventus
2083 3174 2127 3235 ρ
2159 3165 2344 3220 bitnm.
2379 3164 2631 3219 V'identes
2679 3173 2856 3219 autem
2908 3164 3152 3219 conservi
3182 3164 3298 3233 ejus
3323 3180 3443 3234 quas
3491 3165 3682 3219 fiebant
3713 3208 3728 3230 ,

483 3264 587 3311 est.
626 3256 692 3309 Et
721 3264 997 3323 coeperunt
1022 3250 1247 3324 epulari.
1293 3252 1420 3309 Erat
1450 3262 1630 3309 autem
1662 3252 1803 3307 illius
1830 3252 1946 3321 ejus
1975 3269 2060 3307 se-

483 3355 603 3409 nior
632 3353 682 3409 in
715 3368 840 3423 agro
865 3370 879 3407 :
909 3362 959 3408 et
990 3367 1108 3407 cum
1138 3351 1346 3407 veniret
1379 3362 1433 3406 et
1478 3352 1932 3421 appropinquaret
1963 3349 2060 3403 ειυς

485 3446 615 3510 mui,
667 3445 868 3500 audivit
916 3444 1289 3513 symphoniam
1333 3449 1389 3496 et
1435 3444 1659 3498 chorum
1696 3458 1710 3497 :
1744 3450 1797 3496 et
1851 3441 2061 3495 vocavit

485 3553 647 3592 unum
698 3536 767 3591 de
811 3537 1000 3601 servis,
1034 3545 1089 3590 et
1139 3535 1481 3605 interrogavit
1531 3549 1651 3605 qua:
1698 3534 1815 3589 haec
1842 3532 2061 3589 essent?

484 3627 637 3695 Isque
664 3625 799 3680 dixit
845 3626 914 3680 illi
943 3644 955 3678 ε
983 3625 1171 3683 Frater
1227 3634 1348 3680 tuus
1380 3624 1546 3689 venit,
1578 3634 1632 3679 et
1675 3625 1870 3683 occidit
1909 3635 2059 3694 pater

483 3727 607 3772 tuus
635 3716 852 3769 vitulum
900 3717 1215 3787 saginatum,
1247 3717 1369 3785 quia
1401 3717 1604 3768 salvum
1652 3715 1800 3768 illum
1829 3714 2054 3782 recepit.

481 3812 787 3879 Indignatus
807 3821 887 3864 est
909 3820 1109 3875 autem,
1137 3817 1191 3863 et
1230 3808 1443 3863 nolebat
1477 3807 1718 3861 introire.
1746 3806 1903 3861 Pater
1928 3822 2057 3877 ergo

480 3902 622 3957 illius
652 3915 922 3970 egressus,
969 3901 1131 3968 carpit
1160 3915 1351 3969 rogare
1400 3900 1571 3954 illum.
1609 3899 1678 3953 At
1705 3899 1793 3953 ille
1821 3914 1941 3968 re~p
1963 3915 2045 3953 in-

478 3991 646 4054 dens,
667 3990 797 4046 dixit
824 3988 959 4061 patri
985 4004 1082 4044 suo
1111 4004 1126 4044 :
1158 3988 1295 4044 Ecce
1322 3997 1398 4042 tot
1427 3990 1586 4043 annis
1617 3990 1816 4044 servivi
1851 3990 1965 4058 tibi,
1998 3997 2054 4046 et

479 4100 747 4153 nunquam
780 4082 1088 4137 mandatum
1134 4091 1282 4137 tuum
1331 4082 1641 4151 praeterivi;
1690 4092 1744 4136 et
1784 4097 2055 4150 nunquam

479 4173 673 4228 dedisti
704 4171 831 4227 mihi
864 4170 1097 4236 haedum,
1130 4179 1191 4225 ut
1219 4186 1343 4226 cum
1392 4171 1583 4225 amicis
1629 4170 1761 4225 meis
1786 4172 2053 4240 epularer.

481 4263 588 4319 Sed
622 4272 899 4331 postquam
929 4261 1067 4314 filius
1092 4269 1210 4314 tuus
1243 4261 1329 4314 hic
1360 4261 1450 4330 qui
1497 4261 1778 4315 devoravit
1808 4260 2056 4314 substan-

481 4355 606 4406 tiam
634 4367 781 4408 suam
811 4366 929 4406 curn
958 4350 1347 4414 meretricibus,
1377 4352 1544 4415 venit,
1588 4350 1828 4405 occidisti
1858 4351 1936 4403 illi
1972 4352 2057 4405 vi-

482 4443 646 4496 tulum
686 4442 1009 4509 saginatum.
1040 4442 1109 4493 At
1135 4440 1248 4508 ipse
1277 4442 1408 4495 dixit
1441 4442 1516 4496 illi
1547 4460 1559 4496 :
1603 4441 1722 4506 Fili,
1754 4451 1808 4497 tu
1840 4459 2053 4513 semper

483 4545 688 4586 mecum
719 4545 801 4595 es,
834 4540 888 4583 et
908 4530 1082 4583 omnia
1115 4545 1229 4583 mea
1262 4539 1350 4583 tua
1380 4542 1526 4586 sunt.
1561 4533 1775 4599 Epulari
1804 4545 1978 4591 autem
2001 4546 2054 4591 et
2082 4532 2131 4593 Ι)

481 4622 713 4692 gaudere
735 4621 1033 4691 oportebat,
1060 4621 1180 4687 quia
1212 4621 1372 4674 frater
1394 4629 1516 4674 tuus
1540 4622 1626 4677 bic
1649 4634 1893 4678 mortuus
1913 4634 2046 4689 erat,

479 4723 535 4767 et
563 4714 753 4771 revixit
786 4730 799 4765 :
833 4709 1081 4780 perierat,
1112 4719 1166 4763 et
1188 4711 1433 4765 inventus
1460 4722 1560 4766 cst.

1013 4806 1236 4877 CAPUT
1278 4822 1501 4876 xevut.

787 4910 860 4964 De
887 4909 1183 4965 remittendo
1212 4909 1454 4979 fratribus
1484 4927 1545 4963 ex
1573 4913 1745 4966 corde.

552 5025 768 5081 Murri.
804 5041 960 5090 xvut,
1019 5024 1220 5090 15-22;
1270 5025 1399 5080 Luc.
1432 5043 1569 5089 xvii,
1600 5029 1663 5089 3,
1691 5028 1744 5082 4.
1782 5029 2052 5088 Λιιθηάίνθ

477 5116 660 5169 vobis:
693 5116 736 5167 si
760 5115 1055 5183 peccave:it
1084 5117 1135 5170 in
1163 5129 1214 5171 te
1245 5117 1407 5171 frater
1436 5127 1579 5181 tuus,
1610 5120 1740 5171 vade
1768 5129 1821 5171 ιιι
1840 5122 2049 5191 corripe

410 5278 417 5284 η
475 5222 599 5262 eum
627 5206 764 5260 inter
788 5213 860 5268 te.
886 5214 940 5258 et
962 5206 1133 5274 ipsum
1155 5207 1348 5262 solum.
1368 5208 1422 5263 Si
1448 5218 1499 5262 te
1526 5210 1775 5274 audierit,
1798 5218 1851 5264 et
1872 5212 1917 5265 si
1945 5226 2048 5279 poe-

402 5293 423 5361 7
478 5297 753 5355 nitentiam
776 5296 966 5365 egerit,
990 5297 1197 5353 dimitte
1219 5298 1293 5352 illi
1318 5315 1333 5353 :
1358 5309 1411 5354 et
1437 5301 1669 5355 lucratus
1694 5303 1801 5356 eris
1830 5302 2045 5358 fratrem

477 5400 645 5445 tuum.
679 5387 735 5443 Si
759 5388 936 5440 autem
968 5395 1020 5440 te
1044 5400 1148 5440 non
1170 5386 1416 5455 audierit,
1439 5390 1638 5445 adhibe
1667 5402 1838 5445 tecum
1870 5393 2048 5449 adhuc

476 5495 638 5534 unum
662 5478 744 5532 vel
771 5477 933 5532 duos:
961 5484 1018 5531 ut
1042 5478 1093 5529 in
1118 5491 1211 5531 ore
1236 5477 1460 5533 duorum
1479 5482 1561 5535 vel
1585 5481 1744 5534 trium
1767 5491 2047 5539 stetomne

475 5574 695 5628 verbum
726 5569 905 5643 (Deut.
935 5585 1046 5636 χιι,
1070 5567 1176 5638 l5).
1196 5567 1346 5635 Quod
1375 5570 1420 5625 si
1449 5587 1550 5626 non
1577 5574 1800 5628 audierit
1822 5589 1935 5638 eos,
1959 5577 2046 5631 dic

473 5664 737 5717 eeciesite.
769 5662 824 5718 Si
870 5672 1044 5720 autem
1074 5661 1352 5716 ecclesiam
1404 5678 1506 5716 non
1558 5666 1816 5732 audierit,
1849 5670 1917 5720 sit
1949 5669 2042 5723 tibi

466 5763 606 5809 sicut
636 5753 880 5831 ethnicus
905 5764 957 5809 ct
986 5756 1313 5826 publicanus.
1340 5755 1507 5811 Amen
1530 5756 1647 5813 dico
1679 5758 1859 5814 vobis:
1886 5760 2041 5826 Quae-

2163 3257 2459 3312 contristati
2509 3267 2632 3310 Sunt
2663 3256 2836 3311 valde.
2872 3255 2939 3310 Et
2986 3266 3265 3323 venerunt,
3301 3267 3353 3311 et
3384 3269 3733 3312 narraveiunt

2161 3350 2379 3404 domino
2426 3364 2522 3402 suo
2550 3349 2728 3401 omnia
2760 3364 2877 3417 quas
2908 3346 3043 3401 facta
3076 3349 3301 3402 fuerant.
3332 3347 3481 3402 Tene
3527 3354 3737 3403 vocavit

2163 3439 2311 3493 illum
2343 3439 2589 3492 dominus
2615 3439 2749 3507 ejus,
2777 3450 2829 3491 tt
2856 3441 2929 3492 ait
2953 3439 3023 3491 illi
3052 3457 3065 3493 :
3098 3439 3261 3495 Serve
3294 3454 3541 3509 nequam,
3573 3454 3734 3494 omne

2161 3531 2393 3587 debitum
2418 3531 2592 3585 dimisi
2615 3532 2729 3597 tibi,
2757 3534 3004 3601 quoniam
3029 3535 3225 3600 rogasti
3253 3548 3373 3587 me:
3402 3548 3576 3587 nonne
3598 3549 3729 3601 ergo

2160 3624 2394 3691 oportuit
2423 3631 2476 3677 et
2503 3632 2553 3676 te
2582 3624 2820 3677 misereri
2851 3625 3096 3677 conservi
3133 3624 3227 3688 tui,
3261 3624 3399 3677 sicut
3439 3636 3492 3680 et
3528 3640 3627 3691 ego
3658 3627 3731 3679 tui

2166 3713 2420 3767 misertus
2450 3713 2611 3767 sum?
2641 3713 2701 3767 Et
2731 3715 2896 3768 iratus
2922 3713 3167 3769 dominus
3199 3716 3336 3784 ejus,
3371 3718 3584 3771 tradidit
3608 3735 3729 3773 eum

2159 3805 2468 3870 tortoribus,
2498 3806 2841 3876 quoadusque
2865 3807 3114 3863 redderet
3138 3809 3444 3863 universum
3465 3808 3727 3865 debitum.

2159 3895 2247 3951 Sic
2273 3908 2321 3950 et
2357 3895 2513 3950 Pater
2544 3912 2693 3951 meus
2714 3898 2949 3952 cmlestis
2974 3897 3128 3953 faciet
3162 3900 3335 3965 Vobis,
3363 3902 3407 3955 si
3435 3916 3541 3955 non
3574 3903 3734 3956 remi-

2156 3987 2334 4042 seritis
2361 3986 2723 4057 unusquisque
2749 3988 2898 4043 fratri
2931 4003 3026 4044 suo
3057 3990 3124 4047 de
3152 3990 3404 4047 cordibus
3436 3994 3647 4047 vestris.

2801 4127 3023 4184 CAPUT
3060 4127 3123 4184 C.

2155 4216 2305 4273 Iesus
2337 4219 2677 4300 interrogatur
2709 4235 2741 4273 α
2776 4218 3053 4275 Phariswis
3074 4262 3088 4284 ,
3121 4221 3165 4274 si
3210 4222 3359 4275 (ierat
3408 4239 3616 4278 uxorem
3644 4224 3734 4277 aio

2535 4301 2727 4343 mittere
2754 4307 3054 4361 quacunque
3080 4308 3141 4345 ει
3172 4307 3348 4346 εαιιεα.

2227 4403 2441 4457 Manu.
2475 4419 2582 4467 nx,
2621 4402 2786 4467 ι-ιες
2821 4404 2997 4458 Μιιιε.
3030 4419 3083 4468 x,
3119 4402 3266 4457 1-12.
3294 4404 3357 4459 Et
3386 4406 3579 4461 factum
3608 4416 3730 4473 est,

2156 4505 2275 4546 cum
2308 4502 2731 4546 consummasset
2753 4492 2909 4546 Jesus
2939 4508 3214 4548 sermones
3247 4495 3396 4563 istos,
3429 4500 3669 4568 migran
3700 4517 3730 4554 a

2161 4586 2405 4650 Galilma,
2430 4594 2483 4638 et
2507 4587 2652 4639 venit
2686 4587 2736 4639 in
2769 4586 2898 4640 fines
2929 4586 3125 4641 Judmze
3158 4594 3303 4642 trans
3328 4589 3612 4645 Jordanem
3640 4608 3655 4645 :
3680 4603 3733 4646 et

2156 4686 2356 4729 secuta:
2381 4684 2505 4731 sunt
2532 4691 2655 4729 eum
2691 4680 2859 4729 turba:
2890 4678 3089 4738 multte,
3110 4687 3163 4731 et
3192 4679 3397 4733 curavit
3422 4695 3515 4735 eos
3544 4682 3633 4737 ibi.
3665 4685 3732 4737 Et

2156 4775 2498 4819 accesserunt
2524 4768 2589 4818 ad
2618 4779 2738 4820 eum
2773 4766 3025 4820 Pharismi
3079 4778 3343 4825 tentantes
3375 4787 3520 4834 eum,
3564 4781 3617 4827 et
3645 4774 3732 4826 di-

2154 4868 2371 4915 centes:
2402 4860 2457 4915 Si
2488 4861 2613 4915 licet
2644 4860 2849 4915 homini
2874 4862 3139 4917 dimittere
3170 4879 3390 4919 uxorem
3420 4880 3570 4920 suam
3602 4883 3735 4935 qua-

2154 4962 2366 5017 cunque
2402 4965 2466 5004 ex
2512 4965 2667 5005 causa
2690 4952 2712 5003 ?
2738 4952 2836 5018 Qui
2882 4953 3231 5020 respondens,
3262 4954 3336 5009 ait
3375 4958 3452 5011 eis
3478 4976 3490 5009 :
3520 4958 3629 5011 Non
3658 4960 3737 5014 le-

2153 5042 2303 5109 gistis
2331 5040 2450 5109 quia
2480 5042 2706 5111 quilecit
2733 5043 2964 5096 abinitio
2982 5045 3033 5109 ⁸,
3066 5047 3359 5099 masculum
3391 5058 3443 5102 et
3476 5048 3732 5104 feminam

2152 5129 2277 5184 fecit
2305 5144 2398 5185 eos
2424 5130 2576 5201 (Gen.
2604 5149 2639 5199 ι,
2664 5134 2755 5203 27)
2775 5135 2796 5185 ?
2820 5135 2883 5187 Et
2915 5135 3087 5188 dixit:
3118 5136 3344 5203 Propter
3374 5138 3473 5193 hoc
3498 5140 3646 5193 dimit
3675 5153 3731 5197 et

2156 5221 2319 5275 homo
2343 5231 2545 5291 patrem
2568 5232 2622 5276 et
2648 5235 2895 5289 matrem,
2921 5235 2975 5279 et
2999 5225 3294 5281 adhaerebit
3323 5230 3472 5282 uxori
3503 5246 3645 5287 suae:
3674 5242 3730 5286 et

2155 5322 2311 5366 erunt
2335 5313 2439 5367 duo
2466 5313 2517 5366 in
2549 5328 2711 5369 carne
2744 5330 2844 5368 una
2869 5313 3024 5385 (Gen.
3053 5330 3111 5382 ιι,
3134 5316 3248 5385 2i).
3286 5317 3464 5388 Itaque
3492 5321 3594 5387 iam
3620 5338 3728 5378 non

2153 5414 2275 5459 sunt
2304 5405 2439 5472 duo,
2471 5406 2564 5460 sed
2592 5422 2692 5460 una
2721 5422 2867 5464 caro.
2912 5408 3063 5474 Quod
3093 5423 3221 5474 ergo
3245 5410 3384 5466 Deus
3416 5411 3728 5481 con’unxit,

2156 5494 2315 5569 homo
2345 5511 2448 5552 non
2480 5508 2712 5565 separet.
2768 5498 2958 5553 Dicunt
3004 5499 3079 5555 illi
3118 5502 3297 5566 :Quid
3346 5518 3477 5573 ergo
3516 5504 3728 5576 Moyses

2155 5587 2424 5640 mandavit
2454 5590 2567 5643 dari
2620 5591 2851 5645 libellum
2898 5593 3100 5662 repudii
3133 5591 3311 5662 (Deut.
3365 5612 3507 5663 xxiv,
3543 5598 3629 5666 I),
3671 5608 3728 5654 et

2151 5676 2464 5733 dirui:tet‘e?
2495 5679 2583 5733 Ait
2630 5682 2731 5736 illis
2766 5701 2777 5735 :
2810 5682 3067 5749 Quiniaen
3117 5685 3328 5754 Moyses
3366 5688 3431 5742 ad
3469 5690 3720 5745 duritiam

2147 5766 2325 5822 cordis
2349 5770 2508 5823 vestri
2534 5771 2774 5838 permisit
2798 5773 2949 5828 vobis
2969 5774 3239 5831 dimittere
3262 5790 3454 5834 uxores
3477 5788 3719 5834 vestras:
