  <div class='ocr_page' id='page_1' title='image "/cluster/home/n/w/nwhite01/storage/ocr_20150623/68/hvd.32044054758719/160.png"; bbox 0 0 3980 6196; ppageno 0'>
   <div class='ocr_carea' id='block_1_1' title="bbox 276 310 1865 373">
    <p class='ocr_par' dir='ltr' id='par_1_1' title="bbox 276 314 1859 373">
     <span class='ocr_line' id='line_1_1' title="bbox 276 314 1859 373; baseline 0 -5"><span class='ocrx_word' id='word_1_1' title='bbox 276 317 380 369; x_wconf 68' lang='grc'><strong>505</strong></span> <span class='ocrx_word' id='word_1_2' title='bbox 1046 314 1630 373; x_wconf 73' lang='lat' dir='ltr'><strong>EVANGELICARUM</strong></span> <span class='ocrx_word' id='word_1_3' title='bbox 1672 315 1859 371; x_wconf 69' lang='lat' dir='ltr'><strong>llARM</strong></span> 
     </span>
    </p>
   </div>
   <div class='ocr_carea' id='block_1_2' title="bbox 1974 310 3528 373">
    <p class='ocr_par' dir='ltr' id='par_1_2' title="bbox 1974 310 3528 369">
     <span class='ocr_line' id='line_1_2' title="bbox 1974 310 3528 369; baseline 0.002 -6"><span class='ocrx_word' id='word_1_4' title='bbox 1974 312 2168 369; x_wconf 59' lang='lat' dir='ltr'><strong>Alii)“</strong></span> <span class='ocrx_word' id='word_1_5' title='bbox 2213 310 2784 369; x_wconf 68' lang='lat' dir='ltr'><strong>lNTERPRETATlO.</strong></span> <span class='ocrx_word' id='word_1_6' title='bbox 3425 311 3528 367; x_wconf 64' lang='lat'><strong>3&#39;06</strong></span> 
     </span>
    </p>
   </div>
   <div class='ocr_carea' id='block_1_3' title="bbox 274 429 1930 496">
    <p class='ocr_par' dir='ltr' id='par_1_3' title="bbox 274 429 1930 496">
     <span class='ocr_line' id='line_1_3' title="bbox 274 429 1930 496; baseline 0.002 -12"><span class='ocrx_word' id='word_1_7' title='bbox 274 434 345 484; x_wconf 82' lang='lat' dir='ltr'><strong>ah</strong></span> <span class='ocrx_word' id='word_1_8' title='bbox 378 432 532 484; x_wconf 79' lang='lat' dir='ltr'><strong>initio</strong></span> <span class='ocrx_word' id='word_1_9' title='bbox 564 443 741 487; x_wconf 75' lang='lat' dir='ltr'><strong>autem</strong></span> <span class='ocrx_word' id='word_1_10' title='bbox 766 446 873 486; x_wconf 91' lang='lat' dir='ltr'><strong>non</strong></span> <span class='ocrx_word' id='word_1_11' title='bbox 895 432 972 487; x_wconf 78' lang='lat' dir='ltr'><strong>sic</strong></span> <span class='ocrx_word' id='word_1_12' title='bbox 1004 432 1116 487; x_wconf 89' lang='lat' dir='ltr'><strong>fuit.</strong></span> <span class='ocrx_word' id='word_1_13' title='bbox 1156 432 1284 486; x_wconf 87' lang='lat' dir='ltr'><strong>Dico</strong></span> <span class='ocrx_word' id='word_1_14' title='bbox 1305 443 1480 487; x_wconf 82' lang='lat' dir='ltr'><strong>autem</strong></span> <span class='ocrx_word' id='word_1_15' title='bbox 1512 430 1704 485; x_wconf 88' lang='lat' dir='ltr'><strong>vobis:</strong></span> <span class='ocrx_word' id='word_1_16' title='bbox 1732 429 1855 496; x_wconf 80' lang='lat' dir='ltr'><strong>quia</strong></span> <span class='ocrx_word' id='word_1_17' title='bbox 1885 431 1930 487; x_wconf 70' lang='grc' dir='ltr'><strong>Δ</strong></span> 
     </span>
    </p>
   </div>
   <div class='ocr_carea' id='block_1_4' title="bbox 272 520 1860 590">
    <p class='ocr_par' dir='ltr' id='par_1_4' title="bbox 272 520 1860 590">
     <span class='ocr_line' id='line_1_4' title="bbox 272 520 1860 590; baseline -0.001 -17"><span class='ocrx_word' id='word_1_18' title='bbox 272 526 583 590; x_wconf 60' lang='grc' dir='ltr'><strong>ιιυιυηιιιιω</strong></span> <span class='ocrx_word' id='word_1_19' title='bbox 613 522 879 577; x_wconf 89' lang='lat' dir='ltr'><strong>dimiserit</strong></span> <span class='ocrx_word' id='word_1_20' title='bbox 928 538 1145 577; x_wconf 88' lang='lat' dir='ltr'><strong>uxorem</strong></span> <span class='ocrx_word' id='word_1_21' title='bbox 1186 538 1355 586; x_wconf 81' lang='lat' dir='ltr'><strong>suam,</strong></span> <span class='ocrx_word' id='word_1_22' title='bbox 1392 523 1491 577; x_wconf 85' lang='lat' dir='ltr'><strong>nisi</strong></span> <span class='ocrx_word' id='word_1_23' title='bbox 1518 521 1589 575; x_wconf 89' lang='lat' dir='ltr'><strong>ob</strong></span> <span class='ocrx_word' id='word_1_24' title='bbox 1630 520 1860 574; x_wconf 79' lang='lat' dir='ltr'><strong>fornica-</strong></span> 
     </span>
    </p>
   </div>
   <div class='ocr_carea' id='block_1_5' title="bbox 275 612 1857 682">
    <p class='ocr_par' dir='ltr' id='par_1_5' title="bbox 275 612 1857 682">
     <span class='ocr_line' id='line_1_5' title="bbox 275 612 1857 682; baseline 0 -18"><span class='ocrx_word' id='word_1_25' title='bbox 275 613 499 674; x_wconf 88' lang='lat' dir='ltr'><strong>tionem,</strong></span> <span class='ocrx_word' id='word_1_26' title='bbox 533 621 589 665; x_wconf 92' lang='lat' dir='ltr'><strong>et</strong></span> <span class='ocrx_word' id='word_1_27' title='bbox 633 612 792 667; x_wconf 87' lang='lat' dir='ltr'><strong>aliam</strong></span> <span class='ocrx_word' id='word_1_28' title='bbox 823 612 1059 678; x_wconf 80' lang='lat' dir='ltr'><strong>duxerit,</strong></span> <span class='ocrx_word' id='word_1_29' title='bbox 1092 614 1410 668; x_wconf 63' lang='lat' dir='ltr'><strong>mort-tiatur.</strong></span> <span class='ocrx_word' id='word_1_30' title='bbox 1446 612 1512 667; x_wconf 85' lang='lat' dir='ltr'><strong>Et</strong></span> <span class='ocrx_word' id='word_1_31' title='bbox 1540 612 1629 682; x_wconf 90' lang='lat' dir='ltr'><strong>qui</strong></span> <span class='ocrx_word' id='word_1_32' title='bbox 1668 612 1857 667; x_wconf 85' lang='lat' dir='ltr'><strong>dimis-</strong></span> 
     </span>
    </p>
   </div>
   <div class='ocr_carea' id='block_1_6' title="bbox 274 705 1856 777">
    <p class='ocr_par' dir='ltr' id='par_1_6' title="bbox 274 705 1856 777">
     <span class='ocr_line' id='line_1_6' title="bbox 274 705 1856 777; baseline 0.003 -20"><span class='ocrx_word' id='word_1_33' title='bbox 274 718 391 757; x_wconf 81' lang='lat' dir='ltr'><strong>sam</strong></span> <span class='ocrx_word' id='word_1_34' title='bbox 424 705 658 768; x_wconf 85' lang='lat' dir='ltr'><strong>duxerit,</strong></span> <span class='ocrx_word' id='word_1_35' title='bbox 694 705 1015 760; x_wconf 72' lang='lat' dir='ltr'><strong>mmrhatur.</strong></span> <span class='ocrx_word' id='word_1_36' title='bbox 1044 706 1237 760; x_wconf 91' lang='lat' dir='ltr'><strong>Dicunt</strong></span> <span class='ocrx_word' id='word_1_37' title='bbox 1264 706 1311 762; x_wconf 92' lang='lat' dir='ltr'><strong>ei</strong></span> <span class='ocrx_word' id='word_1_38' title='bbox 1342 706 1587 777; x_wconf 76' lang='lat' dir='ltr'><strong>discipuli</strong></span> <span class='ocrx_word' id='word_1_39' title='bbox 1615 706 1767 774; x_wconf 89' lang='lat' dir='ltr'><strong>ejus:</strong></span> <span class='ocrx_word' id='word_1_40' title='bbox 1798 705 1856 761; x_wconf 88' lang='lat' dir='ltr'><strong>Si</strong></span> 
     </span>
    </p>
   </div>
   <div class='ocr_carea' id='block_1_7' title="bbox 275 797 1858 865">
    <p class='ocr_par' dir='ltr' id='par_1_7' title="bbox 275 797 1858 865">
     <span class='ocr_line' id='line_1_7' title="bbox 275 797 1858 865; baseline 0.001 -16"><span class='ocrx_word' id='word_1_41' title='bbox 275 797 348 849; x_wconf 87' lang='lat' dir='ltr'><strong>ita</strong></span> <span class='ocrx_word' id='word_1_42' title='bbox 374 805 453 849; x_wconf 78' lang='lat' dir='ltr'><strong>est</strong></span> <span class='ocrx_word' id='word_1_43' title='bbox 481 811 642 850; x_wconf 88' lang='lat' dir='ltr'><strong>causa</strong></span> <span class='ocrx_word' id='word_1_44' title='bbox 673 797 906 851; x_wconf 82' lang='lat' dir='ltr'><strong>hominis</strong></span> <span class='ocrx_word' id='word_1_45' title='bbox 934 813 1054 851; x_wconf 91' lang='lat' dir='ltr'><strong>cum</strong></span> <span class='ocrx_word' id='word_1_46' title='bbox 1088 813 1276 865; x_wconf 85' lang='lat' dir='ltr'><strong>uxore,</strong></span> <span class='ocrx_word' id='word_1_47' title='bbox 1310 812 1414 852; x_wconf 89' lang='lat' dir='ltr'><strong>non</strong></span> <span class='ocrx_word' id='word_1_48' title='bbox 1446 798 1662 864; x_wconf 84' lang='lat' dir='ltr'><strong>expedit</strong></span> <span class='ocrx_word' id='word_1_49' title='bbox 1692 797 1858 851; x_wconf 81' lang='lat' dir='ltr'><strong>nube-</strong></span> 
     </span>
    </p>
   </div>
   <div class='ocr_carea' id='block_1_8' title="bbox 279 884 1856 956">
    <p class='ocr_par' dir='ltr' id='par_1_8' title="bbox 279 884 1856 956">
     <span class='ocr_line' id='line_1_8' title="bbox 279 884 1856 956; baseline 0.002 -19"><span class='ocrx_word' id='word_1_50' title='bbox 279 900 356 939; x_wconf 89' lang='lat' dir='ltr'><strong>re.</strong></span> <span class='ocrx_word' id='word_1_51' title='bbox 393 887 492 952; x_wconf 87' lang='lat' dir='ltr'><strong>Qui</strong></span> <span class='ocrx_word' id='word_1_52' title='bbox 522 884 666 940; x_wconf 91' lang='lat' dir='ltr'><strong>dixit</strong></span> <span class='ocrx_word' id='word_1_53' title='bbox 693 895 719 922; x_wconf 81' lang='grc' dir='ltr'>ι</span> <span class='ocrx_word' id='word_1_54' title='bbox 753 904 765 939; x_wconf 91' lang='lat'><strong>:</strong></span> <span class='ocrx_word' id='word_1_55' title='bbox 799 885 914 941; x_wconf 84' lang='lat' dir='ltr'><strong>Non</strong></span> <span class='ocrx_word' id='word_1_56' title='bbox 963 902 1151 941; x_wconf 81' lang='lat' dir='ltr'><strong>omnes</strong></span> <span class='ocrx_word' id='word_1_57' title='bbox 1176 887 1391 956; x_wconf 84' lang='lat' dir='ltr'><strong>capiunt</strong></span> <span class='ocrx_word' id='word_1_58' title='bbox 1420 889 1643 942; x_wconf 84' lang='lat' dir='ltr'><strong>verbum</strong></span> <span class='ocrx_word' id='word_1_59' title='bbox 1692 888 1856 952; x_wconf 83' lang='lat' dir='ltr'><strong>istud,</strong></span> 
     </span>
    </p>
   </div>
   <div class='ocr_carea' id='block_1_9' title="bbox 280 976 1859 1047">
    <p class='ocr_par' dir='ltr' id='par_1_9' title="bbox 280 976 1859 1047">
     <span class='ocr_line' id='line_1_9' title="bbox 280 976 1859 1047; baseline 0.002 -17"><span class='ocrx_word' id='word_1_60' title='bbox 280 976 376 1030; x_wconf 85' lang='lat' dir='ltr'><strong>sed</strong></span> <span class='ocrx_word' id='word_1_61' title='bbox 399 977 592 1044; x_wconf 81' lang='lat' dir='ltr'><strong>quibus</strong></span> <span class='ocrx_word' id='word_1_62' title='bbox 621 979 803 1031; x_wconf 88' lang='lat' dir='ltr'><strong>datum</strong></span> <span class='ocrx_word' id='word_1_63' title='bbox 825 988 926 1032; x_wconf 92' lang='lat' dir='ltr'><strong>est.</strong></span> <span class='ocrx_word' id='word_1_64' title='bbox 952 978 1086 1032; x_wconf 89' lang='lat' dir='ltr'><strong>Sunt</strong></span> <span class='ocrx_word' id='word_1_65' title='bbox 1110 978 1251 1033; x_wconf 89' lang='lat' dir='ltr'><strong>enim</strong></span> <span class='ocrx_word' id='word_1_66' title='bbox 1279 979 1511 1033; x_wconf 91' lang='lat' dir='ltr'><strong>eunuchi</strong></span> <span class='ocrx_word' id='word_1_67' title='bbox 1540 984 1628 1047; x_wconf 88' lang='lat' dir='ltr'><strong>qui</strong></span> <span class='ocrx_word' id='word_1_68' title='bbox 1650 980 1719 1033; x_wconf 88' lang='lat' dir='ltr'><strong>de</strong></span> <span class='ocrx_word' id='word_1_69' title='bbox 1748 996 1859 1033; x_wconf 89' lang='lat' dir='ltr'><strong>ma-</strong></span> 
     </span>
    </p>
   </div>
   <div class='ocr_carea' id='block_1_10' title="bbox 282 1067 1857 1139">
    <p class='ocr_par' dir='ltr' id='par_1_10' title="bbox 282 1067 1857 1139">
     <span class='ocr_line' id='line_1_10' title="bbox 282 1067 1857 1139; baseline 0.004 -20"><span class='ocrx_word' id='word_1_70' title='bbox 282 1067 378 1120; x_wconf 67' lang='lat' dir='ltr'><strong>tris</strong></span> <span class='ocrx_word' id='word_1_71' title='bbox 411 1077 565 1121; x_wconf 88' lang='lat' dir='ltr'><strong>utero</strong></span> <span class='ocrx_word' id='word_1_72' title='bbox 594 1069 719 1139; x_wconf 67' lang='lat' dir='ltr'><strong>(sic)</strong></span> <span class='ocrx_word' id='word_1_73' title='bbox 752 1068 862 1122; x_wconf 90' lang='lat' dir='ltr'><strong>nati</strong></span> <span class='ocrx_word' id='word_1_74' title='bbox 908 1079 1052 1123; x_wconf 72' lang='lat' dir='ltr'><strong>sunt.</strong></span> <span class='ocrx_word' id='word_1_75' title='bbox 1087 1070 1152 1122; x_wconf 76' lang='lat' dir='ltr'><strong>Et</strong></span> <span class='ocrx_word' id='word_1_76' title='bbox 1180 1082 1303 1123; x_wconf 88' lang='lat' dir='ltr'><strong>sunt</strong></span> <span class='ocrx_word' id='word_1_77' title='bbox 1331 1070 1561 1125; x_wconf 83' lang='lat' dir='ltr'><strong>eunuchi</strong></span> <span class='ocrx_word' id='word_1_78' title='bbox 1613 1072 1702 1138; x_wconf 85' lang='lat' dir='ltr'><strong>qui</strong></span> <span class='ocrx_word' id='word_1_79' title='bbox 1735 1072 1857 1125; x_wconf 80' lang='lat' dir='ltr'><strong>facti</strong></span> 
     </span>
    </p>
   </div>
   <div class='ocr_carea' id='block_1_11' title="bbox 281 1157 1860 1247">
    <p class='ocr_par' dir='ltr' id='par_1_11' title="bbox 281 1157 1860 1247">
     <span class='ocr_line' id='line_1_11' title="bbox 281 1157 1860 1247; baseline 0.004 -38"><span class='ocrx_word' id='word_1_80' title='bbox 281 1166 411 1209; x_wconf 83' lang='lat' dir='ltr'><strong>sunt</strong></span> <span class='ocrx_word' id='word_1_81' title='bbox 435 1157 502 1211; x_wconf 88' lang='lat' dir='ltr'><strong>ab</strong></span> <span class='ocrx_word' id='word_1_82' title='bbox 534 1158 858 1212; x_wconf 82' lang='lat' dir='ltr'><strong>hominibus.</strong></span> <span class='ocrx_word' id='word_1_83' title='bbox 894 1159 956 1213; x_wconf 79' lang='lat' dir='ltr'><strong>Et</strong></span> <span class='ocrx_word' id='word_1_84' title='bbox 982 1171 1107 1213; x_wconf 88' lang='lat' dir='ltr'><strong>sunt</strong></span> <span class='ocrx_word' id='word_1_85' title='bbox 1136 1162 1361 1213; x_wconf 80' lang='lat' dir='ltr'><strong>eunuchi</strong></span> <span class='ocrx_word' id='word_1_86' title='bbox 1394 1163 1482 1247; x_wconf 63' lang='grc' dir='ltr'><strong>(ιιίὶ</strong></span> <span class='ocrx_word' id='word_1_87' title='bbox 1511 1176 1570 1215; x_wconf 84' lang='lat' dir='ltr'><strong>se</strong></span> <span class='ocrx_word' id='word_1_88' title='bbox 1601 1162 1745 1230; x_wconf 83' lang='lat' dir='ltr'><strong>ipsos</strong></span> <span class='ocrx_word' id='word_1_89' title='bbox 1771 1176 1860 1216; x_wconf 81' lang='lat' dir='ltr'><strong>ca-</strong></span> 
     </span>
    </p>
   </div>
   <div class='ocr_carea' id='block_1_12' title="bbox 281 1254 1861 1324">
    <p class='ocr_par' dir='ltr' id='par_1_12' title="bbox 281 1254 1861 1324">
     <span class='ocr_line' id='line_1_12' title="bbox 281 1254 1861 1324; baseline 0.004 -22"><span class='ocrx_word' id='word_1_90' title='bbox 281 1260 593 1304; x_wconf 79' lang='lat' dir='ltr'><strong>straverant</strong></span> <span class='ocrx_word' id='word_1_91' title='bbox 620 1263 838 1321; x_wconf 78' lang='lat' dir='ltr'><strong>prepter</strong></span> <span class='ocrx_word' id='word_1_92' title='bbox 868 1269 1091 1324; x_wconf 91' lang='lat' dir='ltr'><strong>regnum</strong></span> <span class='ocrx_word' id='word_1_93' title='bbox 1122 1256 1404 1310; x_wconf 51' lang='lat' dir='ltr'><strong>eutloruin.</strong></span> <span class='ocrx_word' id='word_1_94' title='bbox 1435 1254 1533 1322; x_wconf 88' lang='lat' dir='ltr'><strong>Qui</strong></span> <span class='ocrx_word' id='word_1_95' title='bbox 1572 1265 1748 1324; x_wconf 82' lang='lat' dir='ltr'><strong>petcst</strong></span> <span class='ocrx_word' id='word_1_96' title='bbox 1770 1268 1861 1308; x_wconf 88' lang='lat' dir='ltr'><strong>ca-</strong></span> 
     </span>
    </p>
   </div>
   <div class='ocr_carea' id='block_1_13' title="bbox 279 1340 639 1410">
    <p class='ocr_par' dir='ltr' id='par_1_13' title="bbox 279 1340 639 1410">
     <span class='ocr_line' id='line_1_13' title="bbox 279 1340 639 1410; baseline -0.006 -15"><span class='ocrx_word' id='word_1_97' title='bbox 279 1355 413 1409; x_wconf 79' lang='lat' dir='ltr'><strong>pere</strong></span> <span class='ocrx_word' id='word_1_98' title='bbox 441 1340 639 1410; x_wconf 85' lang='lat' dir='ltr'><strong>capiat.</strong></span> 
     </span>
    </p>
   </div>
   <div class='ocr_carea' id='block_1_14' title="bbox 947 1455 1250 1511">
    <p class='ocr_par' dir='ltr' id='par_1_14' title="bbox 947 1455 1250 1511">
     <span class='ocr_line' id='line_1_14' title="bbox 947 1455 1250 1511; baseline 0.007 -2"><span class='ocrx_word' id='word_1_99' title='bbox 947 1455 1127 1511; x_wconf 73' lang='lat' dir='ltr'><strong>APUT</strong></span> <span class='ocrx_word' id='word_1_100' title='bbox 1167 1457 1250 1511; x_wconf 86' lang='lat' dir='ltr'><strong>Cl.</strong></span> 
     </span>
    </p>
   </div>
   <div class='ocr_carea' id='block_1_15' title="bbox 280 1453 1862 1612">
    <p class='ocr_par' dir='ltr' id='par_1_15' title="bbox 280 1453 1862 1612">
     <span class='ocr_line' id='line_1_15' title="bbox 947 1455 1250 1511; baseline 0.007 -2"><span class='ocrx_word' id='word_1_101' title='bbox 947 1455 1034 1509; x_wconf 75' lang='lat' dir='ltr'><strong>AP</strong></span> <span class='ocrx_word' id='word_1_102' title='bbox 1066 1457 1076 1485; x_wconf 67' lang='lat'>’</span> <span class='ocrx_word' id='word_1_103' title='bbox 1239 1500 1250 1511; x_wconf 92' lang='lat'><strong>.</strong></span> 
     </span>
     <span class='ocr_line' id='line_1_16' title="bbox 280 1453 1862 1612; baseline 0.006 -19"><span class='ocrx_word' id='word_1_104' title='bbox 280 1538 438 1596; x_wconf 67' lang='lat' dir='ltr'><strong>Iesus</strong></span> <span class='ocrx_word' id='word_1_105' title='bbox 458 1545 700 1612; x_wconf 72' lang='lat' dir='ltr'><strong>imposuit</strong></span> <span class='ocrx_word' id='word_1_106' title='bbox 720 1453 1232 1609; x_wconf 48' lang='grc' dir='ltr'><strong>τηαηκεῗηξαξέὸυῗ</strong></span> <span class='ocrx_word' id='word_1_107' title='bbox 1264 1545 1328 1599; x_wconf 82' lang='lat' dir='ltr'><strong>Et</strong></span> <span class='ocrx_word' id='word_1_108' title='bbox 1362 1545 1612 1601; x_wconf 67' lang='lat' dir='ltr'><strong>Pliarisaai</strong></span> <span class='ocrx_word' id='word_1_109' title='bbox 1637 1565 1862 1602; x_wconf 83' lang='lat' dir='ltr'><strong>murmu-</strong></span> 
     </span>
    </p>
   </div>
   <div class='ocr_carea' id='block_1_16' title="bbox 454 1612 1688 1685">
    <p class='ocr_par' dir='ltr' id='par_1_16' title="bbox 454 1612 1688 1685">
     <span class='ocr_line' id='line_1_17' title="bbox 454 1612 1688 1685; baseline 0.006 -21"><span class='ocrx_word' id='word_1_110' title='bbox 454 1624 569 1667; x_wconf 79' lang='lat' dir='ltr'><strong>rant</strong></span> <span class='ocrx_word' id='word_1_111' title='bbox 592 1616 655 1666; x_wconf 87' lang='lat' dir='ltr'><strong>de</strong></span> <span class='ocrx_word' id='word_1_112' title='bbox 682 1612 804 1667; x_wconf 84' lang='lat' dir='ltr'><strong>Jesu</strong></span> <span class='ocrx_word' id='word_1_113' title='bbox 839 1630 857 1667; x_wconf 92' lang='lat'><strong>:</strong></span> <span class='ocrx_word' id='word_1_114' title='bbox 896 1615 1029 1682; x_wconf 83' lang='lat' dir='ltr'><strong>Quia</strong></span> <span class='ocrx_word' id='word_1_115' title='bbox 1065 1616 1146 1667; x_wconf 77' lang='lat' dir='ltr'><strong>hic</strong></span> <span class='ocrx_word' id='word_1_116' title='bbox 1177 1620 1352 1684; x_wconf 70' lang='lat' dir='ltr'><strong>recipit</strong></span> <span class='ocrx_word' id='word_1_117' title='bbox 1381 1630 1688 1685; x_wconf 59' lang='lat' dir='ltr'><strong>peccatores.</strong></span> 
     </span>
    </p>
   </div>
   <div class='ocr_carea' id='block_1_17' title="bbox 359 1722 1862 1791">
    <p class='ocr_par' dir='ltr' id='par_1_17' title="bbox 359 1722 1862 1791">
     <span class='ocr_line' id='line_1_18' title="bbox 359 1722 1862 1791; baseline 0.004 -14"><span class='ocrx_word' id='word_1_118' title='bbox 359 1722 567 1779; x_wconf 66' lang='lat' dir='ltr'><strong>Narra.</strong></span> <span class='ocrx_word' id='word_1_119' title='bbox 600 1739 711 1789; x_wconf 69' lang='grc' dir='ltr'><strong>ιιτ,</strong></span> <span class='ocrx_word' id='word_1_120' title='bbox 739 1724 949 1791; x_wconf 71' lang='grc' dir='ltr'><strong>15-15ς</strong></span> <span class='ocrx_word' id='word_1_121' title='bbox 980 1726 1157 1782; x_wconf 64' lang='grc' dir='ltr'><strong>Μλκο.</strong></span> <span class='ocrx_word' id='word_1_122' title='bbox 1194 1742 1251 1791; x_wconf 84' lang='lat' dir='ltr'><strong>x,</strong></span> <span class='ocrx_word' id='word_1_123' title='bbox 1298 1728 1478 1783; x_wconf 64' lang='lat' dir='ltr'><strong>li’rlb’.</strong></span> <span class='ocrx_word' id='word_1_124' title='bbox 1511 1727 1665 1783; x_wconf 81' lang='lat' dir='ltr'><strong>Tunc</strong></span> <span class='ocrx_word' id='word_1_125' title='bbox 1698 1729 1862 1783; x_wconf 85' lang='lat' dir='ltr'><strong>oblati</strong></span> 
     </span>
    </p>
   </div>
   <div class='ocr_carea' id='block_1_18' title="bbox 284 1812 1861 1887">
    <p class='ocr_par' dir='ltr' id='par_1_18' title="bbox 284 1812 1861 1887">
     <span class='ocr_line' id='line_1_19' title="bbox 284 1812 1861 1887; baseline 0.006 -21"><span class='ocrx_word' id='word_1_126' title='bbox 284 1824 416 1868; x_wconf 79' lang='lat' dir='ltr'><strong>sunt</strong></span> <span class='ocrx_word' id='word_1_127' title='bbox 454 1812 503 1868; x_wconf 87' lang='lat' dir='ltr'><strong>ei</strong></span> <span class='ocrx_word' id='word_1_128' title='bbox 535 1814 764 1883; x_wconf 81' lang='lat' dir='ltr'><strong>parvuli,</strong></span> <span class='ocrx_word' id='word_1_129' title='bbox 810 1827 868 1871; x_wconf 92' lang='lat' dir='ltr'><strong>ut</strong></span> <span class='ocrx_word' id='word_1_130' title='bbox 895 1831 1087 1873; x_wconf 89' lang='lat' dir='ltr'><strong>manus</strong></span> <span class='ocrx_word' id='word_1_131' title='bbox 1124 1816 1202 1873; x_wconf 89' lang='lat' dir='ltr'><strong>eis</strong></span> <span class='ocrx_word' id='word_1_132' title='bbox 1231 1819 1555 1887; x_wconf 83' lang='lat' dir='ltr'><strong>imponeret,</strong></span> <span class='ocrx_word' id='word_1_133' title='bbox 1580 1830 1638 1875; x_wconf 92' lang='lat' dir='ltr'><strong>et</strong></span> <span class='ocrx_word' id='word_1_134' title='bbox 1663 1830 1861 1877; x_wconf 74' lang='lat' dir='ltr'><strong>oraret.</strong></span> 
     </span>
    </p>
   </div>
   <div class='ocr_carea' id='block_1_19' title="bbox 294 1906 1861 1978">
    <p class='ocr_par' dir='ltr' id='par_1_19' title="bbox 294 1906 1861 1978">
     <span class='ocr_line' id='line_1_20' title="bbox 294 1906 1861 1978; baseline 0.004 -21"><span class='ocrx_word' id='word_1_135' title='bbox 294 1906 554 1974; x_wconf 77' lang='lat' dir='ltr'><strong>Discipuli</strong></span> <span class='ocrx_word' id='word_1_136' title='bbox 582 1917 760 1961; x_wconf 89' lang='lat' dir='ltr'><strong>autem</strong></span> <span class='ocrx_word' id='word_1_137' title='bbox 788 1907 1139 1978; x_wconf 88' lang='lat' dir='ltr'><strong>increpabant</strong></span> <span class='ocrx_word' id='word_1_138' title='bbox 1162 1925 1279 1964; x_wconf 88' lang='lat' dir='ltr'><strong>eos.</strong></span> <span class='ocrx_word' id='word_1_139' title='bbox 1306 1909 1460 1966; x_wconf 84' lang='lat' dir='ltr'><strong>Jesus</strong></span> <span class='ocrx_word' id='word_1_140' title='bbox 1492 1925 1621 1966; x_wconf 81' lang='lat' dir='ltr'><strong>vero</strong></span> <span class='ocrx_word' id='word_1_141' title='bbox 1647 1912 1722 1965; x_wconf 87' lang='lat' dir='ltr'><strong>ait</strong></span> <span class='ocrx_word' id='word_1_142' title='bbox 1750 1912 1861 1966; x_wconf 89' lang='lat' dir='ltr'><strong>eis:</strong></span> 
     </span>
    </p>
   </div>
   <div class='ocr_carea' id='block_1_20' title="bbox 287 1998 1865 2072">
    <p class='ocr_par' dir='ltr' id='par_1_20' title="bbox 287 1998 1865 2072">
     <span class='ocr_line' id='line_1_21' title="bbox 287 1998 1865 2072; baseline 0.006 -22"><span class='ocrx_word' id='word_1_143' title='bbox 287 1998 463 2051; x_wconf 71' lang='lat' dir='ltr'><strong>Sinite</strong></span> <span class='ocrx_word' id='word_1_144' title='bbox 510 2000 792 2067; x_wconf 86' lang='lat' dir='ltr'><strong>parvulos,</strong></span> <span class='ocrx_word' id='word_1_145' title='bbox 823 2009 879 2054; x_wconf 86' lang='lat' dir='ltr'><strong>et</strong></span> <span class='ocrx_word' id='word_1_146' title='bbox 926 2001 1096 2058; x_wconf 87' lang='lat' dir='ltr'><strong>nolite</strong></span> <span class='ocrx_word' id='word_1_147' title='bbox 1146 2004 1430 2072; x_wconf 87' lang='lat' dir='ltr'><strong>prohibere</strong></span> <span class='ocrx_word' id='word_1_148' title='bbox 1464 2019 1560 2060; x_wconf 89' lang='lat' dir='ltr'><strong>eos</strong></span> <span class='ocrx_word' id='word_1_149' title='bbox 1588 2007 1771 2060; x_wconf 86' lang='lat' dir='ltr'><strong>venire</strong></span> <span class='ocrx_word' id='word_1_150' title='bbox 1799 2006 1865 2060; x_wconf 90' lang='lat' dir='ltr'><strong>ad</strong></span> 
     </span>
    </p>
   </div>
   <div class='ocr_carea' id='block_1_21' title="bbox 291 2090 1866 2164">
    <p class='ocr_par' dir='ltr' id='par_1_21' title="bbox 291 2090 1866 2164">
     <span class='ocr_line' id='line_1_22' title="bbox 291 2090 1866 2164; baseline 0.006 -24"><span class='ocrx_word' id='word_1_151' title='bbox 291 2103 376 2142; x_wconf 75' lang='lat' dir='ltr'><strong>me</strong></span> <span class='ocrx_word' id='word_1_152' title='bbox 405 2105 419 2153; x_wconf 84' lang='lat'><strong>;</strong></span> <span class='ocrx_word' id='word_1_153' title='bbox 451 2090 633 2144; x_wconf 87' lang='lat' dir='ltr'><strong>talium</strong></span> <span class='ocrx_word' id='word_1_154' title='bbox 664 2099 749 2145; x_wconf 90' lang='lat' dir='ltr'><strong>est</strong></span> <span class='ocrx_word' id='word_1_155' title='bbox 776 2092 918 2146; x_wconf 87' lang='lat' dir='ltr'><strong>enim</strong></span> <span class='ocrx_word' id='word_1_156' title='bbox 949 2107 1170 2164; x_wconf 77' lang='lat' dir='ltr'><strong>regnum</strong></span> <span class='ocrx_word' id='word_1_157' title='bbox 1200 2108 1266 2148; x_wconf 89' lang='lat' dir='ltr'><strong>cu</strong></span> <span class='ocrx_word' id='word_1_158' title='bbox 1287 2094 1482 2149; x_wconf 82' lang='lat' dir='ltr'><strong>lorum.</strong></span> <span class='ocrx_word' id='word_1_159' title='bbox 1519 2096 1583 2149; x_wconf 74' lang='lat' dir='ltr'><strong>Lt</strong></span> <span class='ocrx_word' id='word_1_160' title='bbox 1611 2110 1732 2151; x_wconf 79' lang='lat' dir='ltr'><strong>cum</strong></span> <span class='ocrx_word' id='word_1_161' title='bbox 1763 2095 1866 2149; x_wconf 82' lang='lat' dir='ltr'><strong>iiu-</strong></span> 
     </span>
    </p>
   </div>
   <div class='ocr_carea' id='block_1_22' title="bbox 292 2179 1868 2250">
    <p class='ocr_par' dir='ltr' id='par_1_22' title="bbox 292 2179 1868 2250">
     <span class='ocr_line' id='line_1_23' title="bbox 292 2179 1868 2250; baseline 0.006 -19"><span class='ocrx_word' id='word_1_162' title='bbox 292 2179 647 2247; x_wconf 79' lang='lat' dir='ltr'><strong>posuisseteis</strong></span> <span class='ocrx_word' id='word_1_163' title='bbox 668 2196 879 2246; x_wconf 84' lang='lat' dir='ltr'><strong>manus,</strong></span> <span class='ocrx_word' id='word_1_164' title='bbox 897 2182 1028 2237; x_wconf 87' lang='lat' dir='ltr'><strong>abiit</strong></span> <span class='ocrx_word' id='word_1_165' title='bbox 1049 2182 1191 2239; x_wconf 85' lang='lat' dir='ltr'><strong>inde.</strong></span> <span class='ocrx_word' id='word_1_166' title='bbox 1206 2214 1274 2223; x_wconf 93' lang='lat'><strong><em>—</em></strong></span> <span class='ocrx_word' id='word_1_167' title='bbox 1292 2184 1420 2238; x_wconf 76' lang='lat' dir='ltr'><strong>Luc.</strong></span> <span class='ocrx_word' id='word_1_168' title='bbox 1442 2198 1527 2249; x_wconf 76' lang='lat' dir='ltr'><strong>xv,</strong></span> <span class='ocrx_word' id='word_1_169' title='bbox 1544 2184 1564 2238; x_wconf 80' lang='lat' dir='ltr'><strong>l</strong></span> <span class='ocrx_word' id='word_1_170' title='bbox 1580 2227 1594 2250; x_wconf 90' lang='lat'><strong>,</strong></span> <span class='ocrx_word' id='word_1_171' title='bbox 1609 2186 1663 2240; x_wconf 72' lang='lat'><strong>2.</strong></span> <span class='ocrx_word' id='word_1_172' title='bbox 1704 2188 1727 2238; x_wconf 54' lang='lat' dir='ltr'><strong>l:</strong></span> <span class='ocrx_word' id='word_1_173' title='bbox 1748 2198 1868 2243; x_wconf 85' lang='lat' dir='ltr'><strong>rant</strong></span> 
     </span>
    </p>
   </div>
   <div class='ocr_carea' id='block_1_23' title="bbox 290 2274 1868 2346">
    <p class='ocr_par' dir='ltr' id='par_1_23' title="bbox 290 2274 1868 2346">
     <span class='ocr_line' id='line_1_24' title="bbox 290 2274 1868 2346; baseline 0.006 -22"><span class='ocrx_word' id='word_1_174' title='bbox 290 2282 473 2327; x_wconf 90' lang='lat' dir='ltr'><strong>autem</strong></span> <span class='ocrx_word' id='word_1_175' title='bbox 521 2274 1018 2343; x_wconf 68' lang='lat' dir='ltr'><strong>appropinquantes</strong></span> <span class='ocrx_word' id='word_1_176' title='bbox 1045 2277 1095 2330; x_wconf 90' lang='lat' dir='ltr'><strong>ei</strong></span> <span class='ocrx_word' id='word_1_177' title='bbox 1136 2275 1409 2346; x_wconf 86' lang='lat' dir='ltr'><strong>publicani</strong></span> <span class='ocrx_word' id='word_1_178' title='bbox 1456 2285 1513 2332; x_wconf 91' lang='lat' dir='ltr'><strong>et</strong></span> <span class='ocrx_word' id='word_1_179' title='bbox 1555 2286 1868 2346; x_wconf 82' lang='lat' dir='ltr'><strong>peccatores</strong></span> 
     </span>
    </p>
   </div>
   <div class='ocr_carea' id='block_1_24' title="bbox 290 2366 1868 2429">
    <p class='ocr_par' dir='ltr' id='par_1_24' title="bbox 290 2366 1868 2429">
     <span class='ocr_line' id='line_1_25' title="bbox 290 2366 1868 2429; baseline 0.003 -9"><span class='ocrx_word' id='word_1_180' title='bbox 290 2366 470 2429; x_wconf 76' lang='lat' dir='ltr'><strong>inulti,</strong></span> <span class='ocrx_word' id='word_1_181' title='bbox 495 2373 557 2421; x_wconf 88' lang='lat' dir='ltr'><strong>ut</strong></span> <span class='ocrx_word' id='word_1_182' title='bbox 577 2366 827 2422; x_wconf 73' lang='lat' dir='ltr'><strong>audirent</strong></span> <span class='ocrx_word' id='word_1_183' title='bbox 851 2383 996 2423; x_wconf 89' lang='lat' dir='ltr'><strong>eum.</strong></span> <span class='ocrx_word' id='word_1_184' title='bbox 1026 2369 1089 2422; x_wconf 76' lang='lat' dir='ltr'><strong>Et</strong></span> <span class='ocrx_word' id='word_1_185' title='bbox 1106 2369 1515 2423; x_wconf 85' lang='lat' dir='ltr'><strong>murmurabaut</strong></span> <span class='ocrx_word' id='word_1_186' title='bbox 1540 2369 1667 2423; x_wconf 69' lang='lat' dir='ltr'><strong>Phan</strong></span> <span class='ocrx_word' id='word_1_187' title='bbox 1684 2369 1794 2424; x_wconf 73' lang='lat' dir='ltr'><strong>istm</strong></span> <span class='ocrx_word' id='word_1_188' title='bbox 1814 2380 1868 2426; x_wconf 93' lang='lat' dir='ltr'><strong>et</strong></span> 
     </span>
    </p>
   </div>
   <div class='ocr_carea' id='block_1_25' title="bbox 288 2455 1872 2529">
    <p class='ocr_par' dir='ltr' id='par_1_25' title="bbox 288 2455 1872 2529">
     <span class='ocr_line' id='line_1_26' title="bbox 288 2455 1872 2529; baseline 0.004 -18"><span class='ocrx_word' id='word_1_189' title='bbox 288 2456 506 2523; x_wconf 67' lang='lat' dir='ltr'><strong>scribe,</strong></span> <span class='ocrx_word' id='word_1_190' title='bbox 551 2455 1001 2526; x_wconf 76' lang='lat' dir='ltr'><strong>dicenteszQuia</strong></span> <span class='ocrx_word' id='word_1_191' title='bbox 1053 2458 1142 2515; x_wconf 86' lang='lat' dir='ltr'><strong>hic</strong></span> <span class='ocrx_word' id='word_1_192' title='bbox 1188 2469 1500 2529; x_wconf 87' lang='lat' dir='ltr'><strong>peccatores</strong></span> <span class='ocrx_word' id='word_1_193' title='bbox 1549 2460 1760 2528; x_wconf 84' lang='lat' dir='ltr'><strong>recipit,</strong></span> <span class='ocrx_word' id='word_1_194' title='bbox 1817 2472 1872 2517; x_wconf 91' lang='lat' dir='ltr'><strong>et</strong></span> 
     </span>
    </p>
   </div>
   <div class='ocr_carea' id='block_1_26' title="bbox 291 2548 1869 2618">
    <p class='ocr_par' dir='ltr' id='par_1_26' title="bbox 291 2548 1869 2618">
     <span class='ocr_line' id='line_1_27' title="bbox 291 2548 1869 2618; baseline 0.003 -14"><span class='ocrx_word' id='word_1_195' title='bbox 291 2548 582 2605; x_wconf 84' lang='lat' dir='ltr'><strong>manducat</strong></span> <span class='ocrx_word' id='word_1_196' title='bbox 602 2564 725 2605; x_wconf 89' lang='lat' dir='ltr'><strong>cum</strong></span> <span class='ocrx_word' id='word_1_197' title='bbox 756 2550 1111 2608; x_wconf 57' lang='lat' dir='ltr'><strong>illis—loss.</strong></span> <span class='ocrx_word' id='word_1_198' title='bbox 1146 2567 1237 2618; x_wconf 86' lang='lat' dir='ltr'><strong>vn,</strong></span> <span class='ocrx_word' id='word_1_199' title='bbox 1270 2553 1319 2606; x_wconf 79' lang='lat' dir='ltr'><strong>t.</strong></span> <span class='ocrx_word' id='word_1_200' title='bbox 1347 2551 1476 2607; x_wconf 90' lang='lat' dir='ltr'><strong>Post</strong></span> <span class='ocrx_word' id='word_1_201' title='bbox 1492 2553 1605 2607; x_wconf 77' lang='lat' dir='ltr'><strong>inec</strong></span> <span class='ocrx_word' id='word_1_202' title='bbox 1633 2553 1869 2608; x_wconf 77' lang='lat' dir='ltr'><strong>ambula-</strong></span> 
     </span>
    </p>
   </div>
   <div class='ocr_carea' id='block_1_27' title="bbox 290 2642 1870 2701">
    <p class='ocr_par' dir='ltr' id='par_1_27' title="bbox 290 2642 1870 2701">
     <span class='ocr_line' id='line_1_28' title="bbox 290 2642 1870 2701; baseline 0.002 -3"><span class='ocrx_word' id='word_1_203' title='bbox 290 2643 384 2698; x_wconf 83' lang='lat' dir='ltr'><strong>bat</strong></span> <span class='ocrx_word' id='word_1_204' title='bbox 404 2642 561 2699; x_wconf 79' lang='lat' dir='ltr'><strong>Jesus</strong></span> <span class='ocrx_word' id='word_1_205' title='bbox 589 2645 643 2698; x_wconf 90' lang='lat' dir='ltr'><strong>in</strong></span> <span class='ocrx_word' id='word_1_206' title='bbox 671 2642 945 2699; x_wconf 65' lang='lat' dir='ltr'><strong>Galilaeam</strong></span> <span class='ocrx_word' id='word_1_207' title='bbox 970 2662 983 2697; x_wconf 92' lang='lat'><strong>:</strong></span> <span class='ocrx_word' id='word_1_208' title='bbox 1008 2658 1115 2701; x_wconf 89' lang='lat' dir='ltr'><strong>non</strong></span> <span class='ocrx_word' id='word_1_209' title='bbox 1144 2644 1287 2701; x_wconf 89' lang='lat' dir='ltr'><strong>enim</strong></span> <span class='ocrx_word' id='word_1_210' title='bbox 1310 2644 1527 2699; x_wconf 84' lang='lat' dir='ltr'><strong>volebat</strong></span> <span class='ocrx_word' id='word_1_211' title='bbox 1556 2645 1608 2699; x_wconf 91' lang='lat' dir='ltr'><strong>in</strong></span> <span class='ocrx_word' id='word_1_212' title='bbox 1630 2645 1870 2701; x_wconf 69' lang='lat' dir='ltr'><strong>Judteam</strong></span> 
     </span>
    </p>
   </div>
   <div class='ocr_carea' id='block_1_28' title="bbox 294 2733 1799 2805">
    <p class='ocr_par' dir='ltr' id='par_1_28' title="bbox 294 2733 1799 2805">
     <span class='ocr_line' id='line_1_29' title="bbox 294 2733 1799 2805; baseline -0.001 -14"><span class='ocrx_word' id='word_1_213' title='bbox 294 2733 591 2800; x_wconf 74' lang='lat' dir='ltr'><strong>ambulare,</strong></span> <span class='ocrx_word' id='word_1_214' title='bbox 634 2735 756 2804; x_wconf 85' lang='lat' dir='ltr'><strong>quia</strong></span> <span class='ocrx_word' id='word_1_215' title='bbox 785 2734 1098 2805; x_wconf 78' lang='lat' dir='ltr'><strong>quterebant</strong></span> <span class='ocrx_word' id='word_1_216' title='bbox 1126 2750 1248 2791; x_wconf 90' lang='lat' dir='ltr'><strong>eum</strong></span> <span class='ocrx_word' id='word_1_217' title='bbox 1272 2734 1442 2790; x_wconf 69' lang='lat' dir='ltr'><strong>Judaei</strong></span> <span class='ocrx_word' id='word_1_218' title='bbox 1472 2736 1799 2791; x_wconf 82' lang='lat' dir='ltr'><strong>interﬁcere.</strong></span> 
     </span>
    </p>
   </div>
   <div class='ocr_carea' id='block_1_29' title="bbox 899 2868 1270 2926">
    <p class='ocr_par' dir='ltr' id='par_1_29' title="bbox 899 2868 1270 2926">
     <span class='ocr_line' id='line_1_30' title="bbox 899 2868 1270 2926; baseline -0.003 -1"><span class='ocrx_word' id='word_1_219' title='bbox 899 2868 1124 2926; x_wconf 62' lang='lat' dir='ltr'><strong>CAFUT</strong></span> <span class='ocrx_word' id='word_1_220' title='bbox 1162 2870 1270 2926; x_wconf 90' lang='lat' dir='ltr'><strong>Cll.</strong></span> 
     </span>
    </p>
   </div>
   <div class='ocr_carea' id='block_1_30' title="bbox 295 2962 1873 3030">
    <p class='ocr_par' dir='ltr' id='par_1_30' title="bbox 295 2962 1873 3030">
     <span class='ocr_line' id='line_1_31' title="bbox 295 2962 1873 3030; baseline 0.003 -15"><span class='ocrx_word' id='word_1_221' title='bbox 295 2962 367 3015; x_wconf 78' lang='lat' dir='ltr'><strong>Je-</strong></span> <span class='ocrx_word' id='word_1_222' title='bbox 388 2980 452 3018; x_wconf 68' lang='grc' dir='ltr'><strong>τη</strong></span> <span class='ocrx_word' id='word_1_223' title='bbox 484 2963 705 3018; x_wconf 73' lang='lat' dir='ltr'><strong>instituit</strong></span> <span class='ocrx_word' id='word_1_224' title='bbox 746 2979 830 3018; x_wconf 84' lang='lat' dir='ltr'><strong>eos</strong></span> <span class='ocrx_word' id='word_1_225' title='bbox 873 2964 959 3030; x_wconf 86' lang='lat' dir='ltr'><strong>qui</strong></span> <span class='ocrx_word' id='word_1_226' title='bbox 1003 2965 1432 3017; x_wconf 53' lang='lat' dir='ltr'><strong>annuntiavtvunt</strong></span> <span class='ocrx_word' id='word_1_227' title='bbox 1470 2965 1516 3017; x_wconf 87' lang='lat' dir='ltr'><strong>ei</strong></span> <span class='ocrx_word' id='word_1_228' title='bbox 1556 2967 1618 3017; x_wconf 84' lang='lat' dir='ltr'><strong>de</strong></span> <span class='ocrx_word' id='word_1_229' title='bbox 1647 2962 1873 3019; x_wconf 74' lang='lat' dir='ltr'><strong>Gulilwis</strong></span> 
     </span>
    </p>
   </div>
   <div class='ocr_carea' id='block_1_31' title="bbox 363 3032 1875 3107">
    <p class='ocr_par' dir='ltr' id='par_1_31' title="bbox 363 3032 1875 3107">
     <span class='ocr_line' id='line_1_32' title="bbox 363 3032 1875 3107; baseline 0.002 -21"><span class='ocrx_word' id='word_1_230' title='bbox 363 3050 492 3107; x_wconf 66' lang='lat' dir='ltr'><strong>quas</strong></span> <span class='ocrx_word' id='word_1_231' title='bbox 517 3034 770 3102; x_wconf 70' lang='lat' dir='ltr'><strong>interfecit</strong></span> <span class='ocrx_word' id='word_1_232' title='bbox 804 3032 1027 3101; x_wconf 84' lang='lat' dir='ltr'><strong>Pilatus,</strong></span> <span class='ocrx_word' id='word_1_233' title='bbox 1060 3035 1344 3107; x_wconf 75' lang='lat' dir='ltr'><strong>ndjungens</strong></span> <span class='ocrx_word' id='word_1_234' title='bbox 1375 3036 1759 3089; x_wconf 68' lang='lat' dir='ltr'><strong>similitudinem</strong></span> <span class='ocrx_word' id='word_1_235' title='bbox 1787 3051 1875 3089; x_wconf 86' lang='lat' dir='ltr'><strong>ar-</strong></span> 
     </span>
    </p>
   </div>
   <div class='ocr_carea' id='block_1_32' title="bbox 366 3106 881 3173">
    <p class='ocr_par' dir='ltr' id='par_1_32' title="bbox 366 3106 881 3173">
     <span class='ocr_line' id='line_1_33' title="bbox 366 3106 881 3173; baseline 0.002 -16"><span class='ocrx_word' id='word_1_236' title='bbox 366 3106 504 3159; x_wconf 75' lang='lat' dir='ltr'><strong>boris</strong></span> <span class='ocrx_word' id='word_1_237' title='bbox 533 3107 618 3173; x_wconf 83' lang='lat' dir='ltr'><strong>ﬁci</strong></span> <span class='ocrx_word' id='word_1_238' title='bbox 648 3108 700 3157; x_wconf 73' lang='lat' dir='ltr'><strong>in</strong></span> <span class='ocrx_word' id='word_1_239' title='bbox 719 3107 881 3159; x_wconf 83' lang='lat' dir='ltr'><strong>vinea.</strong></span> 
     </span>
    </p>
   </div>
   <div class='ocr_carea' id='block_1_33' title="bbox 370 3216 1872 3287">
    <p class='ocr_par' dir='ltr' id='par_1_33' title="bbox 370 3216 1872 3287">
     <span class='ocr_line' id='line_1_34' title="bbox 370 3216 1872 3287; baseline 0 -17"><span class='ocrx_word' id='word_1_240' title='bbox 370 3219 502 3271; x_wconf 85' lang='lat' dir='ltr'><strong>Luc.</strong></span> <span class='ocrx_word' id='word_1_241' title='bbox 538 3232 659 3283; x_wconf 81' lang='lat' dir='ltr'><strong>xm,</strong></span> <span class='ocrx_word' id='word_1_242' title='bbox 686 3217 798 3271; x_wconf 77' lang='lat'><strong>1-9.</strong></span> <span class='ocrx_word' id='word_1_243' title='bbox 824 3216 1062 3271; x_wconf 81' lang='lat' dir='ltr'><strong>Aderant</strong></span> <span class='ocrx_word' id='word_1_244' title='bbox 1077 3223 1255 3272; x_wconf 87' lang='lat' dir='ltr'><strong>autem</strong></span> <span class='ocrx_word' id='word_1_245' title='bbox 1276 3216 1492 3287; x_wconf 87' lang='lat' dir='ltr'><strong>quidam</strong></span> <span class='ocrx_word' id='word_1_246' title='bbox 1514 3218 1631 3287; x_wconf 84' lang='lat' dir='ltr'><strong>ipso</strong></span> <span class='ocrx_word' id='word_1_247' title='bbox 1656 3217 1709 3271; x_wconf 88' lang='lat' dir='ltr'><strong>in</strong></span> <span class='ocrx_word' id='word_1_248' title='bbox 1738 3226 1872 3271; x_wconf 87' lang='lat' dir='ltr'><strong>tem-</strong></span> 
     </span>
    </p>
   </div>
   <div class='ocr_carea' id='block_1_34' title="bbox 298 3305 1871 3376">
    <p class='ocr_par' dir='ltr' id='par_1_34' title="bbox 298 3305 1871 3376">
     <span class='ocr_line' id='line_1_35' title="bbox 298 3305 1871 3376; baseline -0.001 -15"><span class='ocrx_word' id='word_1_249' title='bbox 298 3322 431 3374; x_wconf 86' lang='lat' dir='ltr'><strong>pore</strong></span> <span class='ocrx_word' id='word_1_250' title='bbox 479 3306 787 3360; x_wconf 89' lang='lat' dir='ltr'><strong>nuntiantes</strong></span> <span class='ocrx_word' id='word_1_251' title='bbox 814 3305 893 3360; x_wconf 90' lang='lat' dir='ltr'><strong>illi</strong></span> <span class='ocrx_word' id='word_1_252' title='bbox 919 3305 988 3361; x_wconf 87' lang='lat' dir='ltr'><strong>de</strong></span> <span class='ocrx_word' id='word_1_253' title='bbox 1016 3306 1257 3361; x_wconf 79' lang='lat' dir='ltr'><strong>Galilast</strong></span> <span class='ocrx_word' id='word_1_254' title='bbox 1283 3320 1508 3376; x_wconf 90' lang='lat' dir='ltr'><strong>quorum</strong></span> <span class='ocrx_word' id='word_1_255' title='bbox 1558 3306 1871 3375; x_wconf 86' lang='lat' dir='ltr'><strong>sanguinem</strong></span> 
     </span>
    </p>
   </div>
   <div class='ocr_carea' id='block_1_35' title="bbox 304 3396 1874 3466">
    <p class='ocr_par' dir='ltr' id='par_1_35' title="bbox 304 3396 1874 3466">
     <span class='ocr_line' id='line_1_36' title="bbox 304 3396 1874 3466; baseline -0.001 -13"><span class='ocrx_word' id='word_1_256' title='bbox 304 3400 503 3453; x_wconf 75' lang='lat' dir='ltr'><strong>Pilatus</strong></span> <span class='ocrx_word' id='word_1_257' title='bbox 534 3397 751 3452; x_wconf 88' lang='lat' dir='ltr'><strong>miscuit</strong></span> <span class='ocrx_word' id='word_1_258' title='bbox 770 3412 891 3452; x_wconf 92' lang='lat' dir='ltr'><strong>cum</strong></span> <span class='ocrx_word' id='word_1_259' title='bbox 914 3397 1194 3452; x_wconf 86' lang='lat' dir='ltr'><strong>sacrificiis</strong></span> <span class='ocrx_word' id='word_1_260' title='bbox 1214 3412 1419 3452; x_wconf 89' lang='lat' dir='ltr'><strong>eorum.</strong></span> <span class='ocrx_word' id='word_1_261' title='bbox 1446 3396 1516 3452; x_wconf 89' lang='lat' dir='ltr'><strong>Et</strong></span> <span class='ocrx_word' id='word_1_262' title='bbox 1540 3396 1874 3466; x_wconf 87' lang='lat' dir='ltr'><strong>respondens</strong></span> 
     </span>
    </p>
   </div>
   <div class='ocr_carea' id='block_1_36' title="bbox 300 3486 1875 3558">
    <p class='ocr_par' dir='ltr' id='par_1_36' title="bbox 300 3486 1875 3558">
     <span class='ocr_line' id='line_1_37' title="bbox 300 3486 1875 3558; baseline 0 -17"><span class='ocrx_word' id='word_1_263' title='bbox 300 3489 441 3542; x_wconf 73' lang='lat' dir='ltr'><strong>dixit</strong></span> <span class='ocrx_word' id='word_1_264' title='bbox 468 3488 607 3544; x_wconf 83' lang='lat' dir='ltr'><strong>illis:</strong></span> <span class='ocrx_word' id='word_1_265' title='bbox 641 3488 842 3543; x_wconf 84' lang='lat' dir='ltr'><strong>l&#39;utatis</strong></span> <span class='ocrx_word' id='word_1_266' title='bbox 873 3487 1016 3558; x_wconf 88' lang='lat' dir='ltr'><strong>quod</strong></span> <span class='ocrx_word' id='word_1_267' title='bbox 1045 3488 1101 3543; x_wconf 89' lang='lat' dir='ltr'><strong>hi</strong></span> <span class='ocrx_word' id='word_1_268' title='bbox 1131 3487 1335 3544; x_wconf 76' lang='lat' dir='ltr'><strong>Galiltei</strong></span> <span class='ocrx_word' id='word_1_269' title='bbox 1359 3503 1469 3558; x_wconf 73' lang='lat' dir='ltr'><strong>prae</strong></span> <span class='ocrx_word' id='word_1_270' title='bbox 1493 3486 1743 3543; x_wconf 89' lang='lat' dir='ltr'><strong>omnibus</strong></span> <span class='ocrx_word' id='word_1_271' title='bbox 1770 3488 1875 3543; x_wconf 88' lang='lat' dir='ltr'><strong>Ga-</strong></span> 
     </span>
    </p>
   </div>
   <div class='ocr_carea' id='block_1_37' title="bbox 300 3579 1870 3651">
    <p class='ocr_par' dir='ltr' id='par_1_37' title="bbox 300 3579 1870 3651">
     <span class='ocr_line' id='line_1_38' title="bbox 300 3579 1870 3651; baseline 0 -17"><span class='ocrx_word' id='word_1_272' title='bbox 300 3582 453 3636; x_wconf 78' lang='lat' dir='ltr'><strong>lilaeis</strong></span> <span class='ocrx_word' id='word_1_273' title='bbox 478 3588 796 3650; x_wconf 84' lang='lat' dir='ltr'><strong>peceatores</strong></span> <span class='ocrx_word' id='word_1_274' title='bbox 824 3579 1061 3648; x_wconf 89' lang='lat' dir='ltr'><strong>fuerunt,</strong></span> <span class='ocrx_word' id='word_1_275' title='bbox 1085 3580 1211 3650; x_wconf 84' lang='lat' dir='ltr'><strong>quia</strong></span> <span class='ocrx_word' id='word_1_276' title='bbox 1241 3580 1368 3636; x_wconf 88' lang='lat' dir='ltr'><strong>talia</strong></span> <span class='ocrx_word' id='word_1_277' title='bbox 1388 3580 1530 3651; x_wconf 83' lang='lat' dir='ltr'><strong>passi</strong></span> <span class='ocrx_word' id='word_1_278' title='bbox 1557 3580 1870 3649; x_wconf 75' lang='lat' dir='ltr'><strong>sunttNon,</strong></span> 
     </span>
    </p>
   </div>
   <div class='ocr_carea' id='block_1_38' title="bbox 298 3670 1871 3741">
    <p class='ocr_par' dir='ltr' id='par_1_38' title="bbox 298 3670 1871 3741">
     <span class='ocr_line' id='line_1_39' title="bbox 298 3670 1871 3741; baseline 0 -15"><span class='ocrx_word' id='word_1_279' title='bbox 298 3673 421 3728; x_wconf 82' lang='lat' dir='ltr'><strong>dico</strong></span> <span class='ocrx_word' id='word_1_280' title='bbox 445 3671 604 3729; x_wconf 81' lang='lat' dir='ltr'><strong>vobis</strong></span> <span class='ocrx_word' id='word_1_281' title='bbox 633 3692 646 3726; x_wconf 91' lang='lat'><strong>:</strong></span> <span class='ocrx_word' id='word_1_282' title='bbox 678 3670 773 3727; x_wconf 87' lang='lat' dir='ltr'><strong>sed</strong></span> <span class='ocrx_word' id='word_1_283' title='bbox 803 3672 904 3726; x_wconf 86' lang='lat' dir='ltr'><strong>nisi</strong></span> <span class='ocrx_word' id='word_1_284' title='bbox 937 3671 1305 3741; x_wconf 71' lang='lat' dir='ltr'><strong>paenitentiam</strong></span> <span class='ocrx_word' id='word_1_285' title='bbox 1330 3672 1646 3737; x_wconf 83' lang='lat' dir='ltr'><strong>habueritis,</strong></span> <span class='ocrx_word' id='word_1_286' title='bbox 1675 3671 1871 3726; x_wconf 80' lang='lat' dir='ltr'><strong>simili-</strong></span> 
     </span>
    </p>
   </div>
   <div class='ocr_carea' id='block_1_39' title="bbox 300 3745 1872 3834">
    <p class='ocr_par' dir='ltr' id='par_1_39' title="bbox 300 3745 1872 3834">
     <span class='ocr_line' id='line_1_40' title="bbox 300 3745 1872 3834; baseline 0 -17"><span class='ocrx_word' id='word_1_287' title='bbox 300 3772 384 3817; x_wconf 89' lang='lat' dir='ltr'><strong>ter</strong></span> <span class='ocrx_word' id='word_1_288' title='bbox 418 3776 611 3818; x_wconf 83' lang='lat' dir='ltr'><strong>omnes</strong></span> <span class='ocrx_word' id='word_1_289' title='bbox 639 3761 903 3832; x_wconf 88' lang='lat' dir='ltr'><strong>peribitis.</strong></span> <span class='ocrx_word' id='word_1_290' title='bbox 952 3761 1103 3816; x_wconf 87' lang='lat' dir='ltr'><strong>Sicut</strong></span> <span class='ocrx_word' id='word_1_291' title='bbox 1131 3761 1211 3816; x_wconf 90' lang='lat' dir='ltr'><strong>illi</strong></span> <span class='ocrx_word' id='word_1_292' title='bbox 1250 3745 1435 3818; x_wconf 80' lang='lat' dir='ltr'><strong>decem</strong></span> <span class='ocrx_word' id='word_1_293' title='bbox 1464 3771 1519 3819; x_wconf 90' lang='lat' dir='ltr'><strong>et</strong></span> <span class='ocrx_word' id='word_1_294' title='bbox 1557 3772 1682 3818; x_wconf 91' lang='lat' dir='ltr'><strong>octo</strong></span> <span class='ocrx_word' id='word_1_295' title='bbox 1708 3778 1872 3834; x_wconf 82' lang='lat' dir='ltr'><strong>supra</strong></span> 
     </span>
    </p>
   </div>
   <div class='ocr_carea' id='block_1_40' title="bbox 299 3850 1871 3923">
    <p class='ocr_par' dir='ltr' id='par_1_40' title="bbox 299 3850 1871 3923">
     <span class='ocr_line' id='line_1_41' title="bbox 299 3850 1871 3923; baseline 0.003 -20"><span class='ocrx_word' id='word_1_296' title='bbox 299 3867 434 3922; x_wconf 70' lang='lat' dir='ltr'><strong>quos</strong></span> <span class='ocrx_word' id='word_1_297' title='bbox 446 3852 647 3907; x_wconf 85' lang='lat' dir='ltr'><strong>cecidit</strong></span> <span class='ocrx_word' id='word_1_298' title='bbox 670 3852 831 3907; x_wconf 90' lang='lat' dir='ltr'><strong>turris</strong></span> <span class='ocrx_word' id='word_1_299' title='bbox 855 3852 907 3907; x_wconf 88' lang='lat' dir='ltr'><strong>in</strong></span> <span class='ocrx_word' id='word_1_300' title='bbox 929 3850 1167 3916; x_wconf 88' lang='lat' dir='ltr'><strong>Siloe,et</strong></span> <span class='ocrx_word' id='word_1_301' title='bbox 1187 3852 1518 3908; x_wconf 89' lang='lat' dir='ltr'><strong>oeciditeos:</strong></span> <span class='ocrx_word' id='word_1_302' title='bbox 1538 3853 1737 3920; x_wconf 84' lang='lat' dir='ltr'><strong>putatis</strong></span> <span class='ocrx_word' id='word_1_303' title='bbox 1752 3854 1871 3923; x_wconf 84' lang='lat' dir='ltr'><strong>quia</strong></span> 
     </span>
    </p>
   </div>
   <div class='ocr_carea' id='block_1_41' title="bbox 300 3941 1873 4013">
    <p class='ocr_par' dir='ltr' id='par_1_41' title="bbox 300 3941 1873 4013">
     <span class='ocr_line' id='line_1_42' title="bbox 300 3941 1873 4013; baseline 0 -16"><span class='ocrx_word' id='word_1_304' title='bbox 300 3953 354 3997; x_wconf 88' lang='lat' dir='ltr'><strong>et</strong></span> <span class='ocrx_word' id='word_1_305' title='bbox 379 3944 478 4013; x_wconf 79' lang='lat' dir='ltr'><strong>ipsi</strong></span> <span class='ocrx_word' id='word_1_306' title='bbox 510 3943 788 3998; x_wconf 81' lang='lat' dir='ltr'><strong>debitores</strong></span> <span class='ocrx_word' id='word_1_307' title='bbox 821 3941 1039 3998; x_wconf 88' lang='lat' dir='ltr'><strong>fuerunt</strong></span> <span class='ocrx_word' id='word_1_308' title='bbox 1066 3952 1259 4010; x_wconf 66' lang='lat' dir='ltr'><strong>praeter</strong></span> <span class='ocrx_word' id='word_1_309' title='bbox 1285 3956 1477 3999; x_wconf 90' lang='lat' dir='ltr'><strong>omnes</strong></span> <span class='ocrx_word' id='word_1_310' title='bbox 1500 3942 1749 3999; x_wconf 85' lang='lat' dir='ltr'><strong>homines</strong></span> <span class='ocrx_word' id='word_1_311' title='bbox 1780 3945 1873 3997; x_wconf 82' lang='lat' dir='ltr'><strong>lia—</strong></span> 
     </span>
    </p>
   </div>
   <div class='ocr_carea' id='block_1_42' title="bbox 301 4030 1872 4099">
    <p class='ocr_par' dir='ltr' id='par_1_42' title="bbox 301 4030 1872 4099">
     <span class='ocr_line' id='line_1_43' title="bbox 301 4030 1872 4099; baseline 0.001 -13"><span class='ocrx_word' id='word_1_312' title='bbox 301 4032 534 4087; x_wconf 81' lang='lat' dir='ltr'><strong>bitantes</strong></span> <span class='ocrx_word' id='word_1_313' title='bbox 559 4033 613 4087; x_wconf 83' lang='lat' dir='ltr'><strong>in</strong></span> <span class='ocrx_word' id='word_1_314' title='bbox 632 4030 1008 4088; x_wconf 77' lang='lat' dir='ltr'><strong>Hierusalem?</strong></span> <span class='ocrx_word' id='word_1_315' title='bbox 1034 4031 1175 4099; x_wconf 85' lang='lat' dir='ltr'><strong>Non,</strong></span> <span class='ocrx_word' id='word_1_316' title='bbox 1207 4032 1326 4087; x_wconf 88' lang='lat' dir='ltr'><strong>dico</strong></span> <span class='ocrx_word' id='word_1_317' title='bbox 1348 4032 1499 4089; x_wconf 89' lang='lat' dir='ltr'><strong>vobis</strong></span> <span class='ocrx_word' id='word_1_318' title='bbox 1532 4050 1544 4085; x_wconf 89' lang='lat'><strong>:</strong></span> <span class='ocrx_word' id='word_1_319' title='bbox 1575 4032 1670 4087; x_wconf 90' lang='lat' dir='ltr'><strong>sed</strong></span> <span class='ocrx_word' id='word_1_320' title='bbox 1692 4034 1738 4088; x_wconf 94' lang='lat' dir='ltr'><strong>si</strong></span> <span class='ocrx_word' id='word_1_321' title='bbox 1764 4048 1872 4087; x_wconf 90' lang='lat' dir='ltr'><strong>non</strong></span> 
     </span>
    </p>
   </div>
   <div class='ocr_carea' id='block_1_43' title="bbox 304 4121 1876 4192">
    <p class='ocr_par' dir='ltr' id='par_1_43' title="bbox 304 4121 1876 4192">
     <span class='ocr_line' id='line_1_44' title="bbox 304 4121 1876 4192; baseline 0.001 -14"><span class='ocrx_word' id='word_1_322' title='bbox 304 4124 675 4190; x_wconf 68' lang='lat' dir='ltr'><strong>penitentiam</strong></span> <span class='ocrx_word' id='word_1_323' title='bbox 704 4123 943 4192; x_wconf 85' lang='lat' dir='ltr'><strong>egeritis,</strong></span> <span class='ocrx_word' id='word_1_324' title='bbox 958 4136 1149 4178; x_wconf 91' lang='lat' dir='ltr'><strong>omnes</strong></span> <span class='ocrx_word' id='word_1_325' title='bbox 1164 4121 1414 4178; x_wconf 86' lang='lat' dir='ltr'><strong>similiter</strong></span> <span class='ocrx_word' id='word_1_326' title='bbox 1429 4123 1689 4192; x_wconf 88' lang='lat' dir='ltr'><strong>peribitis.</strong></span> <span class='ocrx_word' id='word_1_327' title='bbox 1720 4123 1876 4179; x_wconf 91' lang='lat' dir='ltr'><strong>Dice-</strong></span> 
     </span>
    </p>
   </div>
   <div class='ocr_carea' id='block_1_44' title="bbox 304 4216 1873 4273">
    <p class='ocr_par' dir='ltr' id='par_1_44' title="bbox 304 4216 1873 4273">
     <span class='ocr_line' id='line_1_45' title="bbox 304 4216 1873 4273; baseline 0.002 -3"><span class='ocrx_word' id='word_1_328' title='bbox 304 4216 389 4270; x_wconf 91' lang='lat' dir='ltr'><strong>bat</strong></span> <span class='ocrx_word' id='word_1_329' title='bbox 409 4226 589 4272; x_wconf 89' lang='lat' dir='ltr'><strong>autem</strong></span> <span class='ocrx_word' id='word_1_330' title='bbox 610 4217 747 4271; x_wconf 87' lang='lat' dir='ltr'><strong>hanc</strong></span> <span class='ocrx_word' id='word_1_331' title='bbox 762 4216 1164 4272; x_wconf 84' lang='lat' dir='ltr'><strong>similitudinem</strong></span> <span class='ocrx_word' id='word_1_332' title='bbox 1194 4235 1206 4270; x_wconf 91' lang='lat'><strong>:</strong></span> <span class='ocrx_word' id='word_1_333' title='bbox 1243 4218 1504 4273; x_wconf 85' lang='lat' dir='ltr'><strong>Arborem</strong></span> <span class='ocrx_word' id='word_1_334' title='bbox 1540 4217 1623 4271; x_wconf 84' lang='lat' dir='ltr'><strong>ﬁci</strong></span> <span class='ocrx_word' id='word_1_335' title='bbox 1645 4219 1873 4273; x_wconf 75' lang='lat' dir='ltr'><strong>trahebat</strong></span> 
     </span>
    </p>
   </div>
   <div class='ocr_carea' id='block_1_45' title="bbox 306 4308 1870 4378">
    <p class='ocr_par' dir='ltr' id='par_1_45' title="bbox 306 4308 1870 4378">
     <span class='ocr_line' id='line_1_46' title="bbox 306 4308 1870 4378; baseline 0.001 -18"><span class='ocrx_word' id='word_1_336' title='bbox 306 4310 513 4377; x_wconf 87' lang='lat' dir='ltr'><strong>quidam</strong></span> <span class='ocrx_word' id='word_1_337' title='bbox 534 4309 830 4377; x_wconf 85' lang='lat' dir='ltr'><strong>plantatam</strong></span> <span class='ocrx_word' id='word_1_338' title='bbox 850 4308 901 4362; x_wconf 92' lang='lat' dir='ltr'><strong>in</strong></span> <span class='ocrx_word' id='word_1_339' title='bbox 922 4308 1074 4362; x_wconf 88' lang='lat' dir='ltr'><strong>vinea</strong></span> <span class='ocrx_word' id='word_1_340' title='bbox 1105 4323 1222 4370; x_wconf 85' lang='lat' dir='ltr'><strong>sua,</strong></span> <span class='ocrx_word' id='word_1_341' title='bbox 1241 4317 1293 4363; x_wconf 89' lang='lat' dir='ltr'><strong>et</strong></span> <span class='ocrx_word' id='word_1_342' title='bbox 1315 4309 1457 4362; x_wconf 87' lang='lat' dir='ltr'><strong>venit</strong></span> <span class='ocrx_word' id='word_1_343' title='bbox 1479 4320 1727 4378; x_wconf 62' lang='lat' dir='ltr'><strong>quaerens</strong></span> <span class='ocrx_word' id='word_1_344' title='bbox 1756 4308 1870 4364; x_wconf 86' lang='lat' dir='ltr'><strong>fru-</strong></span> 
     </span>
    </p>
   </div>
   <div class='ocr_carea' id='block_1_46' title="bbox 305 4396 1869 4465">
    <p class='ocr_par' dir='ltr' id='par_1_46' title="bbox 305 4396 1869 4465">
     <span class='ocr_line' id='line_1_47' title="bbox 305 4396 1869 4465; baseline 0.001 -15"><span class='ocrx_word' id='word_1_345' title='bbox 305 4407 440 4452; x_wconf 87' lang='lat' dir='ltr'><strong>ctum</strong></span> <span class='ocrx_word' id='word_1_346' title='bbox 472 4398 527 4452; x_wconf 91' lang='lat' dir='ltr'><strong>in</strong></span> <span class='ocrx_word' id='word_1_347' title='bbox 556 4412 641 4465; x_wconf 89' lang='lat' dir='ltr'><strong>ea,</strong></span> <span class='ocrx_word' id='word_1_348' title='bbox 670 4406 725 4453; x_wconf 90' lang='lat' dir='ltr'><strong>et</strong></span> <span class='ocrx_word' id='word_1_349' title='bbox 753 4410 860 4452; x_wconf 90' lang='lat' dir='ltr'><strong>non</strong></span> <span class='ocrx_word' id='word_1_350' title='bbox 891 4398 1117 4452; x_wconf 81' lang='lat' dir='ltr'><strong>invenit.</strong></span> <span class='ocrx_word' id='word_1_351' title='bbox 1145 4396 1283 4450; x_wconf 82' lang='lat' dir='ltr'><strong>Dixit</strong></span> <span class='ocrx_word' id='word_1_352' title='bbox 1315 4407 1491 4452; x_wconf 87' lang='lat' dir='ltr'><strong>autem</strong></span> <span class='ocrx_word' id='word_1_353' title='bbox 1520 4396 1584 4450; x_wconf 84' lang='lat' dir='ltr'><strong>ad</strong></span> <span class='ocrx_word' id='word_1_354' title='bbox 1608 4397 1869 4452; x_wconf 89' lang='lat' dir='ltr'><strong>cultorem</strong></span> 
     </span>
    </p>
   </div>
   <div class='ocr_carea' id='block_1_47' title="bbox 306 4490 1872 4559">
    <p class='ocr_par' dir='ltr' id='par_1_47' title="bbox 306 4490 1872 4559">
     <span class='ocr_line' id='line_1_48' title="bbox 306 4490 1872 4559; baseline 0.003 -20"><span class='ocrx_word' id='word_1_355' title='bbox 306 4492 505 4545; x_wconf 66' lang='lat' dir='ltr'><strong>vinea:</strong></span> <span class='ocrx_word' id='word_1_356' title='bbox 540 4491 678 4545; x_wconf 80' lang='lat' dir='ltr'><strong>Ecce</strong></span> <span class='ocrx_word' id='word_1_357' title='bbox 715 4491 845 4543; x_wconf 88' lang='lat' dir='ltr'><strong>anni</strong></span> <span class='ocrx_word' id='word_1_358' title='bbox 892 4496 1006 4544; x_wconf 88' lang='lat' dir='ltr'><strong>tres</strong></span> <span class='ocrx_word' id='word_1_359' title='bbox 1049 4498 1173 4544; x_wconf 89' lang='lat' dir='ltr'><strong>sunt</strong></span> <span class='ocrx_word' id='word_1_360' title='bbox 1216 4504 1278 4543; x_wconf 84' lang='lat' dir='ltr'><strong>ex</strong></span> <span class='ocrx_word' id='word_1_361' title='bbox 1306 4504 1410 4559; x_wconf 91' lang='lat' dir='ltr'><strong>quo</strong></span> <span class='ocrx_word' id='word_1_362' title='bbox 1438 4490 1598 4544; x_wconf 65' lang='lat' dir='ltr'><strong>venio</strong></span> <span class='ocrx_word' id='word_1_363' title='bbox 1627 4505 1872 4559; x_wconf 69' lang='lat' dir='ltr'><strong>qumreus</strong></span> 
     </span>
    </p>
   </div>
   <div class='ocr_carea' id='block_1_48' title="bbox 308 4577 1869 4650">
    <p class='ocr_par' dir='ltr' id='par_1_48' title="bbox 308 4577 1869 4650">
     <span class='ocr_line' id='line_1_49' title="bbox 308 4577 1869 4650; baseline 0.003 -20"><span class='ocrx_word' id='word_1_364' title='bbox 308 4577 528 4635; x_wconf 89' lang='lat' dir='ltr'><strong>fructum</strong></span> <span class='ocrx_word' id='word_1_365' title='bbox 549 4579 608 4634; x_wconf 90' lang='lat' dir='ltr'><strong>in</strong></span> <span class='ocrx_word' id='word_1_366' title='bbox 631 4578 857 4634; x_wconf 86' lang='lat' dir='ltr'><strong>ficulnea</strong></span> <span class='ocrx_word' id='word_1_367' title='bbox 887 4578 1006 4646; x_wconf 87' lang='lat' dir='ltr'><strong>hac,</strong></span> <span class='ocrx_word' id='word_1_368' title='bbox 1030 4586 1085 4632; x_wconf 92' lang='lat' dir='ltr'><strong>et</strong></span> <span class='ocrx_word' id='word_1_369' title='bbox 1105 4594 1212 4633; x_wconf 90' lang='lat' dir='ltr'><strong>non</strong></span> <span class='ocrx_word' id='word_1_370' title='bbox 1232 4579 1478 4634; x_wconf 87' lang='lat' dir='ltr'><strong>invenio:</strong></span> <span class='ocrx_word' id='word_1_371' title='bbox 1504 4580 1719 4634; x_wconf 88' lang='lat' dir='ltr'><strong>succide</strong></span> <span class='ocrx_word' id='word_1_372' title='bbox 1741 4595 1869 4650; x_wconf 82' lang='lat' dir='ltr'><strong>ergo</strong></span> 
     </span>
    </p>
   </div>
   <div class='ocr_carea' id='block_1_49' title="bbox 311 4670 1867 4741">
    <p class='ocr_par' dir='ltr' id='par_1_49' title="bbox 311 4670 1867 4741">
     <span class='ocr_line' id='line_1_50' title="bbox 311 4670 1867 4741; baseline 0.001 -18"><span class='ocrx_word' id='word_1_373' title='bbox 311 4671 477 4725; x_wconf 78' lang='lat' dir='ltr'><strong>illam:</strong></span> <span class='ocrx_word' id='word_1_374' title='bbox 509 4671 695 4739; x_wconf 87' lang='lat' dir='ltr'><strong>utquid</strong></span> <span class='ocrx_word' id='word_1_375' title='bbox 741 4673 903 4726; x_wconf 88' lang='lat' dir='ltr'><strong>etiam</strong></span> <span class='ocrx_word' id='word_1_376' title='bbox 926 4678 1121 4725; x_wconf 89' lang='lat' dir='ltr'><strong>terram</strong></span> <span class='ocrx_word' id='word_1_377' title='bbox 1143 4672 1414 4741; x_wconf 82' lang='lat' dir='ltr'><strong>occupat?</strong></span> <span class='ocrx_word' id='word_1_378' title='bbox 1440 4674 1509 4724; x_wconf 86' lang='lat' dir='ltr'><strong>At</strong></span> <span class='ocrx_word' id='word_1_379' title='bbox 1530 4670 1619 4725; x_wconf 90' lang='lat' dir='ltr'><strong>ille</strong></span> <span class='ocrx_word' id='word_1_380' title='bbox 1647 4684 1867 4739; x_wconf 85' lang='lat' dir='ltr'><strong>respon-</strong></span> 
     </span>
    </p>
   </div>
   <div class='ocr_carea' id='block_1_50' title="bbox 312 4759 1867 4827">
    <p class='ocr_par' dir='ltr' id='par_1_50' title="bbox 312 4759 1867 4827">
     <span class='ocr_line' id='line_1_51' title="bbox 312 4759 1867 4827; baseline 0.001 -14"><span class='ocrx_word' id='word_1_381' title='bbox 312 4759 454 4825; x_wconf 82' lang='lat' dir='ltr'><strong>dens,</strong></span> <span class='ocrx_word' id='word_1_382' title='bbox 485 4760 618 4814; x_wconf 82' lang='lat' dir='ltr'><strong>dixit</strong></span> <span class='ocrx_word' id='word_1_383' title='bbox 643 4759 719 4813; x_wconf 88' lang='lat' dir='ltr'><strong>illi</strong></span> <span class='ocrx_word' id='word_1_384' title='bbox 755 4779 767 4813; x_wconf 88' lang='lat'><strong>;</strong></span> <span class='ocrx_word' id='word_1_385' title='bbox 804 4760 1050 4825; x_wconf 85' lang='lat' dir='ltr'><strong>Domine,</strong></span> <span class='ocrx_word' id='word_1_386' title='bbox 1080 4759 1285 4813; x_wconf 89' lang='lat' dir='ltr'><strong>dimitte</strong></span> <span class='ocrx_word' id='word_1_387' title='bbox 1317 4759 1464 4813; x_wconf 87' lang='lat' dir='ltr'><strong>illam</strong></span> <span class='ocrx_word' id='word_1_388' title='bbox 1494 4770 1543 4813; x_wconf 90' lang='lat' dir='ltr'><strong>et</strong></span> <span class='ocrx_word' id='word_1_389' title='bbox 1575 4762 1674 4813; x_wconf 87' lang='lat' dir='ltr'><strong>hoc</strong></span> <span class='ocrx_word' id='word_1_390' title='bbox 1703 4774 1867 4827; x_wconf 87' lang='lat' dir='ltr'><strong>anno,</strong></span> 
     </span>
    </p>
   </div>
   <div class='ocr_carea' id='block_1_51' title="bbox 317 4850 1864 4921">
    <p class='ocr_par' dir='ltr' id='par_1_51' title="bbox 317 4850 1864 4921">
     <span class='ocr_line' id='line_1_52' title="bbox 317 4850 1864 4921; baseline 0 -17"><span class='ocrx_word' id='word_1_391' title='bbox 317 4866 578 4921; x_wconf 76' lang='lat' dir='ltr'><strong>usquequo</strong></span> <span class='ocrx_word' id='word_1_392' title='bbox 609 4852 805 4906; x_wconf 90' lang='lat' dir='ltr'><strong>fodiam</strong></span> <span class='ocrx_word' id='word_1_393' title='bbox 836 4851 978 4906; x_wconf 88' lang='lat' dir='ltr'><strong>circa</strong></span> <span class='ocrx_word' id='word_1_394' title='bbox 1017 4850 1193 4915; x_wconf 89' lang='lat' dir='ltr'><strong>illam,</strong></span> <span class='ocrx_word' id='word_1_395' title='bbox 1241 4860 1294 4905; x_wconf 72' lang='lat' dir='ltr'><strong>it</strong></span> <span class='ocrx_word' id='word_1_396' title='bbox 1337 4853 1539 4904; x_wconf 83' lang='lat' dir='ltr'><strong>mittam</strong></span> <span class='ocrx_word' id='word_1_397' title='bbox 1580 4861 1818 4906; x_wconf 87' lang='lat' dir='ltr'><strong>stercora</strong></span> <span class='ocrx_word' id='word_1_398' title='bbox 1851 4868 1864 4904; x_wconf 89' lang='lat'><strong>:</strong></span> 
     </span>
    </p>
   </div>
   <div class='ocr_carea' id='block_1_52' title="bbox 313 4944 1867 5015">
    <p class='ocr_par' dir='ltr' id='par_1_52' title="bbox 313 4944 1867 5015">
     <span class='ocr_line' id='line_1_53' title="bbox 313 4944 1867 5015; baseline 0 -17"><span class='ocrx_word' id='word_1_399' title='bbox 313 4945 427 5000; x_wconf 84' lang='lat' dir='ltr'><strong>etsi</strong></span> <span class='ocrx_word' id='word_1_400' title='bbox 452 4946 662 5015; x_wconf 85' lang='lat' dir='ltr'><strong>quidem</strong></span> <span class='ocrx_word' id='word_1_401' title='bbox 695 4945 886 5004; x_wconf 91' lang='lat' dir='ltr'><strong>fecerit</strong></span> <span class='ocrx_word' id='word_1_402' title='bbox 912 4945 1177 5011; x_wconf 88' lang='lat' dir='ltr'><strong>fructum;</strong></span> <span class='ocrx_word' id='word_1_403' title='bbox 1206 4945 1287 5000; x_wconf 90' lang='lat' dir='ltr'><strong>sin</strong></span> <span class='ocrx_word' id='word_1_404' title='bbox 1318 4953 1519 5008; x_wconf 87' lang='lat' dir='ltr'><strong>autem,</strong></span> <span class='ocrx_word' id='word_1_405' title='bbox 1553 4944 1604 4997; x_wconf 89' lang='lat' dir='ltr'><strong>in</strong></span> <span class='ocrx_word' id='word_1_406' title='bbox 1637 4944 1867 4998; x_wconf 74' lang='lat' dir='ltr'><strong>futurum</strong></span> 
     </span>
    </p>
   </div>
   <div class='ocr_carea' id='block_1_53' title="bbox 314 5038 713 5096">
    <p class='ocr_par' dir='ltr' id='par_1_53' title="bbox 314 5038 713 5096">
     <span class='ocr_line' id='line_1_54' title="bbox 314 5038 713 5096; baseline 0.003 -4"><span class='ocrx_word' id='word_1_407' title='bbox 314 5038 543 5095; x_wconf 82' lang='lat' dir='ltr'><strong>suceides</strong></span> <span class='ocrx_word' id='word_1_408' title='bbox 570 5053 713 5096; x_wconf 83' lang='lat' dir='ltr'><strong>eam.</strong></span> 
     </span>
    </p>
   </div>
   <div class='ocr_carea' id='block_1_54' title="bbox 382 5250 1861 5320">
    <p class='ocr_par' dir='ltr' id='par_1_54' title="bbox 382 5250 1861 5320">
     <span class='ocr_line' id='line_1_55' title="bbox 382 5250 1861 5320; baseline 0 -13"><span class='ocrx_word' id='word_1_409' title='bbox 382 5262 405 5289; x_wconf 81' lang='grc' dir='ltr'>ι</span> <span class='ocrx_word' id='word_1_410' title='bbox 435 5255 640 5308; x_wconf 76' lang='lat' dir='ltr'><strong>Addunt</strong></span> <span class='ocrx_word' id='word_1_411' title='bbox 669 5253 777 5307; x_wconf 85' lang='lat' dir='ltr'><strong>illis</strong></span> <span class='ocrx_word' id='word_1_412' title='bbox 806 5252 901 5308; x_wconf 83' lang='lat' dir='ltr'><strong>Gr.</strong></span> <span class='ocrx_word' id='word_1_413' title='bbox 925 5259 979 5306; x_wconf 92' lang='lat' dir='ltr'><strong>et</strong></span> <span class='ocrx_word' id='word_1_414' title='bbox 1007 5250 1215 5320; x_wconf 79' lang='lat' dir='ltr'><strong>Vulgat.</strong></span> <span class='ocrx_word' id='word_1_415' title='bbox 1240 5251 1408 5318; x_wconf 89' lang='lat' dir='ltr'><strong>Quam</strong></span> <span class='ocrx_word' id='word_1_416' title='bbox 1433 5251 1646 5320; x_wconf 87' lang='lat' dir='ltr'><strong>quidem</strong></span> <span class='ocrx_word' id='word_1_417' title='bbox 1674 5268 1861 5307; x_wconf 87' lang='lat' dir='ltr'><strong>vocem</strong></span> 
     </span>
    </p>
   </div>
   <div class='ocr_carea' id='block_1_55' title="bbox 318 5322 1865 5379">
    <p class='ocr_par' dir='ltr' id='par_1_55' title="bbox 318 5322 1865 5379">
     <span class='ocr_line' id='line_1_56' title="bbox 318 5322 1865 5379; baseline 0.003 -5"><span class='ocrx_word' id='word_1_418' title='bbox 318 5324 478 5378; x_wconf 72' lang='lat' dir='ltr'><strong>malim</strong></span> <span class='ocrx_word' id='word_1_419' title='bbox 529 5327 839 5379; x_wconf 84' lang='lat' dir='ltr'><strong>existimare</strong></span> <span class='ocrx_word' id='word_1_420' title='bbox 891 5322 1019 5378; x_wconf 89' lang='lat' dir='ltr'><strong>vitio</strong></span> <span class='ocrx_word' id='word_1_421' title='bbox 1071 5322 1408 5379; x_wconf 85' lang='lat' dir='ltr'><strong>librariorum</strong></span> <span class='ocrx_word' id='word_1_422' title='bbox 1464 5338 1532 5378; x_wconf 82' lang='lat' dir='ltr'><strong>ex</strong></span> <span class='ocrx_word' id='word_1_423' title='bbox 1598 5325 1865 5379; x_wconf 73' lang='lat' dir='ltr'><strong>Aminoiiii</strong></span> 
     </span>
    </p>
   </div>
   <div class='ocr_carea' id='block_1_56' title="bbox 320 5393 908 5452">
    <p class='ocr_par' dir='ltr' id='par_1_56' title="bbox 320 5393 908 5452">
     <span class='ocr_line' id='line_1_57' title="bbox 320 5393 908 5452; baseline 0.003 -9"><span class='ocrx_word' id='word_1_424' title='bbox 320 5396 582 5452; x_wconf 66' lang='lat' dir='ltr'><strong>exemplari</strong></span> <span class='ocrx_word' id='word_1_425' title='bbox 621 5393 908 5448; x_wconf 79' lang='lat' dir='ltr'><strong>excidisse.</strong></span> 
     </span>
    </p>
   </div>
   <div class='ocr_carea' id='block_1_57' title="bbox 388 5460 1866 5529">
    <p class='ocr_par' dir='ltr' id='par_1_57' title="bbox 388 5460 1866 5529">
     <span class='ocr_line' id='line_1_58' title="bbox 388 5460 1866 5529; baseline 0.001 -12"><span class='ocrx_word' id='word_1_426' title='bbox 388 5464 408 5498; x_wconf 73' lang='grc'><strong><em>³</em></strong></span> <span class='ocrx_word' id='word_1_427' title='bbox 433 5462 590 5519; x_wconf 79' lang='lat' dir='ltr'><strong>Paulo</strong></span> <span class='ocrx_word' id='word_1_428' title='bbox 605 5466 760 5518; x_wconf 85' lang='lat' dir='ltr'><strong>aliter</strong></span> <span class='ocrx_word' id='word_1_429' title='bbox 791 5472 965 5517; x_wconf 83' lang='lat' dir='ltr'><strong>textus</strong></span> <span class='ocrx_word' id='word_1_430' title='bbox 989 5461 1276 5517; x_wconf 86' lang='lat' dir='ltr'><strong>hodiernus</strong></span> <span class='ocrx_word' id='word_1_431' title='bbox 1299 5460 1428 5517; x_wconf 84' lang='lat' dir='ltr'><strong>an.</strong></span> <span class='ocrx_word' id='word_1_432' title='bbox 1459 5478 1573 5529; x_wconf 89' lang='lat' dir='ltr'><strong>xm,</strong></span> <span class='ocrx_word' id='word_1_433' title='bbox 1606 5464 1693 5529; x_wconf 70' lang='grc'><strong>15,</strong></span> <span class='ocrx_word' id='word_1_434' title='bbox 1719 5463 1866 5519; x_wconf 53' lang='grc' dir='ltr'><strong>Ἀπί-</strong></span> 
     </span>
    </p>
   </div>
   <div class='ocr_carea' id='block_1_58' title="bbox 322 5530 1861 5606">
    <p class='ocr_par' dir='ltr' id='par_1_58' title="bbox 322 5530 1861 5606">
     <span class='ocr_line' id='line_1_59' title="bbox 322 5530 1861 5606; baseline -0.001 -17"><span class='ocrx_word' id='word_1_435' title='bbox 322 5530 568 5606; x_wconf 47' lang='lat' dir='ltr'><strong>adadv</strong></span> <span class='ocrx_word' id='word_1_436' title='bbox 596 5534 799 5606; x_wconf 52' lang='lat' dir='ltr'><strong>ain-95</strong></span> <span class='ocrx_word' id='word_1_437' title='bbox 829 5534 1034 5606; x_wconf 58' lang='grc' dir='ltr'><strong>Κύρχᾳς.</strong></span> <span class='ocrx_word' id='word_1_438' title='bbox 1081 5531 1378 5606; x_wconf 58' lang='lat' dir='ltr'><strong>Gmterttm,</strong></span> <span class='ocrx_word' id='word_1_439' title='bbox 1419 5535 1461 5585; x_wconf 87' lang='lat' dir='ltr'><strong>si</strong></span> <span class='ocrx_word' id='word_1_440' title='bbox 1494 5548 1676 5606; x_wconf 60' lang='lat' dir='ltr'><strong>vorem</strong></span> <span class='ocrx_word' id='word_1_441' title='bbox 1726 5537 1861 5604; x_wconf 67' lang='grc' dir='ltr'><strong>αὐτῷ</strong></span> 
     </span>
    </p>
   </div>
   <div class='ocr_carea' id='block_1_59' title="bbox 323 5591 1861 5677">
    <p class='ocr_par' dir='ltr' id='par_1_59' title="bbox 323 5591 1861 5677">
     <span class='ocr_line' id='line_1_60' title="bbox 323 5591 1861 5677; baseline 0.007 -28"><span class='ocrx_word' id='word_1_442' title='bbox 323 5591 886 5677; x_wconf 29' lang='lat' dir='ltr'><strong>excipiam-complures</strong></span> <span class='ocrx_word' id='word_1_443' title='bbox 907 5591 1001 5655; x_wconf 75' lang='lat' dir='ltr'><strong>&#39;alii</strong></span> <span class='ocrx_word' id='word_1_444' title='bbox 1047 5601 1205 5655; x_wconf 88' lang='lat' dir='ltr'><strong>codd.</strong></span> <span class='ocrx_word' id='word_1_445' title='bbox 1238 5601 1330 5656; x_wconf 83' lang='lat' dir='ltr'><strong>Gr.</strong></span> <span class='ocrx_word' id='word_1_446' title='bbox 1362 5591 1498 5671; x_wconf 71' lang='lat' dir='ltr'><strong>&#39;apui</strong></span> <span class='ocrx_word' id='word_1_447' title='bbox 1531 5603 1749 5657; x_wconf 83' lang='lat' dir='ltr'><strong>Millium</strong></span> <span class='ocrx_word' id='word_1_448' title='bbox 1780 5591 1861 5659; x_wconf 43' lang='lat' dir='ltr'><strong>le.-</strong></span> 
     </span>
    </p>
   </div>
   <div class='ocr_carea' id='block_1_60' title="bbox 326 5671 1221 5727">
    <p class='ocr_par' dir='ltr' id='par_1_60' title="bbox 326 5671 1221 5727">
     <span class='ocr_line' id='line_1_61' title="bbox 326 5671 1221 5727; baseline 0 -4"><span class='ocrx_word' id='word_1_449' title='bbox 326 5671 527 5724; x_wconf 75' lang='lat' dir='ltr'><strong>ctioncm</strong></span> <span class='ocrx_word' id='word_1_450' title='bbox 554 5671 957 5727; x_wconf 72' lang='lat' dir='ltr'><strong>Ammiitiianain</strong></span> <span class='ocrx_word' id='word_1_451' title='bbox 988 5680 1221 5725; x_wconf 88' lang='lat' dir='ltr'><strong>tuentur.</strong></span> 
     </span>
    </p>
   </div>
   <div class='ocr_carea' id='block_1_61' title="bbox 387 5740 1857 5823">
    <p class='ocr_par' dir='ltr' id='par_1_61' title="bbox 387 5740 1857 5823">
     <span class='ocr_line' id='line_1_62' title="bbox 387 5740 1857 5823; baseline 0.002 -27"><span class='ocrx_word' id='word_1_452' title='bbox 387 5750 403 5776; x_wconf 74' lang='grc' dir='ltr'>ί</span> <span class='ocrx_word' id='word_1_453' title='bbox 431 5741 480 5796; x_wconf 86' lang='lat' dir='ltr'><strong>in</strong></span> <span class='ocrx_word' id='word_1_454' title='bbox 504 5743 645 5823; x_wconf 77' lang='lat' dir='ltr'><strong>hunc</strong></span> <span class='ocrx_word' id='word_1_455' title='bbox 668 5744 841 5797; x_wconf 85' lang='lat' dir='ltr'><strong>locum</strong></span> <span class='ocrx_word' id='word_1_456' title='bbox 863 5740 1019 5797; x_wconf 87' lang='lat' dir='ltr'><strong>Joan.</strong></span> <span class='ocrx_word' id='word_1_457' title='bbox 1045 5755 1136 5807; x_wconf 79' lang='lat' dir='ltr'><strong>vn,</strong></span> <span class='ocrx_word' id='word_1_458' title='bbox 1157 5747 1208 5809; x_wconf 74' lang='grc' dir='ltr'><strong>δ,</strong></span> <span class='ocrx_word' id='word_1_459' title='bbox 1239 5740 1385 5813; x_wconf 74' lang='lat' dir='ltr'><strong>plura</strong></span> <span class='ocrx_word' id='word_1_460' title='bbox 1409 5742 1614 5798; x_wconf 85' lang='lat' dir='ltr'><strong>erudite</strong></span> <span class='ocrx_word' id='word_1_461' title='bbox 1635 5742 1823 5799; x_wconf 79' lang='lat' dir='ltr'><strong>Millius</strong></span> <span class='ocrx_word' id='word_1_462' title='bbox 1842 5783 1857 5811; x_wconf 93' lang='lat'><strong>,</strong></span> 
     </span>
    </p>
   </div>
   <div class='ocr_carea' id='block_1_62' title="bbox 2557 423 2928 478">
    <p class='ocr_par' dir='ltr' id='par_1_62' title="bbox 2557 423 2928 478">
     <span class='ocr_line' id='line_1_63' title="bbox 2557 423 2928 478; baseline -0.005 0"><span class='ocrx_word' id='word_1_463' title='bbox 2557 423 2777 478; x_wconf 77' lang='lat' dir='ltr'><strong>CAPUT</strong></span> <span class='ocrx_word' id='word_1_464' title='bbox 2800 424 2928 478; x_wconf 78' lang='lat' dir='ltr'><strong>Clll.</strong></span> 
     </span>
    </p>
   </div>
   <div class='ocr_carea' id='block_1_63' title="bbox 2050 515 3448 585">
    <p class='ocr_par' dir='ltr' id='par_1_63' title="bbox 2050 515 3448 585">
     <span class='ocr_line' id='line_1_64' title="bbox 2050 515 3448 585; baseline -0.004 -14"><span class='ocrx_word' id='word_1_465' title='bbox 2050 519 2202 571; x_wconf 71' lang='lat' dir='ltr'><strong>Jcsus</strong></span> <span class='ocrx_word' id='word_1_466' title='bbox 2242 517 2438 570; x_wconf 78' lang='lat' dir='ltr'><strong>sanavit</strong></span> <span class='ocrx_word' id='word_1_467' title='bbox 2479 518 2530 569; x_wconf 81' lang='lat' dir='ltr'><strong>in</strong></span> <span class='ocrx_word' id='word_1_468' title='bbox 2567 531 2825 585; x_wconf 81' lang='lat' dir='ltr'><strong>synagoga</strong></span> <span class='ocrx_word' id='word_1_469' title='bbox 2866 516 3125 567; x_wconf 75' lang='lat' dir='ltr'><strong>mulierem</strong></span> <span class='ocrx_word' id='word_1_470' title='bbox 3165 515 3362 566; x_wconf 69' lang='lat' dir='ltr'><strong>aridum</strong></span> <span class='ocrx_word' id='word_1_471' title='bbox 3404 527 3448 567; x_wconf 83' lang='grc' dir='ltr'>ιι</span> 
     </span>
    </p>
   </div>
   <div class='ocr_carea' id='block_1_64' title="bbox 2607 595 2888 638">
    <p class='ocr_par' dir='ltr' id='par_1_64' title="bbox 2607 595 2888 638">
     <span class='ocr_line' id='line_1_65' title="bbox 2607 595 2888 638; baseline -0.007 -1"><span class='ocrx_word' id='word_1_472' title='bbox 2607 595 2888 638; x_wconf 78' lang='lat' dir='ltr'><strong>curvatam.</strong></span> 
     </span>
    </p>
   </div>
   <div class='ocr_carea' id='block_1_65' title="bbox 2034 693 3531 764">
    <p class='ocr_par' dir='ltr' id='par_1_65' title="bbox 2034 693 3531 764">
     <span class='ocr_line' id='line_1_66' title="bbox 2034 693 3531 764; baseline -0.003 -12"><span class='ocrx_word' id='word_1_473' title='bbox 2034 697 2163 752; x_wconf 83' lang='lat' dir='ltr'><strong>Luc.</strong></span> <span class='ocrx_word' id='word_1_474' title='bbox 2197 712 2309 763; x_wconf 76' lang='lat' dir='ltr'><strong>xm,</strong></span> <span class='ocrx_word' id='word_1_475' title='bbox 2348 694 2536 750; x_wconf 76' lang='lat' dir='ltr'><strong>‘lO-l&#39;l.</strong></span> <span class='ocrx_word' id='word_1_476' title='bbox 2569 694 2700 749; x_wconf 84' lang='lat' dir='ltr'><strong>Erat</strong></span> <span class='ocrx_word' id='word_1_477' title='bbox 2739 702 2918 748; x_wconf 88' lang='lat' dir='ltr'><strong>autem</strong></span> <span class='ocrx_word' id='word_1_478' title='bbox 2954 693 3153 748; x_wconf 84' lang='lat' dir='ltr'><strong>docens</strong></span> <span class='ocrx_word' id='word_1_479' title='bbox 3185 695 3236 748; x_wconf 89' lang='lat' dir='ltr'><strong>in</strong></span> <span class='ocrx_word' id='word_1_480' title='bbox 3264 708 3531 764; x_wconf 73' lang='lat' dir='ltr'><strong>synagoga</strong></span> 
     </span>
    </p>
   </div>
   <div class='ocr_carea' id='block_1_66' title="bbox 1959 785 3532 855">
    <p class='ocr_par' dir='ltr' id='par_1_66' title="bbox 1959 785 3532 855">
     <span class='ocr_line' id='line_1_67' title="bbox 1959 785 3532 855; baseline -0.003 -12"><span class='ocrx_word' id='word_1_481' title='bbox 1959 803 2144 843; x_wconf 82' lang='lat' dir='ltr'><strong>eorum</strong></span> <span class='ocrx_word' id='word_1_482' title='bbox 2170 788 2424 853; x_wconf 80' lang='lat' dir='ltr'><strong>sabbatis.</strong></span> <span class='ocrx_word' id='word_1_483' title='bbox 2456 788 2516 841; x_wconf 81' lang='lat' dir='ltr'><strong>Et</strong></span> <span class='ocrx_word' id='word_1_484' title='bbox 2543 800 2666 841; x_wconf 76' lang='lat' dir='ltr'><strong>ecce</strong></span> <span class='ocrx_word' id='word_1_485' title='bbox 2695 785 2884 840; x_wconf 78' lang='lat' dir='ltr'><strong>mulier</strong></span> <span class='ocrx_word' id='word_1_486' title='bbox 2899 801 3017 855; x_wconf 79' lang='lat' dir='ltr'><strong>qua:</strong></span> <span class='ocrx_word' id='word_1_487' title='bbox 3042 785 3265 841; x_wconf 75' lang='lat' dir='ltr'><strong>habebat</strong></span> <span class='ocrx_word' id='word_1_488' title='bbox 3289 787 3532 854; x_wconf 83' lang='lat' dir='ltr'><strong>spiritum</strong></span> 
     </span>
    </p>
   </div>
   <div class='ocr_carea' id='block_1_67' title="bbox 1961 878 3532 938">
    <p class='ocr_par' dir='ltr' id='par_1_67' title="bbox 1961 878 3532 938">
     <span class='ocr_line' id='line_1_68' title="bbox 1961 878 3532 938; baseline -0.003 -6"><span class='ocrx_word' id='word_1_489' title='bbox 1961 879 2285 933; x_wconf 86' lang='lat' dir='ltr'><strong>infirmitatis</strong></span> <span class='ocrx_word' id='word_1_490' title='bbox 2330 878 2484 932; x_wconf 87' lang='lat' dir='ltr'><strong>annis</strong></span> <span class='ocrx_word' id='word_1_491' title='bbox 2511 878 2696 932; x_wconf 81' lang='lat' dir='ltr'><strong>decem</strong></span> <span class='ocrx_word' id='word_1_492' title='bbox 2724 886 2778 931; x_wconf 80' lang='lat' dir='ltr'><strong>et</strong></span> <span class='ocrx_word' id='word_1_493' title='bbox 2808 886 2933 931; x_wconf 86' lang='lat' dir='ltr'><strong>octo</strong></span> <span class='ocrx_word' id='word_1_494' title='bbox 2965 894 2976 929; x_wconf 92' lang='lat'><strong>:</strong></span> <span class='ocrx_word' id='word_1_495' title='bbox 3008 887 3064 930; x_wconf 87' lang='lat' dir='ltr'><strong>et</strong></span> <span class='ocrx_word' id='word_1_496' title='bbox 3091 888 3207 930; x_wconf 64' lang='lat' dir='ltr'><strong>«rat</strong></span> <span class='ocrx_word' id='word_1_497' title='bbox 3251 878 3532 938; x_wconf 84' lang='lat' dir='ltr'><strong>inclinata,</strong></span> 
     </span>
    </p>
   </div>
   <div class='ocr_carea' id='block_1_68' title="bbox 1961 967 3536 1035">
    <p class='ocr_par' dir='ltr' id='par_1_68' title="bbox 1961 967 3536 1035">
     <span class='ocr_line' id='line_1_69' title="bbox 1961 967 3536 1035; baseline -0.002 -14"><span class='ocrx_word' id='word_1_498' title='bbox 1961 984 1994 1021; x_wconf 86' lang='lat' dir='ltr'><strong>n</strong></span> <span class='ocrx_word' id='word_1_499' title='bbox 2029 984 2059 1021; x_wconf 88' lang='lat' dir='ltr'><strong>c</strong></span> <span class='ocrx_word' id='word_1_500' title='bbox 2084 967 2301 1021; x_wconf 88' lang='lat' dir='ltr'><strong>omnino</strong></span> <span class='ocrx_word' id='word_1_501' title='bbox 2324 976 2534 1035; x_wconf 80' lang='lat' dir='ltr'><strong>poterat</strong></span> <span class='ocrx_word' id='word_1_502' title='bbox 2553 980 2765 1021; x_wconf 85' lang='lat' dir='ltr'><strong>sursum</strong></span> <span class='ocrx_word' id='word_1_503' title='bbox 2794 982 2821 1020; x_wconf 90' lang='lat' dir='ltr'><strong>r</strong></span> <span class='ocrx_word' id='word_1_504' title='bbox 2855 968 3084 1033; x_wconf 86' lang='lat' dir='ltr'><strong>spicere.</strong></span> <span class='ocrx_word' id='word_1_505' title='bbox 3116 968 3283 1032; x_wconf 84' lang='lat' dir='ltr'><strong>Quam</strong></span> <span class='ocrx_word' id='word_1_506' title='bbox 3311 982 3431 1018; x_wconf 87' lang='lat' dir='ltr'><strong>cum</strong></span> <span class='ocrx_word' id='word_1_507' title='bbox 3457 970 3536 1018; x_wconf 77' lang='lat' dir='ltr'><strong>vi-</strong></span> 
     </span>
    </p>
   </div>
   <div class='ocr_carea' id='block_1_69' title="bbox 1960 1054 3536 1135">
    <p class='ocr_par' dir='ltr' id='par_1_69' title="bbox 1960 1054 3536 1135">
     <span class='ocr_line' id='line_1_70' title="bbox 1960 1054 3536 1135; baseline -0.003 -24"><span class='ocrx_word' id='word_1_508' title='bbox 1960 1058 2086 1111; x_wconf 69' lang='lat' dir='ltr'><strong>dissi</strong></span> <span class='ocrx_word' id='word_1_509' title='bbox 2108 1067 2129 1111; x_wconf 91' lang='lat' dir='ltr'><strong>t</strong></span> <span class='ocrx_word' id='word_1_510' title='bbox 2148 1058 2322 1125; x_wconf 81' lang='lat' dir='ltr'><strong>Jcsus,</strong></span> <span class='ocrx_word' id='word_1_511' title='bbox 2349 1056 2637 1111; x_wconf 79' lang='lat' dir='ltr'><strong>vocavitad</strong></span> <span class='ocrx_word' id='word_1_512' title='bbox 2656 1070 2749 1135; x_wconf 86' lang='lat' dir='ltr'><strong>_se,</strong></span> <span class='ocrx_word' id='word_1_513' title='bbox 2769 1063 2822 1109; x_wconf 87' lang='lat' dir='ltr'><strong>ct</strong></span> <span class='ocrx_word' id='word_1_514' title='bbox 2841 1057 2915 1109; x_wconf 86' lang='lat' dir='ltr'><strong>ait</strong></span> <span class='ocrx_word' id='word_1_515' title='bbox 2940 1056 3014 1109; x_wconf 90' lang='lat' dir='ltr'><strong>illi</strong></span> <span class='ocrx_word' id='word_1_516' title='bbox 3043 1074 3053 1106; x_wconf 86' lang='lat'><strong>:</strong></span> <span class='ocrx_word' id='word_1_517' title='bbox 3088 1056 3296 1119; x_wconf 62' lang='lat' dir='ltr'><strong>Mulier,</strong></span> <span class='ocrx_word' id='word_1_518' title='bbox 3316 1054 3536 1107; x_wconf 76' lang='lat' dir='ltr'><strong>dimissa</strong></span> 
     </span>
    </p>
   </div>
   <div class='ocr_carea' id='block_1_70' title="bbox 1962 1148 3539 1218">
    <p class='ocr_par' dir='ltr' id='par_1_70' title="bbox 1962 1148 3539 1218">
     <span class='ocr_line' id='line_1_71' title="bbox 1962 1148 3539 1218; baseline -0.002 -16"><span class='ocrx_word' id='word_1_519' title='bbox 1962 1165 2020 1203; x_wconf 91' lang='lat' dir='ltr'><strong>es</strong></span> <span class='ocrx_word' id='word_1_520' title='bbox 2047 1151 2114 1203; x_wconf 91' lang='lat' dir='ltr'><strong>ab</strong></span> <span class='ocrx_word' id='word_1_521' title='bbox 2142 1150 2454 1205; x_wconf 70' lang='lat' dir='ltr'><strong>infirmitate</strong></span> <span class='ocrx_word' id='word_1_522' title='bbox 2482 1159 2591 1203; x_wconf 89' lang='lat' dir='ltr'><strong>tua.</strong></span> <span class='ocrx_word' id='word_1_523' title='bbox 2622 1151 2683 1203; x_wconf 82' lang='lat' dir='ltr'><strong>Et</strong></span> <span class='ocrx_word' id='word_1_524' title='bbox 2706 1150 2961 1218; x_wconf 88' lang='lat' dir='ltr'><strong>imposuit</strong></span> <span class='ocrx_word' id='word_1_525' title='bbox 2981 1148 3058 1203; x_wconf 72' lang='lat' dir='ltr'><strong>illi</strong></span> <span class='ocrx_word' id='word_1_526' title='bbox 3084 1163 3274 1202; x_wconf 81' lang='lat' dir='ltr'><strong>manus</strong></span> <span class='ocrx_word' id='word_1_527' title='bbox 3302 1167 3311 1198; x_wconf 91' lang='lat'><strong>:</strong></span> <span class='ocrx_word' id='word_1_528' title='bbox 3339 1158 3392 1204; x_wconf 80' lang='lat' dir='ltr'><strong>et</strong></span> <span class='ocrx_word' id='word_1_529' title='bbox 3417 1163 3539 1201; x_wconf 59' lang='lat' dir='ltr'><strong>cono</strong></span> 
     </span>
    </p>
   </div>
   <div class='ocr_carea' id='block_1_71' title="bbox 1963 1239 3539 1311">
    <p class='ocr_par' dir='ltr' id='par_1_71' title="bbox 1963 1239 3539 1311">
     <span class='ocr_line' id='line_1_72' title="bbox 1963 1239 3539 1311; baseline -0.002 -17"><span class='ocrx_word' id='word_1_530' title='bbox 1963 1240 2139 1295; x_wconf 88' lang='lat' dir='ltr'><strong>festim</strong></span> <span class='ocrx_word' id='word_1_531' title='bbox 2168 1250 2345 1296; x_wconf 87' lang='lat' dir='ltr'><strong>erecta</strong></span> <span class='ocrx_word' id='word_1_532' title='bbox 2393 1250 2497 1307; x_wconf 86' lang='lat' dir='ltr'><strong>est,</strong></span> <span class='ocrx_word' id='word_1_533' title='bbox 2525 1249 2578 1295; x_wconf 90' lang='lat' dir='ltr'><strong>et</strong></span> <span class='ocrx_word' id='word_1_534' title='bbox 2605 1240 2932 1311; x_wconf 73' lang='lat' dir='ltr'><strong>gloriﬁcaliat</strong></span> <span class='ocrx_word' id='word_1_535' title='bbox 2966 1240 3152 1293; x_wconf 88' lang='lat' dir='ltr'><strong>Deum.</strong></span> <span class='ocrx_word' id='word_1_536' title='bbox 3188 1239 3539 1305; x_wconf 74' lang='lat' dir='ltr'><strong>ltispondcns</strong></span> 
     </span>
    </p>
   </div>
   <div class='ocr_carea' id='block_1_72' title="bbox 1963 1328 3537 1401">
    <p class='ocr_par' dir='ltr' id='par_1_72' title="bbox 1963 1328 3537 1401">
     <span class='ocr_line' id='line_1_73' title="bbox 1963 1328 3537 1401; baseline -0.003 -17"><span class='ocrx_word' id='word_1_537' title='bbox 1963 1341 2141 1385; x_wconf 74' lang='lat' dir='ltr'><strong>auti-m</strong></span> <span class='ocrx_word' id='word_1_538' title='bbox 2184 1330 2668 1401; x_wconf 77' lang='lat' dir='ltr'><strong>archisynagogus,</strong></span> <span class='ocrx_word' id='word_1_539' title='bbox 2704 1330 2982 1399; x_wconf 89' lang='lat' dir='ltr'><strong>indignans</strong></span> <span class='ocrx_word' id='word_1_540' title='bbox 3016 1328 3142 1398; x_wconf 85' lang='lat' dir='ltr'><strong>quia</strong></span> <span class='ocrx_word' id='word_1_541' title='bbox 3189 1328 3413 1382; x_wconf 85' lang='lat' dir='ltr'><strong>sabbato</strong></span> <span class='ocrx_word' id='word_1_542' title='bbox 3442 1342 3537 1381; x_wconf 85' lang='lat' dir='ltr'><strong>cu-</strong></span> 
     </span>
    </p>
   </div>
   <div class='ocr_carea' id='block_1_73' title="bbox 1964 1419 3536 1491">
    <p class='ocr_par' dir='ltr' id='par_1_73' title="bbox 1964 1419 3536 1491">
     <span class='ocr_line' id='line_1_74' title="bbox 1964 1419 3536 1491; baseline -0.003 -14"><span class='ocrx_word' id='word_1_543' title='bbox 1964 1434 2135 1478; x_wconf 77' lang='lat' dir='ltr'><strong>rasset</strong></span> <span class='ocrx_word' id='word_1_544' title='bbox 2164 1424 2317 1478; x_wconf 83' lang='lat' dir='ltr'><strong>Jesus</strong></span> <span class='ocrx_word' id='word_1_545' title='bbox 2340 1466 2356 1491; x_wconf 90' lang='lat'><strong>,</strong></span> <span class='ocrx_word' id='word_1_546' title='bbox 2390 1424 2631 1478; x_wconf 82' lang='lat' dir='ltr'><strong>dicebat:</strong></span> <span class='ocrx_word' id='word_1_547' title='bbox 2663 1423 2770 1479; x_wconf 69' lang='grc' dir='ltr'><strong>δα</strong></span> <span class='ocrx_word' id='word_1_548' title='bbox 2798 1421 2911 1477; x_wconf 87' lang='lat' dir='ltr'><strong>dies</strong></span> <span class='ocrx_word' id='word_1_549' title='bbox 2942 1433 3061 1475; x_wconf 88' lang='lat' dir='ltr'><strong>sunt</strong></span> <span class='ocrx_word' id='word_1_550' title='bbox 3090 1422 3140 1475; x_wconf 91' lang='lat' dir='ltr'><strong>in</strong></span> <span class='ocrx_word' id='word_1_551' title='bbox 3164 1419 3352 1488; x_wconf 84' lang='lat' dir='ltr'><strong>quibus</strong></span> <span class='ocrx_word' id='word_1_552' title='bbox 3381 1434 3536 1488; x_wconf 84' lang='lat' dir='ltr'><strong>opor-</strong></span> 
     </span>
    </p>
   </div>
   <div class='ocr_carea' id='block_1_74' title="bbox 1971 1510 3541 1581">
    <p class='ocr_par' dir='ltr' id='par_1_74' title="bbox 1971 1510 3541 1581">
     <span class='ocr_line' id='line_1_75' title="bbox 1971 1510 3541 1581; baseline -0.003 -14"><span class='ocrx_word' id='word_1_553' title='bbox 1971 1524 2046 1567; x_wconf 78' lang='grc' dir='ltr'>ιιι</span> <span class='ocrx_word' id='word_1_554' title='bbox 2075 1515 2285 1581; x_wconf 76' lang='lat' dir='ltr'><strong>epcrari</strong></span> <span class='ocrx_word' id='word_1_555' title='bbox 2315 1530 2328 1567; x_wconf 88' lang='lat'><strong>:</strong></span> <span class='ocrx_word' id='word_1_556' title='bbox 2353 1514 2405 1568; x_wconf 91' lang='lat' dir='ltr'><strong>in</strong></span> <span class='ocrx_word' id='word_1_557' title='bbox 2436 1513 2517 1567; x_wconf 88' lang='lat' dir='ltr'><strong>his</strong></span> <span class='ocrx_word' id='word_1_558' title='bbox 2546 1513 2744 1577; x_wconf 74' lang='lat' dir='ltr'><strong>venite,</strong></span> <span class='ocrx_word' id='word_1_559' title='bbox 2776 1522 2826 1566; x_wconf 91' lang='lat' dir='ltr'><strong>et</strong></span> <span class='ocrx_word' id='word_1_560' title='bbox 2847 1511 3128 1575; x_wconf 89' lang='lat' dir='ltr'><strong>curamini,</strong></span> <span class='ocrx_word' id='word_1_561' title='bbox 3152 1520 3206 1565; x_wconf 88' lang='lat' dir='ltr'><strong>et</strong></span> <span class='ocrx_word' id='word_1_562' title='bbox 3237 1526 3341 1565; x_wconf 91' lang='lat' dir='ltr'><strong>non</strong></span> <span class='ocrx_word' id='word_1_563' title='bbox 3371 1510 3424 1563; x_wconf 91' lang='lat' dir='ltr'><strong>in</strong></span> <span class='ocrx_word' id='word_1_564' title='bbox 3454 1511 3541 1563; x_wconf 87' lang='lat' dir='ltr'><strong>die</strong></span> 
     </span>
    </p>
   </div>
   <div class='ocr_carea' id='block_1_75' title="bbox 1965 1600 3542 1671">
    <p class='ocr_par' dir='ltr' id='par_1_75' title="bbox 1965 1600 3542 1671">
     <span class='ocr_line' id='line_1_76' title="bbox 1965 1600 3542 1671; baseline -0.001 -15"><span class='ocrx_word' id='word_1_565' title='bbox 1965 1603 2193 1658; x_wconf 84' lang='lat' dir='ltr'><strong>sabbati.</strong></span> <span class='ocrx_word' id='word_1_566' title='bbox 2230 1603 2524 1671; x_wconf 77' lang='lat' dir='ltr'><strong>Respondit</strong></span> <span class='ocrx_word' id='word_1_567' title='bbox 2552 1614 2730 1657; x_wconf 88' lang='lat' dir='ltr'><strong>autem</strong></span> <span class='ocrx_word' id='word_1_568' title='bbox 2755 1603 2930 1666; x_wconf 83' lang='lat' dir='ltr'><strong>.lesus,</strong></span> <span class='ocrx_word' id='word_1_569' title='bbox 2960 1610 3010 1655; x_wconf 79' lang='lat' dir='ltr'><strong>et</strong></span> <span class='ocrx_word' id='word_1_570' title='bbox 3034 1600 3164 1656; x_wconf 77' lang='lat' dir='ltr'><strong>dixit</strong></span> <span class='ocrx_word' id='word_1_571' title='bbox 3189 1600 3249 1653; x_wconf 69' lang='grc' dir='ltr'><strong>δε</strong></span> <span class='ocrx_word' id='word_1_572' title='bbox 3283 1600 3479 1671; x_wconf 58' lang='grc' dir='ltr'><strong>Ηῖροοι</strong></span> <span class='ocrx_word' id='word_1_573' title='bbox 3501 1602 3542 1654; x_wconf 92' lang='lat' dir='ltr'><strong>i-</strong></span> 
     </span>
    </p>
   </div>
   <div class='ocr_carea' id='block_1_76' title="bbox 1968 1691 3541 1763">
    <p class='ocr_par' dir='ltr' id='par_1_76' title="bbox 1968 1691 3541 1763">
     <span class='ocr_line' id='line_1_77' title="bbox 1968 1691 3541 1763; baseline -0.001 -16"><span class='ocrx_word' id='word_1_574' title='bbox 1968 1701 2058 1760; x_wconf 65' lang='lat' dir='ltr'><strong>tm,</strong></span> <span class='ocrx_word' id='word_1_575' title='bbox 2090 1695 2451 1763; x_wconf 85' lang='lat' dir='ltr'><strong>unusquisque</strong></span> <span class='ocrx_word' id='word_1_576' title='bbox 2478 1703 2714 1748; x_wconf 84' lang='lat' dir='ltr'><strong>vestrum</strong></span> <span class='ocrx_word' id='word_1_577' title='bbox 2762 1692 2985 1748; x_wconf 65' lang='lat' dir='ltr'><strong>sabbato</strong></span> <span class='ocrx_word' id='word_1_578' title='bbox 3016 1706 3120 1747; x_wconf 81' lang='lat' dir='ltr'><strong>non</strong></span> <span class='ocrx_word' id='word_1_579' title='bbox 3150 1691 3304 1745; x_wconf 87' lang='lat' dir='ltr'><strong>solvit</strong></span> <span class='ocrx_word' id='word_1_580' title='bbox 3350 1692 3541 1745; x_wconf 78' lang='lat' dir='ltr'><strong>bmcm</strong></span> 
     </span>
    </p>
   </div>
   <div class='ocr_carea' id='block_1_77' title="bbox 1902 1782 3544 1859">
    <p class='ocr_par' dir='ltr' id='par_1_77' title="bbox 1902 1782 3544 1859">
     <span class='ocr_line' id='line_1_78' title="bbox 1902 1782 3544 1859; baseline -0.004 -20"><span class='ocrx_word' id='word_1_581' title='bbox 1902 1799 1943 1859; x_wconf 73' lang='grc' dir='ltr'><strong><em>Β</em></strong></span> <span class='ocrx_word' id='word_1_582' title='bbox 1973 1796 2062 1839; x_wconf 87' lang='lat' dir='ltr'><strong>aut</strong></span> <span class='ocrx_word' id='word_1_583' title='bbox 2090 1786 2298 1840; x_wconf 88' lang='lat' dir='ltr'><strong>asinum</strong></span> <span class='ocrx_word' id='word_1_584' title='bbox 2324 1801 2353 1839; x_wconf 90' lang='lat' dir='ltr'><strong>a</strong></span> <span class='ocrx_word' id='word_1_585' title='bbox 2385 1788 2665 1855; x_wconf 66' lang='lat' dir='ltr'><strong>prmsep&#39;o,</strong></span> <span class='ocrx_word' id='word_1_586' title='bbox 2691 1792 2746 1838; x_wconf 90' lang='lat' dir='ltr'><strong>et</strong></span> <span class='ocrx_word' id='word_1_587' title='bbox 2767 1784 2909 1838; x_wconf 84' lang='lat' dir='ltr'><strong>ducit</strong></span> <span class='ocrx_word' id='word_1_588' title='bbox 2938 1784 3246 1851; x_wconf 83' lang='lat' dir='ltr'><strong>adaquare‘!</strong></span> <span class='ocrx_word' id='word_1_589' title='bbox 3276 1782 3423 1837; x_wconf 82' lang='lat' dir='ltr'><strong>lianc</strong></span> <span class='ocrx_word' id='word_1_590' title='bbox 3450 1798 3544 1833; x_wconf 57' lang='lat' dir='ltr'><strong>an.</strong></span> 
     </span>
    </p>
   </div>
   <div class='ocr_carea' id='block_1_78' title="bbox 1974 1872 3543 1944">
    <p class='ocr_par' dir='ltr' id='par_1_78' title="bbox 1974 1872 3543 1944">
     <span class='ocr_line' id='line_1_79' title="bbox 1974 1872 3543 1944; baseline -0.003 -14"><span class='ocrx_word' id='word_1_591' title='bbox 1974 1885 2081 1930; x_wconf 90' lang='lat' dir='ltr'><strong>tem</strong></span> <span class='ocrx_word' id='word_1_592' title='bbox 2108 1876 2268 1929; x_wconf 79' lang='lat' dir='ltr'><strong>tiliam</strong></span> <span class='ocrx_word' id='word_1_593' title='bbox 2297 1874 2547 1939; x_wconf 69' lang='lat' dir='ltr'><strong>Abrahae,</strong></span> <span class='ocrx_word' id='word_1_594' title='bbox 2578 1888 2737 1944; x_wconf 73' lang='lat' dir='ltr'><strong>quam</strong></span> <span class='ocrx_word' id='word_1_595' title='bbox 2761 1873 2997 1942; x_wconf 55' lang='lat' dir='ltr'><strong>alligavit</strong></span> <span class='ocrx_word' id='word_1_596' title='bbox 3023 1872 3272 1938; x_wconf 80' lang='lat' dir='ltr'><strong>Satanas,</strong></span> <span class='ocrx_word' id='word_1_597' title='bbox 3298 1885 3423 1926; x_wconf 88' lang='lat' dir='ltr'><strong>ecce</strong></span> <span class='ocrx_word' id='word_1_598' title='bbox 3452 1872 3543 1925; x_wconf 82' lang='lat' dir='ltr'><strong>de-</strong></span> 
     </span>
    </p>
   </div>
   <div class='ocr_carea' id='block_1_79' title="bbox 1967 1956 3544 2031">
    <p class='ocr_par' dir='ltr' id='par_1_79' title="bbox 1967 1956 3544 2031">
     <span class='ocr_line' id='line_1_80' title="bbox 1967 1956 3544 2031; baseline -0.006 -11"><span class='ocrx_word' id='word_1_599' title='bbox 1967 1980 2084 2021; x_wconf 75' lang='lat' dir='ltr'><strong>com</strong></span> <span class='ocrx_word' id='word_1_600' title='bbox 2128 1976 2183 2019; x_wconf 91' lang='lat' dir='ltr'><strong>et</strong></span> <span class='ocrx_word' id='word_1_601' title='bbox 2214 1976 2335 2020; x_wconf 81' lang='lat' dir='ltr'><strong>octo</strong></span> <span class='ocrx_word' id='word_1_602' title='bbox 2362 1967 2516 2019; x_wconf 87' lang='lat' dir='ltr'><strong>annis</strong></span> <span class='ocrx_word' id='word_1_603' title='bbox 2536 2005 2551 2030; x_wconf 91' lang='lat'><strong>,</strong></span> <span class='ocrx_word' id='word_1_604' title='bbox 2576 1978 2679 2018; x_wconf 85' lang='lat' dir='ltr'><strong>non</strong></span> <span class='ocrx_word' id='word_1_605' title='bbox 2713 1963 2951 2031; x_wconf 58' lang='lat' dir='ltr'><strong>otiortuit</strong></span> <span class='ocrx_word' id='word_1_606' title='bbox 2976 1964 3109 2017; x_wconf 79' lang='lat' dir='ltr'><strong>solvi</strong></span> <span class='ocrx_word' id='word_1_607' title='bbox 3136 1976 3163 2015; x_wconf 88' lang='lat' dir='ltr'><strong>a</strong></span> <span class='ocrx_word' id='word_1_608' title='bbox 3192 1956 3406 2017; x_wconf 46' lang='lat' dir='ltr'><strong>vitae</strong></span> <span class='ocrx_word' id='word_1_609' title='bbox 3442 1959 3544 2014; x_wconf 80' lang='lat' dir='ltr'><strong>isto</strong></span> 
     </span>
    </p>
   </div>
   <div class='ocr_carea' id='block_1_80' title="bbox 1968 2054 3546 2121">
    <p class='ocr_par' dir='ltr' id='par_1_80' title="bbox 1968 2054 3546 2121">
     <span class='ocr_line' id='line_1_81' title="bbox 1968 2054 3546 2121; baseline -0.004 -10"><span class='ocrx_word' id='word_1_610' title='bbox 1968 2057 2059 2111; x_wconf 74' lang='lat' dir='ltr'><strong>die</strong></span> <span class='ocrx_word' id='word_1_611' title='bbox 2090 2055 2340 2110; x_wconf 80' lang='lat' dir='ltr'><strong>sabbati?</strong></span> <span class='ocrx_word' id='word_1_612' title='bbox 2367 2056 2433 2110; x_wconf 84' lang='lat' dir='ltr'><strong>Et</strong></span> <span class='ocrx_word' id='word_1_613' title='bbox 2457 2071 2577 2109; x_wconf 88' lang='lat' dir='ltr'><strong>cum</strong></span> <span class='ocrx_word' id='word_1_614' title='bbox 2610 2057 2724 2111; x_wconf 59' lang='lat' dir='ltr'><strong>hac</strong></span> <span class='ocrx_word' id='word_1_615' title='bbox 2752 2054 2979 2121; x_wconf 84' lang='lat' dir='ltr'><strong>diceret,</strong></span> <span class='ocrx_word' id='word_1_616' title='bbox 3007 2054 3394 2109; x_wconf 78' lang='lat' dir='ltr'><strong>erubescebant</strong></span> <span class='ocrx_word' id='word_1_617' title='bbox 3431 2068 3546 2106; x_wconf 85' lang='lat' dir='ltr'><strong>om-</strong></span> 
     </span>
    </p>
   </div>
   <div class='ocr_carea' id='block_1_81' title="bbox 1968 2143 3543 2219">
    <p class='ocr_par' dir='ltr' id='par_1_81' title="bbox 1968 2143 3543 2219">
     <span class='ocr_line' id='line_1_82' title="bbox 1968 2143 3543 2219; baseline -0.002 -20"><span class='ocrx_word' id='word_1_618' title='bbox 1968 2160 2069 2199; x_wconf 83' lang='lat' dir='ltr'><strong>nes</strong></span> <span class='ocrx_word' id='word_1_619' title='bbox 2093 2146 2384 2219; x_wconf 73' lang='lat' dir='ltr'><strong>ailvcharii</strong></span> <span class='ocrx_word' id='word_1_620' title='bbox 2432 2146 2568 2214; x_wconf 87' lang='lat' dir='ltr'><strong>ejus.</strong></span> <span class='ocrx_word' id='word_1_621' title='bbox 2610 2145 2669 2198; x_wconf 80' lang='lat' dir='ltr'><strong>Et</strong></span> <span class='ocrx_word' id='word_1_622' title='bbox 2706 2146 2880 2199; x_wconf 89' lang='lat' dir='ltr'><strong>omnis</strong></span> <span class='ocrx_word' id='word_1_623' title='bbox 2928 2145 3149 2214; x_wconf 87' lang='lat' dir='ltr'><strong>populus</strong></span> <span class='ocrx_word' id='word_1_624' title='bbox 3193 2143 3459 2214; x_wconf 72' lang='lat' dir='ltr'><strong>gaudebat</strong></span> <span class='ocrx_word' id='word_1_625' title='bbox 3492 2148 3543 2196; x_wconf 82' lang='lat' dir='ltr'><strong>in</strong></span> 
     </span>
    </p>
   </div>
   <div class='ocr_carea' id='block_1_82' title="bbox 1971 2236 2863 2304">
    <p class='ocr_par' dir='ltr' id='par_1_82' title="bbox 1971 2236 2863 2304">
     <span class='ocr_line' id='line_1_83' title="bbox 1971 2236 2863 2304; baseline -0.002 -13"><span class='ocrx_word' id='word_1_626' title='bbox 1971 2238 2233 2291; x_wconf 79' lang='lat' dir='ltr'><strong>universis</strong></span> <span class='ocrx_word' id='word_1_627' title='bbox 2259 2250 2377 2304; x_wconf 54' lang='lat' dir='ltr'><strong>qua).</strong></span> <span class='ocrx_word' id='word_1_628' title='bbox 2403 2238 2429 2271; x_wconf 69' lang='lat'><strong>’</strong></span> <span class='ocrx_word' id='word_1_629' title='bbox 2461 2236 2654 2290; x_wconf 85' lang='lat' dir='ltr'><strong>fiebant</strong></span> <span class='ocrx_word' id='word_1_630' title='bbox 2681 2236 2749 2288; x_wconf 87' lang='lat' dir='ltr'><strong>ab</strong></span> <span class='ocrx_word' id='word_1_631' title='bbox 2777 2251 2863 2291; x_wconf 86' lang='lat' dir='ltr'><strong>eo.</strong></span> 
     </span>
    </p>
   </div>
   <div class='ocr_carea' id='block_1_83' title="bbox 2554 2374 2996 2430">
    <p class='ocr_par' dir='ltr' id='par_1_83' title="bbox 2554 2374 2996 2430">
     <span class='ocr_line' id='line_1_84' title="bbox 2554 2374 2996 2430; baseline 0 -2"><span class='ocrx_word' id='word_1_632' title='bbox 2554 2374 2779 2430; x_wconf 77' lang='lat' dir='ltr'><strong>CAPUT</strong></span> <span class='ocrx_word' id='word_1_633' title='bbox 2824 2374 2996 2429; x_wconf 72' lang='lat' dir='ltr'><strong>CIV.‘</strong></span> 
     </span>
    </p>
   </div>
   <div class='ocr_carea' id='block_1_84' title="bbox 2046 2465 3470 2541">
    <p class='ocr_par' dir='ltr' id='par_1_84' title="bbox 2046 2465 3470 2541">
     <span class='ocr_line' id='line_1_85' title="bbox 2046 2465 3470 2541; baseline -0.002 -21"><span class='ocrx_word' id='word_1_634' title='bbox 2046 2466 2282 2521; x_wconf 75' lang='lat' dir='ltr'><strong>Ascendit</strong></span> <span class='ocrx_word' id='word_1_635' title='bbox 2329 2466 2730 2536; x_wconf 78' lang='lat' dir='ltr'><strong>Hierosolymam</strong></span> <span class='ocrx_word' id='word_1_636' title='bbox 2756 2467 2812 2541; x_wconf 84' lang='lat' dir='ltr'><strong>in</strong></span> <span class='ocrx_word' id='word_1_637' title='bbox 2850 2466 2931 2519; x_wconf 84' lang='lat' dir='ltr'><strong>die</strong></span> <span class='ocrx_word' id='word_1_638' title='bbox 2971 2466 3094 2535; x_wconf 76' lang='lat' dir='ltr'><strong>festo</strong></span> <span class='ocrx_word' id='word_1_639' title='bbox 3125 2465 3470 2537; x_wconf 56' lang='lat' dir='ltr'><strong>SCt‘ﬂOpegitI&#39;.</strong></span> 
     </span>
    </p>
   </div>
   <div class='ocr_carea' id='block_1_85' title="bbox 2042 2579 3546 2647">
    <p class='ocr_par' dir='ltr' id='par_1_85' title="bbox 2042 2579 3546 2647">
     <span class='ocr_line' id='line_1_86' title="bbox 2042 2579 3546 2647; baseline -0.006 -9"><span class='ocrx_word' id='word_1_640' title='bbox 2042 2582 2195 2638; x_wconf 59' lang='grc' dir='ltr'><strong>ιω.</strong></span> <span class='ocrx_word' id='word_1_641' title='bbox 2225 2597 2316 2645; x_wconf 88' lang='lat' dir='ltr'><strong>vn,</strong></span> <span class='ocrx_word' id='word_1_642' title='bbox 2346 2580 2502 2635; x_wconf 70' lang='lat'><strong>2-31.</strong></span> <span class='ocrx_word' id='word_1_643' title='bbox 2538 2580 2662 2633; x_wconf 72' lang='lat' dir='ltr'><strong>Erat</strong></span> <span class='ocrx_word' id='word_1_644' title='bbox 2692 2588 2870 2633; x_wconf 89' lang='lat' dir='ltr'><strong>autem</strong></span> <span class='ocrx_word' id='word_1_645' title='bbox 2895 2580 2944 2632; x_wconf 91' lang='lat' dir='ltr'><strong>in</strong></span> <span class='ocrx_word' id='word_1_646' title='bbox 2969 2579 3212 2647; x_wconf 78' lang='lat' dir='ltr'><strong>proximo</strong></span> <span class='ocrx_word' id='word_1_647' title='bbox 3241 2579 3354 2631; x_wconf 90' lang='lat' dir='ltr'><strong>dies</strong></span> <span class='ocrx_word' id='word_1_648' title='bbox 3386 2583 3546 2631; x_wconf 60' lang='lat' dir='ltr'><strong>testus</strong></span> 
     </span>
    </p>
   </div>
   <div class='ocr_carea' id='block_1_86' title="bbox 1973 2669 3543 2739">
    <p class='ocr_par' dir='ltr' id='par_1_86' title="bbox 1973 2669 3543 2739">
     <span class='ocr_line' id='line_1_87' title="bbox 1973 2669 3543 2739; baseline -0.006 -12"><span class='ocrx_word' id='word_1_649' title='bbox 1973 2674 2298 2737; x_wconf 69' lang='lat' dir='ltr'><strong>Judaeorum,</strong></span> <span class='ocrx_word' id='word_1_650' title='bbox 2331 2671 2679 2739; x_wconf 71' lang='lat' dir='ltr'><strong>Scetmpegizi.</strong></span> <span class='ocrx_word' id='word_1_651' title='bbox 2710 2672 2970 2726; x_wconf 74' lang='lat' dir='ltr'><strong>Dixerunt</strong></span> <span class='ocrx_word' id='word_1_652' title='bbox 2998 2679 3172 2729; x_wconf 75' lang='lat' dir='ltr'><strong>autem</strong></span> <span class='ocrx_word' id='word_1_653' title='bbox 3196 2669 3260 2721; x_wconf 85' lang='lat' dir='ltr'><strong>ad</strong></span> <span class='ocrx_word' id='word_1_654' title='bbox 3287 2682 3408 2721; x_wconf 90' lang='lat' dir='ltr'><strong>eum</strong></span> <span class='ocrx_word' id='word_1_655' title='bbox 3441 2675 3543 2718; x_wconf 83' lang='lat' dir='ltr'><strong>tra—</strong></span> 
     </span>
    </p>
   </div>
   <div class='ocr_carea' id='block_1_87' title="bbox 1974 2760 3548 2830">
    <p class='ocr_par' dir='ltr' id='par_1_87' title="bbox 1974 2760 3548 2830">
     <span class='ocr_line' id='line_1_88' title="bbox 1974 2760 3548 2830; baseline -0.001 -17"><span class='ocrx_word' id='word_1_656' title='bbox 1974 2773 2081 2816; x_wconf 71' lang='lat' dir='ltr'><strong>tres</strong></span> <span class='ocrx_word' id='word_1_657' title='bbox 2104 2761 2259 2830; x_wconf 58' lang='lat' dir='ltr'><strong>«jus:</strong></span> <span class='ocrx_word' id='word_1_658' title='bbox 2292 2760 2481 2815; x_wconf 81' lang='lat' dir='ltr'><strong>Transi</strong></span> <span class='ocrx_word' id='word_1_659' title='bbox 2515 2761 2658 2826; x_wconf 92' lang='lat' dir='ltr'><strong>hinc,</strong></span> <span class='ocrx_word' id='word_1_660' title='bbox 2687 2771 2742 2815; x_wconf 77' lang='lat' dir='ltr'><strong>et</strong></span> <span class='ocrx_word' id='word_1_661' title='bbox 2774 2762 2907 2815; x_wconf 82' lang='lat' dir='ltr'><strong>vade</strong></span> <span class='ocrx_word' id='word_1_662' title='bbox 2935 2762 2986 2814; x_wconf 93' lang='lat' dir='ltr'><strong>in</strong></span> <span class='ocrx_word' id='word_1_663' title='bbox 3019 2762 3278 2823; x_wconf 59' lang='lat' dir='ltr'><strong>Judaam,</strong></span> <span class='ocrx_word' id='word_1_664' title='bbox 3307 2770 3363 2813; x_wconf 92' lang='lat' dir='ltr'><strong>ut</strong></span> <span class='ocrx_word' id='word_1_665' title='bbox 3383 2769 3435 2813; x_wconf 91' lang='lat' dir='ltr'><strong>ct</strong></span> <span class='ocrx_word' id='word_1_666' title='bbox 3464 2760 3548 2812; x_wconf 64' lang='lat' dir='ltr'><strong>di-</strong></span> 
     </span>
    </p>
   </div>
   <div class='ocr_carea' id='block_1_88' title="bbox 1973 2851 3550 2921">
    <p class='ocr_par' dir='ltr' id='par_1_88' title="bbox 1973 2851 3550 2921">
     <span class='ocr_line' id='line_1_89' title="bbox 1973 2851 3550 2921; baseline -0.003 -13"><span class='ocrx_word' id='word_1_667' title='bbox 1973 2853 2161 2921; x_wconf 88' lang='lat' dir='ltr'><strong>scipuli</strong></span> <span class='ocrx_word' id='word_1_668' title='bbox 2191 2852 2266 2906; x_wconf 91' lang='lat' dir='ltr'><strong>tui</strong></span> <span class='ocrx_word' id='word_1_669' title='bbox 2293 2851 2504 2906; x_wconf 80' lang='lat' dir='ltr'><strong>videant</strong></span> <span class='ocrx_word' id='word_1_670' title='bbox 2532 2865 2694 2921; x_wconf 82' lang='lat' dir='ltr'><strong>Opera</strong></span> <span class='ocrx_word' id='word_1_671' title='bbox 2729 2861 2814 2905; x_wconf 86' lang='lat' dir='ltr'><strong>tua</strong></span> <span class='ocrx_word' id='word_1_672' title='bbox 2838 2868 2954 2919; x_wconf 65' lang='lat' dir='ltr'><strong>qua:</strong></span> <span class='ocrx_word' id='word_1_673' title='bbox 2986 2852 3137 2906; x_wconf 78' lang='lat' dir='ltr'><strong>facis.</strong></span> <span class='ocrx_word' id='word_1_674' title='bbox 3163 2852 3326 2906; x_wconf 75' lang='lat' dir='ltr'><strong>Nemo</strong></span> <span class='ocrx_word' id='word_1_675' title='bbox 3353 2852 3550 2921; x_wconf 76' lang='lat' dir='ltr'><strong>quippe</strong></span> 
     </span>
    </p>
   </div>
   <div class='ocr_carea' id='block_1_89' title="bbox 1974 2942 3545 3014">
    <p class='ocr_par' dir='ltr' id='par_1_89' title="bbox 1974 2942 3545 3014">
     <span class='ocr_line' id='line_1_90' title="bbox 1974 2942 3545 3014; baseline -0.002 -14"><span class='ocrx_word' id='word_1_676' title='bbox 1974 2946 2027 3000; x_wconf 88' lang='lat' dir='ltr'><strong>in</strong></span> <span class='ocrx_word' id='word_1_677' title='bbox 2058 2944 2265 2999; x_wconf 89' lang='lat' dir='ltr'><strong>occulto</strong></span> <span class='ocrx_word' id='word_1_678' title='bbox 2291 2944 2414 3014; x_wconf 92' lang='lat' dir='ltr'><strong>quid</strong></span> <span class='ocrx_word' id='word_1_679' title='bbox 2436 2942 2583 3006; x_wconf 70' lang='lat' dir='ltr'><strong>facit,</strong></span> <span class='ocrx_word' id='word_1_680' title='bbox 2613 2952 2667 2999; x_wconf 88' lang='lat' dir='ltr'><strong>et</strong></span> <span class='ocrx_word' id='word_1_681' title='bbox 2689 2944 2875 3011; x_wconf 80' lang='lat' dir='ltr'><strong>quaerit</strong></span> <span class='ocrx_word' id='word_1_682' title='bbox 2907 2944 3019 3013; x_wconf 84' lang='lat' dir='ltr'><strong>ipse</strong></span> <span class='ocrx_word' id='word_1_683' title='bbox 3050 2943 3101 2997; x_wconf 85' lang='lat' dir='ltr'><strong>in</strong></span> <span class='ocrx_word' id='word_1_684' title='bbox 3133 2944 3302 3012; x_wconf 83' lang='lat' dir='ltr'><strong>palam</strong></span> <span class='ocrx_word' id='word_1_685' title='bbox 3322 2957 3462 2998; x_wconf 88' lang='lat' dir='ltr'><strong>esse.</strong></span> <span class='ocrx_word' id='word_1_686' title='bbox 3488 2943 3545 2997; x_wconf 80' lang='lat' dir='ltr'><strong>Si</strong></span> 
     </span>
    </p>
   </div>
   <div class='ocr_carea' id='block_1_90' title="bbox 1975 3033 3547 3104">
    <p class='ocr_par' dir='ltr' id='par_1_90' title="bbox 1975 3033 3547 3104">
     <span class='ocr_line' id='line_1_91' title="bbox 1975 3033 3547 3104; baseline -0.003 -15"><span class='ocrx_word' id='word_1_687' title='bbox 1975 3036 2090 3091; x_wconf 74' lang='lat' dir='ltr'><strong>bane</strong></span> <span class='ocrx_word' id='word_1_688' title='bbox 2137 3035 2300 3104; x_wconf 82' lang='lat' dir='ltr'><strong>facis,</strong></span> <span class='ocrx_word' id='word_1_689' title='bbox 2332 3033 2611 3089; x_wconf 88' lang='lat' dir='ltr'><strong>manifesta</strong></span> <span class='ocrx_word' id='word_1_690' title='bbox 2642 3045 2692 3088; x_wconf 80' lang='lat' dir='ltr'><strong>to</strong></span> <span class='ocrx_word' id='word_1_691' title='bbox 2719 3034 2889 3103; x_wconf 84' lang='lat' dir='ltr'><strong>ipsum</strong></span> <span class='ocrx_word' id='word_1_692' title='bbox 2930 3033 3128 3089; x_wconf 62' lang='lat' dir='ltr'><strong>mundo</strong></span> <span class='ocrx_word' id='word_1_693' title='bbox 3155 3052 3166 3085; x_wconf 91' lang='lat'><strong>:</strong></span> <span class='ocrx_word' id='word_1_694' title='bbox 3196 3049 3367 3102; x_wconf 82' lang='lat' dir='ltr'><strong>neque</strong></span> <span class='ocrx_word' id='word_1_695' title='bbox 3407 3033 3547 3086; x_wconf 88' lang='lat' dir='ltr'><strong>enim</strong></span> 
     </span>
    </p>
   </div>
   <div class='ocr_carea' id='block_1_91' title="bbox 1980 3122 3547 3195">
    <p class='ocr_par' dir='ltr' id='par_1_91' title="bbox 1980 3122 3547 3195">
     <span class='ocr_line' id='line_1_92' title="bbox 1980 3122 3547 3195; baseline -0.001 -17"><span class='ocrx_word' id='word_1_696' title='bbox 1980 3128 2169 3180; x_wconf 89' lang='lat' dir='ltr'><strong>fratres</strong></span> <span class='ocrx_word' id='word_1_697' title='bbox 2200 3123 2318 3195; x_wconf 83' lang='lat' dir='ltr'><strong>ejus</strong></span> <span class='ocrx_word' id='word_1_698' title='bbox 2353 3124 2642 3180; x_wconf 88' lang='lat' dir='ltr'><strong>credebant</strong></span> <span class='ocrx_word' id='word_1_699' title='bbox 2669 3126 2721 3177; x_wconf 89' lang='lat' dir='ltr'><strong>in</strong></span> <span class='ocrx_word' id='word_1_700' title='bbox 2751 3140 2891 3178; x_wconf 90' lang='lat' dir='ltr'><strong>eum.</strong></span> <span class='ocrx_word' id='word_1_701' title='bbox 2926 3123 3060 3177; x_wconf 83' lang='lat' dir='ltr'><strong>Dicit</strong></span> <span class='ocrx_word' id='word_1_702' title='bbox 3099 3138 3228 3191; x_wconf 59' lang='lat' dir='ltr'><strong>ergo</strong></span> <span class='ocrx_word' id='word_1_703' title='bbox 3254 3124 3330 3177; x_wconf 86' lang='lat' dir='ltr'><strong>eis</strong></span> <span class='ocrx_word' id='word_1_704' title='bbox 3358 3122 3547 3177; x_wconf 80' lang='lat' dir='ltr'><strong>Jesus:</strong></span> 
     </span>
    </p>
   </div>
   <div class='ocr_carea' id='block_1_92' title="bbox 1978 3215 3549 3285">
    <p class='ocr_par' dir='ltr' id='par_1_92' title="bbox 1978 3215 3549 3285">
     <span class='ocr_line' id='line_1_93' title="bbox 1978 3215 3549 3285; baseline -0.003 -14"><span class='ocrx_word' id='word_1_705' title='bbox 1978 3216 2211 3285; x_wconf 83' lang='lat' dir='ltr'><strong>Tempus</strong></span> <span class='ocrx_word' id='word_1_706' title='bbox 2235 3229 2411 3270; x_wconf 87' lang='lat' dir='ltr'><strong>meum</strong></span> <span class='ocrx_word' id='word_1_707' title='bbox 2457 3215 2691 3269; x_wconf 87' lang='lat' dir='ltr'><strong>nondum</strong></span> <span class='ocrx_word' id='word_1_708' title='bbox 2720 3215 2966 3269; x_wconf 85' lang='lat' dir='ltr'><strong>advenit:</strong></span> <span class='ocrx_word' id='word_1_709' title='bbox 3003 3222 3210 3283; x_wconf 80' lang='lat' dir='ltr'><strong>tempus</strong></span> <span class='ocrx_word' id='word_1_710' title='bbox 3247 3225 3424 3267; x_wconf 83' lang='lat' dir='ltr'><strong>autem</strong></span> <span class='ocrx_word' id='word_1_711' title='bbox 3454 3229 3549 3267; x_wconf 78' lang='lat' dir='ltr'><strong>ve-</strong></span> 
     </span>
    </p>
   </div>
   <div class='ocr_carea' id='block_1_93' title="bbox 1977 3303 3553 3376">
    <p class='ocr_par' dir='ltr' id='par_1_93' title="bbox 1977 3303 3553 3376">
     <span class='ocr_line' id='line_1_94' title="bbox 1977 3303 3553 3376; baseline -0.003 -15"><span class='ocrx_word' id='word_1_712' title='bbox 1977 3316 2149 3361; x_wconf 81' lang='lat' dir='ltr'><strong>strum</strong></span> <span class='ocrx_word' id='word_1_713' title='bbox 2178 3320 2391 3376; x_wconf 84' lang='lat' dir='ltr'><strong>semper</strong></span> <span class='ocrx_word' id='word_1_714' title='bbox 2411 3314 2496 3360; x_wconf 91' lang='lat' dir='ltr'><strong>est</strong></span> <span class='ocrx_word' id='word_1_715' title='bbox 2518 3313 2776 3373; x_wconf 86' lang='lat' dir='ltr'><strong>paratum.</strong></span> <span class='ocrx_word' id='word_1_716' title='bbox 2794 3303 2908 3359; x_wconf 83' lang='lat' dir='ltr'><strong>Non</strong></span> <span class='ocrx_word' id='word_1_717' title='bbox 2933 3315 3054 3373; x_wconf 85' lang='lat' dir='ltr'><strong>pote</strong></span> <span class='ocrx_word' id='word_1_718' title='bbox 3085 3314 3104 3357; x_wconf 93' lang='lat' dir='ltr'><strong>t</strong></span> <span class='ocrx_word' id='word_1_719' title='bbox 3126 3305 3352 3359; x_wconf 87' lang='lat' dir='ltr'><strong>mundus</strong></span> <span class='ocrx_word' id='word_1_720' title='bbox 3373 3303 3553 3357; x_wconf 70' lang='lat' dir='ltr'><strong>odisse</strong></span> 
     </span>
    </p>
   </div>
   <div class='ocr_carea' id='block_1_94' title="bbox 1978 3398 3550 3469">
    <p class='ocr_par' dir='ltr' id='par_1_94' title="bbox 1978 3398 3550 3469">
     <span class='ocr_line' id='line_1_95' title="bbox 1978 3398 3550 3469; baseline -0.001 -16"><span class='ocrx_word' id='word_1_721' title='bbox 1978 3416 2110 3454; x_wconf 91' lang='lat' dir='ltr'><strong>vos:</strong></span> <span class='ocrx_word' id='word_1_722' title='bbox 2138 3415 2224 3455; x_wconf 90' lang='lat' dir='ltr'><strong>me</strong></span> <span class='ocrx_word' id='word_1_723' title='bbox 2252 3408 2430 3454; x_wconf 90' lang='lat' dir='ltr'><strong>autem</strong></span> <span class='ocrx_word' id='word_1_724' title='bbox 2453 3399 2597 3465; x_wconf 90' lang='lat' dir='ltr'><strong>odit,</strong></span> <span class='ocrx_word' id='word_1_725' title='bbox 2626 3399 2747 3469; x_wconf 88' lang='lat' dir='ltr'><strong>quia</strong></span> <span class='ocrx_word' id='word_1_726' title='bbox 2778 3414 2878 3468; x_wconf 89' lang='lat' dir='ltr'><strong>ego</strong></span> <span class='ocrx_word' id='word_1_727' title='bbox 2908 3399 3269 3459; x_wconf 86' lang='lat' dir='ltr'><strong>testimonium</strong></span> <span class='ocrx_word' id='word_1_728' title='bbox 3299 3398 3550 3467; x_wconf 82' lang='lat' dir='ltr'><strong>perhibeo</strong></span> 
     </span>
    </p>
   </div>
   <div class='ocr_carea' id='block_1_95' title="bbox 1977 3491 3551 3563">
    <p class='ocr_par' dir='ltr' id='par_1_95' title="bbox 1977 3491 3551 3563">
     <span class='ocr_line' id='line_1_96' title="bbox 1977 3491 3551 3563; baseline -0.003 -15"><span class='ocrx_word' id='word_1_729' title='bbox 1977 3494 2045 3548; x_wconf 93' lang='lat' dir='ltr'><strong>de</strong></span> <span class='ocrx_word' id='word_1_730' title='bbox 2076 3493 2193 3558; x_wconf 91' lang='lat' dir='ltr'><strong>illo,</strong></span> <span class='ocrx_word' id='word_1_731' title='bbox 2224 3494 2345 3563; x_wconf 90' lang='lat' dir='ltr'><strong>quia</strong></span> <span class='ocrx_word' id='word_1_732' title='bbox 2373 3505 2537 3561; x_wconf 88' lang='lat' dir='ltr'><strong>opera</strong></span> <span class='ocrx_word' id='word_1_733' title='bbox 2576 3491 2690 3562; x_wconf 88' lang='lat' dir='ltr'><strong>ejus</strong></span> <span class='ocrx_word' id='word_1_734' title='bbox 2718 3493 2855 3546; x_wconf 80' lang='lat' dir='ltr'><strong>mala</strong></span> <span class='ocrx_word' id='word_1_735' title='bbox 2882 3502 3025 3546; x_wconf 88' lang='lat' dir='ltr'><strong>sunt.</strong></span> <span class='ocrx_word' id='word_1_736' title='bbox 3060 3491 3161 3547; x_wconf 81' lang='lat' dir='ltr'><strong>Vos</strong></span> <span class='ocrx_word' id='word_1_737' title='bbox 3190 3493 3458 3546; x_wconf 72' lang='lat' dir='ltr'><strong>ascemiite</strong></span> <span class='ocrx_word' id='word_1_738' title='bbox 3485 3491 3551 3544; x_wconf 87' lang='lat' dir='ltr'><strong>ad</strong></span> 
     </span>
    </p>
   </div>
   <div class='ocr_carea' id='block_1_96' title="bbox 1976 3572 3552 3653">
    <p class='ocr_par' dir='ltr' id='par_1_96' title="bbox 1976 3572 3552 3653">
     <span class='ocr_line' id='line_1_97' title="bbox 1976 3572 3552 3653; baseline -0.003 -14"><span class='ocrx_word' id='word_1_739' title='bbox 1976 3585 2118 3639; x_wconf 89' lang='lat' dir='ltr'><strong>diem</strong></span> <span class='ocrx_word' id='word_1_740' title='bbox 2158 3583 2345 3640; x_wconf 86' lang='lat' dir='ltr'><strong>festum</strong></span> <span class='ocrx_word' id='word_1_741' title='bbox 2390 3585 2561 3651; x_wconf 83' lang='lat' dir='ltr'><strong>hunc,</strong></span> <span class='ocrx_word' id='word_1_742' title='bbox 2594 3599 2691 3653; x_wconf 88' lang='lat' dir='ltr'><strong>ego</strong></span> <span class='ocrx_word' id='word_1_743' title='bbox 2723 3599 2827 3637; x_wconf 90' lang='lat' dir='ltr'><strong>non</strong></span> <span class='ocrx_word' id='word_1_744' title='bbox 2873 3572 3157 3639; x_wconf 88' lang='lat' dir='ltr'><strong>ascendam</strong></span> <span class='ocrx_word' id='word_1_745' title='bbox 3195 3583 3260 3637; x_wconf 89' lang='lat' dir='ltr'><strong>ad</strong></span> <span class='ocrx_word' id='word_1_746' title='bbox 3286 3583 3430 3637; x_wconf 85' lang='lat' dir='ltr'><strong>diem</strong></span> <span class='ocrx_word' id='word_1_747' title='bbox 3479 3585 3552 3635; x_wconf 83' lang='lat' dir='ltr'><strong>le-</strong></span> 
     </span>
    </p>
   </div>
   <div class='ocr_carea' id='block_1_97' title="bbox 1976 3672 3549 3743">
    <p class='ocr_par' dir='ltr' id='par_1_97' title="bbox 1976 3672 3549 3743">
     <span class='ocr_line' id='line_1_98' title="bbox 1976 3672 3549 3743; baseline -0.002 -17"><span class='ocrx_word' id='word_1_748' title='bbox 1976 3685 2115 3727; x_wconf 79' lang='lat' dir='ltr'><strong>Stum</strong></span> <span class='ocrx_word' id='word_1_749' title='bbox 2148 3674 2305 3727; x_wconf 90' lang='lat' dir='ltr'><strong>istum</strong></span> <span class='ocrx_word' id='word_1_750' title='bbox 2334 3682 2381 3740; x_wconf 74' lang='grc' dir='ltr'><strong>ο,</strong></span> <span class='ocrx_word' id='word_1_751' title='bbox 2412 3673 2533 3743; x_wconf 88' lang='lat' dir='ltr'><strong>quia</strong></span> <span class='ocrx_word' id='word_1_752' title='bbox 2559 3682 2767 3742; x_wconf 78' lang='lat' dir='ltr'><strong>tempus</strong></span> <span class='ocrx_word' id='word_1_753' title='bbox 2794 3687 2970 3726; x_wconf 59' lang='lat' dir='ltr'><strong>meum</strong></span> <span class='ocrx_word' id='word_1_754' title='bbox 3005 3672 3237 3726; x_wconf 82' lang='lat' dir='ltr'><strong>nondum</strong></span> <span class='ocrx_word' id='word_1_755' title='bbox 3278 3672 3549 3739; x_wconf 81' lang='lat' dir='ltr'><strong>impletum</strong></span> 
     </span>
    </p>
   </div>
   <div class='ocr_carea' id='block_1_98' title="bbox 1976 3760 3554 3829">
    <p class='ocr_par' dir='ltr' id='par_1_98' title="bbox 1976 3760 3554 3829">
     <span class='ocr_line' id='line_1_99' title="bbox 1976 3760 3554 3829; baseline -0.004 -13"><span class='ocrx_word' id='word_1_756' title='bbox 1976 3772 2078 3816; x_wconf 91' lang='lat' dir='ltr'><strong>est.</strong></span> <span class='ocrx_word' id='word_1_757' title='bbox 2113 3763 2238 3817; x_wconf 57' lang='grc' dir='ltr'><strong>ιιι-ο</strong></span> <span class='ocrx_word' id='word_1_758' title='bbox 2257 3778 2376 3816; x_wconf 89' lang='lat' dir='ltr'><strong>cum</strong></span> <span class='ocrx_word' id='word_1_759' title='bbox 2397 3762 2648 3827; x_wconf 73' lang='lat' dir='ltr'><strong>dixisset,</strong></span> <span class='ocrx_word' id='word_1_760' title='bbox 2675 3763 2788 3829; x_wconf 88' lang='lat' dir='ltr'><strong>ipse</strong></span> <span class='ocrx_word' id='word_1_761' title='bbox 2816 3761 3009 3815; x_wconf 88' lang='lat' dir='ltr'><strong>mansit</strong></span> <span class='ocrx_word' id='word_1_762' title='bbox 3032 3763 3081 3815; x_wconf 91' lang='lat' dir='ltr'><strong>in</strong></span> <span class='ocrx_word' id='word_1_763' title='bbox 3103 3761 3342 3817; x_wconf 73' lang='lat' dir='ltr'><strong>Galilzca.</strong></span> <span class='ocrx_word' id='word_1_764' title='bbox 3370 3760 3434 3815; x_wconf 86' lang='lat' dir='ltr'><strong>Ut</strong></span> <span class='ocrx_word' id='word_1_765' title='bbox 3459 3776 3554 3812; x_wconf 82' lang='lat' dir='ltr'><strong>au-</strong></span> 
     </span>
    </p>
   </div>
   <div class='ocr_carea' id='block_1_99' title="bbox 1977 3849 3553 3917">
    <p class='ocr_par' dir='ltr' id='par_1_99' title="bbox 1977 3849 3553 3917">
     <span class='ocr_line' id='line_1_100' title="bbox 1977 3849 3553 3917; baseline -0.001 -13"><span class='ocrx_word' id='word_1_766' title='bbox 1977 3863 2086 3907; x_wconf 90' lang='lat' dir='ltr'><strong>tem</strong></span> <span class='ocrx_word' id='word_1_767' title='bbox 2116 3851 2473 3906; x_wconf 84' lang='lat' dir='ltr'><strong>ascenderunt</strong></span> <span class='ocrx_word' id='word_1_768' title='bbox 2510 3849 2702 3904; x_wconf 78' lang='lat' dir='ltr'><strong>fratres</strong></span> <span class='ocrx_word' id='word_1_769' title='bbox 2747 3849 2891 3917; x_wconf 83' lang='lat' dir='ltr'><strong>ejus,</strong></span> <span class='ocrx_word' id='word_1_770' title='bbox 2925 3859 3049 3904; x_wconf 92' lang='lat' dir='ltr'><strong>tunc</strong></span> <span class='ocrx_word' id='word_1_771' title='bbox 3091 3859 3145 3903; x_wconf 91' lang='lat' dir='ltr'><strong>et</strong></span> <span class='ocrx_word' id='word_1_772' title='bbox 3172 3850 3284 3917; x_wconf 88' lang='lat' dir='ltr'><strong>ipse</strong></span> <span class='ocrx_word' id='word_1_773' title='bbox 3310 3851 3553 3903; x_wconf 77' lang='lat' dir='ltr'><strong>ascendit</strong></span> 
     </span>
    </p>
   </div>
   <div class='ocr_carea' id='block_1_100' title="bbox 1978 3928 3548 4005">
    <p class='ocr_par' dir='ltr' id='par_1_100' title="bbox 1978 3928 3548 4005">
     <span class='ocr_line' id='line_1_101' title="bbox 1978 3928 3548 4005; baseline -0.001 -12"><span class='ocrx_word' id='word_1_774' title='bbox 1978 3942 2042 3993; x_wconf 87' lang='lat' dir='ltr'><strong>ad</strong></span> <span class='ocrx_word' id='word_1_775' title='bbox 2074 3938 2213 3992; x_wconf 90' lang='lat' dir='ltr'><strong>diem</strong></span> <span class='ocrx_word' id='word_1_776' title='bbox 2240 3938 2455 4004; x_wconf 65' lang='lat' dir='ltr'><strong>festum,</strong></span> <span class='ocrx_word' id='word_1_777' title='bbox 2479 3952 2585 3994; x_wconf 86' lang='lat' dir='ltr'><strong>non</strong></span> <span class='ocrx_word' id='word_1_778' title='bbox 2617 3937 2917 4002; x_wconf 88' lang='lat' dir='ltr'><strong>manifeste,</strong></span> <span class='ocrx_word' id='word_1_779' title='bbox 2949 3938 3041 3992; x_wconf 90' lang='lat' dir='ltr'><strong>sed</strong></span> <span class='ocrx_word' id='word_1_780' title='bbox 3067 3937 3218 4005; x_wconf 87' lang='lat' dir='ltr'><strong>quasi</strong></span> <span class='ocrx_word' id='word_1_781' title='bbox 3238 3928 3548 3991; x_wconf 82' lang='lat' dir='ltr'><strong>inoccuho.</strong></span> 
     </span>
    </p>
   </div>
   <div class='ocr_carea' id='block_1_101' title="bbox 1975 4028 3548 4101">
    <p class='ocr_par' dir='ltr' id='par_1_101' title="bbox 1975 4028 3548 4101">
     <span class='ocr_line' id='line_1_102' title="bbox 1975 4028 3548 4101; baseline -0.003 -16"><span class='ocrx_word' id='word_1_782' title='bbox 1975 4031 2143 4085; x_wconf 73' lang='lat' dir='ltr'><strong>Judtei</strong></span> <span class='ocrx_word' id='word_1_783' title='bbox 2170 4045 2300 4101; x_wconf 84' lang='lat' dir='ltr'><strong>ergo</strong></span> <span class='ocrx_word' id='word_1_784' title='bbox 2321 4029 2631 4099; x_wconf 66' lang='lat' dir='ltr'><strong>querebant</strong></span> <span class='ocrx_word' id='word_1_785' title='bbox 2663 4044 2783 4084; x_wconf 88' lang='lat' dir='ltr'><strong>eum</strong></span> <span class='ocrx_word' id='word_1_786' title='bbox 2809 4028 2861 4082; x_wconf 88' lang='lat' dir='ltr'><strong>in</strong></span> <span class='ocrx_word' id='word_1_787' title='bbox 2891 4028 2980 4084; x_wconf 91' lang='lat' dir='ltr'><strong>die</strong></span> <span class='ocrx_word' id='word_1_788' title='bbox 3009 4028 3163 4090; x_wconf 86' lang='lat' dir='ltr'><strong>festo,</strong></span> <span class='ocrx_word' id='word_1_789' title='bbox 3185 4038 3238 4082; x_wconf 87' lang='lat' dir='ltr'><strong>et</strong></span> <span class='ocrx_word' id='word_1_790' title='bbox 3266 4028 3508 4083; x_wconf 86' lang='lat' dir='ltr'><strong>dicebant</strong></span> <span class='ocrx_word' id='word_1_791' title='bbox 3532 4044 3548 4081; x_wconf 87' lang='lat'><strong>:</strong></span> 
     </span>
    </p>
   </div>
   <div class='ocr_carea' id='block_1_102' title="bbox 1980 4119 3549 4175">
    <p class='ocr_par' dir='ltr' id='par_1_102' title="bbox 1980 4119 3549 4175">
     <span class='ocr_line' id='line_1_103' title="bbox 1980 4119 3549 4175; baseline -0.001 0"><span class='ocrx_word' id='word_1_792' title='bbox 1980 4120 2078 4175; x_wconf 80' lang='lat' dir='ltr'><strong>Ubi</strong></span> <span class='ocrx_word' id='word_1_793' title='bbox 2102 4128 2184 4173; x_wconf 89' lang='lat' dir='ltr'><strong>est</strong></span> <span class='ocrx_word' id='word_1_794' title='bbox 2212 4122 2300 4173; x_wconf 86' lang='lat' dir='ltr'><strong>ille</strong></span> <span class='ocrx_word' id='word_1_795' title='bbox 2322 4120 2344 4171; x_wconf 85' lang='lat'><strong>?</strong></span> <span class='ocrx_word' id='word_1_796' title='bbox 2370 4121 2437 4172; x_wconf 80' lang='lat' dir='ltr'><strong>Et</strong></span> <span class='ocrx_word' id='word_1_797' title='bbox 2461 4134 2701 4173; x_wconf 88' lang='lat' dir='ltr'><strong>murmur</strong></span> <span class='ocrx_word' id='word_1_798' title='bbox 2727 4120 2953 4174; x_wconf 90' lang='lat' dir='ltr'><strong>multum</strong></span> <span class='ocrx_word' id='word_1_799' title='bbox 2981 4119 3048 4174; x_wconf 92' lang='lat' dir='ltr'><strong>de</strong></span> <span class='ocrx_word' id='word_1_800' title='bbox 3073 4134 3137 4173; x_wconf 90' lang='lat' dir='ltr'><strong>eo</strong></span> <span class='ocrx_word' id='word_1_801' title='bbox 3157 4130 3272 4174; x_wconf 83' lang='lat' dir='ltr'><strong>erat</strong></span> <span class='ocrx_word' id='word_1_802' title='bbox 3300 4121 3350 4173; x_wconf 92' lang='lat' dir='ltr'><strong>in</strong></span> <span class='ocrx_word' id='word_1_803' title='bbox 3375 4122 3549 4173; x_wconf 47' lang='lat' dir='ltr'><strong>turba.</strong></span> 
     </span>
    </p>
   </div>
   <div class='ocr_carea' id='block_1_103' title="bbox 1976 4212 3547 4280">
    <p class='ocr_par' dir='ltr' id='par_1_103' title="bbox 1976 4212 3547 4280">
     <span class='ocr_line' id='line_1_104' title="bbox 1976 4212 3547 4280; baseline 0 -15"><span class='ocrx_word' id='word_1_804' title='bbox 1976 4212 2198 4280; x_wconf 86' lang='lat' dir='ltr'><strong>Quidam</strong></span> <span class='ocrx_word' id='word_1_805' title='bbox 2230 4212 2369 4267; x_wconf 92' lang='lat' dir='ltr'><strong>enim</strong></span> <span class='ocrx_word' id='word_1_806' title='bbox 2399 4212 2683 4267; x_wconf 76' lang='lat' dir='ltr'><strong>dicebant:</strong></span> <span class='ocrx_word' id='word_1_807' title='bbox 2718 4212 2851 4279; x_wconf 86' lang='lat' dir='ltr'><strong>Quia</strong></span> <span class='ocrx_word' id='word_1_808' title='bbox 2880 4215 3051 4269; x_wconf 87' lang='lat' dir='ltr'><strong>bonus</strong></span> <span class='ocrx_word' id='word_1_809' title='bbox 3089 4222 3191 4268; x_wconf 86' lang='lat' dir='ltr'><strong>est.</strong></span> <span class='ocrx_word' id='word_1_810' title='bbox 3226 4214 3330 4267; x_wconf 81' lang='lat' dir='ltr'><strong>Alii</strong></span> <span class='ocrx_word' id='word_1_811' title='bbox 3370 4221 3547 4267; x_wconf 77' lang='lat' dir='ltr'><strong>autem</strong></span> 
     </span>
    </p>
   </div>
   <div class='ocr_carea' id='block_1_104' title="bbox 1975 4303 3549 4372">
    <p class='ocr_par' dir='ltr' id='par_1_104' title="bbox 1975 4303 3549 4372">
     <span class='ocr_line' id='line_1_105' title="bbox 1975 4303 3549 4372; baseline -0.002 -13"><span class='ocrx_word' id='word_1_812' title='bbox 1975 4304 2223 4359; x_wconf 57' lang='lat' dir='ltr'><strong>dicebant</strong></span> <span class='ocrx_word' id='word_1_813' title='bbox 2254 4322 2267 4357; x_wconf 91' lang='lat'><strong>:</strong></span> <span class='ocrx_word' id='word_1_814' title='bbox 2303 4303 2438 4369; x_wconf 84' lang='lat' dir='ltr'><strong>Non,</strong></span> <span class='ocrx_word' id='word_1_815' title='bbox 2473 4306 2564 4359; x_wconf 91' lang='lat' dir='ltr'><strong>sed</strong></span> <span class='ocrx_word' id='word_1_816' title='bbox 2588 4304 2797 4361; x_wconf 89' lang='lat' dir='ltr'><strong>seducit</strong></span> <span class='ocrx_word' id='word_1_817' title='bbox 2820 4305 3020 4361; x_wconf 90' lang='lat' dir='ltr'><strong>turbas.</strong></span> <span class='ocrx_word' id='word_1_818' title='bbox 3053 4305 3223 4360; x_wconf 84' lang='lat' dir='ltr'><strong>Nemo</strong></span> <span class='ocrx_word' id='word_1_819' title='bbox 3254 4315 3429 4360; x_wconf 88' lang='lat' dir='ltr'><strong>tamen</strong></span> <span class='ocrx_word' id='word_1_820' title='bbox 3455 4321 3549 4372; x_wconf 65' lang='lat' dir='ltr'><strong>pa.</strong></span> 
     </span>
    </p>
   </div>
   <div class='ocr_carea' id='block_1_105' title="bbox 1975 4398 3548 4469">
    <p class='ocr_par' dir='ltr' id='par_1_105' title="bbox 1975 4398 3548 4469">
     <span class='ocr_line' id='line_1_106' title="bbox 1975 4398 3548 4469; baseline 0.002 -17"><span class='ocrx_word' id='word_1_821' title='bbox 1975 4398 2079 4452; x_wconf 88' lang='lat' dir='ltr'><strong>lam</strong></span> <span class='ocrx_word' id='word_1_822' title='bbox 2125 4399 2439 4467; x_wconf 66' lang='lat' dir='ltr'><strong>loquebitur</strong></span> <span class='ocrx_word' id='word_1_823' title='bbox 2471 4399 2539 4455; x_wconf 89' lang='lat' dir='ltr'><strong>de</strong></span> <span class='ocrx_word' id='word_1_824' title='bbox 2569 4399 2693 4467; x_wconf 90' lang='lat' dir='ltr'><strong>illo,</strong></span> <span class='ocrx_word' id='word_1_825' title='bbox 2728 4409 2947 4469; x_wconf 87' lang='lat' dir='ltr'><strong>propter</strong></span> <span class='ocrx_word' id='word_1_826' title='bbox 2991 4410 3192 4453; x_wconf 90' lang='lat' dir='ltr'><strong>metum</strong></span> <span class='ocrx_word' id='word_1_827' title='bbox 3223 4398 3548 4455; x_wconf 67' lang='lat' dir='ltr'><strong>Judmoruni.</strong></span> 
     </span>
    </p>
   </div>
   <div class='ocr_carea' id='block_1_106' title="bbox 1976 4488 3548 4555">
    <p class='ocr_par' dir='ltr' id='par_1_106' title="bbox 1976 4488 3548 4555">
     <span class='ocr_line' id='line_1_107' title="bbox 1976 4488 3548 4555; baseline -0.001 -12"><span class='ocrx_word' id='word_1_828' title='bbox 1976 4488 2092 4543; x_wconf 86' lang='lat' dir='ltr'><strong>Jam</strong></span> <span class='ocrx_word' id='word_1_829' title='bbox 2149 4497 2324 4544; x_wconf 88' lang='lat' dir='ltr'><strong>autem</strong></span> <span class='ocrx_word' id='word_1_830' title='bbox 2356 4489 2442 4544; x_wconf 85' lang='lat' dir='ltr'><strong>die</strong></span> <span class='ocrx_word' id='word_1_831' title='bbox 2492 4489 2627 4543; x_wconf 90' lang='lat' dir='ltr'><strong>festo</strong></span> <span class='ocrx_word' id='word_1_832' title='bbox 2672 4490 2983 4555; x_wconf 87' lang='lat' dir='ltr'><strong>mediante,</strong></span> <span class='ocrx_word' id='word_1_833' title='bbox 3014 4489 3247 4544; x_wconf 89' lang='lat' dir='ltr'><strong>ascendit</strong></span> <span class='ocrx_word' id='word_1_834' title='bbox 3292 4488 3445 4544; x_wconf 82' lang='lat' dir='ltr'><strong>Jesus</strong></span> <span class='ocrx_word' id='word_1_835' title='bbox 3495 4491 3548 4542; x_wconf 89' lang='lat' dir='ltr'><strong>iu</strong></span> 
     </span>
    </p>
   </div>
   <div class='ocr_carea' id='block_1_107' title="bbox 1979 4581 3549 4650">
    <p class='ocr_par' dir='ltr' id='par_1_107' title="bbox 1979 4581 3549 4650">
     <span class='ocr_line' id='line_1_108' title="bbox 1979 4581 3549 4650; baseline 0 -16"><span class='ocrx_word' id='word_1_836' title='bbox 1979 4581 2261 4650; x_wconf 88' lang='lat' dir='ltr'><strong>templum,</strong></span> <span class='ocrx_word' id='word_1_837' title='bbox 2287 4592 2340 4634; x_wconf 89' lang='lat' dir='ltr'><strong>et</strong></span> <span class='ocrx_word' id='word_1_838' title='bbox 2362 4581 2609 4635; x_wconf 84' lang='lat' dir='ltr'><strong>docebat.</strong></span> <span class='ocrx_word' id='word_1_839' title='bbox 2634 4581 2696 4636; x_wconf 79' lang='lat' dir='ltr'><strong>Et</strong></span> <span class='ocrx_word' id='word_1_840' title='bbox 2721 4581 3049 4636; x_wconf 86' lang='lat' dir='ltr'><strong>mirabantur</strong></span> <span class='ocrx_word' id='word_1_841' title='bbox 3065 4582 3257 4650; x_wconf 68' lang='lat' dir='ltr'><strong>Judari,</strong></span> <span class='ocrx_word' id='word_1_842' title='bbox 3281 4583 3549 4638; x_wconf 78' lang='lat' dir='ltr'><strong>dicentes:</strong></span> 
     </span>
    </p>
   </div>
   <div class='ocr_carea' id='block_1_108' title="bbox 1975 4672 3552 4740">
    <p class='ocr_par' dir='ltr' id='par_1_108' title="bbox 1975 4672 3552 4740">
     <span class='ocr_line' id='line_1_109' title="bbox 1975 4672 3552 4740; baseline 0 -15"><span class='ocrx_word' id='word_1_843' title='bbox 1975 4673 2253 4738; x_wconf 88' lang='lat' dir='ltr'><strong>Quomodo</strong></span> <span class='ocrx_word' id='word_1_844' title='bbox 2298 4672 2384 4727; x_wconf 86' lang='lat' dir='ltr'><strong>hic</strong></span> <span class='ocrx_word' id='word_1_845' title='bbox 2432 4673 2633 4726; x_wconf 84' lang='lat' dir='ltr'><strong>litteras</strong></span> <span class='ocrx_word' id='word_1_846' title='bbox 2662 4674 2789 4740; x_wconf 89' lang='lat' dir='ltr'><strong>scit,</strong></span> <span class='ocrx_word' id='word_1_847' title='bbox 2820 4689 2941 4728; x_wconf 91' lang='lat' dir='ltr'><strong>cum</strong></span> <span class='ocrx_word' id='word_1_848' title='bbox 2992 4690 3096 4728; x_wconf 91' lang='lat' dir='ltr'><strong>non</strong></span> <span class='ocrx_word' id='word_1_849' title='bbox 3125 4673 3417 4728; x_wconf 74' lang='lat' dir='ltr'><strong>didicerit?</strong></span> <span class='ocrx_word' id='word_1_850' title='bbox 3446 4673 3552 4726; x_wconf 83' lang='lat' dir='ltr'><strong>Re-</strong></span> 
     </span>
    </p>
   </div>
   <div class='ocr_carea' id='block_1_109' title="bbox 1978 4761 3551 4831">
    <p class='ocr_par' dir='ltr' id='par_1_109' title="bbox 1978 4761 3551 4831">
     <span class='ocr_line' id='line_1_110' title="bbox 1978 4761 3551 4831; baseline 0.001 -16"><span class='ocrx_word' id='word_1_851' title='bbox 1978 4761 2193 4831; x_wconf 83' lang='lat' dir='ltr'><strong>spondit</strong></span> <span class='ocrx_word' id='word_1_852' title='bbox 2227 4761 2383 4816; x_wconf 78' lang='lat' dir='ltr'><strong>Jesus</strong></span> <span class='ocrx_word' id='word_1_853' title='bbox 2405 4803 2419 4829; x_wconf 93' lang='lat'><strong>,</strong></span> <span class='ocrx_word' id='word_1_854' title='bbox 2454 4772 2510 4815; x_wconf 92' lang='lat' dir='ltr'><strong>et</strong></span> <span class='ocrx_word' id='word_1_855' title='bbox 2555 4761 2692 4817; x_wconf 85' lang='lat' dir='ltr'><strong>dixit</strong></span> <span class='ocrx_word' id='word_1_856' title='bbox 2737 4763 2815 4816; x_wconf 90' lang='lat' dir='ltr'><strong>eis</strong></span> <span class='ocrx_word' id='word_1_857' title='bbox 2849 4779 2860 4814; x_wconf 92' lang='lat'><strong>:</strong></span> <span class='ocrx_word' id='word_1_858' title='bbox 2892 4763 3003 4817; x_wconf 76' lang='lat' dir='ltr'><strong>Mea</strong></span> <span class='ocrx_word' id='word_1_859' title='bbox 3032 4761 3272 4816; x_wconf 89' lang='lat' dir='ltr'><strong>doctrina</strong></span> <span class='ocrx_word' id='word_1_860' title='bbox 3318 4776 3422 4815; x_wconf 91' lang='lat' dir='ltr'><strong>non</strong></span> <span class='ocrx_word' id='word_1_861' title='bbox 3467 4771 3551 4816; x_wconf 83' lang='lat' dir='ltr'><strong>est</strong></span> 
     </span>
    </p>
   </div>
   <div class='ocr_carea' id='block_1_110' title="bbox 1980 4852 3552 4923">
    <p class='ocr_par' dir='ltr' id='par_1_110' title="bbox 1980 4852 3552 4923">
     <span class='ocr_line' id='line_1_111' title="bbox 1980 4852 3552 4923; baseline 0 -17"><span class='ocrx_word' id='word_1_862' title='bbox 1980 4868 2120 4916; x_wconf 85' lang='lat' dir='ltr'><strong>mea,</strong></span> <span class='ocrx_word' id='word_1_863' title='bbox 2147 4852 2240 4907; x_wconf 90' lang='lat' dir='ltr'><strong>sed</strong></span> <span class='ocrx_word' id='word_1_864' title='bbox 2271 4852 2386 4923; x_wconf 88' lang='lat' dir='ltr'><strong>ejus</strong></span> <span class='ocrx_word' id='word_1_865' title='bbox 2414 4852 2501 4922; x_wconf 86' lang='lat' dir='ltr'><strong>qui</strong></span> <span class='ocrx_word' id='word_1_866' title='bbox 2527 4854 2668 4907; x_wconf 71' lang='lat' dir='ltr'><strong>misit</strong></span> <span class='ocrx_word' id='word_1_867' title='bbox 2694 4868 2796 4907; x_wconf 93' lang='lat' dir='ltr'><strong>me.</strong></span> <span class='ocrx_word' id='word_1_868' title='bbox 2831 4855 2883 4908; x_wconf 90' lang='lat' dir='ltr'><strong>Si</strong></span> <span class='ocrx_word' id='word_1_869' title='bbox 2910 4853 3029 4922; x_wconf 89' lang='lat' dir='ltr'><strong>quis</strong></span> <span class='ocrx_word' id='word_1_870' title='bbox 3055 4854 3279 4907; x_wconf 87' lang='lat' dir='ltr'><strong>voluerit</strong></span> <span class='ocrx_word' id='word_1_871' title='bbox 3306 4852 3552 4906; x_wconf 72' lang='lat' dir='ltr'><strong>Volunta-</strong></span> 
     </span>
    </p>
   </div>
   <div class='ocr_carea' id='block_1_111' title="bbox 1980 4940 3546 5014">
    <p class='ocr_par' dir='ltr' id='par_1_111' title="bbox 1980 4940 3546 5014">
     <span class='ocr_line' id='line_1_112' title="bbox 1980 4940 3546 5014; baseline -0.001 -16"><span class='ocrx_word' id='word_1_872' title='bbox 1980 4956 2086 4999; x_wconf 90' lang='lat' dir='ltr'><strong>tem</strong></span> <span class='ocrx_word' id='word_1_873' title='bbox 2115 4944 2231 5013; x_wconf 87' lang='lat' dir='ltr'><strong>ejus</strong></span> <span class='ocrx_word' id='word_1_874' title='bbox 2259 4943 2454 5010; x_wconf 81' lang='lat' dir='ltr'><strong>facere,</strong></span> <span class='ocrx_word' id='word_1_875' title='bbox 2481 4955 2771 5014; x_wconf 80' lang='lat' dir='ltr'><strong>cognoscet</strong></span> <span class='ocrx_word' id='word_1_876' title='bbox 2797 4944 2863 4998; x_wconf 88' lang='lat' dir='ltr'><strong>de</strong></span> <span class='ocrx_word' id='word_1_877' title='bbox 2887 4944 3127 4998; x_wconf 86' lang='lat' dir='ltr'><strong>doctrina</strong></span> <span class='ocrx_word' id='word_1_878' title='bbox 3150 4946 3266 5011; x_wconf 82' lang='lat' dir='ltr'><strong>ejus</strong></span> <span class='ocrx_word' id='word_1_879' title='bbox 3292 4940 3341 5008; x_wconf 76' lang='grc' dir='ltr'><strong>ἀ,</strong></span> <span class='ocrx_word' id='word_1_880' title='bbox 3371 4954 3546 4998; x_wconf 90' lang='lat' dir='ltr'><strong>utrum</strong></span> 
     </span>
    </p>
   </div>
   <div class='ocr_carea' id='block_1_112' title="bbox 1978 5031 3550 5104">
    <p class='ocr_par' dir='ltr' id='par_1_112' title="bbox 1978 5031 3550 5104">
     <span class='ocr_line' id='line_1_113' title="bbox 1978 5031 3550 5104; baseline -0.001 -14"><span class='ocrx_word' id='word_1_881' title='bbox 1978 5051 2042 5091; x_wconf 92' lang='lat' dir='ltr'><strong>ex</strong></span> <span class='ocrx_word' id='word_1_882' title='bbox 2078 5036 2185 5090; x_wconf 91' lang='lat' dir='ltr'><strong>Deo</strong></span> <span class='ocrx_word' id='word_1_883' title='bbox 2212 5036 2303 5102; x_wconf 88' lang='lat' dir='ltr'><strong>sit,</strong></span> <span class='ocrx_word' id='word_1_884' title='bbox 2350 5049 2415 5088; x_wconf 90' lang='lat' dir='ltr'><strong>an</strong></span> <span class='ocrx_word' id='word_1_885' title='bbox 2445 5048 2545 5104; x_wconf 82' lang='lat' dir='ltr'><strong>ego</strong></span> <span class='ocrx_word' id='word_1_886' title='bbox 2584 5048 2613 5087; x_wconf 90' lang='lat' dir='ltr'><strong>a</strong></span> <span class='ocrx_word' id='word_1_887' title='bbox 2646 5048 2731 5087; x_wconf 89' lang='lat' dir='ltr'><strong>me</strong></span> <span class='ocrx_word' id='word_1_888' title='bbox 2761 5034 2878 5101; x_wconf 85' lang='lat' dir='ltr'><strong>ipso</strong></span> <span class='ocrx_word' id='word_1_889' title='bbox 2907 5034 3115 5102; x_wconf 88' lang='lat' dir='ltr'><strong>loquar.</strong></span> <span class='ocrx_word' id='word_1_890' title='bbox 3146 5031 3251 5100; x_wconf 87' lang='lat' dir='ltr'><strong>Qui</strong></span> <span class='ocrx_word' id='word_1_891' title='bbox 3278 5050 3308 5088; x_wconf 90' lang='lat' dir='ltr'><strong>a</strong></span> <span class='ocrx_word' id='word_1_892' title='bbox 3350 5046 3550 5089; x_wconf 86' lang='lat' dir='ltr'><strong>semet-</strong></span> 
     </span>
    </p>
   </div>
   <div class='ocr_carea' id='block_1_113' title="bbox 1969 5252 3543 5326">
    <p class='ocr_par' dir='ltr' id='par_1_113' title="bbox 1969 5252 3543 5326">
     <span class='ocr_line' id='line_1_114' title="bbox 1969 5252 3543 5326; baseline 0.006 -20"><span class='ocrx_word' id='word_1_893' title='bbox 1969 5252 2057 5307; x_wconf 87' lang='lat' dir='ltr'><strong>uhi</strong></span> <span class='ocrx_word' id='word_1_894' title='bbox 2088 5262 2143 5326; x_wconf 87' lang='lat' dir='ltr'><strong>et</strong></span> <span class='ocrx_word' id='word_1_895' title='bbox 2171 5269 2237 5308; x_wconf 86' lang='lat' dir='ltr'><strong>ex</strong></span> <span class='ocrx_word' id='word_1_896' title='bbox 2272 5255 2559 5309; x_wconf 75' lang='lat' dir='ltr'><strong>Velcsiaiiis</strong></span> <span class='ocrx_word' id='word_1_897' title='bbox 2604 5254 2884 5310; x_wconf 89' lang='lat' dir='ltr'><strong>lectionem</strong></span> <span class='ocrx_word' id='word_1_898' title='bbox 2928 5260 3130 5326; x_wconf 85' lang='lat' dir='ltr'><strong>profert</strong></span> <span class='ocrx_word' id='word_1_899' title='bbox 3172 5261 3543 5322; x_wconf 65' lang='lat' dir='ltr'><strong>Ammonianm</strong></span> 
     </span>
    </p>
   </div>
   <div class='ocr_carea' id='block_1_114' title="bbox 1969 5325 3544 5400">
    <p class='ocr_par' dir='ltr' id='par_1_114' title="bbox 1969 5325 3544 5400">
     <span class='ocr_line' id='line_1_115' title="bbox 1969 5325 3544 5400; baseline 0.004 -23"><span class='ocrx_word' id='word_1_900' title='bbox 1969 5325 2230 5400; x_wconf 75' lang='lat' dir='ltr'><strong>getltiuam</strong></span> <span class='ocrx_word' id='word_1_901' title='bbox 2253 5367 2268 5391; x_wconf 92' lang='lat'><strong>,</strong></span> <span class='ocrx_word' id='word_1_902' title='bbox 2298 5326 2528 5400; x_wconf 35' lang='grc' dir='ltr'><strong>ῥιγῶ-γᾴρ</strong></span> <span class='ocrx_word' id='word_1_903' title='bbox 2551 5327 2639 5379; x_wconf 80' lang='grc' dir='ltr'><strong>οὐκ</strong></span> <span class='ocrx_word' id='word_1_904' title='bbox 2672 5325 3016 5400; x_wconf 73' lang='grc' dir='ltr'><strong>ἀνᾳϐήσομαι.</strong></span> <span class='ocrx_word' id='word_1_905' title='bbox 3050 5333 3112 5384; x_wconf 68' lang='lat' dir='ltr'><strong>Et</strong></span> <span class='ocrx_word' id='word_1_906' title='bbox 3142 5334 3239 5385; x_wconf 86' lang='lat' dir='ltr'><strong>rite</strong></span> <span class='ocrx_word' id='word_1_907' title='bbox 3265 5350 3409 5386; x_wconf 68' lang='lat' dir='ltr'><strong>Sane.</strong></span> <span class='ocrx_word' id='word_1_908' title='bbox 3447 5333 3544 5385; x_wconf 68' lang='lat' dir='ltr'><strong>Et-</strong></span> 
     </span>
    </p>
   </div>
   <div class='ocr_carea' id='block_1_115' title="bbox 1968 5394 3545 5467">
    <p class='ocr_par' dir='ltr' id='par_1_115' title="bbox 1968 5394 3545 5467">
     <span class='ocr_line' id='line_1_116' title="bbox 1968 5394 3545 5467; baseline 0.008 -20"><span class='ocrx_word' id='word_1_909' title='bbox 1968 5394 2145 5467; x_wconf 68' lang='lat' dir='ltr'><strong>enim,</strong></span> <span class='ocrx_word' id='word_1_910' title='bbox 2165 5394 2344 5463; x_wconf 77' lang='lat' dir='ltr'><strong>inquit</strong></span> <span class='ocrx_word' id='word_1_911' title='bbox 2363 5394 2446 5448; x_wconf 71' lang='lat' dir='ltr'><strong>cl.&#39;</strong></span> <span class='ocrx_word' id='word_1_912' title='bbox 2470 5394 2698 5467; x_wconf 69' lang='lat' dir='ltr'><strong>L&#39;amyus</strong></span> <span class='ocrx_word' id='word_1_913' title='bbox 2735 5396 2791 5451; x_wconf 90' lang='lat' dir='ltr'><strong>in</strong></span> <span class='ocrx_word' id='word_1_914' title='bbox 2821 5394 3031 5463; x_wconf 81' lang='lat' dir='ltr'><strong>llarm.,</strong></span> <span class='ocrx_word' id='word_1_915' title='bbox 3063 5401 3127 5454; x_wconf 85' lang='lat' dir='ltr'><strong>ad</strong></span> <span class='ocrx_word' id='word_1_916' title='bbox 3180 5402 3320 5456; x_wconf 87' lang='lat' dir='ltr'><strong>diem</strong></span> <span class='ocrx_word' id='word_1_917' title='bbox 3351 5403 3545 5459; x_wconf 74' lang='lat' dir='ltr'><strong>festum</strong></span> 
     </span>
    </p>
   </div>
   <div class='ocr_carea' id='block_1_116' title="bbox 1967 5464 3546 5535">
    <p class='ocr_par' dir='ltr' id='par_1_116' title="bbox 1967 5464 3546 5535">
     <span class='ocr_line' id='line_1_117' title="bbox 1967 5464 3546 5535; baseline 0.009 -23"><span class='ocrx_word' id='word_1_918' title='bbox 1967 5464 2183 5535; x_wconf 81' lang='lat' dir='ltr'><strong>proprie</strong></span> <span class='ocrx_word' id='word_1_919' title='bbox 2200 5480 2314 5535; x_wconf 89' lang='lat' dir='ltr'><strong>non</strong></span> <span class='ocrx_word' id='word_1_920' title='bbox 2359 5464 2615 5519; x_wconf 66' lang='lat' dir='ltr'><strong>ascendit</strong></span> <span class='ocrx_word' id='word_1_921' title='bbox 2644 5468 2936 5523; x_wconf 89' lang='lat' dir='ltr'><strong>Dominus:</strong></span> <span class='ocrx_word' id='word_1_922' title='bbox 2970 5471 3228 5535; x_wconf 79' lang='lat' dir='ltr'><strong>Siquidem</strong></span> <span class='ocrx_word' id='word_1_923' title='bbox 3266 5488 3370 5524; x_wconf 92' lang='lat' dir='ltr'><strong>non</strong></span> <span class='ocrx_word' id='word_1_924' title='bbox 3400 5485 3546 5527; x_wconf 79' lang='lat' dir='ltr'><strong>venit</strong></span> 
     </span>
    </p>
   </div>
   <div class='ocr_carea' id='block_1_117' title="bbox 1971 5534 3546 5608">
    <p class='ocr_par' dir='ltr' id='par_1_117' title="bbox 1971 5534 3546 5608">
     <span class='ocr_line' id='line_1_118' title="bbox 1971 5534 3546 5608; baseline 0.008 -23"><span class='ocrx_word' id='word_1_925' title='bbox 1971 5534 2429 5604; x_wconf 80' lang='lat' dir='ltr'><strong>Hierosolymam,</strong></span> <span class='ocrx_word' id='word_1_926' title='bbox 2464 5535 2563 5590; x_wconf 78' lang='lat' dir='ltr'><strong>nisi</strong></span> <span class='ocrx_word' id='word_1_927' title='bbox 2612 5551 2734 5591; x_wconf 87' lang='lat' dir='ltr'><strong>cum</strong></span> <span class='ocrx_word' id='word_1_928' title='bbox 2784 5538 2893 5608; x_wconf 83' lang='lat' dir='ltr'><strong>jam</strong></span> <span class='ocrx_word' id='word_1_929' title='bbox 2942 5553 3007 5592; x_wconf 86' lang='lat' dir='ltr'><strong>ex</strong></span> <span class='ocrx_word' id='word_1_930' title='bbox 3038 5534 3211 5607; x_wconf 85' lang='lat' dir='ltr'><strong>parte</strong></span> <span class='ocrx_word' id='word_1_931' title='bbox 3264 5542 3546 5597; x_wconf 61' lang='lat' dir='ltr'><strong>celebritas</strong></span> 
     </span>
    </p>
   </div>
   <div class='ocr_carea' id='block_1_118' title="bbox 1970 5612 2430 5661">
    <p class='ocr_par' dir='ltr' id='par_1_118' title="bbox 1970 5612 2430 5661">
     <span class='ocr_line' id='line_1_119' title="bbox 1970 5612 2430 5661; baseline 0.009 -4"><span class='ocrx_word' id='word_1_932' title='bbox 1970 5612 2047 5657; x_wconf 89' lang='lat' dir='ltr'><strong>tra</strong></span> <span class='ocrx_word' id='word_1_933' title='bbox 2056 5616 2233 5656; x_wconf 66' lang='lat' dir='ltr'><strong>&quot;830m</strong></span> <span class='ocrx_word' id='word_1_934' title='bbox 2266 5617 2430 5661; x_wconf 81' lang='lat' dir='ltr'><strong>esset.</strong></span> 
     </span>
    </p>
   </div>
   <div class='ocr_carea' id='block_1_119' title="bbox 2039 5672 3542 5753">
    <p class='ocr_par' dir='ltr' id='par_1_119' title="bbox 2039 5672 3542 5753">
     <span class='ocr_line' id='line_1_120' title="bbox 2039 5672 3542 5753; baseline 0.007 -28"><span class='ocrx_word' id='word_1_935' title='bbox 2039 5672 2063 5708; x_wconf 75' lang='grc' dir='ltr'>ά</span> <span class='ocrx_word' id='word_1_936' title='bbox 2091 5673 2254 5753; x_wconf 71' lang='lat' dir='ltr'><strong>Abest</strong></span> <span class='ocrx_word' id='word_1_937' title='bbox 2289 5689 2385 5727; x_wconf 70' lang='lat' dir='ltr'><strong>vox</strong></span> <span class='ocrx_word' id='word_1_938' title='bbox 2434 5674 2619 5753; x_wconf 84' lang='lat' dir='ltr'><strong>ultima</strong></span> <span class='ocrx_word' id='word_1_939' title='bbox 2650 5677 2762 5753; x_wconf 75' lang='lat' dir='ltr'><strong>sive</strong></span> <span class='ocrx_word' id='word_1_940' title='bbox 2797 5691 2831 5732; x_wconf 16' lang='lat' dir='ltr'><strong>at</strong></span> <span class='ocrx_word' id='word_1_941' title='bbox 2857 5676 3088 5753; x_wconf 29' lang='grc' dir='ltr'><strong>(Συ-..δῖνα</strong></span> <span class='ocrx_word' id='word_1_942' title='bbox 3114 5693 3142 5753; x_wconf 84' lang='lat' dir='ltr'><strong>a</strong></span> <span class='ocrx_word' id='word_1_943' title='bbox 3171 5678 3348 5750; x_wconf 56' lang='lat' dir='ltr'><strong>Vulg,</strong></span> <span class='ocrx_word' id='word_1_944' title='bbox 3383 5690 3542 5751; x_wconf 76' lang='lat' dir='ltr'><strong>atque</strong></span> 
     </span>
    </p>
   </div>
   <div class='ocr_carea' id='block_1_120' title="bbox 1968 5747 3287 5818">
    <p class='ocr_par' dir='ltr' id='par_1_120' title="bbox 1968 5747 3287 5818">
     <span class='ocr_line' id='line_1_121' title="bbox 1968 5747 3287 5818; baseline 0.007 -19"><span class='ocrx_word' id='word_1_945' title='bbox 1968 5758 2031 5799; x_wconf 82' lang='lat' dir='ltr'><strong>ex</strong></span> <span class='ocrx_word' id='word_1_946' title='bbox 2069 5747 2303 5812; x_wconf 82' lang='lat' dir='ltr'><strong>proxime</strong></span> <span class='ocrx_word' id='word_1_947' title='bbox 2333 5747 2766 5804; x_wconf 77' lang='lat' dir='ltr'><strong>antecedentibus</strong></span> <span class='ocrx_word' id='word_1_948' title='bbox 2807 5748 3026 5818; x_wconf 79' lang='lat' dir='ltr'><strong>repetita</strong></span> <span class='ocrx_word' id='word_1_949' title='bbox 3063 5747 3287 5808; x_wconf 74' lang='lat' dir='ltr'><strong>ridetur.</strong></span> 
     </span>
    </p>
   </div>
  </div>
