4026 6196
491 273 592 328 507

1640 270 1947 328 VICTORIS
1986 267 2283 325 EPISCON
2325 267 2619 325 CAPUANI
3653 264 3751 323 ξοδ

412 448 429 463 ρ
486 386 603 452 ipso
634 384 889 454 loquitur,
921 384 1142 456 gloriam
1177 386 1446 458 propriam
1496 386 1707 456 quatrit.
1754 382 1852 452 Qui
1881 391 2057 439 autem
2087 380 2136 440 Δ
2174 376 2343 432 Nemo
2374 378 2569 443 bonus,
2601 375 2703 463 nisi
2733 376 2879 432 solus
2907 374 3067 432 Deus.
3100 375 3157 432 Si
3188 382 3365 432 autem
3393 376 3475 433 vis
3496 348 3563 433 ad
3592 378 3750 434 vitam

484 477 671 544 quani!
696 477 918 541 gloriam
944 476 1062 545 ejus
1088 476 1177 547 qui
1209 477 1352 532 misit
1372 475 1545 544 illum,
1574 474 1659 530 hic
1687 490 1847 529 verax
1878 481 1978 538 est,
2006 482 2060 528 et

473 563 737 635 ‘iujusritia
771 583 877 621 non
902 577 984 623 est
1012 567 1065 623 in
1095 569 1209 623 illo.
1238 568 1426 624 Nonne
1455 567 1662 638 Moyses
1708 565 1856 621 dedit
1906 564 2058 619 vobis

480 660 652 726 legem
686 659 885 728 (Exod.
904 676 1059 727 xxiv,
1084 660 1164 730 3),
1186 672 1238 715 et
1262 675 1421 717 nemo
1441 676 1505 715 ex
1523 660 1676 715 vobis
1707 661 1876 730 legem
1901 655 2060 713 facit?

477 750 611 815 Quid
647 767 729 805 me
778 751 1017 821 qumritis
1066 750 1409 806 interﬁcere?
1444 750 1738 820 Respondit
1786 749 1961 814 turba,
2003 756 2060 801 et

480 844 650 896 dixit:
684 841 1015 898 [iu-monium
1048 843 1244 898 habes:
1274 843 1394 913 quis
1424 843 1686 913 tc‘quterit
1716 840 2057 897 interficere?

482 935 781 1000 Respondit
808 936 994 1002 Jcsus,
1037 947 1093 993 et
1139 936 1276 993 dixit
1303 937 1415 992 eis:
1453 936 1627 993 Unum
1676 950 1809 1004 opus
1842 934 1972 999 feci,
2005 940 2057 987 et

477 1042 665 1080 omnes
694 1027 981 1082 miramini.
1028 1028 1315 1097 PrOpterea
1347 1027 1555 1100 Moyses
1585 1026 1736 1083 dedit
1766 1027 1919 1082 vobis
1945 1027 2057 1081 cir-

478 1119 858 1175 cumcis'onetn
883 1119 1027 1191 (Leu.
1051 1137 1144 1184 xtt,
1169 1122 1372 1192 5),non
1393 1122 1515 1191 quia
1539 1136 1606 1176 ex
1626 1120 1808 1191 Moyse
1831 1127 1935 1183 est,
1959 1118 2056 1174 sed

478 1222 542 1261 ex
570 1209 827 1274 patribus.
858 1209 925 1264 Et
947 1211 1002 1265 in
1020 1211 1241 1266 sabbato
1269 1208 1655 1269 circumciditis
1684 1209 1976 1270 hominem.
1999 1207 2055 1264 Si

478 1297 933 1355 c-rrumcisionem
955 1300 1147 1370 accipit
1176 1301 1336 1355 homo
1365 1300 1418 1355 in
1447 1299 1691 1365 sabbato,
1725 1310 1784 1353 ut
1813 1313 1918 1353 non
1949 1298 2059 1353 sol-

476 1399 629 1443 ratur
652 1389 733 1444 lex
754 1391 943 1462 Moysi,
964 1391 1095 1447 mihi
1118 1391 1466 1462 indignemini
1484 1400 1509 1429 ⁸
1529 1390 1656 1461 quia
1685 1398 1853 1445 totum
1878 1388 2055 1443 homi—

476 1495 597 1533 nem
622 1496 808 1536 sanum
837 1480 937 1537 ieci
959 1483 1010 1536 in
1034 1482 1291 1538 sabbato?
1311 1482 1485 1538 Nolite
1501 1480 1745 1552 judicare
1759 1479 2054 1535 secundum

476 1573 688 1641 faciem,
718 1574 813 1630 sed
837 1575 1039 1643 justum
1065 1576 1323 1645 judicium
1351 1577 1608 1647 judicate.
1638 1575 1899 1632 Dicebant
1924 1590 2055 1647 ergo

475 1666 600 1727 quid
621 1680 691 1719 ιω
719 1682 786 1720 ex
819 1666 1235 1739 Hierosolymis:
1269 1669 1457 1724 Nonne
1485 1669 1571 1725 hic
1611 1678 1694 1725 est
1722 1684 1879 1739 quem
1910 1684 2057 1737 qua:-

476 1766 602 1810 ruut
639 1757 979 1819 interﬁcere:
1010 1770 1064 1817 et
1107 1776 1234 1818 ecce
1264 1761 1436 1830 palam
1467 1762 1724 1831 loquitur,
1757 1770 1810 1817 et
1842 1760 1971 1815 nihil
2005 1760 2051 1815 ei

475 1848 679 1901 dicunt.
706 1847 954 1920 Nunquid
977 1865 1105 1907 vere
1130 1862 1497 1921 cognoverunt
1523 1851 1792 1921 priucipes
1813 1853 1937 1921 quia
1970 1852 2055 1907 hic

473 1950 557 1991 est
585 1928 830 1996 ϐιαίας
854 1942 877 1996 ‘I
905 1942 1010 1999 Sed
1056 1943 1200 1998 hunc
1248 1945 1448 1998 scimus
1489 1943 1630 1997 unde
1674 1944 1781 1998 sit:
1813 1943 2057 1997 Christus

474 2040 651 2084 autem
673 2045 795 2086 cum
818 2034 1046 2098 venerit,
1069 2049 1229 2090 nemo
1243 2036 1344 2091 scit
1365 2034 1507 2091 unde
1521 2035 1612 2089 sit.
1631 2034 1905 2090 Clamabat
1927 2049 2057 2103 ergo

470 2122 674 2178 ducens
703 2124 759 2178 in
786 2124 986 2195 templo
1014 2125 1192 2194 Iesus,
1237 2134 1294 2182 et
1320 2125 1506 2182 dicens
1535 2141 1552 2181 :
1586 2125 1652 2180 Et
1681 2141 1768 2180 me
1793 2125 1973 2188 scitis,
2002 2132 2058 2180 et

473 2212 615 2267 unde
645 2214 745 2268 sim
771 2215 922 2269 scitis
946 2234 957 2269 :
982 2224 1037 2271 et
1060 2230 1089 2269 a
1113 2231 1200 2272 me
1223 2216 1336 2285 ipso
1360 2231 1465 2272 non
1492 2216 1638 2282 veni,
1661 2215 1752 2271 sed
1783 2224 1867 2270 est
1896 2231 2056 2272 verus

472 2304 561 2372 qui
592 2305 737 2359 misit
759 2320 866 2371 me,
897 2320 1054 2375 quem
1083 2320 1177 2361 vos
1209 2306 1447 2361 nescitis.
1482 2305 1595 2375 Ego
1619 2306 1734 2359 scio
1763 2320 1907 2371 eum,
1929 2305 2052 2376 quia

470 2396 540 2448 ab
565 2394 680 2465 ipso
707 2410 848 2462 sum,
874 2404 927 2450 ct
963 2394 1076 2465 ipse
1115 2396 1262 2450 misit
1290 2397 1630 2453 ητα-4οη.
1652 2411 1765 2462 vm,
1797 2396 1886 2450 55.
1922 2395 2053 2449 ttsi

470 2484 658 2539 dixero
682 2485 806 2554 quia
846 2485 1029 2541 nescio
1057 2500 1203 2549 eum,
1235 2500 1329 2541 ero
1358 2483 1553 2540 similis
1593 2486 1747 2540 vobis
1799 2482 2051 2543 mendax.

469 2575 792 2640 Qumrebant
818 2590 944 2645 ergo
988 2589 1111 2632 eum
1141 2575 1578 2645 apprehendere;
1610 2584 1666 2631 et
1710 2590 1868 2630 nemo
1910 2574 2053 2629 misit

470 2667 522 2721 in
548 2666 697 2724 illum
728 2683 941 2735 manus,
972 2669 1099 2739 quia
1128 2670 1361 2724 nondum
1394 2677 1615 2724 venerat
1644 2668 1769 2722 hora
1801 2667 1937 2738 ejus.
1973 2667 2050 2722 De

469 2760 623 2815 turba
654 2770 830 2816 autem
855 2760 1011 2816 multi
1039 2761 1385 2817 crediderunt
1415 2762 1469 2816 in
1492 2776 1641 2827 eum,
1673 2768 1729 2817 et
1758 2760 2007 2815 dicebant
2032 2777 2044 2812 :

468 2851 710 2905 Christus
757 2866 879 2905 cum
927 2850 1167 2920 venerit,
1206 2851 1446 2922 nunquid
1499 2851 1650 2923 plura
1692 2850 1844 2921 signa
1893 2849 2051 2905 faciet

468 2956 628 3011 quam
657 2956 778 3013 qum
808 2941 894 2999 hic
929 2940 1056 2997 facit
1080 2942 1104 2997 ἲ

1067 3053 1293 3112 CAPUT
1330 3052 1441 3111 CV.

631 3143 707 3201 De
729 3145 905 3214 divite,
938 3151 1089 3217 cujus
1112 3145 1287 3202 uberes
1308 3146 1505 3217 fructus
1529 3161 1650 3217 ager
1676 3146 1869 3201 attulit.

541 3258 669 3316 Luc.
700 3275 800 3325 ιιι,
830 3260 1016 3316 15-21.
1061 3260 1152 3316 Ait
1186 3269 1366 3316 autem
1397 3260 1446 3316 ei
1473 3258 1688 3330 quidam
1737 3259 1806 3315 de
1846 3257 2043 3316 turba:

472 3348 739 3417 Magister,
767 3350 851 3405 dic
877 3350 1025 3405 fratri
1057 3366 1177 3407 meo
1206 3360 1265 3407 ut
1291 3351 1496 3408 dividat
1520 3367 1729 3408 mecum
1760 3353 2047 3409 lueredita-

469 3448 594 3493 tt-m.
630 3442 698 3494 At
724 3441 813 3494 ille
841 3442 974 3496 dixit
1000 3442 1089 3497 ei:
1117 3442 1308 3508 Homo,
1339 3444 1460 3515 quis
1484 3458 1570 3500 me
1590 3444 1876 3500 constituit
1900 3444 2046 3512 judi-

468 3543 582 3583 cem
604 3569 620 3594 ,
654 3537 749 3586 aut
796 3530 1085 3587 divisorem
1134 3546 1293 3603 supra
1325 3534 1460 3588 vos?
1492 3534 1741 3611 Dixitque
1770 3534 1839 3590 ad
1872 3534 1994 3590 illos
2026 3552 2040 3589 :

473 3618 657 3674 Videte
683 3630 734 3674 et
760 3629 946 3677 cavete
971 3620 1039 3676 ab
1059 3623 1206 3677 omni
1225 3623 1470 3691 avaritia,
1496 3624 1618 3694 quia
1652 3638 1757 3680 non
1789 3626 1841 3679 in
1870 3625 2045 3682 abun-

467 3713 643 3767 dantia
673 3712 984 3785 cujusquam
1013 3714 1118 3769 vita
1147 3712 1266 3785 ejus
1294 3723 1396 3782 est,
1419 3729 1487 3769 ex
1517 3714 1603 3771 his
1633 3730 1753 3786 qua:
1782 3718 2039 3784 possidet.

472 3801 613 3856 Dixit
657 3811 833 3858 autem
874 3803 1277 3861 similitudinem
1302 3804 1370 3859 ad
1396 3804 1519 3861 illos
1547 3804 1769 3862 dicens:
1800 3807 2045 3864 Hominis

466 3892 735 3961 eujusdam
765 3894 946 3951 divitis
978 3895 1173 3952 uberes
1202 3894 1405 3952 fructus
1430 3910 1558 3967 ager
1581 3897 1780 3963 attulit,
1813 3908 1869 3954 et
1896 3900 2045 3970 cogi-

465 3985 607 4038 tabat
634 3984 771 4040 intra
797 4000 882 4054 se,
902 3986 1129 4044 dicens:
1155 3986 1295 4057 Quid
1323 3986 1537 4055 faciam,
1565 3990 1706 4060 quod
1736 4005 1842 4047 non
1872 3990 2044 4047 habeo

460 4091 568 4135 uuo
595 4090 911 4147 congregem
942 4077 1147 4135 fructus
1174 4081 1448 4137 meosiilt
1473 4081 1642 4138 dixit:
1669 4083 1784 4138 Hoc
1814 4082 2041 4140 faciam:

462 4170 730 4221 destruant
762 4169 951 4223 horrea
1008 4185 1160 4237 mea,
1190 4182 1245 4225 et
1290 4172 1494 4241 majora
1547 4173 1768 4241 faciam;
1811 4182 1868 4229 et
1918 4176 2044 4231 illuc

462 4260 797 4331 cougregabo
822 4261 1000 4321 omnia
1023 4276 1141 4331 qua:
1169 4272 1292 4319 nata
1315 4274 1440 4318 sunt
1465 4265 1616 4334 mihi,
1647 4276 1701 4323 et
1723 4268 1860 4323 bona
1886 4284 2039 4335 mea;

462 4362 513 4404 ut
544 4351 710 4406 dicam
736 4354 928 4408 anima:
957 4367 1124 4411 meae:
1151 4353 1366 4425 Anima,
1392 4356 1556 4413 babes
1587 4361 1752 4414 multa
1776 4344 2041 4430 bona‘po-

2168 467 2395 539 ingredi,
2420 482 2573 522 serva
2602 461 2869 521 mandata.
2900 466 3042 521 Dixit
3065 467 3139 523 illi
3166 484 3179 520 :
3205 467 3368 536 Qua?
3388 468 3544 525 lesus
3572 479 3746 527 autem

2165 560 2342 614 dixit:
2376 560 2491 613 Non
2546 559 2783 629 occides,
2835 574 2943 613 non
2990 559 3341 629 adulterabis,
3391 577 3502 617 non
3548 562 3746 621 furtum

2165 649 2349 712 facies,
2385 664 2488 703 non
2540 647 2730 702 falsum
2763 650 3127 704 testimonium
3150 649 3303 734 dices
3335 666 3351 707 :
3385 652 3602 708 Honora
3651 668 3748 724 pa-

2164 747 2299 795 trem
2350 747 2509 794 tuant-
2542 748 2596 795 et
2642 751 2864 795 matrem
2889 755 2905 805 ;
2929 750 3004 807 et,
3035 740 3237 811 Diliges
3268 741 3567 810 proximum
3598 750 3750 799 tuum

2163 833 2301 884 sicut
2347 837 2401 883 te
2450 830 2644 899 ipsum.
2695 829 2834 884 Dicit
2877 831 2951 885 illi
2992 830 3356 887 adolescens:
3401 833 3592 888 Omnia
3637 837 3753 890 haec

2163 921 2425 975 custodivi
2456 936 2485 975 a
2509 922 2807 990 juventute
2840 937 2955 975 mea
2985 939 2998 976 :
3027 922 3154 993 quid
3201 922 3376 980 adhuc
3404 925 3533 979 mihi
3564 924 3752 982 deest?

2162 1009 2318 1064 Jesus
2342 1020 2518 1065 autem
2550 1009 2772 1063 intuitus
2794 1024 2940 1075 eum,
2970 1009 3160 1065 dilexit
3199 1026 3344 1077 eum,
3369 1020 3424 1067 et
3451 1011 3588 1067 dixit
3628 1011 3703 1068 illi
3733 1026 3749 1067 :

2165 1098 2338 1155 Unum
2372 1100 2463 1154 tibi
2496 1101 2647 1154 deest
2678 1116 2691 1152 :
2725 1098 2773 1153 si
2806 1100 2886 1153 vis
2917 1099 3183 1167 perfectus
3208 1116 3351 1170 esse,
3385 1102 3543 1170 vade,
3573 1101 3755 1158 vendo

2163 1205 2281 1260 quae
2312 1190 2500 1258 habes,
2533 1200 2588 1245 et
2613 1190 2681 1244 da
2709 1191 3062 1259 pauperibus,
3092 1200 3146 1247 et
3176 1191 3400 1247 habebis
3437 1192 3751 1247 thesaurum

2161 1279 2214 1334 iu
2246 1280 2383 1334 coelo
2415 1295 2428 1332 :
2458 1288 2513 1334 et
2538 1281 2685 1346 veni,
2725 1293 2953 1349 sequere
2992 1294 3096 1335 me.
3130 1280 3262 1336 Cum
3300 1281 3541 1337 audisset
3568 1291 3756 1337 autem

2142 1370 2478 1426 adolescens
2517 1371 2765 1438 verbum,
2812 1371 2941 1426 abiit
2982 1371 3200 1425 tristis:
3246 1381 3363 1426 erat
3409 1373 3552 1426 enim
3597 1371 3756 1428 dives

2161 1459 2335 1525 valde,
2366 1468 2420 1513 et
2447 1460 2641 1514 multas
2670 1461 3038 1529 possessiones
3066 1460 3288 1516 habens.
3329 1461 3393 1515 Et
3420 1461 3747 1530 circumspi-

2160 1553 2310 1608 ciens
2337 1552 2515 1610 le~us.
2563 1552 2639 1605 ait
2675 1550 2951 1620 discipulis
2996 1554 3107 1606 suis
3144 1569 3158 1604 :
3195 1551 3369 1620 Quam
3396 1551 3617 1608 difficile
3657 1552 3754 1624 qui

2162 1645 2417 1715 pecunias
2447 1643 2648 1698 habent
2692 1644 2747 1699 in
2790 1658 3013 1715 regnum
3045 1644 3136 1699 Dei
3179 1643 3517 1699 introibant!
3571 1645 3752 1701 Amen

2087 1749 2135 1811 Β
2161 1734 2281 1789 dico
2323 1733 2496 1802 vobis,
2530 1735 2653 1803 quia
2691 1732 2844 1788 dives
2884 1733 3105 1788 difﬁcile
3152 1733 3375 1789 intrabit
3420 1734 3475 1788 in
3521 1749 3754 1804 regnum

2159 1827 2443 1881 caelorum.
2498 1826 2563 1880 Et
2602 1827 2795 1882 iterum
2819 1826 2940 1882 dico
2970 1825 3122 1881 vobis
3152 1843 3166 1879 :
3198 1826 3431 1881 Facilius
3457 1836 3545 1883 est
3571 1841 3755 1887 unae-

2162 1918 2270 1971 lutn
2300 1933 2396 1986 per
2424 1916 2665 1972 foramen
2712 1932 2840 1972 acus
2877 1916 2978 1982 ire,
3010 1933 3171 1988 quam
3209 1917 3433 1974 divitem
3463 1920 3666 1974 intrare
3695 1920 3752 1976 in

2162 2026 2384 2079 regnum
2408 2010 2688 2064 cmlorum.
2715 2005 2925 2063 Auditis
2948 2018 3125 2063 autem
3158 2008 3261 2076 bis,
3296 2009 3548 2078 discipuli
3587 2014 3755 2066 mira-

2160 2101 2355 2155 bantur
2400 2100 2578 2169 valde,
2627 2100 2919 2154 dicentes:
2967 2098 3101 2166 Quis
3146 2114 3275 2170 ergo
3323 2101 3520 2169 poterit
3564 2103 3751 2158 salvus

2159 2190 2318 2246 esse?
2359 2190 2640 2259 Aspiciens
2674 2200 2852 2245 autem
2879 2189 3058 2256 Jesus,
3102 2190 3238 2245 dixit
3274 2190 3382 2246 iltis
3412 2207 3429 2245 :
3456 2192 3613 2262 Apud
3642 2193 3748 2247 ho-

2159 2282 2358 2335 minem
2412 2281 2515 2335 hoc
2572 2280 2905 2349 impossibile
2955 2288 3039 2335 est
3085 2294 3102 2335 :
3154 2280 3293 2349 apud
3340 2280 3508 2336 Deum
3538 2285 3747 2338 'autem

2157 2374 2336 2427 Omnia
2361 2373 2634 2443 possibilia
2657 2382 2802 2429 sunt.
2832 2373 2981 2428 Tunc
3005 2374 3341 2443 respondens
3382 2373 3573 2430 Petrus
3586 2375 3747 2433 dixit

2155 2467 2208 2523 ei
2243 2484 2257 2519 :
2293 2466 2432 2522 Ecce
2463 2480 2562 2521 nos
2593 2468 2905 2537 reliquimus
2932 2470 3137 2535 omnia,
3169 2478 3226 2524 et
3251 2471 3420 2525 secuti
3449 2485 3638 2526 sumus
3662 2480 3744 2536 te;

2156 2557 2281 2628 quid
2313 2573 2442 2627 ergo
2470 2560 2572 2613 erit
2603 2559 2795 2613 nobis?
2827 2559 2986 2615 Iesus
3012 2570 3190 2617 autem
3221 2561 3355 2617 dixit
3386 2558 3492 2617 illis
3522 2581 3537 2616 :
3566 2565 3746 2621 Amen

2153 2649 2277 2705 dico
2306 2650 2475 2715 vobis,
2508 2650 2651 2719 quod
2679 2665 2774 2705 vos
2803 2652 2892 2720 qui
2920 2652 3093 2708 secuti
3132 2654 3263 2709 estis
3289 2668 3399 2723 me,
3432 2654 3486 2709 in
3517 2664 3746 2726 regene-

2154 2738 2387 2806 ratione,
2410 2752 2533 2792 cum
2562 2738 2765 2793 sederit
2794 2739 2961 2795 Filius
2990 2740 3223 2797 hominis
3252 2743 3306 2798 in
3332 2742 3465 2799 sede
3486 2746 3746 2814 majesta-

2152 2827 2222 2882 tis
2242 2843 2374 2893 sum,
2399 2830 2654 2884 sedebitis
2678 2842 2730 2885 et
2761 2846 2858 2885 vos
2886 2845 3048 2905 super
3074 2836 3231 2890 sedes
3251 2836 3561 2906 duodecim,
3595 2836 3746 2907 jueli-

2140 2930 2340 2976 cantes
2386 2923 2667 2979 duodecim
2719 2927 2891 2981 tribus
2936 2927 3120 2983 Israel.
3183 2930 3354 2986 Amen
3396 2932 3517 2988 dico
3562 2937 3743 3003 vobis,

2152 3013 2329 3066 omnis
2360 3014 2449 3081 qui
2483 3014 2755 3083 reliquerit
2784 3017 2999 3073 domum
3045 3027 3138 3073 aut
3180 3031 3454 3089 parentes,
3497 3025 3583 3079 vel
3632 3027 3748 3079 fra—

2072 3104 2121 3169 ο
2155 3109 2263 3155 tres
2300 3113 2392 3155 aut
2436 3116 2672 3170 sorores,
2721 3115 2815 3159 aut.
2857 3116 3060 3175 patrem
3088 3121 3176 3163 aut
3208 3120 3458 3178 matrem,
3489 3123 3581 3168 aut
3612 3131 3750 3169 tuto-

2154 3205 2266 3245 tem
2299 3203 2387 3246 aut
2423 3192 2584 3259 ﬁlios,
2613 3204 2706 3250 aut
2743 3209 2899 3265 agros
2938 3206 3157 3267 promer
3196 3216 3418 3270 regnum
3457 3207 3748 3273 calorum,

2147 3292 2205 3339 et
2232 3299 2429 3339 nomen
2462 3300 2664 3353 meum,
2688 3297 2741 3343 et
2772 3300 2988 3357 propter
3019 3290 3387 3361 Evangeliutn,
3421 3299 3746 3365 centuplum

2146 3374 2376 3447 accipiet
2406 3393 2421 3429 :
2454 3393 2599 3433 nunc
2646 3382 2700 3433 in
2746 3380 2851 3436 hoc
2898 3394 3142 3453 tempore
3175 3385 3386 3451 domos,
3427 3398 3485 3443 et
3516 3389 3745 3457 fratres,

2147 3475 2203 3522 et
2241 3481 2489 3535 sereres,
2532 3479 2589 3525 et
2630 3480 2854 3537 matres,
2894 3482 2950 3528 et
2987 3475 3147 3543 ﬁlios,
3178 3485 3234 3531 et
3274 3492 3432 3547 agros
3459 3494 3579 3533 cum
3617 3496 3749 3549 νοτε

2147 3560 2514 3615 secutionibus
2555 3578 2571 3616 :
2606 3570 2663 3616 et
2698 3563 2754 3618 in
2795 3564 2998 3620 saeculo
3030 3566 3233 3633 future,
3277 3570 3441 3624 vitam
3481 3582 3746 3628 eternal:

2144 3649 2462 3719 possidebit.
2505 3652 2657 3708 Multi
2685 3665 2863 3712 autem
2911 3667 3072 3712 erunt
3120 3660 3277 3727 primi
3331 3662 3628 3731 novissimi,
3691 3674 3748 3721 et

2149 3743 2425 3798 novissimi
2458 3745 2708 3813 primu—
2722 3747 2852 3806 Luc.
2875 3764 2983 3814 xvi,
3008 3749 3190 3807 Μοίὸ.
3223 3753 3522 3808 Audiebant
3549 3766 3739 3811 autem

2147 3835 2329 3889 omnia
2362 3834 2474 3890 lucc
2498 3834 2776 3906 Pharisaei,
2799 3840 2892 3909 qui
2936 3854 3087 3896 erant
3110 3844 3374 3900 avarizet
3412 3846 3744 3904 (inridebant

2146 3925 2317 3981 illum.
2352 3926 2417 3980 Et
2451 3928 2525 3982 ait
2563 3929 2667 3985 illis
2693 3948 2713 3985 τ
2749 3931 2854 3987 Vos
2895 3934 3027 3989 estis
3054 3938 3143 4005 qui
3182 3936 3487 4006 justitieatis
3517 3955 3615 3997 vos
3643 3956 3745 3996 eo-

2145 4033 2260 4071 ram
2292 4019 2601 4076 hominibus
2636 4040 2649 4076 :
2687 4023 2826 4078 Deus
2872 4035 3050 4081 autem
3100 4031 3248 4083 novit
3290 4031 3456 4085 cntda
3506 4040 3740 4087 vestra:

2142 4119 2269 4178 quia
2298 4110 2440 4179 quod
2475 4111 2780 4169 hominibus
2816 4115 2981 4170 altum
3009 4127 3117 4184 est,
3151 4118 3479 4175 abominatio
3504 4133 3589 4177 est
3613 4133 3747 4182 ante

2144 4198 2337 4255 Deum.

2734 4345 2962 4402 CAPUT
3000 4346 3157 4407 CVII.

2662 4433 2739 4490 De
2766 4438 2918 4493 divite
2940 4450 2987 4494 et
3013 4439 3232 4501 Lazaro.

460 4441 557 4503 sita
609 4439 664 4494 in
711 4455 879 4495 annos
909 4442 1204 4511 plurimos:
1236 4445 1544 4515 requiesce,
1594 4449 1847 4515 comede,
1881 4451 2035 4518 bibe,
2066 4469 2121 4530 D

460 4530 692 4594 epulare.
719 4530 861 4585 Dixit
884 4540 1063 4589 autem
1091 4534 1170 4590 illi
1194 4535 1371 4591 Deus:
1394 4537 1597 4603 Stulte,
1618 4541 1717 4597 hac
1744 4552 1900 4598 nocte
1920 4548 2038 4599 ani-

458 4634 598 4672 mam
627 4630 769 4674 tuam
800 4631 1038 4691 repetam
1058 4622 1083 4661 ιτ
1113 4639 1143 4679 a
1166 4634 1217 4680 te
1244 4643 1258 4679 :
1284 4640 1403 4694 qua:
1427 4637 1602 4684 autem
1631 4632 1853 4700 parasti,
1881 4638 2035 4702 cujus

453 4710 656 4770 erunt?
686 4709 775 4772 Sic
813 4719 899 4773 est
938 4712 1032 4788 qui
1074 4714 1179 4773 sibi
1211 4714 1562 4785 tbessurizat,
1595 4728 1651 4777 et
1691 4736 1798 4776 non
1850 4733 1934 4779 est
1980 4725 2034 4780 in

459 4808 622 4862 Deum
651 4805 823 4865 dives.

2212 4571 2341 4627 Luc.
2382 4588 2490 4637 va,
2523 4575 2706 4631 19-31.
2750 4578 2946 4634 lterum
2969 4581 3105 4636 dixit
3130 4599 3145 4637 :
3172 4583 3342 4640 Homo
3364 4586 3584 4657 quidam
3612 4598 3750 4645 erat

2143 4663 2315 4730 dives,
2342 4675 2397 4721 et
2420 4667 2741 4724 induebatur
2774 4687 3007 4741 purpura
3036 4684 3093 4731 et
3121 4677 3302 4748 bysso,
3328 4688 3381 4733 et
3410 4682 3765 4746 epulabatur,

2140 4754 2380 4822 quotidie
2407 4756 2701 4825 splendide.
2729 4759 2794 4813 Et
2818 4770 2934 4813 erat
2955 4763 3167 4831 quidam
3193 4767 3489 4830 mendicus,
3515 4771 3744 4827 nomin

2144 4845 2401 4911 Lasarus,
2434 4847 2525 4916 qui
2552 4847 2766 4917 jacebat
2801 4851 2865 4905 ad
2892 4851 3109 4921 jauuam
3142 4856 3279 4924 ejus,
3311 4858 3585 4913 ulceribus
3621 4861 3740 4928 ple-

1050 4922 1274 4980 CAPUT
1310 4922 1441 4979 ωτι.

474 5012 545 5067 De
580 5028 667 5085 eo”
691 5015 781 5079 qui
822 5014 1013 5069 multas
1051 5016 1391 5085 possessiones
1427 5015 1634 5075 habens.
1682 5017 1843 5071 tristis
1880 5018 2026 5084 abiit,

416 5124 421 5147 λ
548 5083 758 5136 audiens
790 5086 995 5138 uerbum
1018 5102 1036 5139 :
1054 5083 1232 5153 Vade,
1260 5088 1418 5141 vende
1441 5088 1611 5140 omnia
1636 5104 1750 5157 qua
1776 5088 1951 5145 habes.

524 5193 735 5248 lium.
769 5209 879 5261 xix,
909 5196 1104 5261 16-50;
1166 5197 1338 5255 Mane.
1370 5215 1425 5265 x,
1459 5199 1647 5269 17-31;
1712 5200 1843 5259 ch.
1878 5216 2029 5267 xvut,

460 5291 478 5341 l
524 5286 639 5342 οὔθ.
670 5286 735 5341 Et
763 5300 882 5340 cum
909 5302 1156 5356 egressus
1183 5302 1325 5347 esset
1348 5292 1398 5346 in
1431 5293 1537 5361 via,
1562 5308 1882 5362 procurrens
1912 5296 2034 5365 qui-

447 5385 572 5430 dum
612 5391 751 5446 genu
796 5375 934 5429 flexo
981 5388 1105 5432 aute
1145 5394 1263 5434 eum
1312 5385 1531 5454 rogabat
1567 5400 1691 5441 eum
1725 5403 1738 5440 :
1783 5387 2034 5458 Magister

453 5470 622 5529 iamne,
678 5468 803 5539 quid
863 5469 987 5523 boui
1038 5471 1259 5535 faciam,
1322 5485 1380 5527 ut
1412 5477 1633 5532 habeam
1674 5480 1833 5535 vitam
1875 5492 2029 5537 aeter~

447 5561 607 5613 rum?
656 5560 755 5628 Qui
800 5560 941 5617 dixit
968 5561 1016 5617 ei
1050 5578 1064 5616 :
1098 5562 1235 5630 Quid
1282 5581 1367 5621 me
1417 5567 1713 5648 interrogas
1752 5574 1818 5628 dc
1856 5574 2028 5632 bono?

2145 4951 2267 5002 nus,
2315 4941 2537 5006 cupiens
2582 4944 2811 4997 saturari
2860 4943 2928 4999 de
2980 4947 3131 5002 micis
3177 4963 3298 5017 qua:
3343 4949 3610 5006 cadebant
3658 4952 3739 5008 de

2142 5044 2324 5084 mensa
2366 5031 2581 5099 divitis;
2621 5045 2674 5087 et
2704 5053 2859 5090 nemo
2889 5038 2960 5091 illi
2990 5039 3188 5095 dabat:
3222 5042 3317 5096 sed
3349 5052 3409 5097 et
3446 5056 3611 5101 canos
3642 5058 3733 5098 νε-

2141 5120 2393 5184 ttiebant,
2413 5132 2466 5177 et
2498 5124 2771 5193 lingebant
2800 5127 2974 5181 ulcera
3005 5130 3142 5197 ejus.
3194 5130 3417 5187 Factum
3440 5144 3521 5189 est
3546 5148 3737 5191 autem

2140 5224 2199 5270 ut
2229 5229 2526 5271 moreretur
2552 5218 2848 5285 mendicus,
2874 5231 2928 5275 et
2970 5233 3274 5288 portaretur
3310 5227 3378 5281 ab
3420 5228 3629 5296 angelis
3674 5230 3739 5285 in

2139 5308 2321 5362 sinum
2347 5307 2598 5364 Abrabm.
2648 5309 2889 5365 Mortuus
2917 5322 3003 5367 est
3031 5328 3208 5369 autem
3252 5325 3308 5371 et
3332 5316 3508 5384 dives,
3542 5328 3600 5373 et
3638 5334 3736 5374 so—

2141 5399 2320 5465 pultus
2364 5408 2447 5453 est
2490 5400 2542 5453 in
2594 5400 2826 5459 inferno.
2868 5402 3100 5458 Elevans
3146 5413 3324 5460 autem
3367 5406 3553 5464 oculos
3598 5424 3735 5463 suos

2138 5502 2258 5544 cum
2294 5500 2438 5545 es~et
2478 5490 2534 5547 in
2581 5493 2880 5557 tormentis,
2906 5494 3040 5549 vidit
3066 5495 3341 5554 Abraham
3383 5513 3413 5551 a
3452 5497 3626 5569 longe.
3672 5510 3731 5555 et

2139 5580 2397 5636 Lasarum
2431 5583 2483 5655 in
2513 5583 2630 5636 sinu
2668 5583 2807 5652 ejus,
2839 5592 2894 5639 et
2934 5585 3052 5654 ipse
3097 5586 3339 5655 cimus
3366 5578 3734 5645 dixittPaur

524 5680 546 5704 η
582 5672 708 5751 Mihi
740 5675 1015 5753 tleerat‘ln
1048 5677 1222 5733 editis.
1257 5679 1363 5733 Nec
1411 5679 1593 5753 dubito
1637 5687 1764 5753 quin
1812 5687 1937 5745 illud
1968 5702 2015 5746 et

688 5692 707 5751 ,ι
740 5690 1015 5768 tteerat_in
1048 5690 1222 5768 f‘dtll‘s.
1257 5690 1363 5733 Nec
1411 5690 1595 5768 dubito
1637 5690 1764 5753 quin
1812 5690 1937 5745 illud
1968 5702 2015 5746 et

2200 5690 2226 5729 δ
2259 5692 2329 5747 Gr
2362 5736 2374 5759 ,
2400 5697 2728 5765 ἀπαιτοῦσιν,
2758 5697 2934 5767 νυιεη,
2963 5710 3207 5768 mulctrat.

457 5738 589 5794 Αωιι
615 5747 763 5802 cuius
790 5746 997 5820 legerit,
1028 5761 1081 5806 et
1114 5753 1374 5820 instetprvs
1416 5738 1722 5810 reddiderit.
