4026 6196
331 227 432 278 ἷο9

1083 215 1665 273 EVANGELICA'IUII
1705 214 2209 271 II.\R.\I'.lNI.\IiU.\I
2253 216 2830 274 INTERPRl-Z'I‘ATIO.

3488 215 3592 272 510

332 334 617 390 Abraham.
643 331 898 386 miserere
926 329 1047 393 inci,
1073 340 1122 382 et
1147 329 1293 382 mitte
1318 329 1570 386 Lazarum
1601 339 1653 381 ut
1683 328 1905 394 intiugat
1935 331 1981 388 Α
2013 329 2378 398 patrifamilias
2408 331 2496 396 qui
2531 331 2660 384 exiit
2688 333 2858 399 primo
2892 345 3045 383 mane
3073 329 3375 385 conducere
3404 344 3594 396 mera-

330 439 626 478 eatt-etntztn
663 423 810 491 digiti
846 423 925 474 sui
962 421 1011 474 itt
1046 436 1260 490 aquam,
1288 431 1341 473 ιιι
1371 421 1647 486 refrigeret
1675 421 1905 490 linguam

330 533 528 578 tueatn,
579 516 702 584 quia
747 514 954 568 εγω-ξω·
1005 515 1056 567 in
1108 515 1204 566 hac
1254 515 1484 566 Ilamtna.
1541 513 1602 564 Et
1648 513 1781 564 dixit
1834 513 1906 564 illi

329 610 630 663 Abrabant:
660 605 779 666 Fili.
812 605 1097 658 recordare
1128 605 1247 672 quia
1280 620 1350 660 re.
1371 604 1527 670 episti
1555 603 1688 656 bona
1725 605 1774 656 in
1803 603 1908 655 vita

331 713 443 763 tua,
479 712 531 753 et
558 697 786 752 Latatus
815 697 1062 749 similiter
1094 696 1225 747 tnala
1255 713 1267 747 :
1301 711 1437 747 nunc
1467 705 1639 747 autem
1672 695 1755 746 hic
1785 708 1912 746 con-

329 793 554 855 ειιιιιιιιτ,
591 804 642 841 ιιι
677 804 804 840 vero
845 789 1119 840 cruciaris.
1171 786 1236 838 Et
1268 787 1319 837 in
1363 786 1442 840 Itis
1481 786 1728 838 omnibus
1777 786 1913 838 inter

330 897 364 933 ιι
391 898 429 932 ιδ
469 889 523 932 et
559 894 650 931 vos
687 892 850 930 cnaos
893 891 1136 944 magnum
1181 874 1441 930 ﬁrmatum
1482 884 1606 927 est:
1652 885 1705 926 ut
1745 872 1792 925 hi
1827 873 1911 939 qui

330 977 516 1029 volunt
547 975 668 1026 hinc
702 973 928 1025 tran~ire
955 971 1018 1032 ad
1052 985 1163 1035 vos,
1198 983 1301 1022 non
1331 970 1556 1037 possint,
1590 980 1762 1035 neque
1796 965 1916 1019 inde

331 1067 433 1119 hoc
482 1077 825 1117 tranatneare.
896 1062 960 1114 Et
1002 1062 1119 1114 ait:
1179 1060 1325 1128 Rogo
1368 1074 1493 1126 ergo
1544 1068 1614 1125 te,
1662 1069 1828 1126 paler.
1862 1068 1917 1110 ut

333 1157 521 1209 mitias
551 1169 672 1207 eum
706 1133 754 1205 in
786 1154 1002 1204 domum
1036 1150 1200 1218 patris
1232 1149 1358 1203 mei.
1392 1149 1571 1202 Ilabeo
1600 1151 1740 1202 enim
1766 1148 1918 1215 quin-

333 1258 439 1309 que
487 1244 696 1302 fratres.
742 1249 798 1294 ut
829 1249 1049 1294 testetur
1091 1238 1214 1301 illis,
1263 1254 1328 1291 ne
1372 1247 1424 1291 et
1468 1237 1565 1304 ipsi
1605 1237 1820 1290 veniant
1865 1236 1917 1290 in

336 1334 516 1385 locum
548 1333 686 1384 hunc
711 1339 1122 1385 tormentorum.
1157 1329 1221 1382 Et
1249 1330 1322 1380 ait
1351 1328 1423 1380 illi
1449 1327 1715 1380 Abraham
1741 1343 1754 1378 :
1784 1327 1920 1397 Moy-

334 1439 431 1476 sen
467 1423 664 1475 habent
691 1431 743 1476 et
768 1421 1049 1490 prophetas
1083 1437 1096 1473 :
1129 1420 1347 1474 audiant
1373 1417 1514 1473 illos.
1534 1421 1601 1473 At
1633 1419 1721 1473 ille
1747 1418 1878 1473 dixit
1902 1436 1914 1471 :

336 1514 482 1574 Non,
511 1526 659 1580 pater
687 1512 976 1576 Abraham,
1011 1511 1102 1564 sed
1135 1510 1178 1563 si
1209 1511 1328 1578 quis
1365 1524 1428 1564 ex
1459 1511 1684 1563 mortuis
1711 1510 1832 1564 ierit
1854 1510 1918 1563 ad

336 1619 456 1662 eos,
495 1602 860 1670 pmuitentiam
907 1611 1084 1670 agent.
1117 1602 1201 1655 Ait
1233 1610 1408 1653 autem
1456 1600 1531 1656 illi
1563 1617 1576 1652 :
1627 1599 1681 1655 Si
1706 1600 1919 1670 Moysen

2016 421 2124 473 rios
2159 421 2206 472 itt
2237 425 2447 473 vineam
2478 436 2650 475 suam.
2702 419 3064 474 CODVCllliHllc
3096 431 3272 473 autem
3307 420 3439 474 facta
3473 436 3594 473 cunt

2012 513 2273 580 operariis
2319 527 2381 566 et
2432 513 2651 567 denario
2698 513 2910 575 diurno,
2958 513 3099 565 tnisit
3148 529 3241 564 eos
3291 511 3341 563 in
3385 510 3591 564 vineam

2013 619 2184 658 sitam.
2236 605 2300 658 Et
2339 619 2588 672 egressus
2627 605 2767 658 circa
2812 605 2993 656 horam
3040 607 3272 665 tertiam,
3307 605 3428 655 vidit
3461 603 3596 656 alios

2013 702 2216 745 stantes
2260 694 2309 746 iu
2359 695 2473 747 foro
2521 694 2743 758 otiosos,
2776 705 2828 746 et
2870 695 2972 746 illis
3001 693 3132 744 dzxit
3168 709 3180 744 :
3230 693 3301 746 lte
3333 702 3385 745 et
3417 708 3510 746 vos
3541 693 3592 744 in

2016 783 2255 846 vineam;
2287 793 2339 835 et
2363 785 2498 851 quod
2523 784 2722 852 justum
2759 784 2912 836 fttetit
2942 784 3080 834 dabo
3107 785 3271 836 Voltis.
3308 784 3382 836 Illi
3415 795 3590 834 autem

2015 871 2275 924 abierunt.
2321 871 2514 924 Iterum
2558 884 2730 926 autem
2762 874 2888 926 exiit
2914 874 3054 924 circa
3087 882 3289 926 sextam
3321 884 3373 925 et
3403 887 3592 925 uenatu

2019 961 2222 1023 horam,
2284 972 2338 1016 et
2387 964 2509 1016 fet-it
2557 965 2822 1016 similiter.
2887 961 3040 1018 Circa
3089 963 3418 1016 undecimam
3468 978 3596 1016 vero

2015 1051 2144 1103 exiit
2179 1061 2232 1104 et
2273 1053 2474 1105 invenit
2505 1052 2636 1106 alios
2667 1063 2891 1116 stantes,
2921 1063 2975 1106 et
3001 1053 3128 1106 dicit
3160 1052 3264 1105 illis
3297 1069 3311 1103 :
3345 1051 3478 1116 Quid
3513 1053 3597 1105 hic

2015 1141 2168 1194 statis
2214 1150 2320 1194 tota
2365 1141 2451 1195 die
2491 1142 2689 1196 otiosi?
2741 1142 2929 1196 Dicunt
2971 1143 3067 1196 ei:
3125 1142 3259 1208 Quia
3303 1157 3459 1194 nemo
3499 1157 3596 1195 nos

2017 1231 2290 1286 conduxit.
2340 1232 2474 1286 Dicit
2505 1233 2609 1286 illis
2633 1248 2648 1288 :
2674 1233 2750 1287 Ite
2771 1244 2822 1287 et
2849 1247 2942 1286 vos
2971 1233 3022 1285 in
3049 1233 3282 1286 vineam.
3315 1231 3446 1286 Cum
3475 1245 3597 1285 sero

2015 1320 2211 1376 factum
2253 1333 2421 1389 esset,
2455 1324 2586 1378 dicit
2625 1323 2872 1378 dominus
2901 1325 3068 1378 vinea:
3095 1323 3421 1390 procuratori
3457 1337 3593 1376 suo:

2021 1417 2163 1470 Voca
2196 1421 2492 1488 operarios,
2527 1429 2580 1474 et
2609 1420 2770 1474 redde
2809 1419 2915 1473 lllis
2963 1418 3288 1482 mercedem,
3337 1417 3598 1485 incipiens

2020 1522 2049 1560 a
2078 1511 2382 1565 novissimis
2419 1525 2585 1580 usque
2618 1511 2682 1564 ad
2730 1511 2950 1580 primos.
3000 1511 3132 1563 Cum
3164 1510 3435 1564 venissent
3471 1523 3598 1578 ergo

2021 1603 2113 1670 qui
2158 1605 2302 1659 circa
2353 1605 2688 1659 undecimam
2723 1606 2905 1658 horam
2952 1613 3228 1666 venerant,
3280 1609 3600 1670 acceperunt

337 1693 391 1746 εί
434 1696 723 1761 l'ml’ht"as
761 1708 864 1747 ηοη
897 1693 1138 1760 auditu“.
1169 1707 1340 1763 neque
1370 1694 1415 1748 Si
1449 1693 1566 1763 (illis
1601 1708 1670 1750 ει
1699 1693 1921 1748 mortuis
1951 1700 1998 1760 B
2025 1698 2262 1766 singulos
2293 1697 2562 1750 denarios.
2613 1694 2904 1749 Venientes
2947 1703 3122 1748 autem
3157 1702 3209 1747 et
3241 1693 3418 1761 primi,
3458 1692 3599 1746 arbi-

338 1785 721 1849 resurrexerit,
748 1784 988 1840 credent.

913 1876 1136 1931 CAPUT
1174 1875 1354 1931 CVIII.

882 1958 1155 2023 De'villico
1187 1969 1404 2036 inﬁdeli.

415 2061 547 2115 Luc.
574 2077 682 2126 xvi,
720 2059 862 2116 l-I2.
911 2061 1128 2116 Dicebat
1157 2069 1332 2116 autem
1357 2061 1423 2114 ad
1444 2060 1736 2130 discipulos
1762 2075 1920 2115 suos:

343 2151 520 2204 Ilotuo
552 2151 765 2218 quidam
797 2159 910 2204 erat
937 2152 1108 2213 dives,
1143 2150 1232 2219 qui
1274 2150 1502 2204 habebat
1538 2151 1774 2204 villicum
1821 2167 1834 2202 :
1869 2160 1922 2204 et

346 2243 432 2294 hic
461 2242 764 2294 diﬁamatus
789 2250 872 2296 est
901 2240 1039 2308 apud
1069 2242 1240 2304 illum,
1267 2242 1416 2310 quasi
1447 2241 1760 2310 dissipasset
1790 2241 1926 2294 bona

345 2337 514 2390 illius.
562 2335 628 2388 Et
671 2336 878 2388 vocavit
921 2335 1090 2400 illum,
1123 2343 1176 2388 et
1215 2336 1286 2388 ait
1325 2334 1398 2387 illi
1433 2335 1606 2401 :Qoid
1639 2335 1740 2388 hoc
1765 2334 1927 2387 audio

346 2429 414 2482 de
450 2429 535 2482 te?
569 2427 748 2481 Redde
783 2427 1042 2481 rationem
1076 2426 1419 2480 villieationls
1462 2434 1566 2478 tua:
1595 2444 1608 2478 :
1635 2424 1745 2494 jam
1785 2424 1928 2478 enim

347 2533 462 2571 non
513 2517 711 2586 poteris
759 2516 1014 2570 villieare.
1064 2515 1150 2568 Ait
1191 2523 1368 2568 autem
1416 2515 1624 2570 villicus
1663 2513 1798 2568 intra
1827 2527 1927 2567 se:

346 2608 491 2675 Quid
527 2608 734 2671 faciam,
768 2608 888 2676 quia
921 2607 1170 2660 dominus
1213 2620 1367 2660 meus
1405 2605 1576 2660 aufert
1620 2620 1651 2659 a
1682 2619 1767 2658 me
1793 2605 1932 2659 villi-

345 2699 661 2752 eationem?
713 2699 893 2751 fodere
936 2711 1040 2750 non
1084 2699 1255 2762 valeo,
1302 2696 1607 2750 mendicare
1646 2695 1964 2750 erubesco.

350 2790 480 2843 Scio
503 2789 628 2858 quid
654 2789 860 2854 faciam,
890 2798 946 2842 ut
973 2803 1092 2843 cutn
1120 2797 1328 2842 amotus
1358 2789 1505 2842 fuero
1534 2803 1564 2842 a
1588 2788 1931 2853 villicatioue,

351 2881 621 2947 recipiant
647 2893 730 2932 me
761 2879 812 2932 in
846 2877 1035 2932 domos
1072 2892 1217 2932 suos.
1259 2879 1572 2934 Convocatis
1607 2879 1784 2949 itaque
1819 2881 1934 2935 sin-

352 2975 496 3043 gulis
527 2972 853 3027 debitoribus
881 2972 1075 3026 domini
1103 2972 1206 3037 sui,
1233 2971 1442 3027 dicebat
1474 2973 1644 3040 primo
1689 2989 1704 3027 :
1757 2973 1937 3041 Quan-

356 3077 468 3117 tum
499 3063 665 3119 debes
689 3063 905 3120 domino
934 3065 1089 3116 meo?
1119 3063 1189 3116 At
1215 3063 1304 3117 ille
1330 3063 1460 3117 dixit
1486 3080 1498 3116 :
1521 3062 1744 3118 Centum
1771 3064 1932 3118 cados
1961 3070 2009 3135 ο

354 3157 487 3210 olt-i.
544 3156 786 3222 Dixitque
816 3155 891 3208 illi
918 3155 1161 3222 :.Accipe
1199 3157 1496 3211 cautionem
1533 3169 1674 3210 tuam
1706 3167 1758 3211 et
1787 3158 1933 3221 sede,

360 3263 420 3301 ac
467 3247 580 3301 cito
618 3247 788 3301 teribe
827 3247 1225 3316 quinquaginta.
1283 3247 1481 3302 Deinde
1521 3248 1609 3302 alii
1651 3249 1783 3302 dixit
1816 3250 1935 3303 :Tu

358 3352 494 3391 vero
525 3346 779 3405 quantum
809 3337 1012 3389 debes?
1041 3336 1136 3402 Qui
1166 3337 1240 3390 ait
1267 3352 1280 3388 :
1304 3336 1529 3391 Centum
1555 3352 1711 3391 coros
1759 3338 1937 3392 tritici.

359 3427 452 3483 Ait
503 3427 580 3481 illi
620 3443 633 3479 :
675 3426 872 3494 Accipe
910 3426 1116 3480 litteras
1162 3437 1297 3491 tuas,
1340 3437 1393 3481 et
1432 3429 1608 3482 scribe
1650 3430 1937 3496 octoginta.

364 3520 428 3572 Et
445 3517 680 3572 laudavit
699 3517 945 3571 dominus
964 3517 1194 3570 villicum
1217 3517 1532 3584 iniquitatis,
1560 3518 1684 3585 quia
1709 3521 1944 3586 pruden-

363 3620 446 3662 ter
474 3607 694 3662 fecisset
718 3624 732 3660 :
763 3607 881 3675 quia
911 3607 1001 3660 ﬁlii
1035 3607 1192 3674 hujus
1220 3608 1399 3664 seculi
1427 3610 1801 3677 prudentiores
1821 3618 1943 3663 sunt

366 3700 493 3753 ﬁliis
543 3699 673 3751 lucis
715 3697 765 3750 in
807 3697 1150 3764 generatione
1188 3712 1304 3750 sua.
1349 3696 1414 3750 Et
1456 3712 1556 3766 ego
1595 3697 1716 3751 dico
1754 3700 1943 3752 vobis:

367 3791 555 3844 Facite
601 3790 750 3842 vobis
798 3789 999 3842 amicos
1037 3791 1103 3841 de
1144 3801 1444 3843 mammona
1491 3789 1782 3858 iniquitatis
1828 3807 1841 3843 :
1891 3799 1948 3845 ιιι

364 3900 488 3936 cum
518 3882 837 3946 defet'eritis,
870 3882 1128 3951 recipiant
1150 3896 1246 3936 vos
1275 3883 1327 3936 in
1356 3891 1553 3937 aeterna
1586 3883 1945 3938 tabernacula.

365 3976 468 4039 Qui
507 3973 675 4028 fidelis
704 3982 787 4026 est
817 3972 872 4025 in
916 3974 1153 4036 minimo,
1183 3982 1239 4028 et
1280 3975 1331 4028 in
1380 3974 1569 4042 majori
1614 3975 1785 4029 fidelis
1829 3983 1946 4027 est:

367 4076 422 4117 et
480 4064 573 4130 qui
640 4065 690 4116 in
744 4065 955 4119 modico
1021 4065 1235 4134 iniquus
1303 4077 1384 4120 est
1421 4106 1437 4131 ,
1507 4075 1562 4120 et
1636 4067 1687 4120 in
1762 4065 1949 4133 majori

369 4154 589 4222 iniquus
637 4164 739 4208 est.
802 4154 856 4208 Si
908 4170 1035 4223 ergo
1086 4157 1138 4210 in
1189 4155 1372 4221 iniquo
1426 4171 1726 4209 mammona
1769 4157 1952 4211 ﬁdeles

373 4259 481 4296 non
517 4243 690 4300 fuistis
719 4290 733 4312 ,
761 4246 900 4314 quod
927 4261 1105 4300 verum
1147 4258 1251 4312 est,
1289 4247 1410 4315 quis
1437 4247 1621 4302 credet
1653 4248 1840 4302 vobs?
1889 4249 1955 4302 Et

369 4336 414 4387 si
448 4337 503 4388 in
535 4335 706 4390 alieno
731 4336 912 4390 ﬁdeles
942 4351 1048 4390 non
1079 4337 1280 4402 fuiStis,
1310 4337 1449 4406 quod
1480 4351 1665 4391 verum
1694 4348 1799 4400 est,
1832 4340 1954 4408 quis

2023 1789 2143 1844 trati
2191 1796 2312 1840 sunt
2349 1786 2488 1856 quod
2536 1787 2650 1854 plus
2695 1793 2877 1840 essent
2915 1783 3184 1851 accepturi
3222 1799 3234 1834 :
3269 1791 3594 1849 acceperunt

2023 1890 2200 1933 autem
2234 1886 2286 1931 et
2311 1877 2413 1947 ipsi
2442 1878 2679 1945 singulos
2709 1875 2980 1930 denarios.
3019 1874 3084 1928 Et
3111 1873 3432 1941 accipientes
3461 1888 3604 1926 titur-

2025 1970 2306 2023 murahaut
2358 1968 2614 2042 adversus
2660 1965 3017 2038 patremfamil
3041 1981 3098 2019 as
3127 2005 3142 2030 ,
3197 1965 3433 2018 dicentes
3472 1978 3485 2016 :
3538 1963 3602 2016 lli

2019 2061 2301 2115 novissimi
2349 2074 2453 2114 uua
2500 2060 2628 2113 hora
2677 2059 2935 2123 fecerunt,
2982 2067 3034 2111 et
3083 2072 3238 2126 pares
3285 2056 3436 2109 nobis
3487 2055 3606 2108 illos

2027 2154 2222 2218 fecisti,
2253 2153 2341 2222 qui
2371 2153 2702 2220 portavimus
2729 2150 2939 2219 pondus
2964 2149 3066 2202 diei
3101 2159 3152 2202 et
3185 2156 3368 2200 azstus.
3419 2148 3485 2198 At
3517 2145 3606 2198 ille

2027 2242 2362 2308 respondens
2393 2241 2484 2294 uni
2517 2255 2724 2304 eorum,
2748 2240 2881 2293 dixit
2914 2255 2928 2292 :
2962 2239 3164 2301 Amice,
3210 2251 3314 2290 non
3347 2236 3480 2288 facio
3513 2233 3605 2285 tibi

2029 2331 2311 2403 injuriam.
2385 2331 2571 2386 Nonne
2623 2345 2692 2384 ex
2736 2329 2956 2384 denario
3009 2325 3305 2381 convenisti
3355 2323 3606 2378 mecum?

2028 2425 2180 2480 Tolle
2219 2422 2360 2494 quod
2391 2433 2538 2476 tuum
2567 2431 2666 2486 est,
2710 2430 2766 2475 et
2804 2421 2936 2473 vade
2968 2434 2980 2472 :
3016 2420 3135 2472 volo
3176 2429 3350 2471 autem
3391 2425 3446 2468 et
3487 2415 3608 2468 huic

2032 2518 2321 2573 novissimo
2343 2515 2471 2570 dare
2500 2516 2638 2568 sicut
2665 2523 2718 2568 et
2749 2513 2863 2568 tibi.
2892 2512 2997 2566 Aut
3026 2527 3128 2565 nou
3163 2513 3283 2565 licet
3315 2509 3442 2564 mihi
3465 2509 3606 2575 quod

2031 2611 2153 2663 volo
2199 2607 2409 2662 facere?
2454 2609 2536 2660 An
2572 2605 2758 2660 oculus
2794 2615 2915 2658 tuus
2957 2618 3180 2673 nequam
3223 2612 3328 2663 est,
3361 2600 3479 2668 quia
3510 2615 3610 2667 ego

2035 2703 2203 2756 bonus
2231 2698 2388 2755 sum?
2416 2698 2504 2754 Sic
2532 2707 2690 2752 erunt
2721 2697 2994 2750 novissimi
3028 2695 3207 2764 primi,
3240 2703 3292 2748 et
3323 2694 3478 2761 primi
3507 2704 3607 2744 no-

2035 2791 2256 2847 vissimi.
2301 2788 2447 2844 Multi
2476 2788 2618 2843 enim
2647 2795 2772 2841 sunt
2801 2787 2994 2851 vocati,
3026 2786 3177 2854 pauci
3205 2799 3333 2838 vero
3357 2781 3536 2837 electi.
3594 2809 3599 2814 -

2639 2933 2862 2990 CAPUT
2898 2933 3015 2988 CX.

2039 3027 2186 3084 Iesus
2214 3030 2270 3084 in
2295 3029 2445 3083 domo
2480 3025 2728 3080 Phariswi
2753 3035 2898 3079 sanat
2927 3024 3265 3094 hydropicum
3291 3037 3316 3094 7:
3343 3031 3390 3094 et
3410 3023 3615 3076 instruit

2167 3116 2251 3154 eos
2278 3101 2364 3169 qui
2391 3099 2580 3169 primos
2608 3096 2868 3150 accubitus
2893 3096 2945 3149 in
2965 3092 3208 3148 conruit
3233 3092 3508 3162 eligebattt.

2115 3259 2241 3314 Luc.
2286 3274 2390 3323 xtv,
2443 3257 2590 3312 1-15.
2634 3257 2700 3310 Et
2742 3255 2937 3310 factum
2987 3263 3067 3308 est
3120 3267 3240 3308 cum
3293 3251 3515 3304 intraret
3560 3250 3614 3303 in

2043 3351 2259 3406 domum
2305 3351 2578 3418 cujusdam
2638 3347 2892 3417 principis
2947 3345 3337 3400 Pharisaeorum
3395 3343 3618 3396 sabbato

2045 3443 2366 3496 manducare
2391 3455 2599 3509 panem,
2628 3451 2682 3493 et
2707 3440 2803 3506 ipsi
2835 3437 3190 3492 observabant
3219 3451 3360 3490 eum.
3396 3435 3461 3487 Et
3491 3448 3620 3487 ecce

2047 3533 2205 3586 homo
2245 3533 2458 3600 quidam
2507 3530 2827 3600 hydropicus
2867 3539 2982 3582 erat
3032 3536 3156 3582 ante
3203 3526 3375 3580 illum.
3426 3526 3490 3579 Et
3531 3541 3620 3579 re-

2047 3623 2315 3692 spondens
2346 3621 2498 3676 .lesus
2543 3621 2675 3674 dixit
2721 3620 2788 3674 ad
2835 3620 3169 3688 legisperitos
3211 3627 3264 3671 et
3298 3617 3621 3681 Pbaristeos,

2047 3715 2270 3766 dicens:
2305 3714 2358 3767 Si
2398 3713 2520 3766 licet
2555 3712 2776 3766 sabban
2819 3710 3044 3765 curare?
3108 3712 3175 3763 At
3214 3710 3284 3764 illi
3324 3719 3622 3762 tacuerunt.

2051 3803 2168 3869 Ipse
2220 3816 2345 3854 vero
2389 3801 2779 3869 apprehensum
2848 3801 3056 3852 sanavit
3108 3813 3254 3860 eum,
3299 3807 3353 3850 et
3399 3795 3622 3849 dimisit.

2035 3894 2119 3945 'Et
2155 3891 2482 3959 respondens
2518 3889 2582 3944 ad
2619 3890 2738 3942 illos
2763 3889 2898 3943 dixit
2926 3905 2941 3942 ;
2972 3887 3138 3957 Cujus
3172 3897 3404 3941 vestrum
3447 3887 3626 3937 asinus

2053 3993 2143 4038 aut
2176 3983 2270 4036 bos
2314 3984 2364 4036 in
2402 3991 2617 4050 puteum
2654 3980 2836 4048 eadct,
2870 3987 2923 4033 et
2958 3994 3060 4031 non
3093 3979 3345 4032 centinuo
3383 3976 3627 4030 extrahet

2053 4075 2198 4127 Illum
2234 4071 2321 4126 die
2363 4071 2607 4126 sabbati?
2651 4071 2716 4124 Et
2746 4085 2849 4122 non
2886 4079 3131 4137 poterant
3160 4068 3224 4121 ad
3259 4070 3369 4122 haec
3401 4083 3622 4133 respon-

2054 4164 2183 4218 dere
2213 4164 2310 4216 illi.
2357 4163 2574 4216 Diocbat
2607 4173 2784 4218 autem
2824 4173 2876 4215 et
2906 4163 2971 4215 ad
3015 4164 3262 4214 invitatos
3295 4160 3621 4229 parabolatn,

2057 4255 2340 4308 intendens
2381 4256 2649 4322 quomodo
2690 4255 2887 4322 primos
2923 4252 3198 4306 accubitus
3229 4253 3508 4322 eligerent,
3541 4252 3627 4302 di-

2059 4359 2188 4399 cens
2212 4345 2278 4397 ad
2312 4345 2432 4397 illos
2465 4361 2478 4396 :
2510 4344 2640 4398 Cum
2682 4345 2935 4397 invitatus
2968 4343 3128 4397 fueris
3161 4341 3224 4396 ad
3263 4343 3490 4412 nuptias,
3523 4359 3627 4395 non

370 4428 525 4480 dabit
551 4427 831 4482 vobis?—
861 4427 990 4482 Luc.
1034 4443 1127 4495 xu,
1168 4427 1347 4482 47-30.
1404 4428 1492 4482 llle
1527 4440 1704 4482 autem
1743 4443 1947 4491 servus.
1979 4429 2033 4488 D
2057 4436 2354 4490 dISClll‘lthS
2398 4436 2450 4488 in
2489 4439 2659 4503 primo
2699 4435 2840 4502 loco,
2876 4451 2942 4490 ne
2975 4436 3107 4489 forte
3141 4435 3448 4488 honoratior
3479 4445 3531 4489 te
3563 4439 3633 4489 sit

372 4519 466 4584 qui
502 4520 748 4586 cognovit
772 4519 1098 4571 νοΙιιιιιειιιιιι
1127 4519 1324 4572 domini
1358 4519 1462 4584 sui,
1494 4527 1547 4572 et
1580 4534 1682 4572 non
1719 4535 1777 4572 se
1809 4534 1944 4586 prze-

376 4609 606 4674 ptravit,
637 4617 689 4662 et
716 4624 820 4661 non
850 4609 972 4662 fet-it
1000 4609 1292 4662 set-nudum
1321 4609 1646 4670 voluntatem
1678 4610 1810 4678 ejus,
1841 4611 1950 4679 pla-

373 4703 458 4766 gis
500 4700 770 4768 vapulabit
814 4703 995 4756 multis
1033 4721 1046 4756 :
1093 4704 1181 4772 qtti
1223 4712 1398 4757 autem
1440 4719 1546 4757 non
1582 4684 1859 4770 cognovit,
1899 4716 1952 4758 et

377 4792 504 4846 fecit
540 4793 694 4862 digna
741 4795 930 4863 plagis,
983 4796 1250 4864 vapulabit
1294 4798 1492 4865 paucis.
1545 4797 1731 4849 Omnis
1775 4805 1950 4848 autem

375 4883 466 4935 cui
499 4884 718 4937 multum
747 4884 926 4938 datum
957 4896 1059 4948 est,
1103 4887 1323 4939 multum
1354 4895 1618 4956 quaeretur
1653 4888 1720 4941 ab
1753 4901 1839 4941 eo.
1892 4888 1955 4942 Et

378 4975 466 5026 cui
514 4976 738 5029 multum
789 4978 1314 5043 commendaVeruut,
1363 4981 1478 5046 plus
1528 4987 1710 5047 petent
1756 4979 1822 5032 ab
1869 4993 1955 5033 eo.

379 5065 607 5120 Nescitis
627 5067 745 5135 quia
784 5067 959 5136 ignem
993 5068 1111 5121 veni
1138 5069 1348 5122 mittere
1380 5068 1430 5122 in
1463 5069 1698 5124 terram?
1730 5067 1790 5122 Et
1831 5069 1957 5138 quid

382 5156 526 5216 volo,
579 5159 677 5210 nisi
725 5167 780 5210 ιιι
825 5159 1188 5214 accendatur?
1247 5160 1513 5228 Baptismo
1563 5171 1737 5214 autem
1787 5160 1960 5215 habeo

384 5248 637 5316 baptizari
667 5267 678 5302 :
705 5261 756 5304 et
786 5253 1053 5320 quomodo
1085 5253 1267 5307 turbor
1297 5269 1459 5322 usque
1483 5254 1605 5307 dum
1633 5253 1962 5322 perﬁciatur!

981 5361 1205 5419 CAPET
1246 5364 1377 5419 CIX.

389 5448 470 5502 De
500 5454 860 5520 putrefamilias
889 5455 978 5536 qui
1010 5457 1128 5508 exiit
1159 5458 1324 5525 primo
1356 5473 1498 5508 mane
1523 5456 1806 5509 conducere
1847 5470 1969 5524 ope-

859 5541 1022 5577 ΠΗΊΟδ
1048 5543 1098 5578 ιη
1126 5543 1317 5579 vmrant
1341 5543 1503 5578 suam.

469 5610 672 5670 Μιττιι.
718 5630 812 5679 xx,
861 5616 1023 5669 t-tG.
1078 5616 1262 5673 Simile
1306 5626 1388 5673 est
1435 5630 1654 5685 regnum
1703 5617 1958 5676 caelorum

2059 4529 2305 4581 invitatus
2330 4527 2396 4580 ab
2418 4543 2480 4580 eo
2507 4543 2518 4579 :
2543 4535 2599 4581 et
2623 4528 2840 4582 veniens
2863 4529 2905 4581 is
2933 4527 3020 4598 qui
3051 4540 3100 4581 te
3125 4527 3360 4580 invitavit
3383 4540 3433 4580 et
3464 4528 3630 4594 tlltnn,

2057 4618 2198 4670 dicat
2242 4617 2379 4671 tibi:
2428 4617 2503 4671 Da
2557 4619 2679 4673 huic
2727 4619 2924 4682 locum,
2971 4630 3024 4673 et
3067 4629 3194 4672 tunc
3241 4620 3380 4685 incip
3403 4633 3459 4670 as
3511 4634 3629 4672 cunt

2060 4709 2252 4762 r..bore
2281 4709 2624 4762 novissimum
2666 4709 2838 4761 locum
2877 4717 3078 4762 tenere.
3110 4708 3212 4762 Sed
3246 4725 3366 4761 eum
3413 4718 3630 4762 vocatos

2061 4801 2248 4864 fueris,
2294 4803 2446 4865 vade,
2480 4799 2730 4854 recutube
2775 4800 2825 4853 in
2874 4799 3165 4852 novissimo
3213 4799 3358 4861 loco;
3409 4809 3460 4849 ut
3510 4814 3632 4852 cum

2061 4894 2266 4945 venerit
2293 4891 2380 4959 qui
2417 4901 2466 4944 te
2495 4891 2758 4954 invitavit,
2801 4891 2942 4943 dicat
2978 4890 3068 4942 tibi
3100 4905 3112 4940 :
3147 4888 3363 4950 Amice,
3404 4892 3634 4945 ascende

2059 4987 2324 5054 sttperius.
2368 4984 2515 5038 Tunc
2545 4985 2646 5038 erit
2680 4983 2772 5036 tibi
2801 4982 2967 5050 gloria
2995 4995 3175 5034 coram
3211 4979 3364 5034 simul
3396 4982 3629 5036 discum-

2062 5076 2304 5128 bentibus
2338 5091 2351 5128 :
2383 5075 2504 5140 quia
2549 5072 2724 5126 omnis
2761 5074 2850 5141 qui
2889 5087 2948 5125 se
2991 5072 3192 5126 exaltat
3238 5074 3620 5140 lntntiliahitur,

2063 5176 2116 5217 et
2142 5166 2226 5232 qui
2266 5178 2323 5217 se
2363 5163 2602 5216 homiliat
2641 5161 2981 5216 exaltabitur.
3029 5162 3251 5218 Dicebat
3289 5175 3466 5218 autem
3498 5168 3633 5220 etei

2067 5254 2154 5321 qui
2186 5270 2242 5307 se
2276 5253 2591 5306 invitaverat
2619 5270 2630 5304 :
2661 5251 2792 5305 Cum
2825 5253 2953 5309 facis
2987 5254 3261 5323 prandium
3293 5267 3380 5310 aut
3405 5271 3633 5322 caenam,

2070 5347 2176 5399 noli
2235 5360 2422 5398 vocare
2457 5347 2654 5399 amicos
2688 5355 2830 5411 tuos,
2863 5362 3035 5416 neque
3073 5347 3265 5402 fratres
3296 5357 3434 5412 tuos,
3463 5364 3637 5416 neque

2071 5445 2343 5502 Cognatos,
2369 5451 2538 5503 neque
2571 5435 2772 5489 vicinos
2810 5438 3048 5492 divites:
3083 5453 3148 5491 ne
3184 5437 3328 5490 forte
3362 5447 3413 5490 et
3451 5437 3546 5503 ipsi
3588 5449 3640 5493 te

2075 5524 2380 5588 reittvitent,
2413 5535 2465 5578 et
2490 5527 2576 5578 fiat
2611 5527 2702 5580 tibi
2731 5529 3033 5582 retributio.
3062 5527 3168 5580 Sed
3200 5541 3318 5579 cum
3355 5527 3480 5579 facis
3506 5542 3639 5580 eon-

2079 5615 2302 5685 viviuut,
2347 5631 2472 5722 voc:
2503 5633 2784 5688 pauperes,
2820 5619 3041 5688 debiles,
3079 5618 3314 5685 claudos,
3347 5634 3516 5676 caicus
3547 5637 3558 5672 :
3591 5629 3647 5676 et
