4026 6196
394 227 511 283 »521

415 338 599 389 beatus
626 336 752 400 eris,
778 335 898 404 quia
937 350 1041 391 non
1074 336 1269 391 habent
1310 337 1601 393 retribuere
1636 338 1729 392 tibi

413 429 606 482 buetur
657 428 798 482 enim
847 428 939 481 tibi
991 428 1043 482 in
1086 429 1476 483 resurrectione
1517 429 1800 497 iustorum.
1863 430 1983 483 lltec

408 532 532 572 eum
557 519 793 573 audisset
813 518 1029 587 quidam
1055 519 1122 574 de
1153 520 1311 573 simul
1345 519 1821 583 discumbentibus,
1851 520 1986 573 dixit

410 608 486 662 illi
524 626 537 663 :
567 609 759 666 Beatus
794 609 884 679 qui
918 609 1259 666 manducabit
1296 624 1484 681 panem
1532 610 1586 664 in
1617 624 1784 679 regno
1813 609 1983 666 coelo-

410 717 551 757 rum.

1007 815 1228 871 CAPUT
1265 816 1401 872 CXI.

743 904 892 960 Jestts
919 907 1086 959 decem
1116 905 1344 975 leprosos
1375 908 1656 961 mandavit.

487 1018 642 1074 JOAN.
682 1034 755 1085 Vl,
801 1020 911 1073 i-L
955 1020 1084 1075 Post
1115 1022 1229 1074 hsce
1259 1021 1310 1075 in
1350 1022 1594 1091 proximo
1619 1031 1734 1075 erat
1760 1020 1985 1086 Paseba,

419 1108 533 1163 dies
565 1110 729 1165 festus
754 1109 1153 1165 Judreorum.—
1171 1111 1301 1169 Luc.
1329 1128 1458 1175 xvu,
1488 1112 1662 1166 11-19.
1706 1112 1773 1165 Ει
1794 1110 1988 1165 factum

419 1209 504 1255 cst
533 1201 657 1254 dum
701 1201 798 1254 iret
830 1199 1157 1256 Hierusalem
1176 1242 1188 1263 ,
1225 1202 1482 1257 transibat
1512 1216 1607 1270 per
1636 1202 1862 1256 mediam
1892 1201 1990 1255 Sa-

419 1292 638 1345 mariam
680 1300 734 1344 et
762 1289 1054 1345 Gaiilmam.
1080 1292 1145 1347 Et
1173 1306 1293 1346 cum
1334 1292 1702 1361 ingrederetur
1724 1290 1987 1361 quoddam

421 1383 721 1449 castellum,
771 1394 1124 1438 occurrerunt
1168 1385 1216 1439 ei
1262 1385 1448 1439 decem
1495 1385 1597 1438 viri
1622 1384 1849 1452 leprosi:
1896 1382 1988 1453 qui

419 1483 680 1529 steterunt
729 1488 759 1527 a
809 1474 993 1543 longe,
1037 1483 1092 1528 et
1131 1474 1445 1543 levaverunt
1484 1488 1668 1530 vocem
1708 1473 1987 1529 dicentes:

419 1562 547 1619 Iesu
626 1571 941 1631 praeceptor,
996 1564 1253 1619 miserere
1303 1566 1491 1620 nostri.
1551 1564 1694 1630 Quos
1735 1572 1792 1617 ut
1837 1563 1987 1627 vidit,

424 1651 556 1706 dixit
586 1668 599 1704 :
624 1651 718 1716 lte,
742 1651 1006 1707 ostendite
1035 1666 1128 1708 vos
1157 1653 1539 1709 sacerdotibus.
1569 1654 1634 1707 Et
1663 1654 1857 1709 factum
1886 1661 1985 1715 est,

425 1744 550 1797 dum
597 1744 757 1809 irent,
797 1744 1036 1799 mundati
1074 1754 1217 1800 Sunt.
1264 1746 1411 1800 Unus
1447 1758 1624 1800 autem
1664 1760 1729 1802 ex
1758 1745 1907 1814 ipsis,
1939 1753 1993 1799 ut

427 1834 555 1887 vidit
585 1833 705 1902 quia
749 1835 1033 1890 mundatus
1070 1848 1173 1902 est,
1222 1851 1497 1906 regresSus
1538 1847 1620 1891 est
1653 1851 1771 1891 rum
1807 1848 1994 1905 magna

431 1938 563 1979 voce
592 1924 936 1994 magnificans
976 1926 1140 1981 Deum
1186 1944 1199 1981 :
1239 1936 1293 1982 et
1335 1927 1527 1982 cecidit
1551 1928 1601 1981 in
1647 1926 1830 1981 faciem
1874 1936 1997 1979 ante

430 2016 591 2080 pedes
630 2016 763 2085 ejus,
794 2017 991 2086 gratias
1028 2032 1192 2087 agens
1225 2036 1238 2071 :
1270 2027 1321 2074 et
1350 2018 1435 2073 hic
1466 2027 1581 2073 erat
1609 2017 1993 2073 Samaritanus.

431 2104 777 2172 Respondeas
800 2113 976 2161 autem
1005 2107 1184 2175 Iesus,
1210 2108 1346 2162 dixit
1371 2126 1382 2160 :
1408 2108 1592 2163 Nonne
1620 2108 1802 2162 decem
1844 2122 1999 2160 mun-

428 2193 535 2246 dati
569 2202 709 2260 sunt,
746 2202 800 2249 et
838 2211 1030 2251 novem
1065 2198 1151 2251 ubi
1194 2198 1356 2251 sunt?
1379 2199 1493 2253 Non
1526 2207 1609 2253 est
1639 2198 1881 2252 inventus
1909 2198 1998 2266 qui

431 2283 648 2347 rediret,
691 2294 746 2339 et
788 2284 944 2340 daret
987 2288 1210 2356 gloriam
1243 2289 1371 2352 Deo,
1404 2290 1502 2343 nisi
1557 2289 1640 2343 hic
1678 2288 1997 2359 alienigena.

430 2373 493 2428 Et
531 2377 604 2429 ait
639 2377 711 2431 illi
744 2392 759 2432 :
789 2377 980 2449 Surge,
1016 2380 1147 2435 vade
1182 2398 1194 2432 :
1234 2382 1357 2451 quia
1399 2382 1528 2438 lides
1574 2393 1659 2437 tua
1712 2390 1763 2437 te
1795 2382 1997 2436 salvum

432 2466 574 2525 fecit.

1015 2610 1239 2667 CAPUT
1262 2611 1415 2669 CXII.

430 2694 578 2751 Iesus
600 2699 661 2751 de
686 2699 921 2767 passione
944 2716 1035 2754 sua
1058 2703 1324 2772 discipulis
1368 2705 1475 2757 suis
1505 2704 1687 2758 iterum
1713 2702 1952 2757 indicavit
1982 2718 2001 2757 :

533 2775 584 2821 et
610 2783 772 2823 mater
801 2772 1025 2838 ﬁliorum
1046 2772 1276 2826 Zebcdwi
1318 2785 1462 2844 rogat
1483 2789 1577 2845 pro
1604 2776 1725 2842 ﬁliis
1755 2790 1883 2829 suta.

501 2906 716 2962 Manu.
744 2925 833 2979 xx,
866 2910 1068 2978 17-38;
1098 2911 1273 2968 Mane.
1297 2929 1348 2979 x,
1402 2914 1598 2981 52-45;
1655 2913 1787 2969 Luc.
1845 2928 2001 2980 xvttt,

433 2999 491 3056 51
503 3000 626 3064 -5ις
656 3002 895 3067 xxu,‘25.
925 3004 1216 3059 Assumens
1230 3015 1403 3061 autem
1418 3005 2005 3075 iterumduodeeim,ait

434 3092 541 3146 illis
573 3110 585 3145 :
621 3092 756 3148 Ecce
792 3095 1128 3152 ascendimus
1183 3097 1626 3169 Hierosolymam,
1675 3108 1729 3153 et
1756 3114 1996 3154 consum-

434 3187 720 3241 mabuntur
743 3190 917 3244 omnia
948 3205 1065 3259 quae
1094 3192 1291 3259 scripta
1326 3202 1448 3247 sunt
1495 3208 1590 3262 per
1637 3192 1918 3261 prOpbetas
1940 3190 2008 3246 de

433 3276 573 3333 Filio
604 3279 852 3334 hominis.
870 3279 1130 3336 Tradetur
1153 3283 1294 3337 enim
1320 3283 1646 3353 principibus
1669 3282 2005 3337 sacerdotum

433 3378 488 3423 et
529 3371 737 3436 scribis,
764 3380 817 3425 et
840 3373 1049 3427 tradent
1090 3387 1211 3427 cum
1240 3374 1506 3443 gentibus.
1565 3383 1619 3430 et
1660 3374 2009 3438 illudetur,ct

435 3463 811 3533 ﬂagellabitur,
838 3475 891 3520 et
939 3476 1283 3537 couSpuetur,
1332 3477 1385 3520 et
1414 3467 1772 3536 cruciﬂgetur,
1831 3477 1883 3521 et
1921 3467 2008 3522 die

434 3555 584 3608 tertia
616 3569 880 3626 resurget.
904 3556 1053 3611 Tunc
1078 3557 1385 3612 aecessitad
1415 3573 1535 3612 eum
1560 3566 1731 3612 mater
1775 3557 2005 3614 filiorum

431 3646 673 3701 Zcbedaei
701 3663 820 3702 cum
845 3649 966 3704 ﬁliis
1013 3650 1147 3713 suis,
1206 3651 1438 3704 adorans
1489 3657 1541 3703 rt
1582 3660 1768 3718 petens
1809 3649 2007 3719 aliquid

432 3739 501 3793 ab
525 3753 609 3794 eo.
643 3737 740 3807 Qui
768 3740 899 3795 dixit
923 3726 994 3804 ei.
1027 3743 1152 3811 quid
1177 3742 1289 3796 vis?
1310 3742 1394 3796 Ait
1416 3741 1487 3797 illi
1516 3759 1528 3796 :
1564 3742 1680 3802 Dic.
1704 3751 1760 3797 ut
1787 3742 2009 3797 sedeant

434 3830 486 3885 hi
516 3833 620 3887 duo
646 3833 738 3887 lilii
772 3835 898 3898 mei,
929 3850 1065 3889 unus
1094 3835 1157 3888 ad
1188 3834 1461 3889 dexteram
1503 3842 1667 3899 tuam,
1699 3842 1753 3887 et
1782 3850 1915 3889 unus
1940 3834 2006 3888 ad

434 3924 707 3978 sinistram
744 3925 795 3980 in
850 3941 1014 3993 regno
1063 3935 1173 3980 tuo.
1229 3925 1574 3995 Iiespondeus
1622 3938 1796 3980 au'em
1850 3924 2006 3981 Iesus

433 4013 568 4067 dixit
596 4017 673 4069 eEs
708 4033 719 4068 :
750 4015 976 4070 Nescitis
1007 4017 1132 4086 quid
1164 3999 1373 4086 petatis.
1412 4017 1642 4073 Potestis
1671 4017 1855 4073 bibere
1881 4018 2007 4072 cali-

438 4122 554 4160 cem
588 4122 743 4175 quem
790 4122 888 4177 ego
916 4107 1177 4161 bibiturus
1205 4109 1363 4163 sum?
1389 4118 1475 4163 aut
1502 4109 1763 4177 baptismo
1778 4123 1880 4178 quo
1908 4123 2008 4177 ego

433 4197 703 4266 baptizor,
737 4201 989 4267 baptizari
1014 4200 1036 4253 ?
1061 4200 1252 4254 Dicunt
1282 4201 1327 4254 ri
1363 4200 1709 4255 :Possumus.
1743 4201 1829 4254 Ait
1869 4200 2004 4253 illis:

440 4291 672 4345 Calicem
718 4291 930 4361 quidem
986 4308 1160 4345 meum
1203 4292 1417 4358 bibetis,
1448 4304 1499 4347 et
1528 4293 1790 4361 baptismo
1833 4307 1953 4347 meo
1980 4302 2006 4329 ι

435 4394 541 4446 quo
564 4395 661 4447 ego
689 4381 949 4449 baptizor,
978 4370 1379 4448 baptizahimini
1435 4401 1448 4437 :
1501 4382 1689 4437 sedere
1734 4390 1911 4435 autem
1936 4381 2000 4435 ad

1553 229 1861 288 VICTORIS
1902 228 2201 288 EI’ISCOPI
2240 226 2534 285 CAPUANI

1780 356 1791 390 :
1837 341 1965 393 retri
1978 367 1993 377 ο
2023 343 2068 397 Α

3569 215 3671 268 ΞΞΞ

2655 330 2879 387 CAPUT
2903 331 3106 386 CXIIL

2087 426 2238 481 Jesus
2282 440 2577 491 res,onsum
2620 423 2705 474 dat
2754 421 2939 475 dicenti
2982 422 3078 474 sibi
3129 438 3146 473 :
3201 419 3439 485 Domine,
3464 419 3507 473 si
3528 421 3671 487 pauci

2584 501 2703 545 sunt
2730 493 2816 559 qui
2842 492 2968 545 salvi
2995 491 3181 556 ﬁant?

2160 607 2289 662 Luc.
2320 620 2435 670 xm,
2458 606 2662 671 23-30;
2721 604 3177 671 Muru.v1t,l'5,
3239 604 3431 659 14-25.
3486 602 3558 657 Et
3606 602 3676 657 ait

2091 696 2167 750 illi
2192 696 2407 766 quidam
2439 711 2453 750 :
2486 695 2735 761 Domine,
2779 697 2825 750 si
2853 696 3009 765 pauci
3059 703 3186 749 sunt
3231 695 3319 764 qui
3370 694 3677 749 salvantur?

2090 786 2210 855 Ipse
2231 796 2408 840 autem
2435 785 2569 841 dixit
2610 785 2677 840 ad
2729 787 2849 843 illos
2910 804 2925 841 :
2974 785 3297 842 Contendite
3342 786 3543 845 intrare
3584 801 3680 852 per

2092 886 2368 946 angustam
2402 885 2607 946 portam
2638 895 2650 929 :
2685 878 2806 945 quia
2838 876 3010 942 multi,
3042 879 3161 932 dico
3213 877 3389 943 vobis,
3436 884 3682 946 quarens

2094 965 2323 1031 intrare,
2364 976 2417 1019 et
2447 980 2552 1020 non
2574 975 2676 1035 poti
2700 973 2844 1019 runt.
2875 965 3008 1020 Cum
3041 976 3215 1021 autem
3260 966 3538 1019 intraverit
3589 979 3680 1034 pa-

2094 1056 2407 1110 terfamilias
2427 1064 2479 1109 et
2534 1055 2786 1110 clauserit
2846 1058 3067 1123 ostium,
3118 1067 3173 1112 et
3246 1055 3524 1125 .incipietis
3553 1055 3680 1109 foris

2082 1149 2259 1208 'stare,
2288 1152 2343 1198 et
2373 1144 2583 1211 pulsare
2605 1145 2826 1211 ostium,
2875 1146 3111 1201 dicentes
3166 1160 3183 1200 :
3235 1146 3491 1214 Domine,
3535 1147 3679 1214 aperi

2094 1234 2297 1289 nobis:
2349 1242 2402 1289 et
2424 1237 2756 1304 respondens
2775 1236 2917 1291 dicet
2954 1236 3348 1293 vobiszNescio
3394 1251 3489 1292 vos
3544 1238 3682 1293 unde

2095 1323 2213 1377 sitis
2247 1340 2259 1375 :
2294 1331 2418 1378 tunc
2474 1322 2743 1393 ineipietis
2782 1325 2964 1380 dicere
2995 1343 3008 1378 :
3038 1326 3474 1381 Manducavimus
3502 1340 3681 1381 coram

2098 1421 2169 1476 te,
2188 1419 2242 1466 et
2272 1411 2522 1479 bibimus,
2557 1420 2611 1467 et
2641 1413 2693 1467 in
2735 1413 2924 1483 plateis
2952 1416 3151 1469 nostris
3198 1414 3447 1470 docuisti.
3490 1414 3559 1469 Et
3598 1416 3680 1468 di-

2096 1514 2183 1561 cet
2205 1503 2356 1560 vobis
2384 1523 2396 1557 :
2412 1504 2600 1560 Nescio
2614 1521 2711 1561 vos
2734 1507 2875 1562 unde
2892 1506 3028 1561 sitis.
3046 1507 3316 1563 Discedite
3328 1522 3356 1561 a
3371 1521 3479 1572 me,
3496 1519 3683 1561 omnes

2097 1588 2326 1669 operarii
2349 1598 2671 1669 iniquitatis,
2709 1601 2764 1654 in
2794 1599 2967 1669 ignem
3007 1610 3300 1666 teternum;
3341 1600 3414 1654 ibi
3443 1600 3545 1653 erit
3585 1597 3681 1653 ﬂe-

2023 1701 2067 1763 B
2096 1704 2180 1749 tus
2208 1707 2262 1750 et
2296 1693 2493 1749 stridor
2518 1692 2757 1747 dentium
2786 1728 2801 1755 ,
2839 1702 2961 1743 cum
3016 1690 3257 1746 videritis
3310 1688 3578 1745 Abraham
3630 1698 3682 1742 et

2096 1788 2240 1842 Isaae
2269 1797 2320 1843 et
2346 1787 2512 1843 Iacob
2535 1794 2589 1841 et
2617 1798 2802 1839 omnes
2826 1782 3118 1855 prophetas
3145 1783 3347 1837 intrare
3380 1782 3435 1835 in
3460 1797 3679 1855 regnum

2098 1877 2213 1942 Dei,
2245 1892 2338 1933 vos
2358 1885 2534 1932 autem
2564 1875 2759 1942 expelli
2783 1874 2945 1928 foras.
2997 1873 3063 1928 Et
3100 1874 3321 1929 venient
3370 1876 3440 1929 ab
3467 1876 3683 1931 Oriente

2097 1974 2153 2021 et
2179 1964 2486 2031 Occidente,
2509 1972 2563 2020 et
2587 1964 2851 2034 Aquilone
2880 1973 2936 2019 et
2960 1965 3177 2029 Austro,
3203 1972 3259 2019 et
3279 1965 3597 2020 accumbent
3624 1966 3675 2020 iu

2098 2072 2263 2127 regno
2293 2057 2412 2113 Dei.
2455 2057 2522 2112 Et
2548 2071 2673 2113 ecce
2711 2064 2837 2110 sunt
2863 2055 3137 2111 novissimi
3168 2056 3256 2127 qui
3303 2067 3457 2113 erant
3503 2057 3676 2128 primi,

2098 2158 2154 2205 et
2175 2157 2297 2205 sunt
2320 2149 2475 2219 primi
2504 2149 2594 2221 qui
2621 2156 2775 2204 erant
2801 2146 3098 2208 novissimi.

2671 2286 2897 2342 CAPUT
2938 2285 3123 2342 CXIV.

2556 2381 2904 2469 DeﬁZachueo
2933 2379 3226 2450 publicano.

2172 2498 2299 2552 Luc.
2318 2511 2432 2560 xix,
2450 2494 2597 2549 l-IO.
2619 2472 2683 2551 Iit
2698 2494 2967 2562 ingressus
2993 2491 3391 2562 perambulabat
3410 2489 3682 2546 Hiericho.

2102 2589 2173 2644 Et
2204 2603 2332 2643 ecce
2361 2588 2445 2641 vir
2473 2586 2688 2640 nomine
2719 2585 3009 2639 Zacebasus
3036 2602 3050 2638 :
3079 2593 3135 2638 et
3177 2582 3263 2638 hic
3280 2590 3395 2638 erat
3440 2584 3684 2651 princeps

2105 2680 2531 2749 publicanorum,
2576 2685 2629 2730 et
2656 2676 2771 2743 ipse
2799 2672 2971 2729 dives.
3003 2673 3069 2728 Et
3093 2672 3365 2742 quaerebat
3392 2670 3573 2725 Iesum
3603 2671 3682 2723 vi-

2101 2772 2228 2827 dere
2255 2770 2375 2839 quis
2399 2776 2558 2832 esset,
2584 2774 2638 2820 et
2658 2780 2761 2820 non
2785 2772 2990 2834 poterat
3024 2778 3133 2832 prie
3150 2762 3324 2825 turba,
3349 2761 3473 2831 quia
3486 2768 3685 2815 Statura

2105 2859 2331 2930 pusillus
2367 2864 2501 2912 erat.
2541 2858 2607 2910 Et
2632 2868 2984 2925 praecurrens,
3042 2852 3281 2907 ascendit
3324 2852 3380 2905 in
3437 2851 3684 2905 arborem

2105 2962 2468 3021 sycomorum,
2509 2956 2565 3000 ut
2594 2945 2801 3000 videret
2822 2943 2969 2998 illum
3001 2960 3015 2997 :
3044 2944 3175 3012 quia
3198 2942 3326 2997 inde
3369 2949 3488 2996 erat
3517 2951 3688 2995 trans-

2012 3051 2078 3137 κε
2109 3040 2296 3093 iturus.
2338 3038 2551 3093 Etcum
2585 3036 2821 3090 venisset
2842 3035 2906 3088 ad
2939 3035 3134 3098 locutu,
3182 3032 3482 3101 suspiciens
3511 3032 3686 3098 Iesus,

2108 3130 2237 3185 vidit
2266 3129 2434 3194 ilium,
2462 3138 2508 3181 et
2535 3126 2667 3179 dixit
2686 3124 2753 3179 ad
2776 3140 2897 3180 eum
2928 3141 2941 3178 :
2980 3124 3262 3188 Zaechaee,
3305 3123 3566 3177 festinans
3591 3123 3689 3177 de-

2107 3222 2324 3287 scende,
2366 3220 2490 3291 quia
2525 3218 2685 3273 hodie
2711 3217 2766 3272 in
2796 3216 2957 3271 domo
2979 3225 3070 3270 tua
3097 3223 3307 3285 oportet
3333 3229 3420 3269 me
3450 3229 3685 3268 manere.

2108 3314 2176 3369 Et
2204 3312 2459 3367 festinans
2484 3305 2782 3374 descendit,
2830 3316 2884 3361 et
2904 3306 3121 3374 excepit
3140 3305 3288 3358 illum
3316 3303 3573 3373 gaudens.
3625 3305 3689 3358 Et

2107 3418 2230 3459 cum
2249 3402 2491 3458 viderent
2525 3412 2734 3467 omnes,
2778 3396 3205 3460 murmurabant,
3251 3395 3495 3450 dicentes
3545 3396 3686 3464 quod

2108 3492 2173 3547 ad
2203 3493 2472 3547 hominem
2530 3498 2866 3560 peccatorem
2919 3487 3249 3542 divertisset.
3302 3486 3463 3540 Stans
3511 3497 3685 3539 autem

2113 3587 2401 3641 Zacchmus
2442 3584 2576 3640 dixit
2596 3583 2661 3639 ad
2691 3583 2974 3638 Dominum
3015 3600 3028 3635 :
3059 3581 3195 3635 Ecce
3211 3578 3489 3634 dimidium
3520 3579 3687 3633 bono-

2109 3692 2225 3731 rum
2258 3690 2521 3738 meorum,
2554 3674 2799 3741 Domine,
2829 3674 2899 3727 do
2928 3671 3251 3741 pauperibus
3302 3686 3313 3722 :
3363 3682 3418 3725 et
3466 3671 3510 3723 si
3563 3669 3685 3738 quid

2107 3767 2335 3836 aliquem
2362 3763 2698 3827 defraudavi,
2723 3761 2890 3818 reddo
2921 3761 3295 3831 quadruplum.
3326 3759 3413 3813 Ait
3439 3760 3594 3815 Iesus
3621 3759 3685 3810 ad

2109 3875 2230 3913 eum
2266 3877 2280 3912 :
2309 3857 2443 3923 Quia
2473 3856 2631 3911 hodie
2650 3856 2795 3910 salus
2813 3855 2935 3908 buic
2957 3852 3138 3907 domui
3170 3853 3301 3907 facta
3322 3860 3422 3915 est,
3447 3866 3512 3905 eo
3545 3852 3685 3919 quod

2109 3961 2161 4004 et
2189 3950 2302 4016 ipse
2327 3950 2397 4003 sit
2427 3947 2563 4002 [ilius
2584 3947 2831 4001 Abrahze.
2861 3945 3020 4000 Venit
3052 3946 3195 3999 enim
3242 3943 3407 3998 Filius
3457 3944 3686 3998 hominis

2109 4054 2346 4111 qttmrere
2368 4049 2420 4095 et
2446 4039 2653 4094 salvum
2678 4037 2855 4092 facere
2881 4036 3023 4105 quod
3055 4034 3303 4105 perierat.

2678 4176 2903 4234 CAPUT
2942 4177 3101 4232 CXV.

2428 4267 2578 4325 Jesus
2606 4270 2792 4323 iterum
2817 4268 2945 4322 duos
2972 4283 3129 4321 cwcos
3158 4267 3372 4320 curavit.

2176 4378 2392 4434 Manu.
2419 4391 2509 4446 xx,
2531 4380 2729 4441 29-34;
2760 4377 2931 4433 Mane.
2962 4377 3237 4443 LIB-52;
3269 4378 3394 4432 Luc.
3420 4392 3568 4445 xvttt,
3593 4375 3688 4431 '55-

438 4470 711 4521 dcxteram
744 4484 915 4522 meam
965 4478 1018 4522 et
1047 4471 1337 4535 sinistram,
1366 4487 1469 4525 non
1517 4481 1597 4526 est
1645 4488 1822 4527 meum
1879 4472 2006 4527 dare
2037 4448 2082 4507 ί)
2112 4469 2202 4526 43.
2236 4469 2302 4541 Et
2330 4471 2727 4539 egredientibus
2752 4468 2858 4522 illis
2910 4469 2977 4522 ab
3008 4467 3277 4531 Hiericho,
3323 4478 3517 4523 secutas
3565 4478 3690 4523 sunt

437 4558 607 4622 vobis,
640 4558 730 4611 sed
758 4559 950 4626 quibus
973 4571 1214 4628 paratum
1244 4571 1326 4616 est
1354 4579 1383 4617 a
1415 4564 1570 4618 Patre
1598 4579 1741 4618 meo.
1799 4564 1864 4618 Et
1911 4577 2007 4619 au-

438 4649 643 4703 dientes
666 4649 872 4715 decem,
899 4651 1152 4721 indignati
1182 4664 1304 4708 sunt
1355 4654 1422 4709 de
1471 4655 1678 4711 duobus
1732 4654 2003 4711 fratribus.

436 4743 592 4799 Iesus
617 4751 793 4797 autem
820 4744 1026 4799 vocavit
1047 4759 1140 4800 eos
1190 4745 1255 4798 ad
1311 4760 1389 4813 se,
1426 4755 1479 4802 et
1532 4747 1606 4800 ait
1637 4764 1649 4799 :
1680 4745 1837 4802 Scitis
1883 4747 2006 4816 quia

438 4836 701 4906 principes
723 4836 961 4911 gentium
1002 4838 1341 4894 dominantur
1368 4854 1554 4894 eorum
1595 4857 1605 4892 :
1636 4848 1690 4893 et
1717 4841 1806 4910 qui
1839 4841 2007 4908 majo-

435 4943 523 4982 res
548 4939 689 4994 sunt,
715 4939 1032 4999 potestatem
1080 4938 1337 4985 excreant
1385 4932 1437 4986 in
1492 4946 1606 4986 eos.
1635 4931 1749 4985 Non
1791 4933 1861 4986 ita
1904 4932 2004 4987 erit

436 5020 574 5072 inter
600 5034 693 5074 vos
723 5038 736 5073 :
768 5021 860 5074 sed
889 5021 1192 5092 quicunque
1240 5023 1465 5078 voluerit
1509 5022 1647 5077 inter
1695 5037 1788 5076 vos
1836 5024 2006 5087 major

436 5110 573 5164 lieri.
605 5110 673 5163 sit
698 5123 875 5165 veSter
923 5115 1207 5171 minister:
1258 5122 1312 5170 et
1334 5116 1421 5183 qui
1450 5114 1679 5168 voluerit
1727 5115 1864 5168 inter
1912 5129 2006 5167 vos

438 5200 641 5266 primus
670 5214 810 5266 esse,
832 5201 937 5256 erit
964 5215 1142 5258 vester
1170 5219 1375 5261 servus.
1406 5205 1553 5260 Sicut
1574 5205 1740 5259 Filius
1775 5204 2006 5260 hominis

437 5305 542 5343 non
575 5288 717 5342 vrnit
740 5298 797 5342 ut
822 5289 1151 5346 ministretur
1196 5294 1264 5359 ei,
1314 5295 1410 5359 sed
1454 5304 1515 5348 ut
1555 5295 1899 5363 ministraret,
1953 5304 2007 5352 et

436 5381 580 5434 daret
607 5381 836 5435 animam
865 5394 1011 5437 suam
1043 5383 1459 5451 redemptionem
1484 5399 1578 5454 pro
1605 5385 1804 5445 multis.

520 5605 543 5632 ⁸
579 5597 735 5651 Marc.
768 5614 822 5659 x,
851 5597 916 5652 '58
950 5598 1096 5653 deest
1133 5612 1419 5663 pronomen
1451 5608 1556 5652 tum
1591 5601 1640 5654 in
1682 5602 1776 5655 Cr.
1807 5613 1913 5653 tum
1954 5601 2004 5653 in

453 5665 597 5744 Vulg.
628 5667 879 5731 Mum-are
896 5669 1047 5727 vobis.
1082 5670 1354 5741 I‘Irgoﬁgfv
1383 5670 1729 5744 legebat‘ctun
1805 5672 2012 5741 vulgato

2115 4581 2233 4620 eum
2268 4565 2435 4620 turba:
2479 4562 2679 4617 ιιιιιιιαδ.
2710 4560 2777 4614 Et
2805 4574 2933 4614 ecce
2956 4560 3059 4612 duo
3088 4560 3237 4624 Ci‘l‘CI,
3259 4575 3326 4614 ex
3359 4560 3548 4629 quibus
3573 4573 3689 4614 erat

2116 4656 2430 4710 Dartimzeus
2457 4650 2598 4706 filius
2619 4651 2832 4717 Timaei,
2863 4649 3111 4704 sedentes
3142 4663 3296 4703 secus
3327 4651 3487 4713 viam,
3510 4652 3692 4704 audie-

2116 4754 2240 4800 runt
2261 4746 2382 4815 quia
2414 4743 2569 4800 Iesus
2589 4742 2897 4796 Nazarenus
2919 4742 3190 4806 transiret,
3221 4751 3274 4795 et
3303 4742 3687 4808 clamaveruut,

2112 4838 2357 4893 dicentes
2390 4851 2403 4888 :
2434 4833 2680 4898 Domine,
2710 4832 2963 4888 miserere
2988 4831 3177 4897 nostri,
3211 4830 3287 4885 ﬁli
3340 4831 3525 4887 David.
3556 4834 3690 4888 Tur-

2113 4928 2176 4983 ba
2209 4936 2383 4981 autem
2414 4922 2723 4992 increpabat
2745 4937 2859 4985 eos,
2918 4930 2975 4975 ut
3024 4930 3281 4975 tacerent.
3314 4923 3383 4977 At
3411 4923 3487 4976 illi
3521 4925 3689 4993 magis

2112 5021 2249 5074 clam
2289 5018 2433 5080 bant,
2480 5014 2719 5069 dicentes
2768 5029 2782 5066 :
2839 5013 3084 5077 Domine,
3109 5013 3362 5067 miserere
3408 5015 3591 5075 nnstri,
3618 5014 3688 5067 liii

2114 5109 2300 5163 David.
2333 5108 2390 5163 Et
2415 5106 2562 5160 stetit
2589 5106 2766 5168 Iesus,
2807 5112 2863 5159 et
2910 5105 3114 5157 vocavit
3165 5118 3278 5167 eos,
3325 5114 3379 5157 et
3405 5104 3512 5157 ait:
3543 5104 3681 5169 Quid

2112 5201 2273 5255 vultis
2300 5209 2357 5253 ut
2374 5199 2563 5257 iaciam
2592 5197 2741 5253 vobis
2761 5196 2784 5250 ?
2808 5196 2997 5250 Dicunt
3044 5194 3117 5249 illi
3153 5214 3165 5247 :
3202 5195 3442 5258 Domine,
3475 5204 3532 5247 ut
3559 5192 3689 5262 sipo-

2111 5292 2316 5346 riantur
2346 5290 2486 5343 oculi
2519 5288 2705 5342 nostri.
2729 5287 2976 5341 Misertus
3004 5295 3180 5341 autent
3202 5300 3387 5340 eorum
3411 5287 3587 5350 Iesus,
3612 5297 3683 5341 ιρ-

2114 5381 2231 5454 tigit
2254 5382 2433 5437 oculos
2461 5396 2668 5436 eorum.
2703 5380 2767 5435 Et
2789 5378 3069 5438 cdefestim
3099 5379 3375 5447 viderunt,
3421 5391 3474 5434 et
3520 5392 3685 5451 seuit,

2104 5609 2399 5666 interprete
2430 5599 2777 5652 Ammonius:
2812 5612 2927 5665 quae
2960 5612 3057 5651 vox
3099 5614 3232 5653 nunc
3259 5599 3404 5653 abest
3447 5615 3471 5652 a
3528 5602 3681 5653 codd.

2122 5670 2335 5723 (ii-tutis.
2359 5670 2485 5723 \‘ide
2510 5670 2704 5723 Lucam
2737 5668 2889 5739 Brug.
2927 5670 3170 5726 iii"N0tat.
3199 5672 3261 5724 ad
3278 5670 3457 5729 Matth.
3490 5673 3679 5737 “.23.
