4026 6196
172 276 262 334 513

172 394 278 441 sunt
325 394 481 446 eum,
545 376 943 447 magniﬁeautes
1000 372 1280 428 Dominum
1324 381 1370 426 ³.
1433 369 1499 424 Et
1545 370 1720 423 omnis
1751 377 1825 432 Α,

172 477 305 544 plebs
336 485 390 529 ut
431 473 580 540 vidit,
632 473 782 528 dedt
831 471 1038 524 laudent
1070 468 1195 523 Deo.

716 611 942 666 CAPUT
971 609 1153 663 CXVI.

232 704 371 758 lem
396 717 547 771 super
575 702 781 755 asinum
804 700 983 821 mitem
1010 739 1023 761 ,
1053 697 1463 767 Hierosolymam
1489 693 1662 766 ingre-

914 780 1035 821 itur.

914 780 1035 822 itur.

231 914 438 969 llum.
470 925 581 978 ιιι,
612 908 738 972 1-9;
767 907 940 963 Mane.
970 923 1041 976 xt,
1094 906 1217 960 I-ll
1245 923 1260 970 ;
1300 905 1430 960 Luc.
1473 919 1582 968 ιιι,
1635 903 1735 957 29-

164 1006 334 1062 58.Et
367 1020 489 1058 eum
538 1004 1018 1073 appropinquasset
1059 1000 1474 1070 Hierosolymis,
1531 1007 1586 1052 et
1641 1013 1734 1053 ve-

169 1098 317 1151 nisset
339 1094 644 1164 Bethpbage
663 1092 730 1146 ad
761 1100 997 1147 montem
1017 1091 1232 1155 Oliveti,
1262 1101 1387 1143 tunc
1405 1088 1564 1144 Jesus
1590 1089 1735 1142 misit

170 1191 285 1241 duos
308 1186 620 1256 discipulos,
642 1183 829 1238 dicens
855 1184 933 1239 eis
990 1200 1003 1233 :
1054 1184 1127 1236 lte
1170 1182 1224 1236 in
1273 1183 1549 1237 castellum
1591 1180 1733 1249 quod

169 1286 335 1332 contra
358 1290 456 1331 vos
481 1286 592 1341 est,
619 1286 674 1328 et
703 1274 1176 1329 statimiuveuictis
1208 1273 1411 1327 asinam
1441 1273 1729 1340 alligatam,

167 1380 215 1423 et
243 1369 444 1435 pullum
475 1381 593 1421 cum
620 1382 681 1420 ea
707 1366 1002 1435 alligatum,
1032 1368 1116 1419 cui
1144 1380 1303 1419 nemo
1328 1364 1600 1419 hominum
1630 1379 1732 1417 un-

166 1474 310 1525 quam
330 1457 472 1512 sedit
498 1475 510 1509 :
536 1456 727 1511 solvite
754 1456 921 1518 illum,
952 1463 1004 1517 et
1028 1455 1273 1510 adducite
1309 1469 1432 1508 eum
1485 1454 1634 1508 mihi.
1670 1452 1736 1507 Et

167 1550 205 1603 si
235 1550 349 1618 quis
382 1548 533 1601 vobis
556 1547 751 1616 aliquid
780 1546 996 1610 dixerit,
1018 1545 1182 1601 dicite
1206 1546 1253 1600 ei
1286 1563 1299 1598 :
1329 1546 1449 1614 quia
1483 1545 1735 1599 Dominus

165 1652 366 1702 operam
397 1638 513 1705 ejus
551 1635 820 1690 desiderat
862 1652 876 1688 :
924 1646 976 1688 et
1020 1634 1300 1690 confestim
1350 1635 1507 1689 dimit
1530 1643 1583 1688 et
1618 1648 1732 1688 eos.

901 260 1476 320 EVANGIiLICARUM
1519 257 2022 339 ιιιιιιιυκιιιιυιι
2067 258 2627 319 INTERPRETATIO.

3300 267 3403 321 5:4

2389 372 2615 429 CAPUT
2654 371 2859 429 CXVII.

1834 458 1993 530 Ejicit
2029 462 2089 515 de
2120 461 2303 532 templo
2320 474 2609 538 furentes“
2635 466 2898 538 vendente:
2922 482 2960 538 ,fﬁ
2980 477 3027 519 et
3070 469 3157 520 dat
3172 472 3408 538 'respon-

2174 549 2286 586 sum
2310 532 2590 597 Pharismis
2614 537 2704 606 qui
2730 552 2783 589 se
2804 537 3074 591 extollunt.

1900 641 2112 696 ΜΑττιι.
2150 658 2255 709 ιιι,
2289 644 2488 710 IO-IG;
2523 646 2695 701 Mane.
2731 663 2805 711 ιι,
2850 647 3055 714 15-18;
3122 649 3247 703 Luc.
3298 667 3407 718 ιιι,

1832 733 1923 798 45,
1950 734 2021 788 46
2049 752 2063 800 ;
2094 735 2245 789 Ιολιη.
2280 751 2336 799 ιι,
2371 735 2551 789 14-21.
2584 736 2650 790 Et
2680 752 2797 791 cum
2827 737 3079 791 intrasset
3108 739 3411 811 Ilierosoly-

1835 840 1884 875 ιιι
1926 840 1999 889 ιιι,
2025 836 2290 880 commota
2319 836 2398 880 est
2428 827 2672 881 universa
2732 827 2942 893 civitas,
2990 829 3175 883 dicens
3218 848 3231 883 :
3282 831 3410 896 Quis

1833 928 1916 971 est
1946 919 2068 973 hic?
2092 919 2277 988 P0puli
2310 931 2485 976 autem
2514 923 2760 977 dii-ebant
2792 940 2806 977 :
2835 924 2931 979 llic
2975 936 3053 980 est
3094 927 3349 995 propheta
3379 942 3415 982 a

1835 1008 2094 1063 Nazareni
2125 1010 2379 1065 Galilmaa.
2408 1014 2472 1066 Et
2504 1014 2722 1068 intravit
2752 1014 2905 1070 Jexus
2935 1017 2986 1070 in
3020 1019 3269 1087 templum
3294 1020 3409 1074 Dei.

1836 1098 2039 1154 Etcum
2073 1100 2288 1156 fecisset
2318 1103 2467 1171 quasi
2521 1103 2785 1176 ﬂagellum
2816 1108 2882 1162 de
2934 1110 3205 1175 funiculis,
3230 1112 3411 1181 ejicie-

1835 1189 1925 1244 bat
1951 1205 2138 1246 omnes
2160 1194 2452 1250 vendentes
2473 1206 2525 1249 et
2542 1209 2779 1253 ementes
2804 1200 2855 1253 in
2878 1201 3100 1269 templo,
3124 1218 3252 1258 oves
3278 1196 3407 1273 quo-

1834 1295 1939 1350 que
1990 1290 2047 1335 et
2098 1282 2309 1347 boves;
2362 1294 2413 1340 et
2474 1287 2952 1344 nummulariorum
2998 1291 3184 1346 ell‘udit
3226 1307 3322 1356 aes,
3356 1304 3411 1348 et

1836 1387 2050 1427 mensas
2103 1375 2580 1453 nummulariorum
2636 1387 2690 1433 et
2732 1379 3014 1436 cathedras
3058 1383 3402 1438 vendentium

1835 1465 2108 1522 columbas
2135 1468 2345 1522 evertit.
2383 1470 2447 1523 Et
2474 1470 2600 1524 dicit
2628 1472 2706 1526 eis
2736 1488 2749 1525 :
2786 1471 3003 1529 Auferte
3027 1474 3127 1529 ista
3156 1475 3301 1543 hinc,
3359 1487 3415 1532 et

1837 1559 2003 1613 nolite
2034 1558 2208 1614 facere
2229 1558 2445 1615 domum
2470 1560 2643 1616 Patris
2666 1563 2766 1616 mei
2785 1564 2999 1617 domum
3014 1566 3409 1635 negotiationis.

1840 1649 2108 1719 Scriptum
2138 1658 2257 1705 est:
2292 1650 2488 1705 Domus
2520 1666 2658 1720 mea,
2691 1652 2883 1709 domus
2912 1655 3167 1709 orationis
3205 1655 3415 1710 vocabi-

172 1730 357 1785 Euutes
386 1741 563 1784 autem
595 1728 869 1797 dISt‘IpUII,
903 1727 1142 1811 τεεβιιιιιι
1181 1728 1319 1782 SICUI
1353 1730 1604 1795 prmcepit
1633 1727 1735 1780 IIIIS
1771 1741 1810 1798 Β
1842 1750 1924 1792 ιω·
1964 1740 2212 1794 omnibus
2240 1742 2518 1811 saltibus,
2551 1758 2646 1798 vos
2693 1750 2871 1797 autem
2903 1744 3103 1798 fecistis
3132 1745 3271 1798 ﬂuam
3293 1760 3416 1811 spe-

167 1821 325 1876 Jesus.
361 1818 713 1875 Solventibus
742 1829 916 1873 autem
960 1810 1060 1873 illis
1088 1818 1311 1887 pullum,
1337 1819 1585 1873 dixerunt
1637 1818 1729 1872 do-

170 1913 282 1965 IIIIIII
305 1911 429 1980 ejus
482 1911 549 1964 ad
605 1910 773 1965 illos:
828 1910 964 1977 Quid
1015 1911 1221 1965 solvitis
1264 1908 1507 1979 pullum?
1564 1910 1632 1963 At
1662 1907 1735 1962 illi

171 2006 428 2065 dixerunt,
458 2003 581 2070 quia
613 2001 836 2055 Domino
865 2002 1200 2056 necessuius
1253 2011 1335 2055 est
1365 2018 1379 2065 ;
1411 2011 1463 2054 et
1516 2001 1736 2054 dimise-

174 2109 277 2149 runt
305 2096 447 2149 itlos.
481 2095 547 2148 Et
575 2094 845 2149 duxerunt
875 2094 1078 2163 pullum
1106 2094 1171 2146 ad
1201 2092 1384 2148 Iesum
1419 2110 1434 2144 :
1463 2102 1516 2162 et
1534 2092 1741 2161 jactatio

174 2195 243 2238 tes
264 2185 580 2240 vestimenta
609 2199 704 2238 sua
734 2198 894 2253 supra
918 2185 1135 2252 pullum,
1158 2199 1280 2238 eum
1299 2184 1527 2251 desuper
1552 2183 1740 2237 sedere

175 2277 427 2331 iecerunt.
453 2277 564 2337 lloc
591 2286 764 2335 autem
790 2276 986 2332 factum
1011 2286 1093 2333 est
1120 2277 1163 2341 δ,
1191 2288 1247 2331 ιιι
1272 2278 1581 2342 impleretur
1600 2276 1739 2345 quod

174 2369 354 2423 dictum
391 2378 476 2423 est
504 2383 599 2437 per
645 2369 980 2437 pr0phctam,
1014 2370 1316 2423 dicentem:
1349 2371 1365 2390 ⁴
1399 2369 1565 2421 Dicite
1609 2369 1731 2421 illic

177 2457 288 2513 Sion
314 2476 327 2511 :
365 2459 507 2514 Ecce
529 2474 622 2514 rex
654 2467 776 2512 tuus
806 2459 951 2512 venit
973 2458 1069 2511 tibi
1090 2467 1415 2523 mansuetus,
1442 2457 1633 2511 sedens
1654 2471 1744 2511 su-

175 2565 257 2615 per
283 2550 487 2619 pullum
515 2550 681 2603 asina:
698 2548 989 2619 sulijugalis
1020 2546 1155 2616 (Isa.
1187 2564 1312 2612 LXII,
1340 2548 1434 2613 ll;
1468 2548 1630 2601 Zach.
1665 2562 1739 2612 ιι,

173 2638 241 2709 9).
266 2671 334 2681 —
366 2640 529 2696 lout.
563 2656 657 2705 ιιι,
690 2641 778 2695 16.
828 2641 951 2694 Haec
973 2656 1075 2694 non
1107 2649 1468 2711 cognoverunt
1498 2640 1740 2707 discipuli

171 2732 275 2797 ejus
294 2733 531 2801 primum
552 2746 569 2797 ;
590 2730 685 2786 sed
714 2731 924 2800 quando
949 2731 1274 2800 gloritlcatus
1297 2739 1380 2787 est
1404 2731 1581 2797 Iesus,
1609 2739 1734 2784 tunc

174 2824 433 2878 recordati
462 2833 590 2879 sunt
617 2824 736 2893 quia
778 2823 895 2878 haec
920 2833 1074 2878 erant
1101 2824 1298 2893 scripta
1322 2824 1388 2878 de
1412 2838 1478 2876 eo
1506 2840 1520 2876 :
1550 2832 1603 2878 et
1632 2823 1745 2878 haec

175 2912 410 2969 {elerum
436 2916 505 2969 ei.
537 2915 707 2969 Eunte
754 2926 928 2968 autem
976 2914 1092 2978 illo,
1144 2916 1293 2969 multi
1338 2916 1747 2969 substernebnnt

174 3007 488 3059 vestimenta
520 3019 615 3059 sua
644 3005 696 3059 iu
729 3006 809 3059 via
846 3022 859 3058 :
893 3006 984 3059 alii
1013 3014 1188 3059 autem
1246 3005 1522 3059 caedebant
1572 3021 1747 3060 ramos

1836 1827 2342 1888 luncam'latronum
2374 1832 2505 1904 (Ita.
2528 1849 2635 1904 LVI,
2666 1835 3118 1908 7;Jer.vrt,II).Et
3144 1850 3245 1889 non
3272 1836 3418 1890 sine-

1837 1922 1926 1978 bat
1960 1937 2011 1977 ut
2037 1924 2316 1994 quisquam
2340 1925 2651 1980 transferret
2683 1940 2781 1980 vas
2804 1941 2899 1995 per
2927 1926 3200 1996 templum.
3224 1926 3419 1980 [iecur-

1838 2013 1945 2067 dati
1964 2022 2087 2067 sunt
2116 2027 2244 2067 vero
2260 2012 2503 2082 discipuli
2530 2013 2646 2084 ejus
2696 2015 2816 2083 quia
2854 2014 3113 2084 scriptum
3160 2023 3241 2085 est
3271 2032 3283 2066 :
3318 2013 3419 2067 Ze-

1839 2105 1922 2158 lus
1948 2103 2139 2157 domus
2167 2112 2271 2158 tua;
2294 2104 2529 2162 comedit
2579 2120 2664 2159 me
2723 2104 2896 2173 (l’sal.
2952 2121 3133 2169 vattt,
3178 2104 3290 2175 l0).
3352 2105 3420 2158 Et

1839 2202 2181 2249 accesserunt
2202 2194 2268 2247 ad
2299 2210 2420 2250 eum
2451 2197 2579 2249 caeci
2605 2205 2657 2249 et
2688 2196 2861 2249 claudi
2894 2196 2945 2249 in
2996 2197 3210 2264 templo,
3252 2209 3303 2249 et
3332 2212 3418 2250 sa-

1844 2286 1985 2337 navit
2019 2298 2131 2337 eos.
2164 2283 2414 2339 Videutes
2461 2296 2639 2338 autem
2688 2286 2953 2354 principes
2996 2287 3328 2339 sacerdotum
3365 2296 3421 2339 et

1842 2376 2032 2429 scribae
2067 2376 2325 2428 mirabilia
2358 2391 2473 2445 quae
2499 2374 2641 2440 fecit,
2679 2386 2733 2430 et
2793 2391 2987 2437 pueros
3021 2377 3317 2431 clamames
3366 2377 3418 2430 in

1846 2477 1974 2529 tem;
1998 2468 2072 2527 lo.
2101 2478 2153 2521 et
2184 2469 2420 2522 dicentes
2456 2486 2467 2520 :
2500 2468 2745 2522 Ilosanna
2786 2469 2892 2522 lilio
2936 2469 3123 2533 David,
3168 2470 3419 2538 indignati

1844 2569 1968 2612 sunt
1990 2598 2003 2620 ,
2033 2568 2085 2612 et
2117 2559 2366 2612 dixerunt
2394 2559 2443 2613 ei
2493 2576 2507 2612 :
2537 2560 2703 2613 Audis
2725 2561 2849 2629 quid
2890 2561 2975 2613 isti
3006 2559 3187 2614 dicunt
3217 2562 3238 2613 ?
3268 2562 3422 2615 JeSus

1840 2661 2022 2727 autem
2067 2651 2193 2703 dicit
2219 2652 2338 2705 eis:
2386 2649 2598 2716 Utique.
2645 2649 2923 2717 Nunquam
2975 2652 3174 2721 legistis
3228 2668 3243 2706 ι
3290 2652 3421 2718 Quia

1846 2757 1911 2795 ex
1974 2740 2397 2807 orerinfautium
2440 2750 2494 2797 et
2542 2742 2849 2795 lactentium
2906 2741 3174 2810 perfecisti
3210 2743 3420 2795 laudem

1848 2828 2018 2901 (Psal.
2055 2846 2163 2895 vni,
2189 2830 2289 2899 5)?
2339 2830 2747 2898 Responderunt
2790 2847 2916 2900 ergo
2961 2831 3128 2885 Juda'i
3171 2843 3223 2889 et
3269 2833 3422 2886 dixe-

1849 2932 1968 2975 runt
1990 2923 2036 2976 ei
2061 2938 2074 2974 :
2100 2921 2251 2987 Quod
2281 2922 2487 2990 signum
2518 2923 2756 2977 ostendis
2780 2925 2955 2989 nobis,
2982 2924 3104 2990 quia
3131 2924 3241 2978 lucc
3258 2923 3416 2977 lueis?

1850 3011 2199 3081 Respondeas
2226 3011 2406 3081 Iesus,
2433 3012 2673 3081 dixiteis
2705 3029 2719 3066 :
2754 3013 2957 3068 Solvite
2989 3014 3240 3082 templum
3299 3015 3422 3076 boc,

177 3094 236 3149 de
260 3096 574 3162 arboribus,
613 3107 666 3151 et
688 3098 1000 3153 sternebant
1044 3098 1096 3151 in
1131 3098 1232 3153 via.
1269 3098 1331 3151 Et
1380 3114 1500 3152 eum
1553 3113 1748 3168 appro-
1775 3116 1819 3179 ρ
1850 3111 1906 3157 et
1929 3102 1981 3156 in
2003 3103 2171 3156 tribus
2202 3102 2389 3157 diebus
2420 3101 2665 3157 excitabo
2695 3100 2844 3156 illud.
2878 3103 3133 3157 Dixerunt
3180 3118 3307 3173 ergo
3328 3102 3427 3157 Ju-

177 3188 462 3258 pinquaret
480 3188 590 3257 jam
620 3189 685 3242 ad
714 3189 1031 3244 descensum
1081 3192 1279 3244 montis
1309 3188 1525 3254 Uliveti,
1571 3204 1749 3259 coepe-

176 3279 692 3333 runtomnesturbae
712 3278 1149 3333 descendentium
1189 3277 1482 3347 gaudentes
1532 3276 1750 3334 laudare

176 3370 334 3424 Deum
364 3385 505 3425 voce
533 3384 744 3439 magna.
770 3371 962 3425 Turbae
1011 3378 1187 3426 autem
1220 3386 1337 3440 qua:
1379 3370 1753 3441 praecedebant

176 3471 361 3531 etque
390 3462 773 3531 sequebantur,
822 3462 1124 3518 clamabant
1165 3463 1405 3517 dicentes
1444 3478 1458 3513 :
1503 3461 1750 3515 llosanna

175 3550 278 3606 ﬁlio
325 3550 542 3616 David;
594 3552 906 3608 benedictus
940 3553 1031 3622 qui
1084 3554 1226 3608 venit
1267 3567 1383 3617 rex,
1428 3553 1480 3606 in
1538 3550 1752 3607 nomine

179 3641 383 3697 Domini
417 3658 432 3706 ;
466 3657 566 3712 pax
588 3642 640 3696 in
682 3643 843 3707 caelo,
875 3651 931 3697 et
975 3643 1143 3712 gloria
1169 3644 1222 3697 in
1270 3643 1546 3706 excelsis;
1590 3642 1751 3695 bene-

171 3733 372 3801 dictum
405 3734 547 3802 qu~d
578 3734 721 3787 venit
750 3748 969 3801 regnum
1001 3734 1165 3803 patris
1195 3732 1363 3787 nostri
1407 3732 1590 3786 David.
1644 3731 1752 3785 Ilo-

174 3836 335 3878 sanna
364 3825 417 3879 in
439 3825 690 3880 excelsis.
717 3853 790 3868 -—
814 3824 968 3879 Joan.
998 3841 1094 3889 ιιι,
1121 3824 1310 3878 12-“.
1361 3823 1416 3877 In
1459 3822 1748 3878 crastinum

170 3923 343 3967 autem
370 3913 526 3967 turba
552 3914 717 3968 multa
734 3928 852 3982 qua
883 3922 1099 3967 venerat
1125 3914 1192 3967 ad
1215 3914 1354 3967 diem
1379 3913 1596 3979 festum,
1626 3927 1748 3966 cum

174 4005 446 4060 audissent
475 4008 600 4075 quia
645 4005 794 4059 venit
845 4003 1003 4060 Iesus
1054 4004 1498 4074 Hieroso'ymam,
1536 4017 1754 4071 accepe-

174 4107 294 4151 runt
322 4111 507 4152 ramos
532 4098 850 4166 palmarum,
881 4106 934 4151 et
954 4107 1328 4164 processerunt
1352 4094 1561 4148 obviam
1598 4094 1670 4158 ei,
1699 4105 1751 4147 et

173 4189 477 4242 clamabant
508 4205 520 4239 :
556 4188 1148 4254 Ilusanua,benedictus
1174 4189 1262 4257 qui
1286 4186 1428 4241 venit
1458 4186 1510 4239 iu
1538 4186 1753 4239 nomine

169 4278 406 4347 Domini,
434 4296 527 4335 rex
557 4280 743 4335 Israel.
773 4307 841 4322 --
865 4280 995 4335 Luc.
1038 4296 1149 4346 ιιι,
1203 4279 1392 4335 59-44.
1425 4278 1492 4332 Ει
1533 4277 1749 4346 quidam

169 4367 565 4424 Pharisaeorum
594 4372 660 4425 de
674 4370 844 4425 turbis
866 4371 1115 4424 dixerunt
1154 4370 1219 4424 ad
1251 4369 1399 4421 illum
1435 4384 1449 4420 :
1476 4368 1749 4437 Magister,

1851 3194 1954 3248 daei
1984 3214 1995 3248 :
2025 3193 2380 3264 Quadraginta
2410 3203 2461 3248 et
2489 3208 2581 3249 sex
2615 3195 2769 3249 annis
2810 3195 3126 3249 :ediﬁcatum
3174 3204 3259 3250 est
3295 3206 3428 3250 tem-

1852 3285 1994 3355 plum
2024 3286 2147 3351 hoc,
2178 3294 2230 3339 et
2255 3293 2306 3338 tu
2338 3282 2506 3339 tribus
2529 3284 2717 3339 diebus
2746 3285 3006 3339 excitabis
3029 3284 3195 3339 illud?
3219 3286 3308 3340 ille
3332 3302 3429 3339 au-

1853 3386 1959 3432 tem
1988 3377 2202 3431 dicebat
2220 3375 2287 3431 de
2307 3374 2503 3445 templo
2525 3374 2765 3444 corporis
2795 3377 2899 3430 sui.

2379 3489 2609 3547 CAPUT
2631 3489 2862 3545 CXVIII.

1850 3580 2004 3636 Iesus
2026 3576 2250 3649 prctulit
2278 3582 2471 3635 ceteris
2526 3582 2752 3645 viduam,
2787 3592 2994 3649 propter
3037 3580 3139 3633 duo
3186 3556 3290 3634 ivra
3342 3582 3431 3633 nti-

1921 3664 2044 3704 nuta
2075 3666 2094 3705 :
2120 3652 2408 3721 adjuugens
2435 3652 2730 3719 parabolam
2751 3654 2813 3704 de
2857 3651 3119 3705 I’Itariswa
3165 3662 3210 3704 et
3246 3650 3427 3703 Publi-

1921 3738 2071 3787 eano,
2097 3732 2271 3774 contra
2299 3737 2383 3775 eos
2408 3722 2496 3790 qui
2516 3736 2569 3773 se
2597 3723 2866 3774 extolfum.

1923 3823 2097 3878 Mane.
2130 3836 2225 3886 ιιι,
2253 3819 2448 3884 41-44;
2477 3818 2606 3874 Luc.
2635 3834 2745 3886 ιιι,
2780 3818 2891 3872 1-4.
2912 3818 3223 3888 Respiciens
3252 3830 3428 3870 autem

1852 3916 1984 3968 vidit
2013 3928 2107 3967 eos
2129 3914 2217 3980 qui
2247 3911 2533 3967 mittebant
2562 3926 2782 3965 munera
2813 3912 2972 3964 suain
2996 3909 3430 3979 gamphjlacium

1852 4008 2069 4062 divites.
2103 4004 2247 4059 Vidit
2274 4013 2450 4059 autem
2481 4013 2535 4058 et
2569 4002 2851 4072 quamdam
2881 4001 3091 4055 viduam
3140 4015 3432 4068 paupercu-

1852 4097 1981 4162 lam,
2006 4095 2305 4149 mittentem
2337 4109 2441 4148 azra
2471 4092 2674 4147 minuta
2706 4092 2836 4157 duo,
2858 4091 2997 4160 quod
3029 4101 3113 4144 est
3142 4091 3429 4160 quadrans.

1856 4189 1920 4244 Et
1948 4202 2250 4243 convocans
2276 4186 2569 4256 discipulos
2595 4200 2741 4255 suos,
2760 4185 2834 4241 ait
2868 4186 2969 4239 illis
2996 4204 3008 4239 :
3037 4184 3173 4240 Vere
3195 4184 3313 4237 dico
3341 4200 3434 4237 vo-

1853 4283 1957 4343 bis.
1983 4281 2105 4352 quia
2133 4279 2292 4337 vidua
2318 4280 2433 4335 haec
2467 4295 2664 4349 pauper
2688 4279 2804 4349 plus
2830 4294 2987 4349 quam
3028 4294 3215 4333 omnes
3265 4278 3431 4335 misit.

1858 4376 1985 4426 bam
2018 4385 2206 4426 omnes
2232 4370 2285 4426 hi
2314 4385 2378 4427 ex
2402 4370 2691 4426 abundanti
2718 4371 2819 4425 sibi
2843 4372 3101 4425 miserunt
3123 4370 3175 4424 in
3207 4383 3431 4423 munera

165 4458 390 4530 increpa
415 4460 709 4530 discipulos
734 4460 1099 4527 tuos.Quibus
1124 4461 1237 4528 ipse
1265 4458 1340 4512 ait
1370 4475 1384 4510 :
1416 4458 1544 4512 Dico
1574 4457 1744 4524 vobis,
1778 4486 1829 4544 Β
1855 4463 1947 4517 Dei
1976 4486 1987 4517 :
2015 4463 2130 4517 haec
2159 4472 2335 4516 autem
2359 4477 2428 4517 ex
2452 4476 2516 4517 eo
2539 4461 2679 4531 quod
2702 4461 2853 4516 deest
2884 4462 2981 4527 illi,
3026 4472 3194 4516 totum
3235 4462 3434 4517 vietum

163 4554 287 4621 quia
308 4554 359 4608 si
384 4554 438 4607 bi
472 4552 750 4619 tacuerint,
779 4553 983 4623 lapides
1003 4551 1330 4606 clamabunt.
1363 4550 1428 4602 Et
1462 4548 1749 4617 appmpin-

163 4647 347 4714 quavit
380 4646 737 4712 Hierusalem,
772 4656 826 4701 et
850 4644 1038 4699 videns
1072 4643 1340 4698 civitatem
1394 4642 1543 4695 llevit
1586 4653 1749 4708 super

161 4736 310 4792 illam
340 4737 530 4790 dicens
559 4754 573 4789 :
606 4737 739 4803 Quia
760 4737 804 4791 si
835 4736 1176 4804 cognovisset;
1199 4743 1253 4787 et
1270 4742 1345 4797 tu,
1375 4742 1428 4785 et
1448 4730 1664 4800 quidem
1693 4731 1746 4783 in

162 4826 262 4882 bac
315 4827 411 4881 die
435 4836 545 4893 tua,
577 4843 696 4897 qua:
750 4826 814 4881 ad
841 4841 1020 4895 pacem
1046 4826 1140 4879 tibi
1173 4842 1188 4879 :
1218 4838 1357 4878 nunc
1400 4833 1575 4876 autem
1628 4820 1749 4875 abs-

158 4917 385 4972 condita
438 4926 561 4970 sunt
580 4918 649 4970 ab
673 4917 841 4970 oculis
857 4916 978 4969 tuis.
1008 4914 1140 4980 Quia
1170 4914 1382 4968 venient
1412 4912 1529 4967 dies
1569 4912 1621 4967 in
1646 4920 1697 4966 te
1725 4924 1743 4966 :

162 5017 213 5061 et
241 5008 659 5062 circumdabunt
679 5017 730 5061 te
757 5007 952 5060 inimici
988 5005 1060 5058 tui
1102 5005 1256 5068 vallo,
1287 5003 1318 5037 ν’
1348 5011 1402 5056 et
1426 5010 1746 5070 coangusta-

156 5100 291 5154 bunt
324 5111 381 5154 te
415 5101 667 5169 undique,
699 5109 751 5154 et
776 5100 840 5153 ad
856 5109 1052 5155 terram
1096 5103 1438 5167 prosternent
1467 5104 1539 5155 te,
1593 5102 1647 5147 et
1687 5092 1747 5145 li-

158 5192 257 5247 lios
279 5194 311 5226 ¹⁵
340 5194 438 5262 qui
481 5180 532 5249 in
566 5203 618 5247 te
639 5204 759 5247 sunt
779 5210 792 5257 ;
816 5201 870 5246 et
900 5207 1006 5247 non
1044 5190 1341 5259 relinquent
1364 5188 1416 5242 in
1444 5195 1494 5242 te
1517 5185 1744 5255 lapidem

153 5298 323 5353 super
358 5285 611 5352 lapidem,
639 5299 703 5339 eo
716 5282 853 5355 quod
887 5297 993 5339 non
1024 5280 1340 5352 cognoveris
1372 5288 1581 5348 tempus
1624 5276 1750 5330 visi-

153 5377 388 5430 tationis
420 5384 538 5433 tuae.

221 5525 248 5554 ⁸
281 5514 539 5583 Legimus
569 5516 620 5570 in
650 5512 742 5569 Gr.
772 5513 904 5583 Luc.
926 5527 1075 5581 xvnt,
1107 5512 1194 5580 15,
1226 5511 1328 5577 δοξ.
1382 5513 1462 5568 τὶν
1482 5510 1621 5569 Θεὸν.
1647 5507 1736 5563 Sic

149 5596 202 5642 ιι
230 5587 287 5639 in
324 5582 505 5654 γωδ,
532 5585 744 5655 magni].
776 5582 954 5639 Deum.

225 5657 252 5694 ι
310 5649 513 5723 Vulgi}
545 5649 659 5707 Hoc
708 5649 871 5708 autem
920 5664 1081 5708 totum
1130 5654 1320 5718 factum
1374 5649 1734 5723 (staAdtlitur

155 5738 325 5785 totum
367 5721 723 5781 co'useutanee
774 5727 958 5782 Graeco
1013 5737 1066 5781 et
1118 5725 1295 5799 Syro,
1356 5721 1495 5795 quod
1556 5733 1727 5778 tamen

1851 4570 2004 4607 suum
2036 4568 2191 4622 quem
2217 4552 2585 4607 babuitmisit.
2630 4581 2695 4591 —
2718 4551 2846 4607 Ll'C.
2884 4568 3030 4619 xvm,
3056 4552 3207 4607 9-14.
3291 4551 3436 4605 Dixit

1852 4653 2029 4698 autem
2054 4644 2119 4697 ad
2146 4642 2402 4714 quosdam
2427 4642 2514 4712 qui
2538 4642 2590 4696 in
2624 4658 2681 4697 se
2706 4643 3045 4697 conﬁdebant
3074 4655 3319 4710 tanquam
3346 4641 3433 4708 ju-

1851 4735 1942 4801 sti,
1968 4744 2023 4789 et
2053 4734 2483 4804 aspernabantur
2503 4744 2745 4797 caeteros,
2773 4734 3075 4802 parabolam
3106 4735 3279 4785 istam.
3316 4731 3431 4783 Duo

1852 4823 2099 4877 homines
2155 4823 2513 4877 ascenderunt
2555 4822 2606 4875 in
2641 4824 2893 4891 templum
2919 4832 2971 4874 ut
3002 4827 3216 4872 orarent
3248 4834 3263 4871 :
3296 4832 3434 4872 unus

1850 4913 2178 4981 Pharisacus,
2203 4921 2258 4967 et
2276 4912 2410 4967 alter
2428 4911 2761 4980 publicanus.
2792 4909 3089 4963 Pbarisaaus
3116 4918 3283 4969 stans,
3313 4906 3431 4961 haze

1848 5006 1988 5074 apud
2040 5020 2100 5060 se
2148 5003 2335 5059 orabat
2367 5020 2379 5055 :
2414 5003 2575 5069 Deus,
2635 5003 2832 5072 gratias
2880 5015 2979 5069 ago
3017 4999 3147 5063 tibi,
3178 5001 3296 5069 quia
3328 5017 3431 5054 nou

1850 5113 1967 5152 sum
1992 5097 2319 5151 sicutcieteri
2347 5096 2645 5159 hominum,
2670 5101 2935 5160 raptores,
2958 5091 3432 5158 injusti,ailulteri,

1852 5189 1993 5240 velut
2020 5185 2180 5239 etiam
2210 5186 2293 5239 hic
2331 5185 2670 5256 publicanus.
2726 5181 2918 5249 Jejuno
2960 5181 3039 5235 bis
3086 5181 3139 5234 in
3187 5182 3433 5247 sabbato,

1853 5275 2087 5330 decimas
2114 5274 2183 5329 do
2205 5274 2445 5328 omnium
2474 5288 2589 5345 quat
2643 5273 2911 5341 possideo.
2957 5271 3021 5325 Et
3070 5271 3375 5339 publicanus
3406 5287 3432 5323 θ

1852 5366 2009 5439 longe
2030 5375 2203 5435 stans,
2232 5364 2788 5421 nolebatnecoculnm
2810 5365 2841 5400 “
2871 5365 3075 5427 levare,
3102 5363 3191 5416 sed
3242 5379 3434 5430 jwrm.

1838 5505 2053 5577 quidam
2083 5505 2201 5579 boni
2229 5505 2351 5579 libri
2380 5506 2657 5579 omittunt,
2672 5505 2856 5579 judice
2899 5504 3036 5579 Luca
3090 5501 3247 5579 Drug.
3276 5501 3432 5579 Deest

1840 5572 2049 5645 quo-lue
2101 5577 2203 5632 ὅλον
2235 5576 2285 5630 in
2315 5576 2468 5632 Cant.
2507 5586 2563 5631 et
2615 5572 2814 5644 aliquot
2864 5572 3218 5638 versionbus,
3252 5583 3305 5624 ut
3361 5572 3430 5630 κιο

1839 5649 1964 5704 dero
1993 5660 2074 5705 est
2100 5647 2236 5718 apud
2269 5647 2507 5707 Millium.
