4026 6196
541 287 643 340 515

1670 271 1981 329 VICTORIS
2020 266 2319 324 EPISCOPI
2359 265 2653 325 CAPUANI

3685 265 3791 321 516

540 401 704 453 tiebat
735 405 921 466 pectus
935 409 1112 460 suum,
1133 392 1348 447 dicens:
1372 390 1536 452 Deus,
1572 386 1827 457 propitius
1849 394 1964 438 esto
1983 381 2123 466 mihi
2142 386 2188 441 Δ
2216 380 2408 434 iterum
2430 381 2575 435 venit
2604 378 2657 432 in
2690 375 2964 444 templum.
2988 373 3059 429 Et
3076 375 3252 429 omnis
3298 374 3525 446 populus
3550 377 3701 433 venit
3724 378 3794 435 ad

540 462 826 559 peccati-gi.
858 487 987 540 Dico
1027 485 1181 538 vobis
1235 501 1249 536 :
1278 480 1556 536 descendit
1594 479 1680 531 hic
1712 462 2125 549 justilicatusiu'
2210 486 2359 539 ctua,
2386 478 2444 524 et
2468 470 2661 525 sedens
2685 469 2908 523 docebat
2930 482 3045 520 eos.

538 584 757 636 domum
779 596 930 636 suam
955 578 1026 635 ab
1052 579 1141 634 ιιι-ν
1162 579 1315 647 ;qoia
1336 575 1620 645 omnisqui
1640 587 1700 628 se
1718 573 1917 629 esaltat
1938 570 2116 625 humi-

540 672 782 736 liabitur,
804 680 859 727 et
876 672 967 741 qui
990 685 1053 725 se
1073 666 1664 724 bumiliatexaltabitar.
1682 693 1751 704 —
1770 663 1977 718 Ima.
2001 676 2113 729 ιιι,

542 765 642 827 l7,
674 763 850 817 hinc.
877 777 954 828 ιι,
980 762 1069 815 ll.
1096 762 1160 814 Et
1186 758 1386 813 relictis
1415 757 1543 821 illis,
1592 770 1713 811 cum
1749 756 1859 823 jam
1894 768 2117 823 vespera

547 867 689 907 esset
715 855 867 918 hora,
887 851 1020 906 abiit
1055 850 1199 904 foras
1228 860 1379 903 extra
1402 847 1676 901 civitatem
1711 845 1762 897 in
1783 842 2115 908 Bethanium,

548 945 728 1013 ibique
751 943 1267 1011 mansit.—Lue.1,x,
1294 940 1351 993 ll
1366 979 1379 992 .
1396 939 1647 993 Etscieus
1669 936 1820 990 turba
1842 934 1983 1003 quod
1994 934 2121 988 exiit

542 1045 693 1089 extra
716 1035 1008 1099 civitatem,
1038 1034 1208 1088 secuti
1239 1040 1363 1085 sunt
1383 1045 1526 1084 eum.
1558 1029 1622 1082 Et
1667 1028 1968 1096 suscipiens
2027 1038 2122 1080 eos

552 1130 745 1197 quibus
772 1128 1069 1185 necessaria
1092 1136 1205 1182 erat
1232 1138 1383 1190 cura,
1402 1121 1645 1178 sanabat.

1100 1263 1327 1321 CAPUT
1364 1261 1555 1319 CXIX.

762 1356 843 1413 De
880 1357 1161 1412 Nicodemo
1189 1356 1273 1424 qui
1301 1363 1432 1408 rem!
1459 1353 1526 1406 ad
1555 1351 1732 1406 Iesum
1759 1358 1923 1403 nocte.

617 1469 772 1524 loss.
796 1484 876 1534 ιιι,
911 1466 1058 1521 I-2l.
1091 1466 1213 1520 Erat
1253 1476 1430 1518 autem
1492 1464 1652 1517 homo
1700 1474 1764 1517 ex
1815 1456 2123 1522 Pliarisais,

546 1559 871 1615 Nicodcmus
894 1557 1129 1622 nomine,
1182 1556 1430 1624 princeps
1458 1554 1786 1608 Iudaeorum.
1836 1550 1932 1606 Hic
1984 1546 2127 1602 venit

550 1654 617 1704 ad
644 1667 766 1705 eum
797 1659 983 1716 nocte,
1016 1657 1071 1703 et
1097 1648 1228 1703 dixit
1281 1648 1328 1702 ei
1383 1664 1398 1702 :
1441 1647 1631 1713 llabbi,
1684 1644 1885 1699 scimus
1926 1643 2048 1714 quia
2095 1656 2126 1695 a

552 1741 665 1794 Deo
694 1740 887 1793 venisti
929 1740 1218 1808 magister:
1244 1752 1401 1791 nemo
1432 1736 1575 1791 enim
1609 1744 1786 1805 potest
1828 1734 1943 1788 haec
1976 1732 2124 1803 signa
2158 1751 2202 1812 Β

554 1835 730 1886 facere
752 1847 870 1901 qua:
900 1841 954 1884 tu
985 1829 1253 1897 facis,nisi
1280 1828 1438 1885 fuerit
1458 1829 1595 1883 Deus
1641 1841 1762 1881 cum
1795 1825 2131 1894 eo.l'iespon-

553 1925 631 1979 dit
656 1923 846 1992 Jesus,
877 1923 1092 1978 etdixlt
1112 1922 1161 1978 ei
1198 1940 1209 1975 :
1242 1924 1435 1988 Amen,
1486 1935 1643 1975 amen
1690 1918 1813 1974 dico
1860 1918 1977 1983 tibi,
2029 1917 2128 1971 nisi

554 2015 675 2082 quis
700 2026 853 2067 natus
881 2014 1042 2068 fuerit
1068 2013 1262 2074 denuo,
1299 2027 1402 2066 non
1454 2021 1626 2081 poteSI
1675 2010 1860 2064 videre
1903 2021 2126 2077 regnum

557 2104 670 2158 Dei.
701 2105 835 2158 ltieit
864 2106 928 2157 ad
959 2118 1077 2158 eum
1098 2103 1417 2157 Nicodemus
1444 2118 1458 2155 :
1503 2100 1778 2166 Quomodo
1824 2108 1995 2168 potet
2032 2098 2130 2151 ho-

555 2209 644 2247 mo
674 2196 838 2257 nasci,
874 2209 996 2247 eum
1029 2196 1097 2248 sit
1142 2192 1339 2247 senex?
1385 2190 1633 2260 Nunqu'd
1687 2199 1860 2258 potest
1902 2189 1953 2241 in
2003 2202 2132 2240 ven-

557 2299 693 2343 trem
718 2289 901 2343 matris
920 2303 1029 2342 sum
1048 2290 1240 2341 iterato
1268 2286 1489 2340 introire
1505 2285 1601 2338 et‘
1627 2283 1809 2337 nasci?
1840 2280 2135 2351 Respondit

559 2381 719 2435 Jesus
755 2398 766 2431 :
801 2381 1005 2447 Amen,
1046 2392 1202 2432 amen
1248 2376 1371 2430 dico
1429 2374 1545 2440 tibi,
1603 2373 1703 2428 nisi
1754 2372 1874 2441 quis
1917 2380 2134 2425 renatus

555 2469 713 2524 fuerit
742 2484 806 2525 ex
837 2483 975 2536 aqua
990 2478 1042 2522 et
1085 2467 1286 2538 Spiritu
1301 2467 1352 2534 δι,
1378 2481 1483 2520 non
1517 2473 1690 2533 potest
1714 2462 1933 2516 introire
1973 2462 2023 2516 in
2047 2477 2134 2517 re-

555 2578 716 2632 gnum
747 2562 861 2616 Dei.
890 2560 1040 2628 Quod
1112 2568 1291 2612 natum
1364 2567 1441 2611 est
1485 2570 1550 2611 ex
1607 2569 1770 2609 carne
1806 2568 1930 2608 caro
1955 2562 2057 2617 est,
2080 2560 2135 2606 et

556 2654 695 2723 quod
726 2663 904 2707 natum
936 2662 1015 2705 e~t
1042 2667 1104 2705 ex
1134 2651 1333 2718 Spiritu
1367 2650 1584 2716 spiritus
1622 2656 1722 2702 est.
1756 2648 1867 2699 Non
1922 2643 2133 2706 mireris

556 2746 676 2813 quin
702 2745 808 2798 dixi
842 2742 952 2806 tibi,
986 2750 1193 2811 oportet
1224 2754 1318 2793 vos
1341 2740 1485 2792 nasci
1536 2737 1733 2791 denuo.
1790 2734 2023 2803 Spiritus
2049 2733 2136 2787 ubi

558 2838 670 2890 \ult
693 2834 856 2901 Spirat
882 2850 895 2885 :
926 2844 976 2887 et
1008 2846 1191 2885 vocem
1217 2830 1334 2900 ejus
1364 2828 1534 2891 audis,
1570 2828 1662 2881 sed
1709 2840 1813 2880 non
1862 2824 1966 2878 scis
1996 2824 2136 2878 unde

559 2924 762 2990 veniat,
786 2935 835 2979 et
858 2937 964 2992 quo
991 2925 1166 2974 vadat.
1197 2920 1287 2974 Sic
1317 2930 1395 2973 est
1419 2920 1593 2971 omnis
1614 2918 1701 2985 qui
1737 2925 1890 2970 natus
1941 2924 2023 2968 est
2070 2928 2136 2967 ex

564 3018 785 3086 Spiritu.
810 3013 1103 3084 Respondit
1130 3011 1450 3065 Nicodemus
1480 3018 1532 3063 et
1581 3006 1715 3062 dixit
1742 3007 1788 3061 ei
1824 3004 2137 3072 :Quomodo

2783 579 3012 634 CAPUT
3053 578 3217 633 CXX.

2342 665 2420 722 De
2450 670 2659 722 muliere
2685 685 2716 721 a
2744 667 2942 722 Judaria
2970 669 3022 721 in
3054 668 3308 721 adulterio
3327 668 3670 740 deprehensa.

2288 780 2443 837 Ion.
2488 796 2600 845 viu,
2632 779 2779 834 5-H.
2824 779 3108 837 Adducunt
3136 790 3311 833 autem
3343 781 3528 835 scribae
3568 793 3623 836 et
3662 782 3805 838 Phao

2221 873 2364 928 rismi
2407 872 2683 927 mulierem
2728 872 2780 925 in
2826 871 3087 924 adulterio
3136 870 3169 923 d
3207 862 3540 938 preﬁeusam,
3590 882 3645 927 et
3687 883 3800 927 sta.

2220 972 2437 1019 luerunt
2464 979 2580 1018 eam
2612 964 2662 1015 in
2693 962 2892 1026 medio,
2915 972 2968 1015 et
2991 960 3250 1015 dixerunt
3274 960 3327 1014 ei
3350 977 3365 1013 :
3390 960 3665 1031 Magister,
3690 963 3808 1017 hac

2216 1055 2417 1110 mulier
2464 1054 2624 1108 modo
2662 1053 2995 1121 deprehensa
3040 1062 3122 1106 est
3163 1052 3216 1105 in
3263 1052 3545 1105 adulterio.
3584 1053 3639 1107 lu
3690 1054 3809 1124 lege

2220 1157 2401 1202 autem
2450 1147 2660 1215 Moyses
2707 1145 2976 1199 mandavit
3020 1146 3174 1199 nobis
3223 1144 3524 1214 Itujusmodi
3562 1146 3810 1213 lapidare

2219 1237 2371 1306 (ιω.
2402 1248 2496 1300 ιι,
2529 1235 2639 1304 10).
2670 1236 2751 1290 Tu
2781 1250 2907 1305 ergo
2936 1235 3058 1305 quid
3100 1235 3270 1290 dicis?
3301 1236 3426 1290 Haec
3456 1228 3632 1291 autem
3664 1238 3811 1291 diee-

2226 1326 2355 1381 bant
2387 1335 2647 1382 tentantes
2677 1340 2821 1393 eum,
2852 1334 2912 1380 ut
2942 1336 3154 1395 possent
3183 1341 3438 1381 accusare
3474 1342 3619 1381 eum.
3651 1328 3811 1384 lesus

2230 1427 2406 1474 autem
2433 1418 2694 1474 inclinans
2715 1431 2774 1472 se
2793 1418 3063 1485 deorsum,
3091 1418 3258 1489 digito
3278 1417 3546 1475 scribebat
3568 1419 3622 1474 in
3647 1431 3808 1478 terra.

2228 1506 2363 1563 Cum
2391 1517 2567 1562 autem
2598 1515 3003 1576 perseverarent
3030 1506 3421 1578 interrogantes
3461 1521 3607 1571 eum,
3637 1510 3812 1563 eri-xit
3852 1564 3867 1575 ,

2235 1612 2314 1664 se,
2336 1608 2393 1653 et
2412 1598 2547 1653 dixit
2573 1597 2680 1661 eis:
2703 1597 2806 1664 Qui
2833 1596 2948 1654 sine
2974 1604 3189 1667 peccato
3212 1605 3293 1651 est
3321 1606 3578 1662 vestrum,
3603 1600 3812 1667 primus

2233 1689 2285 1743 in
2310 1689 2454 1743 illam
2477 1689 2705 1758 lapidem
2720 1690 2916 1743 ntittat.
2936 1688 2999 1742 Et
3020 1689 3210 1743 iterum
3232 1702 3291 1743 se
3310 1688 3573 1743 inclinans
3617 1691 3816 1745 scribe

2230 1780 2321 1834 bat
2344 1782 2396 1832 in
2419 1789 2582 1833 terra.
2610 1778 2725 1832 And
2748 1788 2898 1833 entes
2920 1784 3096 1832 autem
3115 1776 3228 1833 haec
3251 1785 3301 1844 ⁸,
3330 1792 3466 1832 unus
3496 1786 3619 1848 post
3642 1795 3811 1834 unum

2230 1871 2470 1939 exibant,
2502 1870 2817 1939 incipientes
2846 1884 2877 1923 a
2907 1869 3206 1925 senioribus
3236 1886 3249 1920 :
3280 1876 3337 1924 et
3365 1870 3623 1924 remansit
3647 1870 3809 1927 Jesus

2229 1963 2405 2050 solus,
2424 1970 2477 2016 et
2498 1960 2688 2015 mulier
2718 1960 2769 2015 in
2802 1960 2979 2015 medio
2998 1970 3170 2014 stans.
3190 1959 3418 2029 ‘Eiigens
3446 1970 3625 2015 autem
3649 1961 3734 2029 (se
3758 1960 3811 2032 ι⁵)

2229 2052 2384 2108 Jesus
2413 2050 2552 2106 dixit
2592 2051 2639 2105 ei
2675 2067 2687 2104 :
2726 2050 2937 2116 Mulier,
2970 2049 3055 2103 ubi
3086 2058 3211 2103 sunt
3239 2050 3327 2118 qui
3370 2058 3421 2103 te
3448 2051 3812 2104 accusabant’

2230 2144 2399 2199 Nemo
2426 2154 2478 2198 te
2503 2144 2905 2206 condemnavit,
2957 2142 3179 2197 mulier?
3223 2142 3352 2208 Quae
3382 2141 3515 2195 dixit
3564 2158 3578 2193 :
3621 2142 3812 2210 Nemo,

2233 2234 2474 2289 Domine.
2512 2234 2649 2288 Dixit
2679 2242 2858 2289 autem
2887 2232 3044 2287 .Iesus
3076 2251 3090 2284 :
3120 2232 3226 2286 Nec
3262 2245 3363 2299 ego
3403 2241 3453 2286 te
3488 2235 3814 2287 condemns.

2234 2326 2321 2383 bo.
2352 2325 2518 2391 Vade,
2559 2338 2610 2381 et
2650 2325 2880 2394 amplius
2899 2325 3009 2394 jam
3040 2324 3148 2378 noli
3177 2337 3418 2392 peccare.

2789 2464 2898 2519 CM
2928 2463 3015 2519 UT
3054 2462 3240 2518 CXXI.

2498 2553 2647 2611 Jews
2687 2555 2950 2607 maledirit
2991 2554 3283 2622 ﬁculneam,
3314 2560 3362 2607 et
3391 2553 3544 2607 aruit.

2310 2668 2526 2724 Iln'ru.
2555 2684 2665 2733 ιιι,
2697 2667 2886 2731 lii-29.;
2914 2667 3085 2721 Mitte.
3108 2681 3183 2729 ιι,
3214 2666 3297 2732 ll,
3325 2663 3419 2729 12,
3458 2664 3654 2729 1933;
3684 2664 3814 2719 Luc.

2238 2777 2365 2825 xm.
2398 2763 2453 2827 5,
2484 2761 2539 2816 6.
2581 2760 2731 2815 Mane
2759 2769 2935 2813 autem
2980 2768 3255 2813 revertens
3286 2759 3339 2811 in
3366 2755 3673 2823 civitatem,
3694 2771 3818 2812 esu-

2239 2852 2347 2906 riit.
2385 2851 2447 2903 Et
2479 2850 2666 2905 videns
2709 2848 2792 2903 lici
2821 2849 3069 2903 arborem
3096 2864 3261 2902 unam
3290 2861 3448 2902 secus
3478 2847 3642 2913 viam,
3666 2851 3821 2901 venit

2237 2944 2304 2997 ad
2347 2958 2499 3007 eam;
2535 2952 2590 2996 et
2636 2941 2764 2995 nihil
2814 2941 3018 2996 invenit
3059 2941 3112 2995 in
3159 2955 3242 3004 ea,
3279 2940 3378 2994 nisi
3405 2939 3526 2993 folia
3568 2952 3816 2993 tantum:

2243 3034 2476 3088 nondum
2505 3033 2647 3087 enim
2680 3043 3028 3101 erattempus
3055 3032 3296 3087 ﬁcorum.
3329 3031 3394 3087 Et
3422 3032 3498 3086 ait
3526 3033 3601 3087 illi
3632 3050 3648 3086 :
3676 3034 3824 3087 Νιτι·

556 3117 782 3181 possm"
810 3105 923 3159 h‘Bc
954 3102 1105 3159 "cm
1135 3101 1425 3194 Resp9"dil
1447 3100 1603 3194 fie’us
1653 3109 1706 3194 ef
1759 3098 1891 3151 dim
1938 3095 1986 3149 ei
2021 3094 2137 3149 :T"
2168 3104 2214 3167 (ἶ
2244 3141 2398 3194 quam
2430 3140 2495 3178 ex
2522 3134 2571 3178 te
2598 3123 2797 3178 tinctus
2819 3094 3064 3179 nascatur
3095 3125 3144 3177 in
3176 3122 3584 3192 sempiternum.
3616 3124 3681 3175 Et
3707 3137 3824 3177 are-

564 3215 624 3255 cs
655 3198 905 3269 magister
929 3196 980 3250 in
1012 3194 1195 3259 lsrael,
1218 3201 1272 3247 et
1297 3193 1411 3245 haec
1456 3189 1707 3260 ignoras?
1757 3193 1949 3255 Amen,
1981 3200 2135 3238 amen

561 3289 680 3345 dico
705 3288 821 3357 tibi,
859 3286 978 3356 quia
1009 3284 1151 3354 quod
1179 3285 1375 3337 scimus
1406 3279 1694 3349 loquimur,
1726 3284 1780 3331 et
1819 3275 1957 3344 quod
2005 3276 2138 3328 vidi-

568 3394 686 3433 mus
708 3390 773 3433 ter
791 3389 965 3433 tamur
998 3384 1082 3428 :et
1108 3373 1723 3429 testimoniumuostrum
1747 3382 1851 3423 non
1875 3366 2135 3437 accipitis.

564 3471 623 3525 Si
655 3480 863 3524 terrena
894 3468 1001 3521 dixi
1032 3464 1205 3529 vobis,
1227 3474 1278 3519 et
1308 3477 1410 3517 non
1441 3461 1660 3517 creditis
1690 3500 1704 3525 ,
1751 3457 2035 3528 quomodo,
2095 3457 2139 3511 si

564 3562 751 3614 dixero
769 3559 920 3613 vibis
949 3556 1207 3622 cmlestia,
1226 3553 1487 3628 credetis?
1535 3550 1603 3605 Et
1638 3564 1795 3605 nemo
1823 3550 2057 3604 asceudzt
2090 3550 2140 3601 in

560 3652 785 3717 caelum,
810 3651 911 3704 nisi
936 3649 1027 3719 qui
1058 3646 1339 3702 descendit
1362 3644 1433 3700 de
1459 3644 1620 3707 ctelo,
1672 3642 1836 3695 FJius
1888 3641 2067 3694 homin
2093 3655 2139 3707 s,

565 3743 657 3812 qui
679 3752 760 3797 cst
791 3743 841 3795 in
868 3742 1028 3795 caelo.
1058 3738 1121 3793 Et
1144 3738 1283 3792 sicut
1316 3737 1526 3806 Moyses
1554 3732 1809 3788 exal-tavit
1840 3744 2066 3799 scrpenn
2092 3745 2142 3783 ιη

568 3835 621 3889 in
647 3848 829 3888 eremo
854 3831 1041 3903 (Num.
1069 3845 1179 3895 xiii,
1208 3827 1287 3898 9;,
1320 3828 1389 3881 ita
1418 3825 1639 3880 exaltari
1680 3831 1894 3892 oportet
1949 3820 2144 3875 Fliom

568 3925 800 3980 hominis
832 3942 845 3979 :
877 3934 932 3979 ut
955 3924 1126 3978 omnis
1154 3922 1240 3993 qui
1272 3919 1442 3975 credit
1472 3918 1527 3972 in
1560 3918 1730 3987 ipsum
1794 3930 1899 3968 non
1942 3922 2143 3984 pereat,

568 4018 661 4071 sed
690 4016 880 4091 habeat
909 4014 1071 4069 vitam
1125 4024 1401 4068 retentam.
1452 4009 1540 4065 Sic
1588 4010 1731 4063 enim
1787 4007 1974 4062 dilexit
2011 4007 2149 4061 Dens

572 4109 846 4173 mundam,
892 4118 947 4161 ut
995 4106 1184 4163 Filium
1238 4118 1391 4158 suum
1447 4102 1774 4171 unigenitum
1817 4101 1970 4152 daret
2025 4114 2038 4151 :
2094 4107 2150 4151 ut

570 4204 747 4257 omnis
767 4202 853 4270 qui
883 4200 1047 4255 credit
1084 4199 1135 4252 iu
1159 4198 1276 4266 ipso
1302 4198 1332 4231 *ι
1361 4210 1463 4249 non
1493 4202 1697 4263 pereat,
1726 4191 1819 4246 scd
1853 4192 2042 4243 habeat
2067 4189 2149 4242 vi-

572 4306 680 4347 tam
713 4304 988 4346 aeternam.
1018 4290 1128 4342 Non
1160 4291 1301 4342 enim
1330 4285 1474 4339 misit
1502 4286 1639 4339 Deus
1678 4281 1868 4336 Filium
1918 4296 2071 4334 suum
2099 4282 2152 4335 in

573 4383 882 4437 mundunmt
894 4383 982 4451 jurt
995 4386 1094 4434 icet
1112 4380 1389 4442 mundum,
1402 4375 1491 4429 sed
1507 4384 1563 4427 ut
1575 4374 1805 4427 salvetur
1820 4371 2048 4425 mundus
2062 4385 2154 4439 per

2242 3217 2270 3270 I.
2292 3228 2375 3272 cta
2394 3225 2483 3271 est
2507 3223 2631 3271 t-out
2652 3230 2757 3269 nuo
2789 3215 3040 3269 ﬁculnea.
3079 3215 3144 3268 Et
3182 3214 3422 3268 videntes
3447 3214 3700 3283 discipuli
3728 3218 3827 3270 nii-

2242 3309 2339 3363 rati
2386 3315 2534 3373 sunt,
2581 3307 2819 3362 dicentes
2862 3321 2878 3360 :
2926 3303 3207 3372 Quomodo
3251 3304 3503 3360 continuo
3548 3306 3729 3359 aruit!
3764 3307 3827 3360 Et

2240 3411 2364 3451 cum
2391 3411 2613 3465 vespera
2647 3395 2785 3453 facta
2830 3406 3006 3460 esset,
3049 3395 3424 3464 egrediebatur
3469 3396 3538 3451 de
3583 3397 3821 3452 civitate.

2247 3490 2311 3543 Et
2340 3504 2460 3543 eum
2492 3503 2648 3543 mane
2679 3488 2995 3553 transirent,
3024 3486 3273 3542 viderunt
3298 3487 3580 3543 ﬁculneam
3618 3489 3823 3543 aridam

2238 3585 2436 3639 laetam
2474 3598 2503 3635 a
2543 3580 2835 3637 radicibus.
2870 3581 2936 3635 Et
2960 3579 3275 3635 recordatus
3319 3578 3530 3643 Petrus,
3564 3578 3700 3631 dicit
3724 3579 3775 3632 ei
3807 3595 3820 3631 :

2244 3675 2436 3739 lisbbi,
2485 3688 2611 3729 ecce
2654 3672 2785 3727 licus
2822 3686 2982 3741 quam
3009 3670 3354 3735 maledixisti,
3385 3670 3544 3724 aruit.
3582 3670 3823 3737 Respon-

2240 3771 2380 3824 dens
2406 3778 2580 3823 autem
2610 3765 2786 3827 Iesus,
2818 3766 2891 3821 ait
2919 3767 2997 3821 eis
3029 3782 3044 3818 :
3075 3764 3275 3819 Habeto
3297 3763 3456 3819 ﬁdem
3490 3763 3602 3817 Dei.
3658 3768 3826 3816 Amen

2244 3863 2367 3918 dico
2394 3861 2568 3928 vrbis,
2610 3860 2654 3915 si
2694 3858 2986 3914 habueritis
3018 3857 3207 3923 ﬁdem,
3234 3865 3287 3912 et
3320 3870 3425 3910 non
3457 3855 3761 3909 lmsitaveri
3785 3855 3828 3908 is

2246 3955 2303 4008 in
2334 3952 2517 4017 corde,
2551 3967 2654 4006 non
2685 3954 2860 4007 solum
2900 3949 2969 4004 de
3016 3950 3240 4003 ﬁculnea
3287 3948 3511 4011 facietis,
3559 3949 3656 4002 sed
3686 3957 3740 4002 et
3782 3948 3827 4001 si

2250 4048 2416 4101 monti
2440 4044 2561 4100 huic
2579 4042 3099 4107 dixeritis:'l‘ollere,
3122 4054 3172 4098 et
3190 4042 3331 4111 iacta
3354 4052 3406 4095 te
3433 4042 3487 4094 in
3517 4056 3685 4101 mare,
3714 4040 3825 4093 (let.

2255 4136 2321 4190 Et
2346 4136 2595 4190 dixerunt
2623 4134 2671 4187 ei
2699 4135 2923 4201 apostoli
2976 4148 2990 4185 :
3039 4132 3283 4197 Domine,
3326 4130 3533 4199 adauge
3572 4129 3728 4183 nobis
3770 4130 3830 4182 li-

2253 4226 2397 4280 dem.
2433 4226 2498 4280 Et
2524 4225 2664 4279 dixit
2689 4223 2846 4279 Jesus
2878 4239 2893 4277 :
2923 4224 3111 4277 Omnia
3140 4236 3470 4291 quaecunque
3490 4232 3707 4273 orantes
3738 4235 3829 4287 pe-

2256 4317 2387 4381 titis,
2417 4314 2615 4369 credite
2642 4315 2763 4383 quia
2786 4313 3078 4381 accipietis,
3118 4320 3179 4367 et
3204 4312 3382 4367 veniet
3412 4310 3587 4363 vobis.
3614 4310 3686 4362 Et
3709 4320 3827 4362 eum

2257 4406 2467 4460 stabitis
2491 4404 2557 4459 ad
2579 4404 2860 4468 orandum,
2882 4404 3149 4468 dimittite,
3182 4403 3225 4456 si
3254 4400 3381 4470 quid
3411 4400 3617 4455 habetis
3643 4401 3832 4453 adver~

573 4477 770 4542 ipsum.
791 4472 1141 4539 Quicreditin
1158 4484 1280 4523 eum
1298 4465 1704 4536 nonjudicatur.
1727 4463 2017 4532 Quiautent
2046 4477 2149 4516 non
2180 4465 2232 4526 υ
2255 4514 2346 4553 sus
2376 4498 2606 4566 aliquem
2631 4512 2646 4560 ς
2676 4507 2730 4549 m
2759 4504 2813 4550 α
2848 4463 3006 4550 "Fam,
3038 4463 3214 4549 ws,“
3235 4463 3323 4563 ἠὼ
3354 4492 3406 4546 ω
3433 4491 3585 4547 cens
3612 4499 3719 4556 δι’
3748 4489 3825 4545 ἀί.

570 4564 747 4620 credit
784 4562 890 4631 jam
914 4562 1177 4631 judicatus
1201 4570 1313 4623 est,
1345 4558 1468 4625 quia
1501 4570 1605 4611 non
1635 4554 1806 4608 credit
1834 4553 1886 4606 in
1941 4556 2152 4606 nomine

577 4656 831 4725 nnigenili
852 4655 967 4709 Filii
985 4653 1094 4707 Dei.
1121 4652 1232 4705 Iloc
1249 4652 1517 4704 estautem
1537 4647 1791 4719 judicium
1814 4645 1963 4715 :quii
1989 4647 2078 4698 lux
2099 4645 2151 4698 in

531 4780 535 4785 ο
571 4748 830 4804 mundum
866 4745 1027 4808 venit,
1062 4753 1113 4795 et
1143 4741 1445 4794 dilexerunt
1500 4738 1743 4792 homines
1801 4736 1967 4804 magis
2007 4744 2146 4789 teuc-

573 4843 702 4896 bras
726 4857 879 4909 quam
915 4839 1086 4891 lucem
1133 4853 1145 4886 :
1179 4839 1334 4887 erant
1357 4831 1501 4886 enim
1553 4829 1688 4883 mala
1743 4842 1928 4882 eorum
1965 4842 2148 4897 opera.

578 4935 765 4987 Omnis
790 4931 929 4985 enim
961 4928 1048 4998 qui
1068 4928 1203 4980 male
1224 4923 1355 4994 agit,
1384 4923 1497 4976 odit
1519 4922 1725 4981 lucem,
1756 4927 1808 4972 et
1854 4932 1959 4972 non
2010 4916 2157 4971 venit

576 5025 647 5078 ad
682 5025 871 5086 lucem,
901 5029 958 5073 ιιι
989 5034 1091 5072 non
1122 5024 1411 5085 arguantur
1455 5026 1613 5082 opera
1660 5009 1794 5080 ejus.
1823 5008 1921 5074 Qui
1977 5017 2154 5061 autem

582 5114 705 5165 lauit
734 5109 1192 5177 veritatem,venit
1222 5108 1286 5159 ad
1320 5107 1517 5172 lucem,
1537 5110 1595 5157 ut
1621 5101 2019 5154 manifestentur
2040 5098 2156 5168 ejus

577 5217 767 5268 nimia,
795 5202 915 5267 quia
946 5202 995 5253 in
1028 5200 1136 5255 Deo
1163 5209 1284 5254 sunt
1314 5197 1471 5252 facta.
1496 5226 1563 5236 ——
1588 5194 1742 5250 lout.
1771 5209 1862 5259 vu,
1894 5193 1995 5257 55;
2035 5206 2150 5255 vitr,

583 5295 638 5357 4,
668 5291 720 5343 Ξ.
758 5291 817 5343 Et
850 5304 1048 5343 rever~t
1077 5301 1199 5342 sunt
1226 5287 1588 5357 unusquisque
1618 5286 1672 5338 in
1727 5283 1946 5339 domum
1977 5297 2149 5337 suam.

573 5385 734 5442 Jesus
755 5392 930 5437 autem
957 5384 1190 5449 perrexit
1212 5381 1264 5433 in
1298 5390 1531 5435 montem
1561 5378 1784 5443 Olivcti;
1816 5387 1872 5432 et
1918 5374 2153 5432 dilucufo

654 5530 680 5557 ⁸
721 5519 1016 5574 Prouomen
1070 5512 1205 5567 istud
1262 5529 1364 5567 non
1429 5511 1815 5580 subjiciendum
1873 5520 2152 5565 monuerat

579 5594 713 5648 lue.
744 5592 900 5647 Brug.
936 5592 998 5640 lit
1029 5585 1172 5638 abest
1202 5584 1411 5651 quidem
1444 5598 1471 5634 a
1503 5582 1596 5638 Gr.
1627 5593 1677 5635 et
1702 5599 1727 5632 a
1762 5581 1911 5651 Vulg.

657 5660 682 5697 δ
706 5661 1011 5713 Addidiouos
1061 5671 1111 5709 se
1155 5649 1274 5708 cum
1307 5653 1455 5721 Vulg.
1477 5692 1493 5714 ,
1540 5654 1679 5720 quod
1708 5652 1851 5703 deest
1889 5650 1941 5700 in
1972 5649 2147 5721 editis.

580 5733 713 5795 (in,
759 5731 1043 5795 mitam.
1081 5736 1270 5780 erectus
1310 5720 1631 5793 seu'et'iyens
1660 5738 1712 5774 se
1752 5736 1768 5773 :
1801 5733 1967 5787 neque
1994 5720 2148 5774 aliter

2255 4589 2430 4644 mittat
2456 4589 2605 4643 vobis
2638 4593 2849 4655 peccata
2882 4575 3078 4639 vestra.

2812 4722 3035 4780 CAPUT
3063 4720 3266 4777 CXXII.

2294 4819 2439 4874 Dixit
2466 4815 2616 4873 Iesus
2656 4817 2947 4888 paraboiam
2976 4817 3041 4867 ad
3058 4814 3350 4888 discipulos
3385 4822 3590 4888 propter
3617 4813 3802 4865 orandi

2539 4885 2856 4952 instantiam,
2887 4888 2949 4939 de
2974 4886 3143 4951 iudice
3163 4886 3292 4938 duro
3312 4895 3357 4935 et
3381 4885 3553 4936 vidua.

2329 5000 2461 5056 Luc.
2502 5014 2655 5063 xvut,
2706 4997 2820 5054 1-8.
2862 4995 3081 5051 Dicebat
3109 5004 3287 5047 autem
3336 5000 3392 5047 et
3436 4991 3739 5061 paraliolam
3768 4988 3836 5043 ad

2259 5094 2400 5157 illos,
2425 5092 2673 5161 quoniam
2701 5098 2911 5158 oportet
2933 5090 3145 5156 semper
3166 5099 3343 5149 orare,
3372 5095 3424 5138 et
3456 5099 3559 5136 non
3583 5083 3838 5145 deﬁcere,

2260 5188 2442 5251 dicens
2475 5202 2488 5239 :
2521 5183 2691 5240 Judex
2722 5182 2936 5251 quidam
2982 5188 3095 5234 erat
3135 5178 3185 5231 in
3219 5175 3443 5245 quadam
3484 5176 3718 5237 civitate,
3750 5175 3837 5241 qui

2261 5280 2429 5335 Deum
2461 5292 2564 5331 non
2595 5274 2834 5339 timebat,
2863 5283 2915 5326 et
2943 5270 3205 5324 hominem
3232 5283 3336 5322 nou
3360 5267 3719 5320 reverebatur.
3753 5265 3844 5316 γι-

2259 5373 2360 5428 dua
2390 5378 2567 5424 autem
2616 5367 2852 5436 quautam
2903 5371 3019 5418 erat
3048 5366 3097 5415 in
3128 5362 3214 5415 illa
3244 5359 3476 5425 civitate,
3507 5368 3561 5412 et
3589 5356 3843 5409 veniebat

2260 5509 2387 5560 Vieb
2412 5522 2439 5559 r
2460 5502 2768 5558 reddiderit.
2795 5502 2915 5555 Mox
2939 5518 2950 5552 :
2970 5497 3135 5550 Nemo
3156 5504 3202 5549 te
3218 5492 3600 5552 condemnavit,
3628 5490 3847 5560 miniizr.’

2260 5578 2364 5632 Sed
2396 5591 2494 5630 vox
2523 5573 2703 5628 ultima
2734 5571 3073 5626 desideratur
3106 5568 3157 5621 iu
3201 5565 3399 5620 nostris
3444 5561 3601 5615 codd.
3648 5559 3745 5616 Cr.
3788 5572 3847 5614 et

2261 5649 2375 5704 Lat.
