4026 6196
244 214 344 271 δη

998 162 1575 275 ΕίΔΝῦῐΞιιῐϐΔῐὶυΜ
1617 216 2121 278 ΠΑΒΜΟΝΙΑΒΓΜ
2160 197 2730 282 INTERPRETATIO.
2776 224 2779 227 ’

3397 226 3503 282 318

240 328 309 381 ad
339 328 511 394 il'nm,
540 327 728 385 dicens
755 347 770 383 :
809 329 1023 387 Vindica
1053 348 1137 386 me
1165 333 1233 388 de
1260 336 1566 390 adversario
1590 351 1732 390 meo.
1763 336 1823 390 Et
1857 343 1903 400 Α
1931 334 2069 404 ejus.
2119 335 2183 390 Et
2225 337 2615 405 apprehensum
2658 352 2801 405 eam,
2835 338 3166 410 projecernn'
3198 355 3321 396 eum
3349 352 3502 396 extra

240 418 459 472 noli-bat
489 434 582 487 per
613 420 834 474 multum
879 431 1105 492 tempus.
1160 425 1288 480 Post
1330 427 1443 481 hac
1487 436 1660 482 autem
1692 430 1826 483 dixit

1928 427 2167 494 vineam,
2195 438 2245 482 et
2275 429 2605 483 occiderunt.
2652 428 2786 485 Cum
2831 446 2963 501 ergo
3005 436 3213 487 venerit
3256 434 3507 493 dominus

240 509 382 562 intra
413 524 472 563 se
504 525 519 561 :
551 510 662 563 Etsi
696 510 861 567 Deum
893 529 998 567 non
1030 516 1215 584 timeo,
1248 532 1344 571 nec
1373 516 1644 573 hominem
1674 536 1828 576 reve—
1928 517 2120 584 vinem,
2171 517 2299 587 quid
2343 518 2503 574 faciet
2548 521 2751 575 colonis
2793 522 2935 576 illis?
2974 524 3137 577 Aiunt
3175 525 3252 580 illi
3292 543 3308 578 ;
3338 525 3504 579 Malos

241 612 371 653 reor
391 637 408 665 ,
462 608 635 654 tamen
665 603 789 671 quia
820 606 1047 659 molesta
1070 615 1154 661 est
1182 608 1310 663 mihi
1343 611 1457 665 hate
1500 611 1680 677 vidua,
1712 612 1825 666 vin-

242 688 433 742 dicabo
463 690 627 754 illam,
660 707 728 745 ne
758 694 811 747 in
843 695 1138 751 novissimo
1166 698 1409 764 veniens,
1438 701 1684 770 suggillet
1714 717 1821 756 me.

246 778 331 832 Ait
362 788 539 845 autem
572 780 829 838 Dominus
875 801 889 838 :
927 784 1123 841 Audite
1159 786 1286 857 quid
1322 788 1487 859 jndex
1534 790 1825 858 iniquitatis

242 869 375 924 dicit
415 886 430 923 :
478 871 619 925 Deus
660 882 838 927 antem
882 891 986 931 non
1016 875 1176 931 faciet
1210 879 1498 932 vindictam
1531 881 1822 936 electorum

241 974 460 1032 suorum
485 962 827 1020 clamantium
854 968 919 1021 ad
947 982 1006 1022 se
1030 969 1117 1024 die
1142 983 1204 1023 ac
1228 978 1409 1034 nocte,
1431 981 1485 1026 et
1513 971 1820 1039 patientiun

243 1049 463 1105 habebit
485 1056 534 1105 in
557 1053 695 1108 illis?
718 1056 848 1111 Dico
875 1058 1045 1124 vobis,
1071 1060 1191 1128 quia
1219 1060 1324 1114 cito
1350 1060 1506 1115 faciet
1534 1062 1819 1117 vindictam

239 1138 477 1194 illorum.
529 1142 905 1201 Verumtamen
948 1148 1114 1205 Filius
1140 1148 1372 1206 hominis
1397 1153 1638 1219 veniens,
1668 1162 1821 1221 putas

238 1229 476 1287 inveniet
505 1232 662 1289 ﬁdem
687 1234 742 1290 in
775 1239 951 1293 terra?

779 1347 1011 1406 CAPUT
1047 1349 1276 1409 CXXIII.

236 1429 267 1485 I
271 1443 650 1518 "terrogatus
656 1440 971 1518 principibus
986 1446 1308 1518 sacerdotum
1330 1463 1347 1518 ς
1375 1445 1440 1500 In
1455 1462 1553 1517 qua
1569 1456 1822 1518 potestate

305 1507 417 1558 haec
442 1507 863 1589 faciﬂﬁdjungit
893 1514 1188 1581 parabolam
1213 1517 1276 1571 de
1304 1507 1501 1573 duobus
1523 1507 1647 1587 ﬁit'is
1672 1521 1725 1575 in
1746 1523 1820 1575 vi-

313 1591 464 1628 neum
486 1595 673 1633 πιιδειδ.

1927 612 2068 667 male
2101 613 2311 681 perdet,
2341 623 2397 669 et
2420 614 2631 670 vineam
2667 630 2817 670 suam
2856 616 3051 670 locshit
3079 618 3194 671 aliis
3221 618 3500 685 agricolis,

1924 703 2017 771 qui
2046 704 2274 759 reddent
2316 707 2364 760 ei
2410 706 2639 761 irttcwm
2687 710 3014 777 temporibus
3043 711 3177 763 suis.
3221 710 3355 765 Dicit
3399 711 3507 765 illis

1923 793 2083 850 Iesus
2122 810 2137 849 :
2170 794 2445 863 Nunquam
2496 797 2698 866 li-gistis
2743 801 2794 852 in
2840 797 3136 868 Seriptnris
3185 817 3201 855 :
3248 800 3503 868 Lapidem

1923 900 2080 955 quem
2110 886 2533 955 reprobat/erunt
2559 888 2900 957 aediﬁcantes,
2934 890 3020 944 hic
3045 891 3212 944 iactus
3232 901 3319 944 est
3341 890 3393 942 in
3415 904 3505 945 ca-

1925 989 2018 1047 put
2045 979 2224 1049 angnii
2257 997 2271 1031 :
2305 994 2334 1032 a
2366 979 2593 1034 Domino
2634 979 2829 1034 factum
2860 990 2942 1036 est
2972 979 3120 1048 illud,
3150 988 3309 1035 etest
3342 981 3508 1035 mira-

1923 1068 2031 1123 bile
2052 1073 2107 1123 in
2134 1070 2304 1123 oculis
2334 1070 2535 1125 nostris
2560 1071 2731 1141 (Psal.
2757 1086 2928 1138 cxvn,
2950 1072 3040 1137 22,
3070 1072 3205 1141 23)?
3234 1072 3357 1127 ideo
3381 1072 3506 1126 dico

1923 1159 2095 1224 vobis,
2120 1161 2243 1229 quia
2266 1160 2540 1216 auferetur
2567 1177 2597 1215 a
2628 1161 2781 1217 vobis
2798 1178 3025 1233 regnum
3056 1163 3173 1228 Dei,
3202 1175 3255 1217 et
3283 1162 3503 1218 dabitur
3547 1159 3560 1170 ’

1920 1249 2061 1317 genti
2093 1249 2303 1304 fat-ienti
2338 1250 2562 1305 fructum
2593 1252 2726 1319 ejus.
2768 1253 2954 1307 Omnis
2992 1252 3083 1323 qui
3113 1253 3371 1307 ceciderit
3406 1267 3503 1307 su-

1923 1352 2022 1406 per
2042 1338 2268 1406 lapidem
2294 1338 2475 1406 istum,
2497 1340 2862 1410 confringatur
2898 1359 2910 1395 :
2947 1356 3109 1411 super
3134 1358 3291 1411 quem
3318 1351 3502 1398 autem

1919 1428 2198 1493 ceciderit,
2229 1438 2468 1486 conteret
2501 1447 2647 1486 eum.
2683 1432 2750 1486 Et
2780 1446 2900 1487 cum
2929 1432 3205 1487 audissent
3235 1434 3504 1502 principes

1919 1516 2259 1574 sacerdotum
2285 1527 2338 1575 et
2368 1520 2622 1579 Pharisaei
2654 1523 2932 1591 parabolas
2960 1524 3096 1591 ejus,
3127 1533 3507 1591 cognoverunt.

1919 1609 2059 1679 quod
2094 1610 2163 1665 de
2193 1611 2321 1679 ipsis
2353 1612 2576 1668 diceret.
2612 1614 2677 1668 Et
2710 1623 3010 1683 querentes
3049 1628 3172 1669 eum
3204 1623 3403 1678 tenere,
3433 1614 3504 1668 ti-

304 1685 522 1741 ΜΑττιι.
546 1705 657 1754 xxt,
681 1691 879 1760 25—32;
902 1694 1078 1752 Mane.
1104 1696 1178 1764 xi,
1205 1697 1401 1765 27-35;
1424 1699 1555 1755 Luc.
1587 1716 1679 1767 xx,
1704 1701 1816 1759 1-8.
1852 1702 1897 1764 Β
1925 1708 2176 1755 muerunt
2217 1699 2418 1767 turbas,
2446 1700 2715 1771 quoniam
2745 1702 2882 1759 sicut
2914 1704 3226 1772 prophetam
3257 1718 3379 1758 eum
3411 1705 3506 1757 ha-

232 1772 297 1827 Et
329 1789 453 1831 cum
495 1782 734 1837 venisset
763 1784 816 1839 in
847 1787 1126 1855 templum,
1159 1788 1357 1844 factum
1385 1801 1469 1847 est
1496 1791 1723 1849 docens
1750 1807 1818 1848 eo

230 1868 486 1932 P'tpulum
514 1880 570 1926 et
595 1876 1022 1943 cvangelizante,
1050 1889 1395 1937 accesserunt
1420 1882 1487 1937 ad
1517 1897 1639 1939 eum
1670 1886 1820 1953 prin-

226 1969 379 2024 mpes
406 1962 769 2028 sacerdotum,
813 1967 1151 2025 etseniores
1190 1970 1391 2040 populi,
1420 1971 1668 2029 dicentes
1711 1993 1723 2027 :
1757 1976 1814 2029 in

222 2066 334 2120 qua
367 2061 632 2121 potestate
660 2054 775 2111 hac
815 2056 985 2113 iacis?
1027 2058 1096 2114 Et
1134 2062 1255 2130 quis
1294 2071 1380 2118 est
1413 2063 1501 2130 qui
1544 2063 1691 2120 dedit
1720 2063 1814 2119 tibi

225 2145 374 2199 hanc
421 2149 784 2214 potestatem?
833 2147 1183 2220 Respondeas
1226 2163 1407 2209 autem
1448 2156 1630 2222 Iesus,
1680 2157 1816 2212 dixit

224 2234 339 2288 illis
367 2252 382 2288 :
412 2236 752 2307 Interrogabo
773 2254 867 2295 vos
887 2251 939 2296 et
960 2256 1061 2312 ego
1088 2259 1251 2299 unum
1279 2259 1620 2315 sermonem;
1650 2264 1811 2319 quem

221 2325 272 2378 si
296 2326 546 2383 dixeritis
567 2332 724 2398 mihi,
754 2340 810 2386 et
834 2348 934 2403 ego
956 2336 1109 2391 vobis
1132 2336 1304 2392 dicam
1332 2338 1385 2393 in
1413 2355 1515 2410 qua
1545 2351 1815 2412 potestate

224 2421 352 2472 hac
379 2420 536 2475 facio.
563 2422 865 2492 Baptismus
894 2427 1119 2483 Joannis
1145 2431 1284 2485 unde
1313 2433 1468 2487 erat?
1496 2447 1527 2487 tt
1552 2433 1711 2502 calo,
1741 2449 1809 2490 an

221 2526 295 2566 ex
346 2512 682 2571 hominibus?
716 2520 785 2573 At
822 2519 897 2574 illi
928 2521 1232 2591 cogitabant
1255 2523 1394 2579 intra
1423 2540 1502 2594 se,
1530 2526 1807 2585 dicentes:

219 2603 287 2660 Si
319 2604 612 2664 dixerimus
634 2624 702 2665 ex
726 2610 1049 2681 hominibus,
1078 2615 1327 2671 timemus
1349 2616 1555 2673 turbam
1582 2636 1596 2671 :
1622 2634 1810 2676 omnes

220 2695 380 2749 enim
400 2696 664 2755 habebant
684 2701 940 2760 Joannem
968 2707 1106 2761 sicut
1133 2708 1465 2778 prophetam.
1498 2711 1560 2766 Et
1588 2727 1810 2782 respon-

218 2783 424 2839 dentes
449 2785 597 2858 Jesu,
631 2791 877 2846 dixerunt
904 2809 922 2847 :
961 2795 1261 2853 Nescimus.
1305 2801 1393 2854 Ait
1432 2800 1536 2855 itis
1563 2809 1619 2856 et
1649 2805 1761 2868 ipse
1790 2821 1804 2857 :

217 2873 347 2928 Nec
373 2891 469 2945 ego
488 2878 608 2933 dico
636 2880 788 2937 vobis
818 2883 872 2938 in
903 2900 1006 2954 qua
1045 2896 1310 2956 potestate
1340 2889 1371 2943 b
1393 2912 1404 2939 ι
1424 2905 1455 2945 c
1486 2892 1639 2947 iacio.
1671 2894 1808 2960 Quid

216 2972 415 3019 autem
447 2968 593 3023 vobis
620 2971 861 3026 videtur?
892 2975 1062 3030 Home
1090 2976 1302 3046 quidam
1335 2980 1562 3034 habebit
1587 2982 1722 3035 duos
1747 2984 1809 3036 Ii-

1923 1790 2137 1847 bebant.
2167 1821 2238 1831 —
2263 1792 2483 1863 Mirm.
2514 1808 2644 1863 χιιι,
2677 1795 2729 1848 1.
2764 1794 2830 1851 Et
2859 1796 3190 1864 respondens
3216 1796 3392 1865 Iesus,
3423 1797 3505 1851 di-

1917 1882 1997 1935 xit
2026 1881 2219 1937 iterum
2249 1883 2302 1938 iu
2334 1884 2603 1954 parabolis
2632 1884 2713 1940 eis
2741 1884 2926 1941 dicens
2960 1894 2978 1935 ί

2464 2093 2691 2153 CAPUT
2731 2096 2943 2152 CXXV.

1986 2178 2170 2237 Simile
2193 2191 2270 2238 est
2294 2199 2509 2256 regnum
2537 2188 2777 2260 cistarum
2806 2190 3003 2243 homini
3030 2190 3139 2260 regi
3168 2189 3255 2260 qui
3281 2187 3400 2258 fecit

2464 2258 2668 2326 nuptias
2694 2260 2804 2327 filio
2832 2276 2945 2314 suo.

1984 2398 2194 2455 Manu.
2221 2418 2353 2472 xxtt,
2374 2403 2539 2471 2-H;
2568 2404 2695 2461 Luc.
2727 2422 2836 2471 xtv,
2864 2407 3044 2466 16-24.
3088 2406 3271 2464 Simile
3298 2408 3493 2466 factum

1913 2506 1995 2551 est
2025 2512 2246 2567 regnum
2286 2500 2546 2556 cmiorum
2584 2501 2786 2558 homini
2817 2505 2926 2573 regi
2971 2503 3061 2574 qui
3104 2502 3231 2560 fecit
3280 2507 3492 2575 nuptias

1912 2583 2021 2662 tilio
2050 2602 2168 2641 suo.
2202 2589 2268 2644 Et
2295 2591 2507 2646 vocavit
2533 2593 2747 2649 multos.
2782 2595 2843 2648 Et
2876 2596 3002 2648 hora
3029 2610 3198 2667 coenae
3221 2597 3363 2650 misit
3384 2613 3518 2676 serg

1911 2694 2007 2732 vos
2034 2694 2160 2734 suos
2182 2696 2372 2737 vocare
2400 2684 2652 2738 invitatos
2680 2686 2744 2738 ad
2779 2691 3009 2753 nuptias,
3041 2697 3094 2741 et
3123 2687 3371 2743 nolebant
3399 2704 3491 2743 ve-

1914 2770 2049 2827 nire.
2085 2770 2150 2825 Et
2194 2784 2474 2842 cmpernnt
2516 2790 2703 2831 omnes
2751 2777 2904 2832 simul
2951 2794 3230 2835 excusare.
3283 2782 3489 2836 Primus

1910 2861 2046 2915 dixit
2089 2861 2137 2915 ei
2184 2879 2199 2917 :
2240 2862 2429 2918 Villam
2450 2866 2585 2934 'etni,
2619 2875 2672 2920 et
2702 2882 2921 2921 necesse
2954 2869 3122 2922 habeo
3150 2870 3295 2925 exire
3324 2883 3371 2925 et
3404 2871 3489 2924 vi-

1910 2950 2038 3006 dere
2083 2952 2225 3006 illam
2270 2970 2285 3008 :
2319 2969 2449 3025 rogo
2480 2965 2550 3023 te,
2585 2956 2721 3013 habe
2749 2973 2833 3013 me
2871 2969 3203 3014 excusatum.
3249 2962 3319 3015 lat
3357 2961 3491 3018 alter
3585 2956 3591 2965 ’

215 3056 368 3121 ηοεῖ
398 3069 448 3111 ει
486 3062 743 3118 accedens
771 3064 837 3120 ad
868 3041 1129 3136 primum;
1164 3070 1294 3124 dixit
1328 3088 1340 3122 ε
1374 3071 1509 3140 Fm’
1541 3076 1672 3127 “de
1713 3075 1805 3128 δη-
1834 3074 1880 3136 C
1913 3041 2043 3096 dixit
2076 3060 2089 3096 :
2119 3044 2253 3140 Juga
2284 3043 2442 3099 boum
2473 3048 2577 3101 emi
2608 3048 2734 3118 quin
2759 3064 2864 3114 .ue,
2894 3059 2950 3104 et
2986 3066 3050 3105 eo
3093 3052 3312 3119 probare
3341 3054 3428 3107 illa
3472 3070 3486 3109 :

214 3149 324 3202 die
347 3153 556 3219 operari
580 3156 632 3208 in
656 3156 808 3213 vinea
829 3174 968 3215 mea.
997 3160 1088 3215 ille
1112 3172 1289 3217 autem
1320 3167 1667 3234 respondens,
1692 3169 1765 3221 ait
1789 3185 1804 3222 :

210 3237 386 3294 Nolo.
433 3241 622 3298 Postea
662 3257 837 3303 autem
868 3251 1176 3318 poenitentia
1217 3266 1428 3321 motus,
1459 3257 1608 3310 abiit.
1644 3263 1809 3315 Acce-

212 3337 365 3392 dens
404 3349 580 3396 autem
627 3345 694 3398 ad
740 3345 991 3419 ajterum,
1035 3348 1168 3402 dixit
1197 3350 1461 3407 similiter.
1497 3356 1562 3408 At
1600 3355 1694 3410 ille
1723 3373 1809 3412 re-

211 3428 500 3496 spondens
527 3437 604 3486 ait
634 3450 646 3485 :
681 3436 778 3499 Eo,
810 3436 1046 3505 domine,
1080 3449 1135 3493 et
1162 3456 1265 3494 non
1295 3441 1404 3496 ivit.
1431 3442 1560 3505 Quis
1586 3460 1647 3498 ex
1677 3446 1807 3501 duo-

214 3519 332 3574 bus
351 3518 473 3576 fecit
496 3526 816 3581 voluntatem
834 3530 1031 3597 patris?
1056 3531 1298 3599 Dicunt,"L
1318 3536 1654 3591 novissimus.
1675 3537 1809 3594 Dicit

214 3611 334 3666 illis
373 3612 529 3668 Jesus
569 3631 585 3668 :
617 3620 785 3673 Amen
817 3620 938 3675 dico
969 3621 1137 3683 vobis,
1167 3625 1287 3692 quia
1323 3625 1587 3692 publicani
1615 3636 1667 3680 et
1696 3644 1807 3683 tne-

214 3704 453 3759 retrices
484 3709 787 3774 precedent
818 3726 910 3765 vos
942 3713 994 3767 in
1034 3728 1198 3782 regno
1228 3715 1341 3769 Di-i.
1373 3716 1528 3771 Venit
1568 3721 1707 3773 enim
1738 3721 1805 3775 ad

214 3807 323 3847 vos
350 3793 585 3850 Joannes
616 3796 777 3854 invia
816 3800 1059 3871 justitiat,
1105 3815 1159 3860 et
1208 3819 1312 3860 non
1363 3809 1666 3864 credidistis
1705 3812 1753 3866 ei
1788 3827 1802 3867 :

215 3885 496 3953 publicani
526 3899 703 3945 autem
745 3903 799 3953 et
841 3902 1151 3953 meretrices
1196 3901 1540 3957 crediderunt
1567 3906 1616 3959 ei
1664 3922 1806 3962 :vos

215 3984 406 4030 autem
440 3979 703 4048 videntes,
735 3998 833 4040 nec
878 3987 1246 4061 ptenitentiam
1294 3991 1551 4048 habuistis
1596 4006 1803 4064 postea,

213 4076 283 4123 ut
307 4070 604 4128 crederetis
632 4075 703 4130 ei.

760 4188 988 4248 CAPUT
1023 4193 1257 4251 CXXIV.

279 4270 543 4329 Parabola
565 4276 630 4330 de
656 4282 1028 4367 patrefamilies
1052 4287 1142 4404 7μὶ
1165 4288 1359 4342 vineam
1386 4305 1529 4344 suam
1557 4290 1744 4349 locavit

877 4368 1049 4404 σανίδο
1071 4373 1136 4404 ΙΙ.

877 4368 1136 4422 agricom.

291 4458 504 4541 hians.
532 4478 643 4527 xxt,
666 4466 868 4534 33-46;
893 4468 1063 4527 Muto.
1093 4488 1185 4543 ιιι,
1212 4474 1370 4543 1-12;
1394 4477 1522 4534 Luc.
1549 4495 1637 4546 xx,
1655 4481 1801 4549 9-19,
1828 4434 1880 4495 Β

210 4551 394 4606 Aliam
441 4556 747 4623 parabolam
793 4561 971 4618 audite
1010 4583 1021 4617 :
1054 4564 1223 4623 Homo
1264 4583 1381 4626 erat
1424 4575 1802 4643 paterfamilias

210 4646 306 4714 qui
337 4647 590 4715 plantavit
618 4652 849 4721 vineam,
879 4666 933 4712 et
958 4673 1139 4729 sepem
1170 4662 1519 4724 circumdedit
1542 4670 1611 4735 ei,
1644 4680 1699 4726 et
1723 4672 1802 4727 fo-

207 4736 289 4790 dit
310 4737 366 4791 in
392 4751 454 4793 ea
482 4741 733 4809 torcular,
757 4755 809 4799 et
832 4747 1112 4805 aediﬁcavit
1139 4753 1348 4822 turrim,
1378 4766 1431 4811 et
1456 4758 1652 4816 locavit
1678 4778 1798 4821 eam

208 4828 489 4896 agricolis,
519 4840 572 4886 et
603 4848 824 4904 peregre
854 4841 1122 4907 profectus
1150 4854 1251 4899 est.
1286 4844 1418 4902 Cum
1456 4859 1629 4906 autem
1665 4861 1800 4908 tem-

209 4937 314 4988 pus
342 4922 613 4980 Irnetnnm
644 4933 1144 5002 appropinquasset,
1175 4939 1321 4995 misit
1347 4956 1530 4998 servos
1559 4946 1624 4999 ad
1650 4948 1794 5018 agri-

204 5014 388 5076 co’as,
420 5024 475 5067 nt
521 5017 829 5086 acciperent
872 5025 1071 5080 fructus
1118 5028 1253 5096 ejus.
1305 5029 1371 5084 Et
1412 5014 1798 5105 agricola-(ap.

206 5103 501 5167 prehensis
525 5109 696 5164 servis
722 5112 862 5180 ejus,
895 5115 1057 5168 alium
1097 5119 1424 5188 ceciderunt,
1457 5125 1615 5178 alium
1647 5128 1793 5180 occi-

200 5191 435 5257 derunt,
463 5196 627 5252 alium
654 5215 783 5255 vero
812 5204 1197 5271 lapidaverunt.
1229 5208 1421 5264 iterum
1449 5215 1582 5268 alios
1607 5229 1795 5271 servos

210 5284 364 5337 enisit
413 5287 593 5353 plures
640 5293 924 5361 prioribus,
978 5306 1034 5352 et
1078 5298 1319 5357 fecerunt
1369 5304 1472 5359 itis
1527 5306 1794 5365 similiter.

205 5373 518 5435 Novissime
547 5390 724 5439 autem
757 5388 899 5447 misit
930 5391 996 5446 ad
1028 5408 1121 5450 eas
1154 5396 1319 5454 lilium
1351 5415 1530 5466 suum,
1563 5404 1751 5461 dicens
1782 5423 1797 5461 :

209 5463 466 5527 Forsitan
518 5479 839 5537 verebuntur
882 5484 1051 5541 ﬁlium
1097 5503 1296 5545 meum.
1330 5463 1592 5561 Agricolae
1621 5508 1797 5554 autem

210 5563 467 5618 uidentes
506 5566 691 5633 tilium,
736 5572 981 5630 dixerunt
1029 5578 1165 5633 intra
1208 5598 1264 5635 se
1297 5599 1310 5635 :
1355 5570 1453 5636 Ilic
1482 5598 1557 5638 est
1593 5586 1795 5656 turres;

213 5654 421 5717 Venite.
468 5662 772 5721 ttccidantus
812 5684 955 5735 cum,
1005 5681 1059 5724 et
1092 5671 1401 5728 Italebimus
1436 5675 1796 5739 ltmrcditvtem

1915 3148 2043 3203 rego
2072 3142 2143 3203 te,
2171 3134 2307 3191 habe
2332 3152 2417 3193 me
2439 3148 2770 3194 excusatum.
2800 3142 2865 3195 Et
2891 3142 3027 3196 alius
3051 3144 3185 3201 dixit
3214 3162 3228 3200 :
3258 3145 3489 3202 Uxorem

1909 3222 2056 3292 duxi,
2090 3234 2142 3279 et
2175 3226 2294 3281 ideo
2328 3243 2429 3282 non
2464 3245 2677 3296 possum
2717 3232 2924 3287 vi-nire.
2960 3230 3152 3290 Iterum
3184 3237 3326 3292 misit
3354 3239 3489 3295 alios

1907 3326 2112 3380 Servos,
2132 3315 2315 3371 dicens
2342 3335 2354 3371 :
2380 3318 2545 3375 Dicite
2565 3322 2819 3392 invitatis,
2846 3325 2983 3380 Ecce
3008 3329 3283 3395 prandium
3310 3346 3487 3387 meum

1910 3405 2124 3471 paravi;
2170 3408 2306 3461 tauri
2354 3410 2476 3477 mei,
2528 3421 2583 3465 et
2622 3414 2785 3468 altilia
2836 3418 3012 3471 occisa
3054 3432 3200 3486 sunt,
3229 3432 3282 3476 et
3308 3426 3488 3480 omnia

1908 3505 2087 3564 parata
2122 3512 2139 3562 ;
2174 3499 2352 3555 venite
2380 3501 2446 3555 ad
2475 3504 2708 3572 nuptias.
2739 3504 2817 3560 Illi
2847 3517 3024 3562 autem
3056 3511 3404 3582 neglexerunt
3431 3524 3488 3570 et

1906 3586 2175 3653 abierunt,
2218 3590 2354 3647 alius
2398 3592 2455 3647 in
2488 3595 2665 3650 villam
2696 3610 2868 3665 suam,
2901 3598 3034 3656 alius
3064 3617 3193 3656 vero
3220 3604 3285 3656 ad
3318 3621 3487 3674 nego-

1909 3678 2180 3733 tiatiunem
2213 3696 2383 3736 suam.
2417 3683 2627 3757 Reliqui
2660 3702 2791 3743 vero
2824 3702 3106 3747 tenuerunt
3134 3708 3318 3750 servos
3345 3697 3485 3765 ejus,

1905 3777 1957 3822 et
1986 3772 2307 3824 contumelia
2335 3770 2553 3828 affectos
2611 3778 2941 3832 occiderunt.
2993 3781 3103 3835 Rex
3154 3793 3332 3838 autem
3363 3801 3489 3841 cunt

1904 3857 2160 3922 audisset,
2182 3859 2344 3913 iratus
2358 3873 2438 3917 est
2458 3879 2472 3927 ;
2496 3875 2549 3918 et
2568 3865 2745 3919 missis
2762 3871 3087 3926 exercitibus
3102 3873 3234 3939 suis,
3256 3878 3488 3944 perdidit

1908 3950 2199 4004 homicidas
2223 3951 2366 4019 illos,
2391 3964 2445 4008 et
2472 3955 2741 4011 civitatem
2768 3959 2980 4015 illorum
3003 3968 3303 4021 succendit.
3337 3968 3487 4025 Tunc

1904 4038 1977 4091 ait
2004 4040 2175 4093 servis
2205 4042 2318 4097 suis
2349 4059 2362 4095 :
2392 4043 2601 4114 Nuptim
2629 4048 2841 4116 quidem
2872 4064 3066 4121 parata:
3092 4067 3246 4123 sunt;
3274 4060 3365 4113 sed
3395 4062 3492 4130 qui

1903 4128 2106 4184 invitati
2149 4144 2325 4200 erant,
2359 4150 2462 4191 non
2493 4137 2707 4194 fuerunt
2736 4143 2900 4211 digni.
2936 4146 3010 4200 ite
3037 4162 3164 4217 ergo
3203 4150 3271 4204 ad
3312 4128 3496 4207 exit—ns

1902 4223 2128 4288 v'arum,
2165 4223 2217 4277 in
2255 4225 2482 4295 plateas,
2516 4239 2571 4282 et
2602 4230 2771 4297 vicos,
2810 4243 2864 4287 et
2893 4236 3171 4304 civitates;
3220 4248 3276 4294 et
3322 4256 3486 4311 quos-

1901 4325 2114 4381 cunque
2145 4315 2456 4373 inveneritis
2483 4334 2744 4390 pauperes
2772 4340 2833 4380 ac
2861 4328 3064 4384 debiles
3083 4371 3099 4395 ,
3127 4342 3180 4385 et
3204 4346 3399 4399 CiECOS,
3432 4346 3488 4392 et

1903 4402 2143 4471 claudos,
2175 4417 2364 4463 vocate
2405 4411 2471 4465 ad
2519 4413 2751 4484 nuptias.
2784 4417 2847 4470 Et
2885 4419 2959 4472 ait
2983 4436 3226 4478 servus:
3266 4423 3491 4483 Factum

1903 4504 2006 4564 est,
2041 4497 2276 4564 domine,
2308 4510 2367 4555 ut
2394 4505 2688 4573 imperasti,
2720 4519 2773 4562 et
2800 4508 2975 4567 adlme
3005 4513 3155 4569 locus
3184 4525 3284 4570 est.
3321 4516 3386 4574 Et
3415 4521 3493 4575 ait

1902 4587 2150 4644 dominus
2172 4593 2481 4658 servm-Exi
2510 4596 2565 4651 in
2596 4601 2710 4656 vias
2737 4609 2791 4656 et
2819 4617 2999 4670 senes,
3031 4616 3086 4661 et
3115 4609 3377 4675 compelle
3409 4613 3493 4664 in-

1903 4687 2067 4746 trare,
2096 4688 2154 4735 ut
2197 4681 2483 4752 impleatur
2520 4688 2710 4744 domus
2740 4707 2876 4747 mea.
2910 4694 3039 4748 Dico
3079 4708 3255 4751 autem
3286 4701 3435 4753 vobis
3472 4718 3493 4755 ἰ

1901 4770 2042 4836 quod
2066 4786 2226 4827 nemo
2248 4775 2480 4831 virorum
2506 4778 2716 4835 illorum
2739 4783 2829 4852 qui
2858 4786 3028 4837 vorati
3057 4795 3178 4840 sunt
3199 4790 3496 4855 gustabunt

1902 4877 2109 4919 ctenam
2150 4882 2345 4922 meam.
2377 4869 2446 4925 Et
2471 4873 2673 4941 egressi
2704 4875 2841 4928 servi
2869 4874 2984 4943 ejus
3016 4876 3064 4928 in
3098 4877 3226 4940 vias,
3261 4894 3493 4948 congre-

1901 4967 2158 5024 gaverunt
2182 4974 2368 5015 omnes
2394 4972 2648 5032 quotquot
2679 4964 2989 5019 invenerunt
3017 4970 3184 5022 malos
3209 4981 3263 5025 et
3290 4971 3489 5042 bonos,

1903 5054 1954 5099 et
1982 5046 2213 5115 impleta:
2240 5062 2365 5104 sunt
2411 5052 2607 5121 nuptiae.
2632 5053 3101 5111 discumbentium.
3136 5059 3356 5116 Intravit
3389 5079 3489 5120 an-

1904 5143 2009 5189 tem
2036 5152 2155 5205 rex,
2188 5149 2247 5194 ut
2275 5140 2483 5198 videret
2512 5142 2908 5201 discumbentes
2956 5163 2971 5202 :
3023 5159 3078 5204 et
3106 5151 3236 5207 vidit
3280 5154 3349 5211 ibi
3382 5161 3487 5209 bo-

1906 5229 2099 5284 minem
2132 5246 2233 5285 non
2268 5235 2515 5289 vestitum
2547 5246 2691 5292 veste
2719 5240 2963 5309 nuptfali.
2996 5243 3060 5299 Et
3087 5247 3169 5302 ait»
3190 5247 3261 5301 illi
3293 5250 3495 5305 :Amii.

1903 5334 1994 5388 ce,
2038 5322 2307 5391 quomodo
2352 5325 2454 5380 huc
2496 5327 2725 5394 intrasti,
2773 5348 2877 5386 non
2919 5335 3118 5391 habens
3149 5348 3345 5392 vestem
3381 5355 3488 5391 nu.

1902 5412 2154 5481 plialetn?
2178 5421 2244 5469 At
2276 5416 2366 5472 ille
2404 5418 2686 5477 obmutuit.
2720 5423 2866 5479 'I‘unc
2894 5426 3022 5479 dixit
3055 5443 3145 5481 rex
3178 5428 3434 5483 ministris
3464 5448 3491 5488 ε

1904 5501 2102 5574 Ligitis
2133 5506 2353 5574 pedibus
2374 5510 2488 5577 ejus
2520 5524 2571 5565 et
2594 5516 2859 5579 manibus,
2887 5518 3078 5571 mittite
3103 5534 3222 5572 cum
3253 5521 3303 5577 in
3334 5533 3486 5575 tenth

1906 5592 2029 5649 bras
2059 5600 2371 5654 exteriores.
2418 5602 2491 5655 Ibi
2539 5608 2642 5659 crit
2690 5610 2845 5661 ﬂetus
2886 5619 2939 5664 et
2985 5610 3182 5665 stridor
3220 5613 3487 5673 dentium.

1908 5684 2057 5744 Multi
2084 5689 2223 5744 enim
2256 5703 2379 5750 suttt
2404 5698 2596 5763 vocati,
2628 5701 2776 5767 pauci
2810 5717 2931 5757 vero
2960 5706 3137 5761 eiecti.
