  <div class='ocr_page' id='page_1' title='image "/cluster/home/n/w/nwhite01/storage/ocr_20150623/68/hvd.32044054758719/167.png"; bbox 0 0 3980 6196; ppageno 0'>
   <div class='ocr_carea' id='block_1_1' title="bbox 475 324 580 381">
    <p class='ocr_par' dir='ltr' id='par_1_1' title="bbox 475 324 580 381">
     <span class='ocr_line' id='line_1_1' title="bbox 475 324 580 381; baseline 0 -1"><span class='ocrx_word' id='word_1_1' title='bbox 475 324 580 381; x_wconf 75' lang='grc'><strong>319</strong></span> 
     </span>
    </p>
   </div>
   <div class='ocr_carea' id='block_1_2' title="bbox 1016 426 1513 481">
    <p class='ocr_par' dir='ltr' id='par_1_2' title="bbox 1016 426 1513 481">
     <span class='ocr_line' id='line_1_2' title="bbox 1016 426 1513 481; baseline -0.004 0"><span class='ocrx_word' id='word_1_2' title='bbox 1016 428 1243 481; x_wconf 78' lang='lat' dir='ltr'><strong>CAPUT</strong></span> <span class='ocrx_word' id='word_1_3' title='bbox 1282 426 1415 481; x_wconf 73' lang='lat' dir='ltr'><strong>CXX</strong></span> <span class='ocrx_word' id='word_1_4' title='bbox 1434 427 1513 478; x_wconf 59' lang='lat' dir='ltr'><strong>\‘I.</strong></span> 
     </span>
    </p>
   </div>
   <div class='ocr_carea' id='block_1_3' title="bbox 479 518 2052 586">
    <p class='ocr_par' dir='ltr' id='par_1_3' title="bbox 479 518 2052 586">
     <span class='ocr_line' id='line_1_3' title="bbox 479 518 2052 586; baseline -0.008 -7"><span class='ocrx_word' id='word_1_5' title='bbox 479 524 730 579; x_wconf 79' lang='lat' dir='ltr'><strong>Pharisa&#39;i</strong></span> <span class='ocrx_word' id='word_1_6' title='bbox 757 522 963 577; x_wconf 81' lang='lat' dir='ltr'><strong>mittunt</strong></span> <span class='ocrx_word' id='word_1_7' title='bbox 994 525 1060 573; x_wconf 71' lang='lat' dir='ltr'><strong>ad</strong></span> <span class='ocrx_word' id='word_1_8' title='bbox 1099 521 1273 573; x_wconf 71' lang='lat' dir='ltr'><strong>Iesum</strong></span> <span class='ocrx_word' id='word_1_9' title='bbox 1322 521 1438 571; x_wconf 62' lang='lat' dir='ltr'><strong>dwla</strong></span> <span class='ocrx_word' id='word_1_10' title='bbox 1487 520 1913 586; x_wconf 78' lang='lat' dir='ltr'><strong>in&#39;errogantessi</strong></span> <span class='ocrx_word' id='word_1_11' title='bbox 1943 518 2052 568; x_wconf 68' lang='lat' dir='ltr'><strong>licet</strong></span> 
     </span>
    </p>
   </div>
   <div class='ocr_carea' id='block_1_4' title="bbox 898 589 1607 645">
    <p class='ocr_par' dir='ltr' id='par_1_4' title="bbox 898 589 1607 645">
     <span class='ocr_line' id='line_1_4' title="bbox 898 589 1607 645; baseline -0.008 -1"><span class='ocrx_word' id='word_1_12' title='bbox 898 595 1139 645; x_wconf 72' lang='lat' dir='ltr'><strong>tributim:</strong></span> <span class='ocrx_word' id='word_1_13' title='bbox 1168 593 1372 643; x_wconf 80' lang='lat' dir='ltr'><strong>reddere</strong></span> <span class='ocrx_word' id='word_1_14' title='bbox 1398 589 1607 642; x_wconf 78' lang='lat' dir='ltr'><strong>Cwsari.</strong></span> 
     </span>
    </p>
   </div>
   <div class='ocr_carea' id='block_1_5' title="bbox 549 695 2052 768">
    <p class='ocr_par' dir='ltr' id='par_1_5' title="bbox 549 695 2052 768">
     <span class='ocr_line' id='line_1_5' title="bbox 549 695 2052 768; baseline -0.007 -9"><span class='ocrx_word' id='word_1_15' title='bbox 549 705 763 759; x_wconf 71' lang='lat' dir='ltr'><strong>Mum.</strong></span> <span class='ocrx_word' id='word_1_16' title='bbox 819 718 959 768; x_wconf 73' lang='lat' dir='ltr'><strong>xxii,</strong></span> <span class='ocrx_word' id='word_1_17' title='bbox 1014 701 1218 765; x_wconf 69' lang='lat'><strong>15-39.;</strong></span> <span class='ocrx_word' id='word_1_18' title='bbox 1271 701 1442 753; x_wconf 62' lang='lat' dir='ltr'><strong>Mtac.</strong></span> <span class='ocrx_word' id='word_1_19' title='bbox 1500 714 1600 760; x_wconf 77' lang='lat' dir='ltr'><strong>xu,</strong></span> <span class='ocrx_word' id='word_1_20' title='bbox 1660 695 1874 761; x_wconf 71' lang='lat'><strong>13-17;</strong></span> <span class='ocrx_word' id='word_1_21' title='bbox 1924 695 2052 749; x_wconf 70' lang='lat' dir='ltr'><strong>ch.</strong></span> 
     </span>
    </p>
   </div>
   <div class='ocr_carea' id='block_1_6' title="bbox 478 786 2056 861">
    <p class='ocr_par' dir='ltr' id='par_1_6' title="bbox 478 786 2056 861">
     <span class='ocr_line' id='line_1_6' title="bbox 478 786 2056 861; baseline -0.005 -12"><span class='ocrx_word' id='word_1_22' title='bbox 478 811 570 861; x_wconf 74' lang='lat' dir='ltr'><strong>xx,</strong></span> <span class='ocrx_word' id='word_1_23' title='bbox 618 795 796 849; x_wconf 69' lang='lat'><strong>20-26.</strong></span> <span class='ocrx_word' id='word_1_24' title='bbox 838 794 986 847; x_wconf 76' lang='lat' dir='ltr'><strong>Tunc</strong></span> <span class='ocrx_word' id='word_1_25' title='bbox 1031 792 1289 845; x_wconf 83' lang='lat' dir='ltr'><strong>abeuntes</strong></span> <span class='ocrx_word' id='word_1_26' title='bbox 1329 790 1577 843; x_wconf 67' lang='lat' dir='ltr'><strong>Pharismi</strong></span> <span class='ocrx_word' id='word_1_27' title='bbox 1609 789 1892 842; x_wconf 66' lang='lat' dir='ltr'><strong>consilium</strong></span> <span class='ocrx_word' id='word_1_28' title='bbox 1924 786 2056 841; x_wconf 83' lang='lat' dir='ltr'><strong>inie-</strong></span> 
     </span>
    </p>
   </div>
   <div class='ocr_carea' id='block_1_7' title="bbox 483 878 2059 951">
    <p class='ocr_par' dir='ltr' id='par_1_7' title="bbox 483 878 2059 951">
     <span class='ocr_line' id='line_1_7' title="bbox 483 878 2059 951; baseline -0.006 -14"><span class='ocrx_word' id='word_1_29' title='bbox 483 895 604 937; x_wconf 82' lang='lat' dir='ltr'><strong>mut</strong></span> <span class='ocrx_word' id='word_1_30' title='bbox 633 894 691 936; x_wconf 92' lang='lat' dir='ltr'><strong>ut</strong></span> <span class='ocrx_word' id='word_1_31' title='bbox 714 892 963 951; x_wconf 86' lang='lat' dir='ltr'><strong>caperent</strong></span> <span class='ocrx_word' id='word_1_32' title='bbox 987 897 1108 934; x_wconf 84' lang='lat' dir='ltr'><strong>eum</strong></span> <span class='ocrx_word' id='word_1_33' title='bbox 1137 882 1188 932; x_wconf 90' lang='lat' dir='ltr'><strong>in</strong></span> <span class='ocrx_word' id='word_1_34' title='bbox 1218 895 1484 933; x_wconf 74' lang='lat' dir='ltr'><strong>sermone.</strong></span> <span class='ocrx_word' id='word_1_35' title='bbox 1511 880 1574 933; x_wconf 71' lang='lat' dir='ltr'><strong>Et</strong></span> <span class='ocrx_word' id='word_1_36' title='bbox 1596 881 1810 931; x_wconf 90' lang='lat' dir='ltr'><strong>mittunt</strong></span> <span class='ocrx_word' id='word_1_37' title='bbox 1832 878 1878 930; x_wconf 85' lang='lat' dir='ltr'><strong>ei</strong></span> <span class='ocrx_word' id='word_1_38' title='bbox 1900 878 2059 929; x_wconf 69' lang='lat' dir='ltr'><strong>dzsi&#39;i-</strong></span> 
     </span>
    </p>
   </div>
   <div class='ocr_carea' id='block_1_8' title="bbox 486 970 2058 1040">
    <p class='ocr_par' dir='ltr' id='par_1_8' title="bbox 486 970 2058 1040">
     <span class='ocr_line' id='line_1_8' title="bbox 486 970 2058 1040; baseline -0.003 -12"><span class='ocrx_word' id='word_1_39' title='bbox 486 978 637 1040; x_wconf 83' lang='lat' dir='ltr'><strong>pu&#39;os</strong></span> <span class='ocrx_word' id='word_1_40' title='bbox 664 988 790 1027; x_wconf 85' lang='lat' dir='ltr'><strong>suos</strong></span> <span class='ocrx_word' id='word_1_41' title='bbox 819 989 937 1026; x_wconf 85' lang='lat' dir='ltr'><strong>cum</strong></span> <span class='ocrx_word' id='word_1_42' title='bbox 972 972 1304 1037; x_wconf 86' lang='lat' dir='ltr'><strong>llerodianis,</strong></span> <span class='ocrx_word' id='word_1_43' title='bbox 1335 973 1575 1026; x_wconf 73' lang='lat' dir='ltr'><strong>dicentes</strong></span> <span class='ocrx_word' id='word_1_44' title='bbox 1610 989 1622 1023; x_wconf 91' lang='lat'>:</span> <span class='ocrx_word' id='word_1_45' title='bbox 1657 971 1921 1038; x_wconf 36' lang='lat' dir='ltr'><strong>Magister,</strong></span> <span class='ocrx_word' id='word_1_46' title='bbox 1954 970 2058 1023; x_wconf 83' lang='lat' dir='ltr'><strong>sei-</strong></span> 
     </span>
    </p>
   </div>
   <div class='ocr_carea' id='block_1_9' title="bbox 484 1059 2057 1133">
    <p class='ocr_par' dir='ltr' id='par_1_9' title="bbox 484 1059 2057 1133">
     <span class='ocr_line' id='line_1_9' title="bbox 484 1059 2057 1133; baseline -0.005 -16"><span class='ocrx_word' id='word_1_47' title='bbox 484 1079 602 1118; x_wconf 85' lang='lat' dir='ltr'><strong>mus</strong></span> <span class='ocrx_word' id='word_1_48' title='bbox 628 1065 747 1133; x_wconf 82' lang='lat' dir='ltr'><strong>quia</strong></span> <span class='ocrx_word' id='word_1_49' title='bbox 782 1078 937 1117; x_wconf 82' lang='lat' dir='ltr'><strong>verax</strong></span> <span class='ocrx_word' id='word_1_50' title='bbox 967 1077 1047 1125; x_wconf 87' lang='lat' dir='ltr'><strong>es,</strong></span> <span class='ocrx_word' id='word_1_51' title='bbox 1081 1071 1135 1114; x_wconf 89' lang='lat' dir='ltr'><strong>ct</strong></span> <span class='ocrx_word' id='word_1_52' title='bbox 1162 1063 1297 1113; x_wconf 85' lang='lat' dir='ltr'><strong>viam</strong></span> <span class='ocrx_word' id='word_1_53' title='bbox 1331 1061 1422 1115; x_wconf 83' lang='lat' dir='ltr'><strong>Dei</strong></span> <span class='ocrx_word' id='word_1_54' title='bbox 1453 1061 1504 1115; x_wconf 78' lang='lat' dir='ltr'><strong>in</strong></span> <span class='ocrx_word' id='word_1_55' title='bbox 1544 1061 1765 1113; x_wconf 82' lang='lat' dir='ltr'><strong>veritate</strong></span> <span class='ocrx_word' id='word_1_56' title='bbox 1792 1059 1971 1124; x_wconf 61' lang='lat' dir='ltr'><strong>duces,</strong></span> <span class='ocrx_word' id='word_1_57' title='bbox 2005 1066 2057 1111; x_wconf 89' lang='lat' dir='ltr'><strong>et</strong></span> 
     </span>
    </p>
   </div>
   <div class='ocr_carea' id='block_1_10' title="bbox 484 1149 2058 1219">
    <p class='ocr_par' dir='ltr' id='par_1_10' title="bbox 484 1149 2058 1219">
     <span class='ocr_line' id='line_1_10' title="bbox 484 1149 2058 1219; baseline -0.005 -11"><span class='ocrx_word' id='word_1_58' title='bbox 484 1170 587 1208; x_wconf 90' lang='lat' dir='ltr'><strong>non</strong></span> <span class='ocrx_word' id='word_1_59' title='bbox 614 1163 696 1207; x_wconf 89' lang='lat' dir='ltr'><strong>est</strong></span> <span class='ocrx_word' id='word_1_60' title='bbox 721 1154 813 1207; x_wconf 84' lang='lat' dir='ltr'><strong>tibi</strong></span> <span class='ocrx_word' id='word_1_61' title='bbox 836 1167 964 1206; x_wconf 89' lang='lat' dir='ltr'><strong>cura</strong></span> <span class='ocrx_word' id='word_1_62' title='bbox 995 1153 1060 1206; x_wconf 87' lang='lat' dir='ltr'><strong>de</strong></span> <span class='ocrx_word' id='word_1_63' title='bbox 1087 1152 1264 1219; x_wconf 86' lang='lat' dir='ltr'><strong>aliquo</strong></span> <span class='ocrx_word' id='word_1_64' title='bbox 1291 1168 1303 1201; x_wconf 87' lang='lat'>:</span> <span class='ocrx_word' id='word_1_65' title='bbox 1335 1166 1438 1204; x_wconf 88' lang='lat' dir='ltr'><strong>non</strong></span> <span class='ocrx_word' id='word_1_66' title='bbox 1461 1150 1598 1204; x_wconf 85' lang='lat' dir='ltr'><strong>enim</strong></span> <span class='ocrx_word' id='word_1_67' title='bbox 1628 1149 1846 1218; x_wconf 78' lang='lat' dir='ltr'><strong>respicis</strong></span> <span class='ocrx_word' id='word_1_68' title='bbox 1874 1162 2058 1217; x_wconf 65' lang='lat' dir='ltr'><strong>perso-</strong></span> 
     </span>
    </p>
   </div>
   <div class='ocr_carea' id='block_1_11' title="bbox 482 1237 2060 1308">
    <p class='ocr_par' dir='ltr' id='par_1_11' title="bbox 482 1237 2060 1308">
     <span class='ocr_line' id='line_1_11' title="bbox 482 1237 2060 1308; baseline -0.005 -12"><span class='ocrx_word' id='word_1_69' title='bbox 482 1259 601 1297; x_wconf 87' lang='lat' dir='ltr'><strong>nam</strong></span> <span class='ocrx_word' id='word_1_70' title='bbox 633 1241 927 1295; x_wconf 83' lang='lat' dir='ltr'><strong>hominum.</strong></span> <span class='ocrx_word' id='word_1_71' title='bbox 962 1242 1053 1295; x_wconf 81' lang='lat' dir='ltr'><strong>De</strong></span> <span class='ocrx_word' id='word_1_72' title='bbox 1082 1256 1209 1308; x_wconf 76' lang='lat' dir='ltr'><strong>ergo</strong></span> <span class='ocrx_word' id='word_1_73' title='bbox 1251 1242 1407 1295; x_wconf 86' lang='lat' dir='ltr'><strong>nobis</strong></span> <span class='ocrx_word' id='word_1_74' title='bbox 1452 1256 1467 1296; x_wconf 88' lang='lat'><strong>:</strong></span> <span class='ocrx_word' id='word_1_75' title='bbox 1514 1241 1646 1306; x_wconf 90' lang='lat' dir='ltr'><strong>Quid</strong></span> <span class='ocrx_word' id='word_1_76' title='bbox 1679 1240 1773 1292; x_wconf 90' lang='lat' dir='ltr'><strong>tibi</strong></span> <span class='ocrx_word' id='word_1_77' title='bbox 1808 1237 2060 1292; x_wconf 79' lang='lat' dir='ltr'><strong>videtur?</strong></span> 
     </span>
    </p>
   </div>
   <div class='ocr_carea' id='block_1_12' title="bbox 484 1330 2061 1400">
    <p class='ocr_par' dir='ltr' id='par_1_12' title="bbox 484 1330 2061 1400">
     <span class='ocr_line' id='line_1_12' title="bbox 484 1330 2061 1400; baseline -0.006 -9"><span class='ocrx_word' id='word_1_78' title='bbox 484 1339 633 1391; x_wconf 83' lang='lat' dir='ltr'><strong>Licet</strong></span> <span class='ocrx_word' id='word_1_79' title='bbox 660 1350 881 1390; x_wconf 82' lang='lat' dir='ltr'><strong>censum</strong></span> <span class='ocrx_word' id='word_1_80' title='bbox 911 1335 1041 1389; x_wconf 88' lang='lat' dir='ltr'><strong>dare</strong></span> <span class='ocrx_word' id='word_1_81' title='bbox 1071 1333 1291 1400; x_wconf 74' lang='lat' dir='ltr'><strong>Caesari,</strong></span> <span class='ocrx_word' id='word_1_82' title='bbox 1333 1349 1401 1387; x_wconf 89' lang='lat' dir='ltr'><strong>an</strong></span> <span class='ocrx_word' id='word_1_83' title='bbox 1446 1333 1590 1386; x_wconf 84' lang='lat' dir='ltr'><strong>non?</strong></span> <span class='ocrx_word' id='word_1_84' title='bbox 1627 1330 1844 1400; x_wconf 74' lang='lat' dir='ltr'><strong>Cognita</strong></span> <span class='ocrx_word' id='word_1_85' title='bbox 1884 1343 2061 1382; x_wconf 83' lang='lat' dir='ltr'><strong>.&#39;=utt‘m</strong></span> 
     </span>
    </p>
   </div>
   <div class='ocr_carea' id='block_1_13' title="bbox 483 1426 2060 1497">
    <p class='ocr_par' dir='ltr' id='par_1_13' title="bbox 483 1426 2060 1497">
     <span class='ocr_line' id='line_1_13' title="bbox 483 1426 2060 1497; baseline -0.003 -14"><span class='ocrx_word' id='word_1_86' title='bbox 483 1430 639 1483; x_wconf 82' lang='lat' dir='ltr'><strong>Iesus</strong></span> <span class='ocrx_word' id='word_1_87' title='bbox 671 1428 906 1497; x_wconf 81' lang='lat' dir='ltr'><strong>nequitia</strong></span> <span class='ocrx_word' id='word_1_88' title='bbox 936 1444 1143 1492; x_wconf 84' lang='lat' dir='ltr'><strong>eorum,</strong></span> <span class='ocrx_word' id='word_1_89' title='bbox 1176 1431 1245 1480; x_wconf 87' lang='lat' dir='ltr'><strong>ait</strong></span> <span class='ocrx_word' id='word_1_90' title='bbox 1295 1445 1307 1479; x_wconf 92' lang='lat'><strong>:</strong></span> <span class='ocrx_word' id='word_1_91' title='bbox 1342 1427 1476 1494; x_wconf 86' lang='lat' dir='ltr'><strong>Quid</strong></span> <span class='ocrx_word' id='word_1_92' title='bbox 1510 1441 1594 1480; x_wconf 88' lang='lat' dir='ltr'><strong>me</strong></span> <span class='ocrx_word' id='word_1_93' title='bbox 1624 1427 1857 1490; x_wconf 83' lang='lat' dir='ltr'><strong>tentatis,</strong></span> <span class='ocrx_word' id='word_1_94' title='bbox 1891 1426 2060 1495; x_wconf 46' lang='lat' dir='ltr'><strong>hypo.</strong></span> 
     </span>
    </p>
   </div>
   <div class='ocr_carea' id='block_1_14' title="bbox 485 1518 2061 1574">
    <p class='ocr_par' dir='ltr' id='par_1_14' title="bbox 485 1518 2061 1574">
     <span class='ocr_line' id='line_1_14' title="bbox 485 1518 2061 1574; baseline -0.002 -1"><span class='ocrx_word' id='word_1_95' title='bbox 485 1521 675 1574; x_wconf 64' lang='lat' dir='ltr'><strong>critic?</strong></span> <span class='ocrx_word' id='word_1_96' title='bbox 701 1520 980 1574; x_wconf 82' lang='lat' dir='ltr'><strong>Ostendite</strong></span> <span class='ocrx_word' id='word_1_97' title='bbox 1011 1519 1139 1573; x_wconf 89' lang='lat' dir='ltr'><strong>mihi</strong></span> <span class='ocrx_word' id='word_1_98' title='bbox 1172 1520 1432 1573; x_wconf 83' lang='lat' dir='ltr'><strong>numisma</strong></span> <span class='ocrx_word' id='word_1_99' title='bbox 1459 1533 1672 1573; x_wconf 83' lang='lat' dir='ltr'><strong>census.</strong></span> <span class='ocrx_word' id='word_1_100' title='bbox 1708 1521 1773 1571; x_wconf 80' lang='lat' dir='ltr'><strong>At</strong></span> <span class='ocrx_word' id='word_1_101' title='bbox 1804 1519 1875 1570; x_wconf 89' lang='lat' dir='ltr'><strong>illi</strong></span> <span class='ocrx_word' id='word_1_102' title='bbox 1907 1518 2061 1570; x_wconf 88' lang='lat' dir='ltr'><strong>obtu-</strong></span> 
     </span>
    </p>
   </div>
   <div class='ocr_carea' id='block_1_15' title="bbox 483 1608 2063 1677">
    <p class='ocr_par' dir='ltr' id='par_1_15' title="bbox 483 1608 2063 1677">
     <span class='ocr_line' id='line_1_15' title="bbox 483 1608 2063 1677; baseline -0.001 -15"><span class='ocrx_word' id='word_1_103' title='bbox 483 1610 660 1662; x_wconf 89' lang='lat' dir='ltr'><strong>lerunt</strong></span> <span class='ocrx_word' id='word_1_104' title='bbox 682 1608 731 1663; x_wconf 89' lang='lat' dir='ltr'><strong>ei</strong></span> <span class='ocrx_word' id='word_1_105' title='bbox 755 1609 1053 1662; x_wconf 86' lang='lat' dir='ltr'><strong>denarium.</strong></span> <span class='ocrx_word' id='word_1_106' title='bbox 1087 1611 1150 1661; x_wconf 72' lang='lat' dir='ltr'><strong>Et</strong></span> <span class='ocrx_word' id='word_1_107' title='bbox 1174 1610 1243 1661; x_wconf 82' lang='lat' dir='ltr'><strong>ait</strong></span> <span class='ocrx_word' id='word_1_108' title='bbox 1265 1609 1363 1662; x_wconf 85' lang='lat' dir='ltr'><strong>llllS</strong></span> <span class='ocrx_word' id='word_1_109' title='bbox 1387 1609 1542 1662; x_wconf 85' lang='lat' dir='ltr'><strong>Iesus</strong></span> <span class='ocrx_word' id='word_1_110' title='bbox 1569 1624 1583 1660; x_wconf 86' lang='lat'><strong>:</strong></span> <span class='ocrx_word' id='word_1_111' title='bbox 1610 1608 1767 1677; x_wconf 78' lang='lat' dir='ltr'><strong>Cujus</strong></span> <span class='ocrx_word' id='word_1_112' title='bbox 1788 1619 1865 1660; x_wconf 89' lang='lat' dir='ltr'><strong>est</strong></span> <span class='ocrx_word' id='word_1_113' title='bbox 1891 1608 2063 1675; x_wconf 70' lang='lat' dir='ltr'><strong>iinage</strong></span> 
     </span>
    </p>
   </div>
   <div class='ocr_carea' id='block_1_16' title="bbox 488 1699 2064 1778">
    <p class='ocr_par' dir='ltr' id='par_1_16' title="bbox 488 1699 2064 1778">
     <span class='ocr_line' id='line_1_16' title="bbox 488 1699 2064 1778; baseline -0.001 -25"><span class='ocrx_word' id='word_1_114' title='bbox 488 1705 603 1753; x_wconf 73' lang='lat' dir='ltr'><strong>lucc</strong></span> <span class='ocrx_word' id='word_1_115' title='bbox 631 1710 687 1754; x_wconf 84' lang='lat' dir='ltr'><strong>et</strong></span> <span class='ocrx_word' id='word_1_116' title='bbox 729 1699 1149 1768; x_wconf 77' lang='lat' dir='ltr'><strong>suprascriptio?</strong></span> <span class='ocrx_word' id='word_1_117' title='bbox 1181 1700 1369 1753; x_wconf 90' lang='lat' dir='ltr'><strong>Dicunt</strong></span> <span class='ocrx_word' id='word_1_118' title='bbox 1400 1703 1446 1754; x_wconf 90' lang='lat' dir='ltr'><strong>ei</strong></span> <span class='ocrx_word' id='word_1_119' title='bbox 1494 1718 1507 1751; x_wconf 87' lang='lat'><strong>:</strong></span> <span class='ocrx_word' id='word_1_120' title='bbox 1540 1699 1785 1778; x_wconf 66' lang='lat' dir='ltr'><strong>Cresaris.</strong></span> <span class='ocrx_word' id='word_1_121' title='bbox 1815 1699 1962 1752; x_wconf 59' lang='lat' dir='ltr'><strong>Tunc</strong></span> <span class='ocrx_word' id='word_1_122' title='bbox 1990 1699 2064 1753; x_wconf 87' lang='lat' dir='ltr'><strong>ait</strong></span> 
     </span>
    </p>
   </div>
   <div class='ocr_carea' id='block_1_17' title="bbox 1607 305 3733 371">
    <p class='ocr_par' dir='ltr' id='par_1_17' title="bbox 1607 305 3733 371">
     <span class='ocr_line' id='line_1_17' title="bbox 1607 305 3733 371; baseline -0.008 -4"><span class='ocrx_word' id='word_1_123' title='bbox 1607 310 1919 367; x_wconf 69' lang='lat' dir='ltr'><strong>VICTORIS</strong></span> <span class='ocrx_word' id='word_1_124' title='bbox 1959 306 2259 365; x_wconf 77' lang='lat' dir='ltr'><strong>EPISCOI’I</strong></span> <span class='ocrx_word' id='word_1_125' title='bbox 2300 305 2598 362; x_wconf 72' lang='lat' dir='ltr'><strong>CAPUANI</strong></span> <span class='ocrx_word' id='word_1_126' title='bbox 3442 368 3445 371; x_wconf 8' lang='grc' dir='ltr'>ἰ</span> <span class='ocrx_word' id='word_1_127' title='bbox 3627 307 3733 361; x_wconf 58' lang='grc' dir='ltr'><strong>Ἐξ)</strong></span> 
     </span>
    </p>
   </div>
   <div class='ocr_carea' id='block_1_18' title="bbox 2085 416 3735 485">
    <p class='ocr_par' dir='ltr' id='par_1_18' title="bbox 2085 416 3735 485">
     <span class='ocr_line' id='line_1_18' title="bbox 2085 416 3735 485; baseline 0.002 -16"><span class='ocrx_word' id='word_1_128' title='bbox 2085 433 2126 478; x_wconf 64' lang='grc' dir='ltr'><strong>Α</strong></span> <span class='ocrx_word' id='word_1_129' title='bbox 2160 420 2496 485; x_wconf 88' lang='lat' dir='ltr'><strong>imposuisset</strong></span> <span class='ocrx_word' id='word_1_130' title='bbox 2545 416 2880 481; x_wconf 39' lang='lat' dir='ltr'><strong>Saddnea‘is,</strong></span> <span class='ocrx_word' id='word_1_131' title='bbox 2930 429 3290 473; x_wconf 64' lang='lat' dir='ltr'><strong>convenerunt</strong></span> <span class='ocrx_word' id='word_1_132' title='bbox 3343 420 3391 473; x_wconf 79' lang='lat' dir='ltr'><strong>in</strong></span> <span class='ocrx_word' id='word_1_133' title='bbox 3442 434 3619 474; x_wconf 76' lang='lat' dir='ltr'><strong>unum.</strong></span> <span class='ocrx_word' id='word_1_134' title='bbox 3671 421 3735 473; x_wconf 76' lang='lat' dir='ltr'><strong>Et</strong></span> 
     </span>
    </p>
   </div>
   <div class='ocr_carea' id='block_1_19' title="bbox 2159 512 3739 579">
    <p class='ocr_par' dir='ltr' id='par_1_19' title="bbox 2159 512 3739 579">
     <span class='ocr_line' id='line_1_19' title="bbox 2159 512 3739 579; baseline 0.001 -15"><span class='ocrx_word' id='word_1_135' title='bbox 2159 513 2385 566; x_wconf 83' lang='lat' dir='ltr'><strong>accessit</strong></span> <span class='ocrx_word' id='word_1_136' title='bbox 2414 526 2548 565; x_wconf 88' lang='lat' dir='ltr'><strong>unus</strong></span> <span class='ocrx_word' id='word_1_137' title='bbox 2577 512 2643 565; x_wconf 90' lang='lat' dir='ltr'><strong>de</strong></span> <span class='ocrx_word' id='word_1_138' title='bbox 2669 512 2876 571; x_wconf 78' lang='lat' dir='ltr'><strong>scribis,</strong></span> <span class='ocrx_word' id='word_1_139' title='bbox 2906 512 3032 579; x_wconf 80' lang='lat' dir='ltr'><strong>legis</strong></span> <span class='ocrx_word' id='word_1_140' title='bbox 3058 514 3266 576; x_wconf 67' lang='lat' dir='ltr'><strong>doctor,</strong></span> <span class='ocrx_word' id='word_1_141' title='bbox 3299 522 3508 565; x_wconf 75' lang='lat' dir='ltr'><strong>lt&#39;ltl;lll8</strong></span> <span class='ocrx_word' id='word_1_142' title='bbox 3532 529 3650 566; x_wconf 84' lang='lat' dir='ltr'><strong>eum</strong></span> <span class='ocrx_word' id='word_1_143' title='bbox 3681 522 3739 567; x_wconf 89' lang='lat' dir='ltr'><strong>et</strong></span> 
     </span>
    </p>
   </div>
   <div class='ocr_carea' id='block_1_20' title="bbox 2158 602 3737 673">
    <p class='ocr_par' dir='ltr' id='par_1_20' title="bbox 2158 602 3737 673">
     <span class='ocr_line' id='line_1_20' title="bbox 2158 602 3737 673; baseline 0.003 -17"><span class='ocrx_word' id='word_1_144' title='bbox 2158 603 2339 657; x_wconf 62' lang='lat' dir='ltr'><strong>dicens</strong></span> <span class='ocrx_word' id='word_1_145' title='bbox 2389 619 2400 653; x_wconf 88' lang='lat'><strong>:</strong></span> <span class='ocrx_word' id='word_1_146' title='bbox 2436 602 2704 670; x_wconf 81' lang='lat' dir='ltr'><strong>Magister,</strong></span> <span class='ocrx_word' id='word_1_147' title='bbox 2738 603 2875 670; x_wconf 89' lang='lat' dir='ltr'><strong>quod</strong></span> <span class='ocrx_word' id='word_1_148' title='bbox 2926 612 3007 656; x_wconf 87' lang='lat' dir='ltr'><strong>est</strong></span> <span class='ocrx_word' id='word_1_149' title='bbox 3055 604 3358 658; x_wconf 87' lang='lat' dir='ltr'><strong>mandatum</strong></span> <span class='ocrx_word' id='word_1_150' title='bbox 3403 620 3647 673; x_wconf 78' lang='lat' dir='ltr'><strong>maguum</strong></span> <span class='ocrx_word' id='word_1_151' title='bbox 3682 607 3737 661; x_wconf 87' lang='lat' dir='ltr'><strong>in</strong></span> 
     </span>
    </p>
   </div>
   <div class='ocr_carea' id='block_1_21' title="bbox 2162 693 3739 758">
    <p class='ocr_par' dir='ltr' id='par_1_21' title="bbox 2162 693 3739 758">
     <span class='ocr_line' id='line_1_21' title="bbox 2162 693 3739 758; baseline 0.004 -10"><span class='ocrx_word' id='word_1_152' title='bbox 2162 695 2317 758; x_wconf 64' lang='lat' dir='ltr'><strong>leae?</strong></span> <span class='ocrx_word' id='word_1_153' title='bbox 2340 696 2426 747; x_wconf 85' lang='lat' dir='ltr'><strong>Ait</strong></span> <span class='ocrx_word' id='word_1_154' title='bbox 2453 693 2525 747; x_wconf 85' lang='lat' dir='ltr'><strong>illi</strong></span> <span class='ocrx_word' id='word_1_155' title='bbox 2545 694 2701 748; x_wconf 88' lang='lat' dir='ltr'><strong>Iesus</strong></span> <span class='ocrx_word' id='word_1_156' title='bbox 2725 711 2740 747; x_wconf 84' lang='lat'><strong>:</strong></span> <span class='ocrx_word' id='word_1_157' title='bbox 2766 695 2997 749; x_wconf 87' lang='lat' dir='ltr'><strong>Primum</strong></span> <span class='ocrx_word' id='word_1_158' title='bbox 3021 698 3257 750; x_wconf 90' lang='lat' dir='ltr'><strong>omnium</strong></span> <span class='ocrx_word' id='word_1_159' title='bbox 3287 698 3590 753; x_wconf 82' lang='lat' dir='ltr'><strong>mandatum</strong></span> <span class='ocrx_word' id='word_1_160' title='bbox 3613 711 3697 754; x_wconf 70' lang='lat' dir='ltr'><strong>est</strong></span> <span class='ocrx_word' id='word_1_161' title='bbox 3721 718 3739 756; x_wconf 89' lang='lat'><strong>:</strong></span> 
     </span>
    </p>
   </div>
   <div class='ocr_carea' id='block_1_22' title="bbox 2161 784 3740 851">
    <p class='ocr_par' dir='ltr' id='par_1_22' title="bbox 2161 784 3740 851">
     <span class='ocr_line' id='line_1_22' title="bbox 2161 784 3740 851; baseline 0.005 -12"><span class='ocrx_word' id='word_1_162' title='bbox 2161 785 2294 839; x_wconf 77' lang='lat' dir='ltr'><strong>Audi</strong></span> <span class='ocrx_word' id='word_1_163' title='bbox 2313 829 2325 846; x_wconf 84' lang='lat'><strong>,</strong></span> <span class='ocrx_word' id='word_1_164' title='bbox 2344 785 2521 851; x_wconf 53' lang='lat' dir='ltr'><strong>Israel,</strong></span> <span class='ocrx_word' id='word_1_165' title='bbox 2542 784 2680 838; x_wconf 88' lang='lat' dir='ltr'><strong>Deus</strong></span> <span class='ocrx_word' id='word_1_166' title='bbox 2706 786 2944 838; x_wconf 88' lang='lat' dir='ltr'><strong>oumium</strong></span> <span class='ocrx_word' id='word_1_167' title='bbox 2975 796 3212 841; x_wconf 89' lang='lat' dir='ltr'><strong>nostrum</strong></span> <span class='ocrx_word' id='word_1_168' title='bbox 3238 788 3264 826; x_wconf 69' lang='grc' dir='ltr'><strong>ι)</strong></span> <span class='ocrx_word' id='word_1_169' title='bbox 3290 789 3427 844; x_wconf 61' lang='grc' dir='ltr'><strong>υνυς</strong></span> <span class='ocrx_word' id='word_1_170' title='bbox 3451 806 3587 845; x_wconf 71' lang='lat' dir='ltr'><strong>unus</strong></span> <span class='ocrx_word' id='word_1_171' title='bbox 3612 803 3696 846; x_wconf 85' lang='lat' dir='ltr'><strong>est</strong></span> <span class='ocrx_word' id='word_1_172' title='bbox 3725 810 3740 847; x_wconf 90' lang='lat'><strong>:</strong></span> 
     </span>
    </p>
   </div>
   <div class='ocr_carea' id='block_1_23' title="bbox 2160 876 3743 948">
    <p class='ocr_par' dir='ltr' id='par_1_23' title="bbox 2160 876 3743 948">
     <span class='ocr_line' id='line_1_23' title="bbox 2160 876 3743 948; baseline 0.004 -19"><span class='ocrx_word' id='word_1_173' title='bbox 2160 887 2239 932; x_wconf 86' lang='lat' dir='ltr'><strong>et.</strong></span> <span class='ocrx_word' id='word_1_174' title='bbox 2268 876 2466 945; x_wconf 78' lang='lat' dir='ltr'><strong>Diliges</strong></span> <span class='ocrx_word' id='word_1_175' title='bbox 2498 877 2776 929; x_wconf 82' lang='lat' dir='ltr'><strong>Dominum</strong></span> <span class='ocrx_word' id='word_1_176' title='bbox 2813 877 2978 931; x_wconf 88' lang='lat' dir='ltr'><strong>Deum</strong></span> <span class='ocrx_word' id='word_1_177' title='bbox 3014 887 3158 932; x_wconf 88' lang='lat' dir='ltr'><strong>tuum</strong></span> <span class='ocrx_word' id='word_1_178' title='bbox 3189 896 3250 934; x_wconf 71' lang='lat' dir='ltr'><strong>ex</strong></span> <span class='ocrx_word' id='word_1_179' title='bbox 3286 892 3397 934; x_wconf 86' lang='lat' dir='ltr'><strong>toto</strong></span> <span class='ocrx_word' id='word_1_180' title='bbox 3424 884 3584 935; x_wconf 83' lang='lat' dir='ltr'><strong>corde</strong></span> <span class='ocrx_word' id='word_1_181' title='bbox 3621 895 3743 948; x_wconf 85' lang='lat' dir='ltr'><strong>tuo,</strong></span> 
     </span>
    </p>
   </div>
   <div class='ocr_carea' id='block_1_24' title="bbox 2161 971 3748 1043">
    <p class='ocr_par' dir='ltr' id='par_1_24' title="bbox 2161 971 3748 1043">
     <span class='ocr_line' id='line_1_24' title="bbox 2161 971 3748 1043; baseline 0.004 -22"><span class='ocrx_word' id='word_1_182' title='bbox 2161 980 2214 1022; x_wconf 90' lang='lat' dir='ltr'><strong>et</strong></span> <span class='ocrx_word' id='word_1_183' title='bbox 2244 984 2307 1020; x_wconf 78' lang='lat' dir='ltr'><strong>ex</strong></span> <span class='ocrx_word' id='word_1_184' title='bbox 2359 977 2467 1020; x_wconf 91' lang='lat' dir='ltr'><strong>tota</strong></span> <span class='ocrx_word' id='word_1_185' title='bbox 2509 971 2686 1023; x_wconf 90' lang='lat' dir='ltr'><strong>anima</strong></span> <span class='ocrx_word' id='word_1_186' title='bbox 2736 979 2846 1034; x_wconf 87' lang='lat' dir='ltr'><strong>tua,</strong></span> <span class='ocrx_word' id='word_1_187' title='bbox 2888 981 2942 1025; x_wconf 88' lang='lat' dir='ltr'><strong>et</strong></span> <span class='ocrx_word' id='word_1_188' title='bbox 2971 986 3035 1024; x_wconf 85' lang='lat' dir='ltr'><strong>ex</strong></span> <span class='ocrx_word' id='word_1_189' title='bbox 3067 981 3172 1023; x_wconf 82' lang='lat' dir='ltr'><strong>tuta</strong></span> <span class='ocrx_word' id='word_1_190' title='bbox 3221 985 3396 1026; x_wconf 86' lang='lat' dir='ltr'><strong>mente</strong></span> <span class='ocrx_word' id='word_1_191' title='bbox 3447 986 3530 1027; x_wconf 85' lang='lat' dir='ltr'><strong>tua</strong></span> <span class='ocrx_word' id='word_1_192' title='bbox 3558 973 3748 1043; x_wconf 83' lang='lat' dir='ltr'><strong>(Deut.</strong></span> 
     </span>
    </p>
   </div>
   <div class='ocr_carea' id='block_1_25' title="bbox 2161 1058 3753 1127">
    <p class='ocr_par' dir='ltr' id='par_1_25' title="bbox 2161 1058 3753 1127">
     <span class='ocr_line' id='line_1_25' title="bbox 2161 1058 3753 1127; baseline 0.006 -17"><span class='ocrx_word' id='word_1_193' title='bbox 2161 1072 2246 1120; x_wconf 85' lang='lat' dir='ltr'><strong>vt,</strong></span> <span class='ocrx_word' id='word_1_194' title='bbox 2276 1058 2352 1127; x_wconf 69' lang='grc'><strong>4).</strong></span> <span class='ocrx_word' id='word_1_195' title='bbox 2388 1059 2496 1112; x_wconf 87' lang='lat' dir='ltr'><strong>lloc</strong></span> <span class='ocrx_word' id='word_1_196' title='bbox 2522 1070 2604 1112; x_wconf 89' lang='lat' dir='ltr'><strong>est</strong></span> <span class='ocrx_word' id='word_1_197' title='bbox 2636 1059 2859 1126; x_wconf 90' lang='lat' dir='ltr'><strong>primum</strong></span> <span class='ocrx_word' id='word_1_198' title='bbox 2889 1072 2941 1115; x_wconf 92' lang='lat' dir='ltr'><strong>et</strong></span> <span class='ocrx_word' id='word_1_199' title='bbox 2972 1064 3257 1114; x_wconf 77' lang='lat' dir='ltr'><strong>niaximum</strong></span> <span class='ocrx_word' id='word_1_200' title='bbox 3290 1064 3613 1116; x_wconf 83' lang='lat' dir='ltr'><strong>mandatum.</strong></span> <span class='ocrx_word' id='word_1_201' title='bbox 3646 1064 3753 1118; x_wconf 77' lang='lat' dir='ltr'><strong>Se-</strong></span> 
     </span>
    </p>
   </div>
   <div class='ocr_carea' id='block_1_26' title="bbox 2163 1148 3754 1221">
    <p class='ocr_par' dir='ltr' id='par_1_26' title="bbox 2163 1148 3754 1221">
     <span class='ocr_line' id='line_1_26' title="bbox 2163 1148 3754 1221; baseline 0.006 -22"><span class='ocrx_word' id='word_1_202' title='bbox 2163 1148 2393 1202; x_wconf 68' lang='lat' dir='ltr'><strong>(&#39;Uttlllm</strong></span> <span class='ocrx_word' id='word_1_203' title='bbox 2444 1160 2620 1203; x_wconf 84' lang='lat' dir='ltr'><strong>autem</strong></span> <span class='ocrx_word' id='word_1_204' title='bbox 2670 1150 2841 1203; x_wconf 82' lang='lat' dir='ltr'><strong>simile</strong></span> <span class='ocrx_word' id='word_1_205' title='bbox 2888 1162 2975 1204; x_wconf 87' lang='lat' dir='ltr'><strong>est</strong></span> <span class='ocrx_word' id='word_1_206' title='bbox 3006 1150 3169 1205; x_wconf 87' lang='lat' dir='ltr'><strong>huic:</strong></span> <span class='ocrx_word' id='word_1_207' title='bbox 3217 1152 3413 1221; x_wconf 79' lang='lat' dir='ltr'><strong>Di!iges</strong></span> <span class='ocrx_word' id='word_1_208' title='bbox 3444 1155 3754 1221; x_wconf 74' lang='lat' dir='ltr'><strong>proximum</strong></span> 
     </span>
    </p>
   </div>
   <div class='ocr_carea' id='block_1_27' title="bbox 2166 1239 3757 1307">
    <p class='ocr_par' dir='ltr' id='par_1_27' title="bbox 2166 1239 3757 1307">
     <span class='ocr_line' id='line_1_27' title="bbox 2166 1239 3757 1307; baseline 0.004 -15"><span class='ocrx_word' id='word_1_209' title='bbox 2166 1250 2311 1292; x_wconf 87' lang='lat' dir='ltr'><strong>tuum</strong></span> <span class='ocrx_word' id='word_1_210' title='bbox 2360 1239 2495 1292; x_wconf 91' lang='lat' dir='ltr'><strong>sicut</strong></span> <span class='ocrx_word' id='word_1_211' title='bbox 2540 1250 2590 1294; x_wconf 92' lang='lat' dir='ltr'><strong>te</strong></span> <span class='ocrx_word' id='word_1_212' title='bbox 2638 1240 2832 1307; x_wconf 87' lang='lat' dir='ltr'><strong>ipsum.</strong></span> <span class='ocrx_word' id='word_1_213' title='bbox 2884 1241 2936 1293; x_wconf 93' lang='lat' dir='ltr'><strong>In</strong></span> <span class='ocrx_word' id='word_1_214' title='bbox 2983 1242 3062 1293; x_wconf 77' lang='lat' dir='ltr'><strong>bis</strong></span> <span class='ocrx_word' id='word_1_215' title='bbox 3107 1242 3315 1295; x_wconf 88' lang='lat' dir='ltr'><strong>duobus</strong></span> <span class='ocrx_word' id='word_1_216' title='bbox 3346 1244 3606 1297; x_wconf 77' lang='lat' dir='ltr'><strong>mandatis</strong></span> <span class='ocrx_word' id='word_1_217' title='bbox 3635 1254 3757 1299; x_wconf 78' lang='lat' dir='ltr'><strong>tota</strong></span> 
     </span>
    </p>
   </div>
   <div class='ocr_carea' id='block_1_28' title="bbox 2166 1331 3757 1399">
    <p class='ocr_par' dir='ltr' id='par_1_28' title="bbox 2166 1331 3757 1399">
     <span class='ocr_line' id='line_1_28' title="bbox 2166 1331 3757 1399; baseline 0.003 -16"><span class='ocrx_word' id='word_1_218' title='bbox 2166 1331 2247 1383; x_wconf 72' lang='lat' dir='ltr'><strong>lex</strong></span> <span class='ocrx_word' id='word_1_219' title='bbox 2281 1331 2475 1399; x_wconf 82' lang='lat' dir='ltr'><strong>pendet</strong></span> <span class='ocrx_word' id='word_1_220' title='bbox 2500 1340 2555 1384; x_wconf 89' lang='lat' dir='ltr'><strong>et</strong></span> <span class='ocrx_word' id='word_1_221' title='bbox 2582 1333 2871 1398; x_wconf 63' lang='lat' dir='ltr'><strong>prophetat.</strong></span> <span class='ocrx_word' id='word_1_222' title='bbox 2902 1335 2964 1385; x_wconf 60' lang='lat' dir='ltr'><strong>l&#39;lt</strong></span> <span class='ocrx_word' id='word_1_223' title='bbox 2993 1334 3067 1386; x_wconf 85' lang='lat' dir='ltr'><strong>ait</strong></span> <span class='ocrx_word' id='word_1_224' title='bbox 3088 1333 3163 1385; x_wconf 82' lang='lat' dir='ltr'><strong>illi</strong></span> <span class='ocrx_word' id='word_1_225' title='bbox 3191 1335 3366 1387; x_wconf 86' lang='lat' dir='ltr'><strong>scriba</strong></span> <span class='ocrx_word' id='word_1_226' title='bbox 3397 1352 3410 1387; x_wconf 88' lang='lat'><strong>:</strong></span> <span class='ocrx_word' id='word_1_227' title='bbox 3442 1336 3603 1399; x_wconf 87' lang='lat' dir='ltr'><strong>Bene,</strong></span> <span class='ocrx_word' id='word_1_228' title='bbox 3634 1336 3757 1391; x_wconf 76' lang='lat' dir='ltr'><strong>Ma-</strong></span> 
     </span>
    </p>
   </div>
   <div class='ocr_carea' id='block_1_29' title="bbox 2165 1418 3758 1490">
    <p class='ocr_par' dir='ltr' id='par_1_29' title="bbox 2165 1418 3758 1490">
     <span class='ocr_line' id='line_1_29' title="bbox 2165 1418 3758 1490; baseline 0.008 -21"><span class='ocrx_word' id='word_1_229' title='bbox 2165 1419 2360 1486; x_wconf 75' lang='lat' dir='ltr'><strong>gister,</strong></span> <span class='ocrx_word' id='word_1_230' title='bbox 2403 1418 2454 1471; x_wconf 90' lang='lat' dir='ltr'><strong>in</strong></span> <span class='ocrx_word' id='word_1_231' title='bbox 2495 1421 2717 1473; x_wconf 75' lang='lat' dir='ltr'><strong>veritate</strong></span> <span class='ocrx_word' id='word_1_232' title='bbox 2743 1421 2957 1486; x_wconf 88' lang='lat' dir='ltr'><strong>dixisti,</strong></span> <span class='ocrx_word' id='word_1_233' title='bbox 2989 1422 3111 1490; x_wconf 76' lang='lat' dir='ltr'><strong>quis</strong></span> <span class='ocrx_word' id='word_1_234' title='bbox 3142 1438 3275 1476; x_wconf 89' lang='lat' dir='ltr'><strong>unus</strong></span> <span class='ocrx_word' id='word_1_235' title='bbox 3306 1435 3417 1487; x_wconf 85' lang='lat' dir='ltr'><strong>est,</strong></span> <span class='ocrx_word' id='word_1_236' title='bbox 3449 1435 3502 1479; x_wconf 90' lang='lat' dir='ltr'><strong>et</strong></span> <span class='ocrx_word' id='word_1_237' title='bbox 3532 1443 3636 1479; x_wconf 88' lang='lat' dir='ltr'><strong>non</strong></span> <span class='ocrx_word' id='word_1_238' title='bbox 3664 1436 3758 1481; x_wconf 85' lang='lat' dir='ltr'><strong>est</strong></span> 
     </span>
    </p>
   </div>
   <div class='ocr_carea' id='block_1_30' title="bbox 2167 1508 3759 1579">
    <p class='ocr_par' dir='ltr' id='par_1_30' title="bbox 2167 1508 3759 1579">
     <span class='ocr_line' id='line_1_30' title="bbox 2167 1508 3759 1579; baseline 0.007 -18"><span class='ocrx_word' id='word_1_239' title='bbox 2167 1508 2301 1561; x_wconf 79' lang='lat' dir='ltr'><strong>alius</strong></span> <span class='ocrx_word' id='word_1_240' title='bbox 2349 1518 2544 1576; x_wconf 65' lang='lat' dir='ltr'><strong>praeter</strong></span> <span class='ocrx_word' id='word_1_241' title='bbox 2568 1525 2688 1561; x_wconf 85' lang='lat' dir='ltr'><strong>eum</strong></span> <span class='ocrx_word' id='word_1_242' title='bbox 2720 1524 2736 1563; x_wconf 86' lang='lat'><strong>:</strong></span> <span class='ocrx_word' id='word_1_243' title='bbox 2767 1519 2823 1564; x_wconf 91' lang='lat' dir='ltr'><strong>et</strong></span> <span class='ocrx_word' id='word_1_244' title='bbox 2862 1520 2918 1565; x_wconf 90' lang='lat' dir='ltr'><strong>nt</strong></span> <span class='ocrx_word' id='word_1_245' title='bbox 2947 1512 3199 1579; x_wconf 77' lang='lat' dir='ltr'><strong>diligatur</strong></span> <span class='ocrx_word' id='word_1_246' title='bbox 3225 1527 3291 1567; x_wconf 85' lang='lat' dir='ltr'><strong>es</strong></span> <span class='ocrx_word' id='word_1_247' title='bbox 3324 1522 3435 1567; x_wconf 91' lang='lat' dir='ltr'><strong>toto</strong></span> <span class='ocrx_word' id='word_1_248' title='bbox 3463 1515 3647 1577; x_wconf 87' lang='lat' dir='ltr'><strong>corde,</strong></span> <span class='ocrx_word' id='word_1_249' title='bbox 3682 1530 3759 1571; x_wconf 78' lang='lat' dir='ltr'><strong>ex</strong></span> 
     </span>
    </p>
   </div>
   <div class='ocr_carea' id='block_1_31' title="bbox 2168 1599 3751 1672">
    <p class='ocr_par' dir='ltr' id='par_1_31' title="bbox 2168 1599 3751 1672">
     <span class='ocr_line' id='line_1_31' title="bbox 2168 1599 3751 1672; baseline 0.007 -19"><span class='ocrx_word' id='word_1_250' title='bbox 2168 1610 2278 1653; x_wconf 86' lang='lat' dir='ltr'><strong>toto</strong></span> <span class='ocrx_word' id='word_1_251' title='bbox 2307 1599 2599 1666; x_wconf 83' lang='lat' dir='ltr'><strong>intellectu,</strong></span> <span class='ocrx_word' id='word_1_252' title='bbox 2629 1612 2685 1655; x_wconf 90' lang='lat' dir='ltr'><strong>et</strong></span> <span class='ocrx_word' id='word_1_253' title='bbox 2714 1619 2777 1656; x_wconf 71' lang='lat' dir='ltr'><strong>ex</strong></span> <span class='ocrx_word' id='word_1_254' title='bbox 2808 1612 2915 1657; x_wconf 89' lang='lat' dir='ltr'><strong>tota</strong></span> <span class='ocrx_word' id='word_1_255' title='bbox 2952 1607 3147 1672; x_wconf 75' lang='lat' dir='ltr'><strong>anima,</strong></span> <span class='ocrx_word' id='word_1_256' title='bbox 3184 1616 3239 1660; x_wconf 90' lang='lat' dir='ltr'><strong>et</strong></span> <span class='ocrx_word' id='word_1_257' title='bbox 3280 1625 3344 1660; x_wconf 86' lang='lat' dir='ltr'><strong>ex</strong></span> <span class='ocrx_word' id='word_1_258' title='bbox 3379 1615 3487 1661; x_wconf 87' lang='lat' dir='ltr'><strong>tota</strong></span> <span class='ocrx_word' id='word_1_259' title='bbox 3519 1610 3751 1664; x_wconf 83' lang='lat' dir='ltr'><strong>fortitu-</strong></span> 
     </span>
    </p>
   </div>
   <div class='ocr_carea' id='block_1_32' title="bbox 2172 1688 3760 1766">
    <p class='ocr_par' dir='ltr' id='par_1_32' title="bbox 2172 1688 3760 1766">
     <span class='ocr_line' id='line_1_32' title="bbox 2172 1688 3760 1766; baseline 0.008 -25"><span class='ocrx_word' id='word_1_260' title='bbox 2172 1688 2297 1742; x_wconf 84' lang='lat' dir='ltr'><strong>dine</strong></span> <span class='ocrx_word' id='word_1_261' title='bbox 2330 1706 2342 1743; x_wconf 92' lang='lat'>:</span> <span class='ocrx_word' id='word_1_262' title='bbox 2374 1698 2429 1743; x_wconf 89' lang='lat' dir='ltr'><strong>et</strong></span> <span class='ocrx_word' id='word_1_263' title='bbox 2454 1691 2673 1759; x_wconf 80' lang='lat' dir='ltr'><strong>diligere</strong></span> <span class='ocrx_word' id='word_1_264' title='bbox 2699 1693 2995 1759; x_wconf 79' lang='lat' dir='ltr'><strong>proximum</strong></span> <span class='ocrx_word' id='word_1_265' title='bbox 3026 1705 3273 1758; x_wconf 66' lang='lat' dir='ltr'><strong>Iamnam</strong></span> <span class='ocrx_word' id='word_1_266' title='bbox 3301 1698 3550 1764; x_wconf 84' lang='lat' dir='ltr'><strong>scipsum,</strong></span> <span class='ocrx_word' id='word_1_267' title='bbox 3577 1699 3760 1766; x_wconf 76' lang='lat' dir='ltr'><strong>majus</strong></span> 
     </span>
    </p>
   </div>
   <div class='ocr_carea' id='block_1_33' title="bbox 486 1782 3758 1867">
    <p class='ocr_par' dir='ltr' id='par_1_33' title="bbox 486 1782 3758 1867">
     <span class='ocr_line' id='line_1_33' title="bbox 486 1782 3758 1867; baseline 0.004 -36"><span class='ocrx_word' id='word_1_268' title='bbox 486 1791 590 1844; x_wconf 60' lang='lat' dir='ltr'><strong>illis</strong></span> <span class='ocrx_word' id='word_1_269' title='bbox 622 1806 636 1844; x_wconf 70' lang='grc' dir='ltr'>ε</span> <span class='ocrx_word' id='word_1_270' title='bbox 670 1790 895 1845; x_wconf 60' lang='lat' dir='ltr'><strong>Reddite</strong></span> <span class='ocrx_word' id='word_1_271' title='bbox 922 1805 1050 1860; x_wconf 62' lang='lat' dir='ltr'><strong>ergo</strong></span> <span class='ocrx_word' id='word_1_272' title='bbox 1077 1805 1196 1859; x_wconf 52' lang='lat' dir='ltr'><strong>qua</strong></span> <span class='ocrx_word' id='word_1_273' title='bbox 1220 1800 1342 1846; x_wconf 71' lang='grc' dir='ltr'>θιιηι</span> <span class='ocrx_word' id='word_1_274' title='bbox 1360 1791 1588 1846; x_wconf 67' lang='lat' dir='ltr'><strong>Cagsaris</strong></span> <span class='ocrx_word' id='word_1_275' title='bbox 1608 1790 1803 1846; x_wconf 55' lang='lat' dir='ltr'><strong>Cmsari</strong></span> <span class='ocrx_word' id='word_1_276' title='bbox 1822 1833 1836 1856; x_wconf 59' lang='lat'><strong>,</strong></span> <span class='ocrx_word' id='word_1_277' title='bbox 1866 1801 1921 1847; x_wconf 63' lang='lat' dir='ltr'><strong>et</strong></span> <span class='ocrx_word' id='word_1_278' title='bbox 2096 1786 2139 1845; x_wconf 79' lang='grc' dir='ltr'><strong><em>Β</em></strong></span> <span class='ocrx_word' id='word_1_279' title='bbox 2166 1790 2247 1835; x_wconf 70' lang='grc'><strong>851.</strong></span> <span class='ocrx_word' id='word_1_280' title='bbox 2298 1782 2546 1835; x_wconf 88' lang='lat' dir='ltr'><strong>omnibus</strong></span> <span class='ocrx_word' id='word_1_281' title='bbox 2597 1783 3108 1841; x_wconf 78' lang='lat' dir='ltr'><strong>holocautomatibns</strong></span> <span class='ocrx_word' id='word_1_282' title='bbox 3156 1797 3209 1842; x_wconf 90' lang='lat' dir='ltr'><strong>et</strong></span> <span class='ocrx_word' id='word_1_283' title='bbox 3255 1789 3545 1845; x_wconf 70' lang='grc' dir='ltr'><strong>εειετίίίοόἰε.</strong></span> <span class='ocrx_word' id='word_1_284' title='bbox 3592 1790 3758 1845; x_wconf 56' lang='grc'><strong>³6818</strong></span> 
     </span>
    </p>
   </div>
   <div class='ocr_carea' id='block_1_34' title="bbox 484 1880 2070 1948">
    <p class='ocr_par' dir='ltr' id='par_1_34' title="bbox 484 1880 2070 1948">
     <span class='ocr_line' id='line_1_34' title="bbox 484 1880 2070 1948; baseline 0.003 -15"><span class='ocrx_word' id='word_1_285' title='bbox 484 1890 609 1933; x_wconf 79' lang='lat' dir='ltr'><strong>sunt</strong></span> <span class='ocrx_word' id='word_1_286' title='bbox 640 1880 732 1934; x_wconf 87' lang='lat' dir='ltr'><strong>Dei</strong></span> <span class='ocrx_word' id='word_1_287' title='bbox 764 1881 894 1936; x_wconf 88' lang='lat' dir='ltr'><strong>Deo.</strong></span> <span class='ocrx_word' id='word_1_288' title='bbox 929 1881 995 1935; x_wconf 86' lang='lat' dir='ltr'><strong>Et</strong></span> <span class='ocrx_word' id='word_1_289' title='bbox 1024 1880 1298 1936; x_wconf 75' lang='lat' dir='ltr'><strong>audientes</strong></span> <span class='ocrx_word' id='word_1_290' title='bbox 1323 1882 1499 1936; x_wconf 82' lang='lat' dir='ltr'><strong>mirati</strong></span> <span class='ocrx_word' id='word_1_291' title='bbox 1529 1892 1757 1948; x_wconf 79' lang='lat' dir='ltr'><strong>suut,.et</strong></span> <span class='ocrx_word' id='word_1_292' title='bbox 1788 1882 1978 1937; x_wconf 88' lang='lat' dir='ltr'><strong>relicto</strong></span> <span class='ocrx_word' id='word_1_293' title='bbox 2004 1895 2070 1937; x_wconf 69' lang='lat' dir='ltr'><strong>co</strong></span> 
     </span>
    </p>
   </div>
   <div class='ocr_carea' id='block_1_35' title="bbox 489 1973 756 2028">
    <p class='ocr_par' dir='ltr' id='par_1_35' title="bbox 489 1973 756 2028">
     <span class='ocr_line' id='line_1_35' title="bbox 489 1973 756 2028; baseline -0.007 0"><span class='ocrx_word' id='word_1_294' title='bbox 489 1973 756 2028; x_wconf 77' lang='lat' dir='ltr'><strong>abierunt.</strong></span> 
     </span>
    </p>
   </div>
   <div class='ocr_carea' id='block_1_36' title="bbox 1019 2088 1544 2148">
    <p class='ocr_par' dir='ltr' id='par_1_36' title="bbox 1019 2088 1544 2148">
     <span class='ocr_line' id='line_1_36' title="bbox 1019 2088 1544 2148; baseline 0.01 -5"><span class='ocrx_word' id='word_1_295' title='bbox 1019 2088 1248 2145; x_wconf 75' lang='lat' dir='ltr'><strong>CAI‘UT</strong></span> <span class='ocrx_word' id='word_1_296' title='bbox 1283 2088 1544 2148; x_wconf 77' lang='lat' dir='ltr'><strong>CXXVII.</strong></span> 
     </span>
    </p>
   </div>
   <div class='ocr_carea' id='block_1_37' title="bbox 492 2181 2073 2251">
    <p class='ocr_par' dir='ltr' id='par_1_37' title="bbox 492 2181 2073 2251">
     <span class='ocr_line' id='line_1_37' title="bbox 492 2181 2073 2251; baseline 0 -15"><span class='ocrx_word' id='word_1_297' title='bbox 492 2182 565 2236; x_wconf 82' lang='lat' dir='ltr'><strong>De</strong></span> <span class='ocrx_word' id='word_1_298' title='bbox 607 2181 941 2247; x_wconf 70' lang='lat' dir='ltr'><strong>Saddncwis,</strong></span> <span class='ocrx_word' id='word_1_299' title='bbox 988 2182 1076 2251; x_wconf 83' lang='lat' dir='ltr'><strong>qui</strong></span> <span class='ocrx_word' id='word_1_300' title='bbox 1114 2182 1290 2235; x_wconf 83' lang='lat' dir='ltr'><strong>dicunt</strong></span> <span class='ocrx_word' id='word_1_301' title='bbox 1329 2198 1430 2233; x_wconf 88' lang='lat' dir='ltr'><strong>mm</strong></span> <span class='ocrx_word' id='word_1_302' title='bbox 1470 2198 1574 2233; x_wconf 74' lang='lat' dir='ltr'><strong>esse</strong></span> <span class='ocrx_word' id='word_1_303' title='bbox 1604 2182 2020 2235; x_wconf 76' lang='lat' dir='ltr'><strong>resurrectionem</strong></span> <span class='ocrx_word' id='word_1_304' title='bbox 2051 2196 2073 2236; x_wconf 66' lang='grc' dir='ltr'><strong><em>ε</em></strong></span> 
     </span>
    </p>
   </div>
   <div class='ocr_carea' id='block_1_38' title="bbox 560 2251 2071 2372">
    <p class='ocr_par' dir='ltr' id='par_1_38' title="bbox 560 2251 2071 2372">
     <span class='ocr_line' id='line_1_38' title="bbox 560 2251 2071 2372; baseline -0.001 -67"><span class='ocrx_word' id='word_1_305' title='bbox 560 2264 604 2305; x_wconf 82' lang='lat' dir='ltr'><strong>et</strong></span> <span class='ocrx_word' id='word_1_306' title='bbox 637 2255 959 2372; x_wconf 53' lang='lat' dir='ltr'><strong>[interrogant</strong></span> <span class='ocrx_word' id='word_1_307' title='bbox 985 2255 1047 2306; x_wconf 87' lang='lat' dir='ltr'><strong>de</strong></span> <span class='ocrx_word' id='word_1_308' title='bbox 1069 2261 1258 2319; x_wconf 73' lang='lat' dir='ltr'><strong>septeni</strong></span> <span class='ocrx_word' id='word_1_309' title='bbox 1290 2251 1536 2321; x_wconf 72' lang='lat' dir='ltr'><strong>fratribus</strong></span> <span class='ocrx_word' id='word_1_310' title='bbox 1565 2253 1651 2320; x_wconf 86' lang='lat' dir='ltr'><strong>qui</strong></span> <span class='ocrx_word' id='word_1_311' title='bbox 1679 2268 1833 2304; x_wconf 84' lang='lat' dir='ltr'><strong>unam</strong></span> <span class='ocrx_word' id='word_1_312' title='bbox 1861 2266 2071 2304; x_wconf 75' lang='lat' dir='ltr'><strong>uxorem</strong></span> 
     </span>
     <span class='ocr_line' id='line_1_39' title="bbox 566 2325 865 2372; baseline 0.003 -1"><span class='ocrx_word' id='word_1_313' title='bbox 566 2325 628 2372; x_wconf 79' lang='lat' dir='ltr'><strong>Im</strong></span> <span class='ocrx_word' id='word_1_314' title='bbox 654 2333 865 2372; x_wconf 80' lang='lat' dir='ltr'><strong>merant.</strong></span> 
     </span>
    </p>
   </div>
   <div class='ocr_carea' id='block_1_39' title="bbox 566 2325 865 2376">
    <p class='ocr_par' dir='ltr' id='par_1_39' title="bbox 566 2325 865 2376">
     <span class='ocr_line' id='line_1_40' title="bbox 566 2325 865 2376; baseline 0.017 -5"><span class='ocrx_word' id='word_1_315' title='bbox 566 2325 865 2376; x_wconf 72' lang='lat' dir='ltr'><strong>habuerant.</strong></span> 
     </span>
    </p>
   </div>
   <div class='ocr_carea' id='block_1_40' title="bbox 562 2433 2069 2499">
    <p class='ocr_par' dir='ltr' id='par_1_40' title="bbox 562 2433 2069 2499">
     <span class='ocr_line' id='line_1_41' title="bbox 562 2433 2069 2499; baseline 0.001 -12"><span class='ocrx_word' id='word_1_316' title='bbox 562 2435 774 2488; x_wconf 70' lang='lat' dir='ltr'><strong>Murri.</strong></span> <span class='ocrx_word' id='word_1_317' title='bbox 835 2449 974 2499; x_wconf 67' lang='grc' dir='ltr'>χχιτ,</span> <span class='ocrx_word' id='word_1_318' title='bbox 1035 2433 1237 2499; x_wconf 70' lang='grc' dir='ltr'><strong>25ο55;</strong></span> <span class='ocrx_word' id='word_1_319' title='bbox 1297 2434 1472 2487; x_wconf 76' lang='grc' dir='ltr'><strong>ΜΑιιε.</strong></span> <span class='ocrx_word' id='word_1_320' title='bbox 1527 2447 1629 2499; x_wconf 82' lang='lat' dir='ltr'><strong>xu,</strong></span> <span class='ocrx_word' id='word_1_321' title='bbox 1688 2434 1879 2498; x_wconf 64' lang='lat'><strong>18-27;</strong></span> <span class='ocrx_word' id='word_1_322' title='bbox 1943 2433 2069 2488; x_wconf 82' lang='lat' dir='ltr'><strong>Luc.</strong></span> 
     </span>
    </p>
   </div>
   <div class='ocr_carea' id='block_1_41' title="bbox 491 2524 2068 2592">
    <p class='ocr_par' dir='ltr' id='par_1_41' title="bbox 491 2524 2068 2592">
     <span class='ocr_line' id='line_1_42' title="bbox 491 2524 2068 2592; baseline -0.002 -13"><span class='ocrx_word' id='word_1_323' title='bbox 491 2541 581 2588; x_wconf 74' lang='lat' dir='ltr'><strong>xx,</strong></span> <span class='ocrx_word' id='word_1_324' title='bbox 611 2524 798 2579; x_wconf 65' lang='lat'><strong>27-39.</strong></span> <span class='ocrx_word' id='word_1_325' title='bbox 828 2525 882 2578; x_wconf 85' lang='lat' dir='ltr'><strong>Iit</strong></span> <span class='ocrx_word' id='word_1_326' title='bbox 916 2525 1006 2578; x_wconf 88' lang='lat' dir='ltr'><strong>illo</strong></span> <span class='ocrx_word' id='word_1_327' title='bbox 1034 2526 1117 2578; x_wconf 81' lang='lat' dir='ltr'><strong>die</strong></span> <span class='ocrx_word' id='word_1_328' title='bbox 1150 2534 1491 2579; x_wconf 79' lang='lat' dir='ltr'><strong>accesserunt</strong></span> <span class='ocrx_word' id='word_1_329' title='bbox 1522 2526 1585 2579; x_wconf 87' lang='lat' dir='ltr'><strong>ad</strong></span> <span class='ocrx_word' id='word_1_330' title='bbox 1618 2540 1736 2579; x_wconf 86' lang='lat' dir='ltr'><strong>eum</strong></span> <span class='ocrx_word' id='word_1_331' title='bbox 1768 2526 2068 2592; x_wconf 71' lang='lat' dir='ltr'><strong>Saddncmi,</strong></span> 
     </span>
    </p>
   </div>
   <div class='ocr_carea' id='block_1_42' title="bbox 493 2618 2072 2687">
    <p class='ocr_par' dir='ltr' id='par_1_42' title="bbox 493 2618 2072 2687">
     <span class='ocr_line' id='line_1_43' title="bbox 493 2618 2072 2687; baseline 0.001 -16"><span class='ocrx_word' id='word_1_332' title='bbox 493 2620 583 2686; x_wconf 89' lang='lat' dir='ltr'><strong>qui</strong></span> <span class='ocrx_word' id='word_1_333' title='bbox 613 2618 795 2673; x_wconf 89' lang='lat' dir='ltr'><strong>dicunt</strong></span> <span class='ocrx_word' id='word_1_334' title='bbox 824 2634 927 2673; x_wconf 91' lang='lat' dir='ltr'><strong>non</strong></span> <span class='ocrx_word' id='word_1_335' title='bbox 974 2634 1093 2673; x_wconf 87' lang='lat' dir='ltr'><strong>esse</strong></span> <span class='ocrx_word' id='word_1_336' title='bbox 1123 2621 1567 2674; x_wconf 80' lang='lat' dir='ltr'><strong>resurrectiopein</strong></span> <span class='ocrx_word' id='word_1_337' title='bbox 1587 2659 1601 2683; x_wconf 94' lang='lat'><strong>,</strong></span> <span class='ocrx_word' id='word_1_338' title='bbox 1633 2630 1687 2671; x_wconf 81' lang='lat' dir='ltr'><strong>et</strong></span> <span class='ocrx_word' id='word_1_339' title='bbox 1718 2619 2072 2687; x_wconf 62' lang='lat' dir='ltr'><strong>interrogave-</strong></span> 
     </span>
    </p>
   </div>
   <div class='ocr_carea' id='block_1_43' title="bbox 496 2710 2074 2783">
    <p class='ocr_par' dir='ltr' id='par_1_43' title="bbox 496 2710 2074 2783">
     <span class='ocr_line' id='line_1_44' title="bbox 496 2710 2074 2783; baseline 0 -18"><span class='ocrx_word' id='word_1_340' title='bbox 496 2722 620 2766; x_wconf 89' lang='lat' dir='ltr'><strong>rttut</strong></span> <span class='ocrx_word' id='word_1_341' title='bbox 646 2730 793 2779; x_wconf 84' lang='lat' dir='ltr'><strong>eum,</strong></span> <span class='ocrx_word' id='word_1_342' title='bbox 824 2714 1060 2769; x_wconf 82' lang='lat' dir='ltr'><strong>dicentes</strong></span> <span class='ocrx_word' id='word_1_343' title='bbox 1090 2732 1101 2767; x_wconf 89' lang='lat'>:</span> <span class='ocrx_word' id='word_1_344' title='bbox 1135 2715 1399 2782; x_wconf 79' lang='lat' dir='ltr'><strong>Magister,</strong></span> <span class='ocrx_word' id='word_1_345' title='bbox 1432 2713 1637 2783; x_wconf 73' lang='lat' dir='ltr'><strong>Moyses</strong></span> <span class='ocrx_word' id='word_1_346' title='bbox 1666 2714 1697 2765; x_wconf 91' lang='lat' dir='ltr'><strong>d</strong></span> <span class='ocrx_word' id='word_1_347' title='bbox 1725 2713 1796 2765; x_wconf 79' lang='lat' dir='ltr'><strong>xit</strong></span> <span class='ocrx_word' id='word_1_348' title='bbox 1827 2730 1840 2764; x_wconf 72' lang='grc' dir='ltr'>ε</span> <span class='ocrx_word' id='word_1_349' title='bbox 1870 2710 1923 2765; x_wconf 89' lang='lat' dir='ltr'><strong>Si</strong></span> <span class='ocrx_word' id='word_1_350' title='bbox 1956 2712 2074 2778; x_wconf 88' lang='lat' dir='ltr'><strong>quis</strong></span> 
     </span>
    </p>
   </div>
   <div class='ocr_carea' id='block_1_44' title="bbox 502 2802 2075 2872">
    <p class='ocr_par' dir='ltr' id='par_1_44' title="bbox 502 2802 2075 2872">
     <span class='ocr_line' id='line_1_45' title="bbox 502 2802 2075 2872; baseline -0.001 -15"><span class='ocrx_word' id='word_1_351' title='bbox 502 2815 740 2858; x_wconf 83' lang='lat' dir='ltr'><strong>mortuus</strong></span> <span class='ocrx_word' id='word_1_352' title='bbox 769 2805 921 2859; x_wconf 75' lang='lat' dir='ltr'><strong>fuerit</strong></span> <span class='ocrx_word' id='word_1_353' title='bbox 947 2822 1052 2859; x_wconf 80' lang='lat' dir='ltr'><strong>non</strong></span> <span class='ocrx_word' id='word_1_354' title='bbox 1082 2805 1281 2859; x_wconf 82' lang='lat' dir='ltr'><strong>habens</strong></span> <span class='ocrx_word' id='word_1_355' title='bbox 1311 2804 1466 2866; x_wconf 88' lang='lat' dir='ltr'><strong>filios,</strong></span> <span class='ocrx_word' id='word_1_356' title='bbox 1496 2813 1551 2856; x_wconf 93' lang='lat' dir='ltr'><strong>nt</strong></span> <span class='ocrx_word' id='word_1_357' title='bbox 1582 2804 1737 2857; x_wconf 85' lang='lat' dir='ltr'><strong>ducat</strong></span> <span class='ocrx_word' id='word_1_358' title='bbox 1765 2802 1881 2872; x_wconf 81' lang='lat' dir='ltr'><strong>ejus</strong></span> <span class='ocrx_word' id='word_1_359' title='bbox 1915 2803 2075 2856; x_wconf 88' lang='lat' dir='ltr'><strong>frater</strong></span> 
     </span>
    </p>
   </div>
   <div class='ocr_carea' id='block_1_45' title="bbox 497 2893 2076 2961">
    <p class='ocr_par' dir='ltr' id='par_1_45' title="bbox 497 2893 2076 2961">
     <span class='ocr_line' id='line_1_46' title="bbox 497 2893 2076 2961; baseline -0.001 -14"><span class='ocrx_word' id='word_1_360' title='bbox 497 2910 715 2948; x_wconf 74' lang='lat' dir='ltr'><strong>ttmtem</strong></span> <span class='ocrx_word' id='word_1_361' title='bbox 745 2896 904 2961; x_wconf 90' lang='lat' dir='ltr'><strong>illius,</strong></span> <span class='ocrx_word' id='word_1_362' title='bbox 933 2906 985 2950; x_wconf 85' lang='lat' dir='ltr'><strong>et</strong></span> <span class='ocrx_word' id='word_1_363' title='bbox 1013 2895 1232 2949; x_wconf 82' lang='lat' dir='ltr'><strong>suscitet</strong></span> <span class='ocrx_word' id='word_1_364' title='bbox 1259 2910 1441 2947; x_wconf 84' lang='lat' dir='ltr'><strong>semen</strong></span> <span class='ocrx_word' id='word_1_365' title='bbox 1474 2893 1619 2960; x_wconf 76' lang='lat' dir='ltr'><strong>fratri</strong></span> <span class='ocrx_word' id='word_1_366' title='bbox 1647 2908 1763 2947; x_wconf 89' lang='lat' dir='ltr'><strong>suo.</strong></span> <span class='ocrx_word' id='word_1_367' title='bbox 1797 2894 1961 2947; x_wconf 84' lang='lat' dir='ltr'><strong>Erant</strong></span> <span class='ocrx_word' id='word_1_368' title='bbox 1983 2909 2076 2945; x_wconf 65' lang='lat' dir='ltr'><strong>auo</strong></span> 
     </span>
    </p>
   </div>
   <div class='ocr_carea' id='block_1_46' title="bbox 496 2985 2077 3056">
    <p class='ocr_par' dir='ltr' id='par_1_46' title="bbox 496 2985 2077 3056">
     <span class='ocr_line' id='line_1_47' title="bbox 496 2985 2077 3056; baseline 0.001 -19"><span class='ocrx_word' id='word_1_369' title='bbox 496 2997 599 3038; x_wconf 82' lang='lat' dir='ltr'><strong>teni</strong></span> <span class='ocrx_word' id='word_1_370' title='bbox 645 2985 783 3055; x_wconf 90' lang='lat' dir='ltr'><strong>apud</strong></span> <span class='ocrx_word' id='word_1_371' title='bbox 825 3001 921 3039; x_wconf 88' lang='lat' dir='ltr'><strong>nos</strong></span> <span class='ocrx_word' id='word_1_372' title='bbox 971 2998 1175 3056; x_wconf 89' lang='lat' dir='ltr'><strong>septem</strong></span> <span class='ocrx_word' id='word_1_373' title='bbox 1227 2985 1416 3039; x_wconf 76' lang='lat' dir='ltr'><strong>fratres</strong></span> <span class='ocrx_word' id='word_1_374' title='bbox 1466 3001 1478 3037; x_wconf 93' lang='lat'>:</span> <span class='ocrx_word' id='word_1_375' title='bbox 1528 2995 1580 3038; x_wconf 90' lang='lat' dir='ltr'><strong>et</strong></span> <span class='ocrx_word' id='word_1_376' title='bbox 1626 2986 1862 3054; x_wconf 88' lang='lat' dir='ltr'><strong>primus,</strong></span> <span class='ocrx_word' id='word_1_377' title='bbox 1909 3000 2077 3040; x_wconf 67' lang='lat' dir='ltr'><strong>nxczre</strong></span> 
     </span>
    </p>
   </div>
   <div class='ocr_carea' id='block_1_47' title="bbox 494 3076 2077 3147">
    <p class='ocr_par' dir='ltr' id='par_1_47' title="bbox 494 3076 2077 3147">
     <span class='ocr_line' id='line_1_48' title="bbox 494 3076 2077 3147; baseline 0.001 -18"><span class='ocrx_word' id='word_1_378' title='bbox 494 3078 650 3129; x_wconf 73' lang='lat' dir='ltr'><strong>ducta</strong></span> <span class='ocrx_word' id='word_1_379' title='bbox 673 3117 687 3141; x_wconf 94' lang='lat'><strong>,</strong></span> <span class='ocrx_word' id='word_1_380' title='bbox 720 3076 995 3131; x_wconf 76' lang='lat' dir='ltr'><strong>defunctus</strong></span> <span class='ocrx_word' id='word_1_381' title='bbox 1024 3088 1139 3142; x_wconf 88' lang='lat' dir='ltr'><strong>est;</strong></span> <span class='ocrx_word' id='word_1_382' title='bbox 1180 3087 1233 3131; x_wconf 89' lang='lat' dir='ltr'><strong>et</strong></span> <span class='ocrx_word' id='word_1_383' title='bbox 1263 3093 1367 3132; x_wconf 88' lang='lat' dir='ltr'><strong>non</strong></span> <span class='ocrx_word' id='word_1_384' title='bbox 1394 3078 1592 3131; x_wconf 85' lang='lat' dir='ltr'><strong>habens</strong></span> <span class='ocrx_word' id='word_1_385' title='bbox 1621 3092 1801 3131; x_wconf 88' lang='lat' dir='ltr'><strong>semen</strong></span> <span class='ocrx_word' id='word_1_386' title='bbox 1824 3119 1836 3141; x_wconf 94' lang='lat'><strong>,</strong></span> <span class='ocrx_word' id='word_1_387' title='bbox 1865 3078 2077 3147; x_wconf 76' lang='lat' dir='ltr'><strong>reliquit</strong></span> 
     </span>
    </p>
   </div>
   <div class='ocr_carea' id='block_1_48' title="bbox 2171 1873 3757 1945">
    <p class='ocr_par' dir='ltr' id='par_1_48' title="bbox 2171 1873 3757 1945">
     <span class='ocr_line' id='line_1_49' title="bbox 2171 1873 3757 1945; baseline 0.006 -21"><span class='ocrx_word' id='word_1_388' title='bbox 2171 1884 2347 1925; x_wconf 88' lang='lat' dir='ltr'><strong>autem</strong></span> <span class='ocrx_word' id='word_1_389' title='bbox 2372 1873 2557 1927; x_wconf 86' lang='lat' dir='ltr'><strong>videns</strong></span> <span class='ocrx_word' id='word_1_390' title='bbox 2581 1875 2720 1944; x_wconf 88' lang='lat' dir='ltr'><strong>quod</strong></span> <span class='ocrx_word' id='word_1_391' title='bbox 2748 1877 3017 1941; x_wconf 88' lang='lat' dir='ltr'><strong>sapienter</strong></span> <span class='ocrx_word' id='word_1_392' title='bbox 3045 1879 3439 1945; x_wconf 89' lang='lat' dir='ltr'><strong>respondisset,</strong></span> <span class='ocrx_word' id='word_1_393' title='bbox 3472 1880 3604 1934; x_wconf 72' lang='lat' dir='ltr'><strong>dixit</strong></span> <span class='ocrx_word' id='word_1_394' title='bbox 3632 1881 3711 1934; x_wconf 89' lang='lat' dir='ltr'><strong>illi</strong></span> <span class='ocrx_word' id='word_1_395' title='bbox 3741 1900 3757 1935; x_wconf 91' lang='lat'><strong>:</strong></span> 
     </span>
    </p>
   </div>
   <div class='ocr_carea' id='block_1_49' title="bbox 2173 1960 3757 2030">
    <p class='ocr_par' dir='ltr' id='par_1_49' title="bbox 2173 1960 3757 2030">
     <span class='ocr_line' id='line_1_50' title="bbox 2173 1960 3757 2030; baseline 0.005 -16"><span class='ocrx_word' id='word_1_396' title='bbox 2173 1960 2335 2017; x_wconf 82' lang='lat' dir='ltr'><strong>Recte</strong></span> <span class='ocrx_word' id='word_1_397' title='bbox 2366 1963 2684 2030; x_wconf 80' lang='lat' dir='ltr'><strong>respondisti</strong></span> <span class='ocrx_word' id='word_1_398' title='bbox 2720 1981 2733 2016; x_wconf 91' lang='lat'>:</span> <span class='ocrx_word' id='word_1_399' title='bbox 2777 1964 2879 2019; x_wconf 89' lang='lat' dir='ltr'><strong>hoc</strong></span> <span class='ocrx_word' id='word_1_400' title='bbox 2909 1965 3010 2028; x_wconf 84' lang='lat' dir='ltr'><strong>fac,</strong></span> <span class='ocrx_word' id='word_1_401' title='bbox 3041 1978 3093 2021; x_wconf 91' lang='lat' dir='ltr'><strong>et</strong></span> <span class='ocrx_word' id='word_1_402' title='bbox 3124 1967 3290 2023; x_wconf 83' lang='lat' dir='ltr'><strong>vives.</strong></span> <span class='ocrx_word' id='word_1_403' title='bbox 3325 1968 3414 2023; x_wconf 90' lang='lat' dir='ltr'><strong>Ille</strong></span> <span class='ocrx_word' id='word_1_404' title='bbox 3441 1978 3618 2023; x_wconf 88' lang='lat' dir='ltr'><strong>autem</strong></span> <span class='ocrx_word' id='word_1_405' title='bbox 3652 1984 3757 2022; x_wconf 83' lang='lat' dir='ltr'><strong>vo-</strong></span> 
     </span>
    </p>
   </div>
   <div class='ocr_carea' id='block_1_50' title="bbox 2171 2049 3759 2128">
    <p class='ocr_par' dir='ltr' id='par_1_50' title="bbox 2171 2049 3759 2128">
     <span class='ocr_line' id='line_1_51' title="bbox 2171 2049 3759 2128; baseline 0.006 -23"><span class='ocrx_word' id='word_1_406' title='bbox 2171 2049 2288 2105; x_wconf 89' lang='lat' dir='ltr'><strong>lens</strong></span> <span class='ocrx_word' id='word_1_407' title='bbox 2312 2050 2604 2118; x_wconf 79' lang='lat' dir='ltr'><strong>justiticare</strong></span> <span class='ocrx_word' id='word_1_408' title='bbox 2632 2067 2691 2106; x_wconf 87' lang='lat' dir='ltr'><strong>se</strong></span> <span class='ocrx_word' id='word_1_409' title='bbox 2736 2053 2944 2120; x_wconf 88' lang='lat' dir='ltr'><strong>ipsum,</strong></span> <span class='ocrx_word' id='word_1_410' title='bbox 2990 2055 3122 2109; x_wconf 74' lang='lat' dir='ltr'><strong>dixit</strong></span> <span class='ocrx_word' id='word_1_411' title='bbox 3165 2058 3231 2110; x_wconf 91' lang='lat' dir='ltr'><strong>ad</strong></span> <span class='ocrx_word' id='word_1_412' title='bbox 3273 2057 3454 2113; x_wconf 88' lang='lat' dir='ltr'><strong>Iesum</strong></span> <span class='ocrx_word' id='word_1_413' title='bbox 3490 2075 3504 2111; x_wconf 92' lang='lat'><strong>:</strong></span> <span class='ocrx_word' id='word_1_414' title='bbox 3537 2059 3603 2114; x_wconf 84' lang='lat' dir='ltr'><strong>Et</strong></span> <span class='ocrx_word' id='word_1_415' title='bbox 3632 2063 3759 2128; x_wconf 87' lang='lat' dir='ltr'><strong>quis</strong></span> 
     </span>
    </p>
   </div>
   <div class='ocr_carea' id='block_1_51' title="bbox 2170 2144 3753 2215">
    <p class='ocr_par' dir='ltr' id='par_1_51' title="bbox 2170 2144 3753 2215">
     <span class='ocr_line' id='line_1_52' title="bbox 2170 2144 3753 2215; baseline 0.006 -19"><span class='ocrx_word' id='word_1_416' title='bbox 2170 2151 2254 2196; x_wconf 86' lang='lat' dir='ltr'><strong>est</strong></span> <span class='ocrx_word' id='word_1_417' title='bbox 2284 2157 2434 2196; x_wconf 85' lang='lat' dir='ltr'><strong>meus</strong></span> <span class='ocrx_word' id='word_1_418' title='bbox 2464 2144 2772 2210; x_wconf 78' lang='lat' dir='ltr'><strong>proximus?</strong></span> <span class='ocrx_word' id='word_1_419' title='bbox 2802 2145 3111 2215; x_wconf 84' lang='lat' dir='ltr'><strong>Suscipiens</strong></span> <span class='ocrx_word' id='word_1_420' title='bbox 3139 2160 3317 2203; x_wconf 83' lang='lat' dir='ltr'><strong>autem</strong></span> <span class='ocrx_word' id='word_1_421' title='bbox 3348 2149 3522 2214; x_wconf 85' lang='lat' dir='ltr'><strong>Iesus,</strong></span> <span class='ocrx_word' id='word_1_422' title='bbox 3553 2151 3691 2205; x_wconf 79' lang='lat' dir='ltr'><strong>di\it</strong></span> <span class='ocrx_word' id='word_1_423' title='bbox 3736 2170 3753 2205; x_wconf 90' lang='lat'><strong>:</strong></span> 
     </span>
    </p>
   </div>
   <div class='ocr_carea' id='block_1_52' title="bbox 2174 2231 3758 2301">
    <p class='ocr_par' dir='ltr' id='par_1_52' title="bbox 2174 2231 3758 2301">
     <span class='ocr_line' id='line_1_53' title="bbox 2174 2231 3758 2301; baseline 0.005 -15"><span class='ocrx_word' id='word_1_424' title='bbox 2174 2231 2342 2286; x_wconf 83' lang='lat' dir='ltr'><strong>Homo</strong></span> <span class='ocrx_word' id='word_1_425' title='bbox 2368 2232 2579 2301; x_wconf 90' lang='lat' dir='ltr'><strong>quidam</strong></span> <span class='ocrx_word' id='word_1_426' title='bbox 2605 2234 2961 2290; x_wconf 82' lang='lat' dir='ltr'><strong>descendebat</strong></span> <span class='ocrx_word' id='word_1_427' title='bbox 2993 2238 3060 2292; x_wconf 87' lang='lat' dir='ltr'><strong>ab</strong></span> <span class='ocrx_word' id='word_1_428' title='bbox 3104 2237 3435 2293; x_wconf 83' lang='lat' dir='ltr'><strong>Hierusalem</strong></span> <span class='ocrx_word' id='word_1_429' title='bbox 3482 2241 3533 2292; x_wconf 90' lang='lat' dir='ltr'><strong>in</strong></span> <span class='ocrx_word' id='word_1_430' title='bbox 3576 2240 3758 2295; x_wconf 32' lang='lat' dir='ltr'><strong>I‘Iieri-</strong></span> 
     </span>
    </p>
   </div>
   <div class='ocr_carea' id='block_1_53' title="bbox 2170 2322 3760 2396">
    <p class='ocr_par' dir='ltr' id='par_1_53' title="bbox 2170 2322 3760 2396">
     <span class='ocr_line' id='line_1_54' title="bbox 2170 2322 3760 2396; baseline 0.007 -22"><span class='ocrx_word' id='word_1_431' title='bbox 2170 2322 2295 2386; x_wconf 85' lang='lat' dir='ltr'><strong>cbo,</strong></span> <span class='ocrx_word' id='word_1_432' title='bbox 2341 2331 2397 2375; x_wconf 89' lang='lat' dir='ltr'><strong>et</strong></span> <span class='ocrx_word' id='word_1_433' title='bbox 2444 2323 2628 2377; x_wconf 84' lang='lat' dir='ltr'><strong>incidit</strong></span> <span class='ocrx_word' id='word_1_434' title='bbox 2672 2324 2725 2378; x_wconf 87' lang='lat' dir='ltr'><strong>in</strong></span> <span class='ocrx_word' id='word_1_435' title='bbox 2771 2324 3024 2392; x_wconf 79' lang='lat' dir='ltr'><strong>latrones,</strong></span> <span class='ocrx_word' id='word_1_436' title='bbox 3058 2327 3146 2396; x_wconf 91' lang='lat' dir='ltr'><strong>qni</strong></span> <span class='ocrx_word' id='word_1_437' title='bbox 3189 2329 3348 2382; x_wconf 87' lang='lat' dir='ltr'><strong>etiam</strong></span> <span class='ocrx_word' id='word_1_438' title='bbox 3386 2328 3760 2395; x_wconf 79' lang='lat' dir='ltr'><strong>spoliaverunt</strong></span> 
     </span>
    </p>
   </div>
   <div class='ocr_carea' id='block_1_54' title="bbox 2172 2412 3754 2480">
    <p class='ocr_par' dir='ltr' id='par_1_54' title="bbox 2172 2412 3754 2480">
     <span class='ocr_line' id='line_1_55' title="bbox 2172 2412 3754 2480; baseline 0.005 -15"><span class='ocrx_word' id='word_1_439' title='bbox 2172 2426 2319 2476; x_wconf 84' lang='lat' dir='ltr'><strong>eum,</strong></span> <span class='ocrx_word' id='word_1_440' title='bbox 2364 2421 2418 2465; x_wconf 90' lang='lat' dir='ltr'><strong>et</strong></span> <span class='ocrx_word' id='word_1_441' title='bbox 2449 2412 2617 2480; x_wconf 83' lang='lat' dir='ltr'><strong>plagis</strong></span> <span class='ocrx_word' id='word_1_442' title='bbox 2644 2412 2905 2480; x_wconf 81' lang='lat' dir='ltr'><strong>impositis</strong></span> <span class='ocrx_word' id='word_1_443' title='bbox 2931 2415 3194 2479; x_wconf 88' lang='lat' dir='ltr'><strong>abierunt,</strong></span> <span class='ocrx_word' id='word_1_444' title='bbox 3238 2417 3493 2471; x_wconf 86' lang='lat' dir='ltr'><strong>semivivo</strong></span> <span class='ocrx_word' id='word_1_445' title='bbox 3535 2412 3754 2473; x_wconf 85' lang='lat' dir='ltr'><strong>relicto.</strong></span> 
     </span>
    </p>
   </div>
   <div class='ocr_carea' id='block_1_55' title="bbox 2173 2503 3755 2575">
    <p class='ocr_par' dir='ltr' id='par_1_55' title="bbox 2173 2503 3755 2575">
     <span class='ocr_line' id='line_1_56' title="bbox 2173 2503 3755 2575; baseline 0.004 -16"><span class='ocrx_word' id='word_1_446' title='bbox 2173 2503 2377 2559; x_wconf 79' lang='lat' dir='ltr'><strong>Accidit</strong></span> <span class='ocrx_word' id='word_1_447' title='bbox 2397 2514 2576 2558; x_wconf 87' lang='lat' dir='ltr'><strong>autem</strong></span> <span class='ocrx_word' id='word_1_448' title='bbox 2600 2515 2657 2558; x_wconf 93' lang='lat' dir='ltr'><strong>ut</strong></span> <span class='ocrx_word' id='word_1_449' title='bbox 2680 2506 2931 2560; x_wconf 66' lang='lat' dir='ltr'><strong>sacerdns</strong></span> <span class='ocrx_word' id='word_1_450' title='bbox 2955 2507 3167 2575; x_wconf 85' lang='lat' dir='ltr'><strong>quidam</strong></span> <span class='ocrx_word' id='word_1_451' title='bbox 3190 2509 3533 2563; x_wconf 77' lang='lat' dir='ltr'><strong>descenderet</strong></span> <span class='ocrx_word' id='word_1_452' title='bbox 3560 2513 3755 2566; x_wconf 88' lang='lat' dir='ltr'><strong>eadem</strong></span> 
     </span>
    </p>
   </div>
   <div class='ocr_carea' id='block_1_56' title="bbox 2174 2593 3757 2665">
    <p class='ocr_par' dir='ltr' id='par_1_56' title="bbox 2174 2593 3757 2665">
     <span class='ocr_line' id='line_1_57' title="bbox 2174 2593 3757 2665; baseline 0.007 -21"><span class='ocrx_word' id='word_1_453' title='bbox 2174 2593 2291 2657; x_wconf 85' lang='lat' dir='ltr'><strong>via;</strong></span> <span class='ocrx_word' id='word_1_454' title='bbox 2336 2602 2390 2647; x_wconf 85' lang='lat' dir='ltr'><strong>et</strong></span> <span class='ocrx_word' id='word_1_455' title='bbox 2426 2594 2540 2649; x_wconf 84' lang='lat' dir='ltr'><strong>viso</strong></span> <span class='ocrx_word' id='word_1_456' title='bbox 2571 2595 2679 2662; x_wconf 91' lang='lat' dir='ltr'><strong>illo,</strong></span> <span class='ocrx_word' id='word_1_457' title='bbox 2713 2597 3024 2665; x_wconf 67' lang='lat' dir='ltr'><strong>praeterivit.</strong></span> <span class='ocrx_word' id='word_1_458' title='bbox 3054 2599 3312 2653; x_wconf 85' lang='lat' dir='ltr'><strong>Similiter</strong></span> <span class='ocrx_word' id='word_1_459' title='bbox 3339 2609 3394 2653; x_wconf 89' lang='lat' dir='ltr'><strong>et</strong></span> <span class='ocrx_word' id='word_1_460' title='bbox 3419 2600 3598 2654; x_wconf 80' lang='lat' dir='ltr'><strong>Levita</strong></span> <span class='ocrx_word' id='word_1_461' title='bbox 3626 2617 3757 2655; x_wconf 88' lang='lat' dir='ltr'><strong>cum</strong></span> 
     </span>
    </p>
   </div>
   <div class='ocr_carea' id='block_1_57' title="bbox 2173 2686 3751 2760">
    <p class='ocr_par' dir='ltr' id='par_1_57' title="bbox 2173 2686 3751 2760">
     <span class='ocr_line' id='line_1_58' title="bbox 2173 2686 3751 2760; baseline 0.006 -22"><span class='ocrx_word' id='word_1_462' title='bbox 2173 2692 2316 2738; x_wconf 79' lang='lat' dir='ltr'><strong>esset</strong></span> <span class='ocrx_word' id='word_1_463' title='bbox 2357 2700 2512 2739; x_wconf 87' lang='lat' dir='ltr'><strong>secus</strong></span> <span class='ocrx_word' id='word_1_464' title='bbox 2553 2686 2746 2753; x_wconf 68' lang='lat' dir='ltr'><strong>Imaum,</strong></span> <span class='ocrx_word' id='word_1_465' title='bbox 2790 2696 2844 2741; x_wconf 91' lang='lat' dir='ltr'><strong>et</strong></span> <span class='ocrx_word' id='word_1_466' title='bbox 2886 2688 3086 2743; x_wconf 83' lang='lat' dir='ltr'><strong>videret</strong></span> <span class='ocrx_word' id='word_1_467' title='bbox 3125 2704 3248 2745; x_wconf 90' lang='lat' dir='ltr'><strong>eum</strong></span> <span class='ocrx_word' id='word_1_468' title='bbox 3289 2694 3609 2760; x_wconf 82' lang='lat' dir='ltr'><strong>pertransiit.</strong></span> <span class='ocrx_word' id='word_1_469' title='bbox 3643 2695 3751 2747; x_wconf 80' lang='lat' dir='ltr'><strong>Sa-</strong></span> 
     </span>
    </p>
   </div>
   <div class='ocr_carea' id='block_1_58' title="bbox 2178 2775 3789 2853">
    <p class='ocr_par' dir='ltr' id='par_1_58' title="bbox 2178 2775 3789 2853">
     <span class='ocr_line' id='line_1_59' title="bbox 2178 2775 3789 2853; baseline 0.008 -26"><span class='ocrx_word' id='word_1_470' title='bbox 2178 2775 2471 2830; x_wconf 87' lang='lat' dir='ltr'><strong>maritanus</strong></span> <span class='ocrx_word' id='word_1_471' title='bbox 2530 2786 2709 2831; x_wconf 87' lang='lat' dir='ltr'><strong>autem</strong></span> <span class='ocrx_word' id='word_1_472' title='bbox 2765 2779 2978 2847; x_wconf 87' lang='lat' dir='ltr'><strong>quidam</strong></span> <span class='ocrx_word' id='word_1_473' title='bbox 3053 2782 3349 2848; x_wconf 87' lang='lat' dir='ltr'><strong>transiens,</strong></span> <span class='ocrx_word' id='word_1_474' title='bbox 3399 2785 3542 2837; x_wconf 81' lang='lat' dir='ltr'><strong>venit</strong></span> <span class='ocrx_word' id='word_1_475' title='bbox 3593 2799 3789 2853; x_wconf 76' lang='lat' dir='ltr'><strong>secus&#39;</strong></span> 
     </span>
    </p>
   </div>
   <div class='ocr_carea' id='block_1_59' title="bbox 2177 2872 3759 2950">
    <p class='ocr_par' dir='ltr' id='par_1_59' title="bbox 2177 2872 3759 2950">
     <span class='ocr_line' id='line_1_60' title="bbox 2177 2872 3759 2950; baseline 0.005 -26"><span class='ocrx_word' id='word_1_476' title='bbox 2177 2884 2323 2933; x_wconf 88' lang='lat' dir='ltr'><strong>cum,</strong></span> <span class='ocrx_word' id='word_1_477' title='bbox 2348 2881 2401 2923; x_wconf 90' lang='lat' dir='ltr'><strong>et</strong></span> <span class='ocrx_word' id='word_1_478' title='bbox 2430 2872 2616 2926; x_wconf 86' lang='lat' dir='ltr'><strong>videns</strong></span> <span class='ocrx_word' id='word_1_479' title='bbox 2642 2887 2764 2927; x_wconf 90' lang='lat' dir='ltr'><strong>eum</strong></span> <span class='ocrx_word' id='word_1_480' title='bbox 2782 2916 2797 2940; x_wconf 92' lang='lat'><strong>,</strong></span> <span class='ocrx_word' id='word_1_481' title='bbox 2831 2874 3193 2928; x_wconf 85' lang='lat' dir='ltr'><strong>misericordia</strong></span> <span class='ocrx_word' id='word_1_482' title='bbox 3224 2885 3398 2930; x_wconf 86' lang='lat' dir='ltr'><strong>motus</strong></span> <span class='ocrx_word' id='word_1_483' title='bbox 3426 2887 3527 2931; x_wconf 89' lang='lat' dir='ltr'><strong>est.</strong></span> <span class='ocrx_word' id='word_1_484' title='bbox 3565 2879 3627 2931; x_wconf 83' lang='lat' dir='ltr'><strong>Et</strong></span> <span class='ocrx_word' id='word_1_485' title='bbox 3656 2894 3759 2950; x_wconf 56' lang='grc' dir='ltr'><strong>δυο</strong></span> 
     </span>
    </p>
   </div>
   <div class='ocr_carea' id='block_1_60' title="bbox 2178 2962 3759 3036">
    <p class='ocr_par' dir='ltr' id='par_1_60' title="bbox 2178 2962 3759 3036">
     <span class='ocr_line' id='line_1_61' title="bbox 2178 2962 3759 3036; baseline 0.007 -22"><span class='ocrx_word' id='word_1_486' title='bbox 2178 2962 2428 3029; x_wconf 82' lang='lat' dir='ltr'><strong>propiaus</strong></span> <span class='ocrx_word' id='word_1_487' title='bbox 2468 2962 2697 3032; x_wconf 73' lang='lat' dir='ltr'><strong>alligavit</strong></span> <span class='ocrx_word' id='word_1_488' title='bbox 2740 2979 2896 3028; x_wconf 86' lang='lat' dir='ltr'><strong>eum,</strong></span> <span class='ocrx_word' id='word_1_489' title='bbox 2941 2964 3224 3020; x_wconf 76' lang='lat' dir='ltr'><strong>infundens</strong></span> <span class='ocrx_word' id='word_1_490' title='bbox 3264 2969 3315 3021; x_wconf 90' lang='lat' dir='ltr'><strong>in</strong></span> <span class='ocrx_word' id='word_1_491' title='bbox 3363 2967 3577 3021; x_wconf 83' lang='lat' dir='ltr'><strong>vulnera</strong></span> <span class='ocrx_word' id='word_1_492' title='bbox 3634 2970 3759 3036; x_wconf 51' lang='lat' dir='ltr'><strong>ej~s</strong></span> 
     </span>
    </p>
   </div>
   <div class='ocr_carea' id='block_1_61' title="bbox 2179 3056 3760 3128">
    <p class='ocr_par' dir='ltr' id='par_1_61' title="bbox 2179 3056 3760 3128">
     <span class='ocr_line' id='line_1_62' title="bbox 2179 3056 3760 3128; baseline 0.009 -25"><span class='ocrx_word' id='word_1_493' title='bbox 2179 3056 2360 3109; x_wconf 82' lang='lat' dir='ltr'><strong>vinum</strong></span> <span class='ocrx_word' id='word_1_494' title='bbox 2410 3065 2464 3109; x_wconf 83' lang='lat' dir='ltr'><strong>et</strong></span> <span class='ocrx_word' id='word_1_495' title='bbox 2512 3060 2711 3111; x_wconf 84' lang='lat' dir='ltr'><strong>oleum.</strong></span> <span class='ocrx_word' id='word_1_496' title='bbox 2760 3057 2826 3111; x_wconf 83' lang='lat' dir='ltr'><strong>Et</strong></span> <span class='ocrx_word' id='word_1_497' title='bbox 2866 3061 3144 3127; x_wconf 86' lang='lat' dir='ltr'><strong>imponens</strong></span> <span class='ocrx_word' id='word_1_498' title='bbox 3178 3061 3324 3115; x_wconf 91' lang='lat' dir='ltr'><strong>illum</strong></span> <span class='ocrx_word' id='word_1_499' title='bbox 3365 3061 3416 3114; x_wconf 91' lang='lat' dir='ltr'><strong>in</strong></span> <span class='ocrx_word' id='word_1_500' title='bbox 3454 3064 3760 3128; x_wconf 72' lang='lat' dir='ltr'><strong>iumentum</strong></span> 
     </span>
    </p>
   </div>
   <div class='ocr_carea' id='block_1_62' title="bbox 496 3140 2071 3221">
    <p class='ocr_par' dir='ltr' id='par_1_62' title="bbox 496 3166 2071 3221">
     <span class='ocr_line' id='line_1_63' title="bbox 496 3166 2071 3221; baseline -0.001 0"><span class='ocrx_word' id='word_1_501' title='bbox 496 3183 718 3221; x_wconf 69' lang='lat' dir='ltr'><strong>utozem</strong></span> <span class='ocrx_word' id='word_1_502' title='bbox 766 3182 916 3220; x_wconf 86' lang='lat' dir='ltr'><strong>suam</strong></span> <span class='ocrx_word' id='word_1_503' title='bbox 969 3166 1114 3221; x_wconf 91' lang='lat' dir='ltr'><strong>fratri</strong></span> <span class='ocrx_word' id='word_1_504' title='bbox 1165 3183 1281 3221; x_wconf 88' lang='lat' dir='ltr'><strong>suo.</strong></span> <span class='ocrx_word' id='word_1_505' title='bbox 1331 3167 1585 3221; x_wconf 77' lang='lat' dir='ltr'><strong>Similiter</strong></span> <span class='ocrx_word' id='word_1_506' title='bbox 1633 3166 1898 3221; x_wconf 68' lang='lat' dir='ltr'><strong>secundus</strong></span> <span class='ocrx_word' id='word_1_507' title='bbox 1932 3184 2071 3220; x_wconf 84' lang='lat' dir='ltr'><strong>inur-</strong></span> 
     </span>
    </p>
   </div>
   <div class='ocr_carea' id='block_1_63' title="bbox 2175 3140 3763 3221">
    <p class='ocr_par' dir='ltr' id='par_1_63' title="bbox 2181 3145 3763 3220">
     <span class='ocr_line' id='line_1_64' title="bbox 2181 3145 3763 3220; baseline 0.006 -22"><span class='ocrx_word' id='word_1_508' title='bbox 2181 3160 2355 3207; x_wconf 89' lang='lat' dir='ltr'><strong>snum,</strong></span> <span class='ocrx_word' id='word_1_509' title='bbox 2405 3145 2555 3199; x_wconf 68' lang='lat' dir='ltr'><strong>duxit</strong></span> <span class='ocrx_word' id='word_1_510' title='bbox 2584 3146 2635 3199; x_wconf 91' lang='lat' dir='ltr'><strong>in</strong></span> <span class='ocrx_word' id='word_1_511' title='bbox 2675 3148 2962 3213; x_wconf 84' lang='lat' dir='ltr'><strong>stabulum,</strong></span> <span class='ocrx_word' id='word_1_512' title='bbox 2992 3159 3044 3203; x_wconf 88' lang='lat' dir='ltr'><strong>et</strong></span> <span class='ocrx_word' id='word_1_513' title='bbox 3073 3164 3254 3204; x_wconf 87' lang='lat' dir='ltr'><strong>curam</strong></span> <span class='ocrx_word' id='word_1_514' title='bbox 3283 3151 3397 3218; x_wconf 74' lang='lat' dir='ltr'><strong>ejus</strong></span> <span class='ocrx_word' id='word_1_515' title='bbox 3423 3154 3553 3220; x_wconf 87' lang='lat' dir='ltr'><strong>egit.</strong></span> <span class='ocrx_word' id='word_1_516' title='bbox 3587 3153 3652 3206; x_wconf 79' lang='lat' dir='ltr'><strong>Et</strong></span> <span class='ocrx_word' id='word_1_517' title='bbox 3682 3155 3763 3207; x_wconf 87' lang='lat' dir='ltr'><strong>al-</strong></span> 
     </span>
    </p>
   </div>
   <div class='ocr_carea' id='block_1_64' title="bbox 497 3256 2077 3323">
    <p class='ocr_par' dir='ltr' id='par_1_64' title="bbox 497 3256 2077 3323">
     <span class='ocr_line' id='line_1_65' title="bbox 497 3256 2077 3323; baseline 0 -11"><span class='ocrx_word' id='word_1_518' title='bbox 497 3268 617 3312; x_wconf 83' lang='lat' dir='ltr'><strong>tnns</strong></span> <span class='ocrx_word' id='word_1_519' title='bbox 638 3267 717 3311; x_wconf 89' lang='lat' dir='ltr'><strong>est</strong></span> <span class='ocrx_word' id='word_1_520' title='bbox 744 3259 860 3312; x_wconf 89' lang='lat' dir='ltr'><strong>sine</strong></span> <span class='ocrx_word' id='word_1_521' title='bbox 891 3256 999 3311; x_wconf 88' lang='lat' dir='ltr'><strong>filio</strong></span> <span class='ocrx_word' id='word_1_522' title='bbox 1029 3274 1042 3312; x_wconf 88' lang='lat'><strong>:</strong></span> <span class='ocrx_word' id='word_1_523' title='bbox 1076 3268 1128 3311; x_wconf 90' lang='lat' dir='ltr'><strong>et</strong></span> <span class='ocrx_word' id='word_1_524' title='bbox 1160 3259 1345 3312; x_wconf 80' lang='lat' dir='ltr'><strong>tertius</strong></span> <span class='ocrx_word' id='word_1_525' title='bbox 1377 3259 1578 3322; x_wconf 80' lang='lat' dir='ltr'><strong>accepit</strong></span> <span class='ocrx_word' id='word_1_526' title='bbox 1612 3274 1730 3312; x_wconf 79' lang='lat' dir='ltr'><strong>eam</strong></span> <span class='ocrx_word' id='word_1_527' title='bbox 1759 3298 1774 3323; x_wconf 94' lang='lat'><strong>,</strong></span> <span class='ocrx_word' id='word_1_528' title='bbox 1808 3268 1861 3311; x_wconf 90' lang='lat' dir='ltr'><strong>et</strong></span> <span class='ocrx_word' id='word_1_529' title='bbox 1890 3273 2077 3312; x_wconf 84' lang='lat' dir='ltr'><strong>omnes</strong></span> 
     </span>
    </p>
   </div>
   <div class='ocr_carea' id='block_1_65' title="bbox 503 3338 2077 3420">
    <p class='ocr_par' dir='ltr' id='par_1_65' title="bbox 503 3338 2077 3420">
     <span class='ocr_line' id='line_1_66' title="bbox 503 3338 2077 3420; baseline -0.001 -16"><span class='ocrx_word' id='word_1_530' title='bbox 503 3361 705 3420; x_wconf 77' lang='lat' dir='ltr'><strong>septem</strong></span> <span class='ocrx_word' id='word_1_531' title='bbox 726 3391 741 3413; x_wconf 91' lang='lat'><strong>,</strong></span> <span class='ocrx_word' id='word_1_532' title='bbox 771 3360 823 3404; x_wconf 91' lang='lat' dir='ltr'><strong>et</strong></span> <span class='ocrx_word' id='word_1_533' title='bbox 854 3366 958 3403; x_wconf 72' lang='lat' dir='ltr'><strong>nr-n</strong></span> <span class='ocrx_word' id='word_1_534' title='bbox 988 3352 1314 3418; x_wconf 71' lang='lat' dir='ltr'><strong>reliquerunt</strong></span> <span class='ocrx_word' id='word_1_535' title='bbox 1341 3366 1540 3403; x_wconf 86' lang='lat' dir='ltr'><strong>semen.</strong></span> <span class='ocrx_word' id='word_1_536' title='bbox 1575 3338 1873 3403; x_wconf 66' lang='lat' dir='ltr'><strong>Novissime</strong></span> <span class='ocrx_word' id='word_1_537' title='bbox 1900 3358 2077 3415; x_wconf 89' lang='lat' dir='ltr'><strong>autem</strong></span> 
     </span>
    </p>
   </div>
   <div class='ocr_carea' id='block_1_66' title="bbox 495 3440 2076 3504">
    <p class='ocr_par' dir='ltr' id='par_1_66' title="bbox 495 3440 2076 3504">
     <span class='ocr_line' id='line_1_67' title="bbox 495 3440 2076 3504; baseline -0.001 -11"><span class='ocrx_word' id='word_1_538' title='bbox 495 3442 756 3504; x_wconf 88' lang='lat' dir='ltr'><strong>omnium,</strong></span> <span class='ocrx_word' id='word_1_539' title='bbox 786 3451 838 3495; x_wconf 89' lang='lat' dir='ltr'><strong>et</strong></span> <span class='ocrx_word' id='word_1_540' title='bbox 869 3440 1055 3495; x_wconf 89' lang='lat' dir='ltr'><strong>mullcr</strong></span> <span class='ocrx_word' id='word_1_541' title='bbox 1078 3440 1322 3494; x_wconf 76' lang='lat' dir='ltr'><strong>defuncta</strong></span> <span class='ocrx_word' id='word_1_542' title='bbox 1347 3452 1447 3495; x_wconf 84' lang='lat' dir='ltr'><strong>est.</strong></span> <span class='ocrx_word' id='word_1_543' title='bbox 1476 3440 1533 3494; x_wconf 88' lang='lat' dir='ltr'><strong>In</strong></span> <span class='ocrx_word' id='word_1_544' title='bbox 1561 3443 1949 3494; x_wconf 72' lang='lat' dir='ltr'><strong>resurrectione</strong></span> <span class='ocrx_word' id='word_1_545' title='bbox 1978 3455 2076 3492; x_wconf 85' lang='lat' dir='ltr'><strong>an-</strong></span> 
     </span>
    </p>
   </div>
   <div class='ocr_carea' id='block_1_67' title="bbox 499 3530 2078 3601">
    <p class='ocr_par' dir='ltr' id='par_1_67' title="bbox 499 3530 2078 3601">
     <span class='ocr_line' id='line_1_68' title="bbox 499 3530 2078 3601; baseline -0.001 -16"><span class='ocrx_word' id='word_1_546' title='bbox 499 3545 604 3588; x_wconf 88' lang='lat' dir='ltr'><strong>tem</strong></span> <span class='ocrx_word' id='word_1_547' title='bbox 627 3569 644 3596; x_wconf 94' lang='lat'><strong>,</strong></span> <span class='ocrx_word' id='word_1_548' title='bbox 674 3530 829 3601; x_wconf 80' lang='lat' dir='ltr'><strong>cujus</strong></span> <span class='ocrx_word' id='word_1_549' title='bbox 851 3545 1033 3585; x_wconf 90' lang='lat' dir='ltr'><strong>eorum</strong></span> <span class='ocrx_word' id='word_1_550' title='bbox 1061 3533 1161 3584; x_wconf 85' lang='lat' dir='ltr'><strong>erit</strong></span> <span class='ocrx_word' id='word_1_551' title='bbox 1190 3531 1357 3585; x_wconf 82' lang='lat' dir='ltr'><strong>uxor?</strong></span> <span class='ocrx_word' id='word_1_552' title='bbox 1383 3532 1580 3585; x_wconf 76' lang='lat' dir='ltr'><strong>Omnes</strong></span> <span class='ocrx_word' id='word_1_553' title='bbox 1608 3530 1749 3584; x_wconf 90' lang='lat' dir='ltr'><strong>enim</strong></span> <span class='ocrx_word' id='word_1_554' title='bbox 1782 3532 2078 3584; x_wconf 74' lang='lat' dir='ltr'><strong>habui-runt</strong></span> 
     </span>
    </p>
   </div>
   <div class='ocr_carea' id='block_1_68' title="bbox 495 3619 2077 3691">
    <p class='ocr_par' dir='ltr' id='par_1_68' title="bbox 495 3619 2077 3691">
     <span class='ocr_line' id='line_1_69' title="bbox 495 3619 2077 3691; baseline -0.001 -14"><span class='ocrx_word' id='word_1_555' title='bbox 495 3635 638 3677; x_wconf 82' lang='lat' dir='ltr'><strong>eam.</strong></span> <span class='ocrx_word' id='word_1_556' title='bbox 674 3622 738 3675; x_wconf 83' lang='lat' dir='ltr'><strong>Et</strong></span> <span class='ocrx_word' id='word_1_557' title='bbox 767 3624 840 3673; x_wconf 82' lang='lat' dir='ltr'><strong>ait</strong></span> <span class='ocrx_word' id='word_1_558' title='bbox 872 3621 975 3675; x_wconf 88' lang='lat' dir='ltr'><strong>illis</strong></span> <span class='ocrx_word' id='word_1_559' title='bbox 1005 3619 1157 3675; x_wconf 73' lang='lat' dir='ltr'><strong>Iesus</strong></span> <span class='ocrx_word' id='word_1_560' title='bbox 1190 3638 1205 3676; x_wconf 86' lang='lat'><strong>:</strong></span> <span class='ocrx_word' id='word_1_561' title='bbox 1238 3622 1477 3691; x_wconf 79' lang='lat' dir='ltr'><strong>Erratis,</strong></span> <span class='ocrx_word' id='word_1_562' title='bbox 1509 3622 1809 3676; x_wconf 74' lang='lat' dir='ltr'><strong>nescientes</strong></span> <span class='ocrx_word' id='word_1_563' title='bbox 1838 3620 2077 3690; x_wconf 71' lang='lat' dir='ltr'><strong>Scriptu-</strong></span> 
     </span>
    </p>
   </div>
   <div class='ocr_carea' id='block_1_69' title="bbox 499 3711 2081 3783">
    <p class='ocr_par' dir='ltr' id='par_1_69' title="bbox 499 3711 2081 3783">
     <span class='ocr_line' id='line_1_70' title="bbox 499 3711 2081 3783; baseline 0.001 -17"><span class='ocrx_word' id='word_1_564' title='bbox 499 3726 607 3774; x_wconf 86' lang='lat' dir='ltr'><strong>ras,</strong></span> <span class='ocrx_word' id='word_1_565' title='bbox 634 3728 804 3781; x_wconf 88' lang='lat' dir='ltr'><strong>neque</strong></span> <span class='ocrx_word' id='word_1_566' title='bbox 832 3713 1072 3766; x_wconf 67' lang='lat' dir='ltr'><strong>virtutem</strong></span> <span class='ocrx_word' id='word_1_567' title='bbox 1102 3714 1211 3768; x_wconf 87' lang='lat' dir='ltr'><strong>Dei.</strong></span> <span class='ocrx_word' id='word_1_568' title='bbox 1244 3712 1364 3767; x_wconf 79' lang='lat' dir='ltr'><strong>Fiii</strong></span> <span class='ocrx_word' id='word_1_569' title='bbox 1392 3714 1568 3767; x_wconf 68' lang='lat' dir='ltr'><strong>saetih</strong></span> <span class='ocrx_word' id='word_1_570' title='bbox 1595 3711 1752 3783; x_wconf 81' lang='lat' dir='ltr'><strong>hujus</strong></span> <span class='ocrx_word' id='word_1_571' title='bbox 1777 3714 2000 3779; x_wconf 90' lang='lat' dir='ltr'><strong>nubunt,</strong></span> <span class='ocrx_word' id='word_1_572' title='bbox 2026 3722 2081 3767; x_wconf 85' lang='lat' dir='ltr'><strong>et</strong></span> 
     </span>
    </p>
   </div>
   <div class='ocr_carea' id='block_1_70' title="bbox 501 3802 2076 3874">
    <p class='ocr_par' dir='ltr' id='par_1_70' title="bbox 501 3802 2076 3874">
     <span class='ocr_line' id='line_1_71' title="bbox 501 3802 2076 3874; baseline -0.001 -18"><span class='ocrx_word' id='word_1_573' title='bbox 501 3803 778 3856; x_wconf 87' lang='lat' dir='ltr'><strong>traduntur</strong></span> <span class='ocrx_word' id='word_1_574' title='bbox 800 3802 864 3857; x_wconf 90' lang='lat' dir='ltr'><strong>ad</strong></span> <span class='ocrx_word' id='word_1_575' title='bbox 890 3802 1099 3872; x_wconf 87' lang='lat' dir='ltr'><strong>nuptias</strong></span> <span class='ocrx_word' id='word_1_576' title='bbox 1128 3820 1140 3856; x_wconf 93' lang='lat'>:</span> <span class='ocrx_word' id='word_1_577' title='bbox 1167 3803 1240 3857; x_wconf 90' lang='lat' dir='ltr'><strong>illi</strong></span> <span class='ocrx_word' id='word_1_578' title='bbox 1268 3812 1443 3858; x_wconf 87' lang='lat' dir='ltr'><strong>autem</strong></span> <span class='ocrx_word' id='word_1_579' title='bbox 1471 3803 1561 3874; x_wconf 91' lang='lat' dir='ltr'><strong>qni</strong></span> <span class='ocrx_word' id='word_1_580' title='bbox 1588 3803 1728 3874; x_wconf 86' lang='lat' dir='ltr'><strong>digni</strong></span> <span class='ocrx_word' id='word_1_581' title='bbox 1764 3803 2023 3857; x_wconf 64' lang='lat' dir='ltr'><strong>habentur</strong></span> <span class='ocrx_word' id='word_1_582' title='bbox 2051 3807 2076 3834; x_wconf 74' lang='grc' dir='ltr'>α</span> 
     </span>
    </p>
   </div>
   <div class='ocr_carea' id='block_1_71' title="bbox 498 3893 2081 3964">
    <p class='ocr_par' dir='ltr' id='par_1_71' title="bbox 498 3893 2081 3964">
     <span class='ocr_line' id='line_1_72' title="bbox 498 3893 2081 3964; baseline 0.003 -18"><span class='ocrx_word' id='word_1_583' title='bbox 498 3894 697 3948; x_wconf 66' lang='lat' dir='ltr'><strong>saeculo</strong></span> <span class='ocrx_word' id='word_1_584' title='bbox 722 3893 832 3958; x_wconf 76' lang='lat' dir='ltr'><strong>Illo,</strong></span> <span class='ocrx_word' id='word_1_585' title='bbox 858 3901 910 3946; x_wconf 89' lang='lat' dir='ltr'><strong>et</strong></span> <span class='ocrx_word' id='word_1_586' title='bbox 932 3896 1320 3948; x_wconf 71' lang='lat' dir='ltr'><strong>resurrec&#39;ione</strong></span> <span class='ocrx_word' id='word_1_587' title='bbox 1341 3910 1407 3948; x_wconf 77' lang='lat' dir='ltr'><strong>ex</strong></span> <span class='ocrx_word' id='word_1_588' title='bbox 1427 3896 1671 3958; x_wconf 88' lang='lat' dir='ltr'><strong>mortuis,</strong></span> <span class='ocrx_word' id='word_1_589' title='bbox 1696 3910 1864 3964; x_wconf 86' lang='lat' dir='ltr'><strong>neque</strong></span> <span class='ocrx_word' id='word_1_590' title='bbox 1883 3897 2081 3950; x_wconf 81' lang='lat' dir='ltr'><strong>nubent</strong></span> 
     </span>
    </p>
   </div>
   <div class='ocr_carea' id='block_1_72' title="bbox 502 3985 2081 4053">
    <p class='ocr_par' dir='ltr' id='par_1_72' title="bbox 502 3985 2081 4053">
     <span class='ocr_line' id='line_1_73' title="bbox 502 3985 2081 4053; baseline 0.002 -14"><span class='ocrx_word' id='word_1_591' title='bbox 502 4000 674 4053; x_wconf 86' lang='lat' dir='ltr'><strong>neque</strong></span> <span class='ocrx_word' id='word_1_592' title='bbox 701 3985 896 4039; x_wconf 88' lang='lat' dir='ltr'><strong>ducent</strong></span> <span class='ocrx_word' id='word_1_593' title='bbox 927 3998 1120 4039; x_wconf 80' lang='lat' dir='ltr'><strong>uxores</strong></span> <span class='ocrx_word' id='word_1_594' title='bbox 1165 4002 1177 4038; x_wconf 93' lang='lat'>:</span> <span class='ocrx_word' id='word_1_595' title='bbox 1210 4000 1380 4051; x_wconf 77' lang='lat' dir='ltr'><strong>neque</strong></span> <span class='ocrx_word' id='word_1_596' title='bbox 1409 3985 1551 4040; x_wconf 90' lang='lat' dir='ltr'><strong>enim</strong></span> <span class='ocrx_word' id='word_1_597' title='bbox 1585 3985 1721 4038; x_wconf 84' lang='lat' dir='ltr'><strong>ultra</strong></span> <span class='ocrx_word' id='word_1_598' title='bbox 1768 3987 1901 4039; x_wconf 81' lang='lat' dir='ltr'><strong>mori</strong></span> <span class='ocrx_word' id='word_1_599' title='bbox 1930 3998 2081 4053; x_wconf 85' lang='lat' dir='ltr'><strong>pote-</strong></span> 
     </span>
    </p>
   </div>
   <div class='ocr_carea' id='block_1_73' title="bbox 502 4075 2081 4147">
    <p class='ocr_par' dir='ltr' id='par_1_73' title="bbox 502 4075 2081 4147">
     <span class='ocr_line' id='line_1_74' title="bbox 502 4075 2081 4147; baseline 0.001 -16"><span class='ocrx_word' id='word_1_600' title='bbox 502 4086 643 4142; x_wconf 87' lang='lat' dir='ltr'><strong>runt,</strong></span> <span class='ocrx_word' id='word_1_601' title='bbox 677 4078 768 4130; x_wconf 86' lang='lat' dir='ltr'><strong>sed</strong></span> <span class='ocrx_word' id='word_1_602' title='bbox 810 4086 927 4130; x_wconf 87' lang='lat' dir='ltr'><strong>sunt</strong></span> <span class='ocrx_word' id='word_1_603' title='bbox 959 4076 1095 4130; x_wconf 78' lang='lat' dir='ltr'><strong>sicut</strong></span> <span class='ocrx_word' id='word_1_604' title='bbox 1125 4075 1295 4147; x_wconf 85' lang='lat' dir='ltr'><strong>angeli</strong></span> <span class='ocrx_word' id='word_1_605' title='bbox 1328 4076 1420 4130; x_wconf 89' lang='lat' dir='ltr'><strong>Dei</strong></span> <span class='ocrx_word' id='word_1_606' title='bbox 1453 4077 1505 4130; x_wconf 91' lang='lat' dir='ltr'><strong>in</strong></span> <span class='ocrx_word' id='word_1_607' title='bbox 1531 4079 1670 4133; x_wconf 74' lang='lat' dir='ltr'><strong>cmlo</strong></span> <span class='ocrx_word' id='word_1_608' title='bbox 1699 4093 1713 4129; x_wconf 89' lang='lat'><strong>:</strong></span> <span class='ocrx_word' id='word_1_609' title='bbox 1746 4087 1800 4132; x_wconf 89' lang='lat' dir='ltr'><strong>et</strong></span> <span class='ocrx_word' id='word_1_610' title='bbox 1832 4077 1921 4130; x_wconf 87' lang='lat' dir='ltr'><strong>lilii</strong></span> <span class='ocrx_word' id='word_1_611' title='bbox 1953 4086 2081 4132; x_wconf 90' lang='lat' dir='ltr'><strong>sunt</strong></span> 
     </span>
    </p>
   </div>
   <div class='ocr_carea' id='block_1_74' title="bbox 506 4166 2081 4235">
    <p class='ocr_par' dir='ltr' id='par_1_74' title="bbox 506 4166 2081 4235">
     <span class='ocr_line' id='line_1_75' title="bbox 506 4166 2081 4235; baseline 0.003 -17"><span class='ocrx_word' id='word_1_612' title='bbox 506 4167 634 4233; x_wconf 88' lang='lat' dir='ltr'><strong>Dei,</strong></span> <span class='ocrx_word' id='word_1_613' title='bbox 682 4181 801 4220; x_wconf 89' lang='lat' dir='ltr'><strong>cum</strong></span> <span class='ocrx_word' id='word_1_614' title='bbox 849 4168 957 4221; x_wconf 87' lang='lat' dir='ltr'><strong>sint</strong></span> <span class='ocrx_word' id='word_1_615' title='bbox 1002 4166 1093 4220; x_wconf 83' lang='lat' dir='ltr'><strong>filii</strong></span> <span class='ocrx_word' id='word_1_616' title='bbox 1124 4168 1551 4225; x_wconf 83' lang='lat' dir='ltr'><strong>resurrectionis.</strong></span> <span class='ocrx_word' id='word_1_617' title='bbox 1584 4167 1715 4235; x_wconf 85' lang='lat' dir='ltr'><strong>Quia</strong></span> <span class='ocrx_word' id='word_1_618' title='bbox 1745 4183 1871 4221; x_wconf 84' lang='lat' dir='ltr'><strong>vero</strong></span> <span class='ocrx_word' id='word_1_619' title='bbox 1903 4185 2081 4222; x_wconf 79' lang='lat' dir='ltr'><strong>resur-</strong></span> 
     </span>
    </p>
   </div>
   <div class='ocr_carea' id='block_1_75' title="bbox 501 4256 2081 4326">
    <p class='ocr_par' dir='ltr' id='par_1_75' title="bbox 501 4256 2081 4326">
     <span class='ocr_line' id='line_1_76' title="bbox 501 4256 2081 4326; baseline 0.002 -19"><span class='ocrx_word' id='word_1_620' title='bbox 501 4265 628 4323; x_wconf 81' lang='lat' dir='ltr'><strong>gant</strong></span> <span class='ocrx_word' id='word_1_621' title='bbox 655 4257 884 4321; x_wconf 89' lang='lat' dir='ltr'><strong>mortui,</strong></span> <span class='ocrx_word' id='word_1_622' title='bbox 923 4270 1027 4308; x_wconf 91' lang='lat' dir='ltr'><strong>non</strong></span> <span class='ocrx_word' id='word_1_623' title='bbox 1075 4257 1275 4324; x_wconf 82' lang='lat' dir='ltr'><strong>legistis</strong></span> <span class='ocrx_word' id='word_1_624' title='bbox 1306 4257 1358 4309; x_wconf 93' lang='lat' dir='ltr'><strong>in</strong></span> <span class='ocrx_word' id='word_1_625' title='bbox 1405 4256 1542 4309; x_wconf 88' lang='lat' dir='ltr'><strong>libro</strong></span> <span class='ocrx_word' id='word_1_626' title='bbox 1572 4257 1759 4326; x_wconf 79' lang='lat' dir='ltr'><strong>Moysi,</strong></span> <span class='ocrx_word' id='word_1_627' title='bbox 1791 4272 1951 4323; x_wconf 82' lang='lat' dir='ltr'><strong>supra</strong></span> <span class='ocrx_word' id='word_1_628' title='bbox 1991 4273 2081 4310; x_wconf 90' lang='lat' dir='ltr'><strong>ru-</strong></span> 
     </span>
    </p>
   </div>
   <div class='ocr_carea' id='block_1_76' title="bbox 505 4347 2079 4416">
    <p class='ocr_par' dir='ltr' id='par_1_76' title="bbox 505 4347 2079 4416">
     <span class='ocr_line' id='line_1_77' title="bbox 505 4347 2079 4416; baseline 0.001 -17"><span class='ocrx_word' id='word_1_629' title='bbox 505 4351 651 4412; x_wconf 83' lang='grc' dir='ltr'>1ιιιιη,</span> <span class='ocrx_word' id='word_1_630' title='bbox 695 4348 815 4416; x_wconf 89' lang='lat' dir='ltr'><strong>quia</strong></span> <span class='ocrx_word' id='word_1_631' title='bbox 863 4348 1059 4399; x_wconf 18' lang='lat' dir='ltr'><strong>dictum</strong></span> <span class='ocrx_word' id='word_1_632' title='bbox 1109 4356 1187 4399; x_wconf 85' lang='lat' dir='ltr'><strong>est</strong></span> <span class='ocrx_word' id='word_1_633' title='bbox 1232 4360 1261 4399; x_wconf 88' lang='lat' dir='ltr'><strong>a</strong></span> <span class='ocrx_word' id='word_1_634' title='bbox 1312 4347 1439 4411; x_wconf 85' lang='lat' dir='ltr'><strong>Deo,</strong></span> <span class='ocrx_word' id='word_1_635' title='bbox 1473 4347 1738 4415; x_wconf 84' lang='lat' dir='ltr'><strong>quomodo</strong></span> <span class='ocrx_word' id='word_1_636' title='bbox 1776 4347 1974 4401; x_wconf 79' lang='lat' dir='ltr'><strong>dixerit</strong></span> <span class='ocrx_word' id='word_1_637' title='bbox 2006 4347 2079 4402; x_wconf 88' lang='lat' dir='ltr'><strong>illi</strong></span> 
     </span>
    </p>
   </div>
   <div class='ocr_carea' id='block_1_77' title="bbox 506 4434 2079 4504">
    <p class='ocr_par' dir='ltr' id='par_1_77' title="bbox 506 4434 2079 4504">
     <span class='ocr_line' id='line_1_78' title="bbox 506 4434 2079 4504; baseline 0.002 -15"><span class='ocrx_word' id='word_1_638' title='bbox 506 4437 643 4489; x_wconf 83' lang='lat' dir='ltr'><strong>Deus</strong></span> <span class='ocrx_word' id='word_1_639' title='bbox 673 4452 686 4489; x_wconf 94' lang='lat'>:</span> <span class='ocrx_word' id='word_1_640' title='bbox 722 4437 829 4504; x_wconf 81' lang='lat' dir='ltr'><strong>Ego</strong></span> <span class='ocrx_word' id='word_1_641' title='bbox 858 4452 972 4489; x_wconf 86' lang='lat' dir='ltr'><strong>sum</strong></span> <span class='ocrx_word' id='word_1_642' title='bbox 1003 4434 1136 4487; x_wconf 77' lang='lat' dir='ltr'><strong>Deus</strong></span> <span class='ocrx_word' id='word_1_643' title='bbox 1165 4436 1462 4502; x_wconf 78' lang='lat' dir='ltr'><strong>Abralmm,</strong></span> <span class='ocrx_word' id='word_1_644' title='bbox 1492 4436 1625 4488; x_wconf 52' lang='lat' dir='ltr'><strong>Deus</strong></span> <span class='ocrx_word' id='word_1_645' title='bbox 1654 4434 1830 4503; x_wconf 81' lang='lat' dir='ltr'><strong>Isaac,</strong></span> <span class='ocrx_word' id='word_1_646' title='bbox 1859 4451 1908 4491; x_wconf 89' lang='lat' dir='ltr'><strong>et</strong></span> <span class='ocrx_word' id='word_1_647' title='bbox 1939 4438 2079 4492; x_wconf 88' lang='lat' dir='ltr'><strong>Deus</strong></span> 
     </span>
    </p>
   </div>
   <div class='ocr_carea' id='block_1_78' title="bbox 2181 3234 3759 3307">
    <p class='ocr_par' dir='ltr' id='par_1_78' title="bbox 2181 3234 3759 3307">
     <span class='ocr_line' id='line_1_79' title="bbox 2181 3234 3759 3307; baseline 0.004 -20"><span class='ocrx_word' id='word_1_648' title='bbox 2181 3245 2292 3288; x_wconf 82' lang='lat' dir='ltr'><strong>tera</strong></span> <span class='ocrx_word' id='word_1_649' title='bbox 2339 3234 2426 3288; x_wconf 82' lang='lat' dir='ltr'><strong>die.</strong></span> <span class='ocrx_word' id='word_1_650' title='bbox 2471 3237 2689 3302; x_wconf 85' lang='lat' dir='ltr'><strong>protulit</strong></span> <span class='ocrx_word' id='word_1_651' title='bbox 2729 3241 2864 3290; x_wconf 89' lang='lat' dir='ltr'><strong>duos</strong></span> <span class='ocrx_word' id='word_1_652' title='bbox 2889 3238 3159 3307; x_wconf 84' lang='lat' dir='ltr'><strong>denarios,</strong></span> <span class='ocrx_word' id='word_1_653' title='bbox 3192 3250 3243 3294; x_wconf 90' lang='lat' dir='ltr'><strong>et</strong></span> <span class='ocrx_word' id='word_1_654' title='bbox 3269 3240 3413 3294; x_wconf 88' lang='lat' dir='ltr'><strong>dedit</strong></span> <span class='ocrx_word' id='word_1_655' title='bbox 3441 3242 3759 3307; x_wconf 84' lang='lat' dir='ltr'><strong>stabulario,</strong></span> 
     </span>
    </p>
   </div>
   <div class='ocr_carea' id='block_1_79' title="bbox 2181 3325 3765 3401">
    <p class='ocr_par' dir='ltr' id='par_1_79' title="bbox 2181 3325 3765 3401">
     <span class='ocr_line' id='line_1_80' title="bbox 2181 3325 3765 3401; baseline 0.004 -21"><span class='ocrx_word' id='word_1_656' title='bbox 2181 3335 2233 3380; x_wconf 89' lang='lat' dir='ltr'><strong>et</strong></span> <span class='ocrx_word' id='word_1_657' title='bbox 2279 3327 2351 3378; x_wconf 83' lang='lat' dir='ltr'><strong>ait</strong></span> <span class='ocrx_word' id='word_1_658' title='bbox 2401 3343 2415 3377; x_wconf 89' lang='lat'><strong>:</strong></span> <span class='ocrx_word' id='word_1_659' title='bbox 2460 3325 2652 3381; x_wconf 84' lang='lat' dir='ltr'><strong>Curam</strong></span> <span class='ocrx_word' id='word_1_660' title='bbox 2690 3328 2831 3380; x_wconf 89' lang='lat' dir='ltr'><strong>illius</strong></span> <span class='ocrx_word' id='word_1_661' title='bbox 2871 3328 3035 3394; x_wconf 86' lang='lat' dir='ltr'><strong>habe,</strong></span> <span class='ocrx_word' id='word_1_662' title='bbox 3086 3340 3138 3383; x_wconf 87' lang='lat' dir='ltr'><strong>et</strong></span> <span class='ocrx_word' id='word_1_663' title='bbox 3180 3332 3528 3398; x_wconf 85' lang='lat' dir='ltr'><strong>quodcunque</strong></span> <span class='ocrx_word' id='word_1_664' title='bbox 3568 3346 3765 3401; x_wconf 84' lang='lat' dir='ltr'><strong>super-</strong></span> 
     </span>
    </p>
   </div>
   <div class='ocr_carea' id='block_1_80' title="bbox 2180 3419 3759 3489">
    <p class='ocr_par' dir='ltr' id='par_1_80' title="bbox 2180 3419 3759 3489">
     <span class='ocr_line' id='line_1_81' title="bbox 2180 3419 3759 3489; baseline 0.003 -18"><span class='ocrx_word' id='word_1_665' title='bbox 2180 3419 2512 3486; x_wconf 80' lang='lat' dir='ltr'><strong>erogaveris,</strong></span> <span class='ocrx_word' id='word_1_666' title='bbox 2544 3434 2642 3487; x_wconf 80' lang='lat' dir='ltr'><strong>ego</strong></span> <span class='ocrx_word' id='word_1_667' title='bbox 2668 3433 2790 3473; x_wconf 91' lang='lat' dir='ltr'><strong>cum</strong></span> <span class='ocrx_word' id='word_1_668' title='bbox 2820 3420 3058 3485; x_wconf 84' lang='lat' dir='ltr'><strong>rediero,</strong></span> <span class='ocrx_word' id='word_1_669' title='bbox 3089 3421 3303 3475; x_wconf 86' lang='lat' dir='ltr'><strong>reddam</strong></span> <span class='ocrx_word' id='word_1_670' title='bbox 3338 3422 3450 3475; x_wconf 89' lang='lat' dir='ltr'><strong>tibi.</strong></span> <span class='ocrx_word' id='word_1_671' title='bbox 3486 3422 3621 3489; x_wconf 83' lang='lat' dir='ltr'><strong>Quis</strong></span> <span class='ocrx_word' id='word_1_672' title='bbox 3656 3424 3759 3475; x_wconf 61' lang='lat' dir='ltr'><strong>bo-</strong></span> 
     </span>
    </p>
   </div>
   <div class='ocr_carea' id='block_1_81' title="bbox 2182 3508 3767 3582">
    <p class='ocr_par' dir='ltr' id='par_1_81' title="bbox 2182 3508 3767 3582">
     <span class='ocr_line' id='line_1_82' title="bbox 2182 3508 3767 3582; baseline 0.004 -22"><span class='ocrx_word' id='word_1_673' title='bbox 2182 3522 2296 3560; x_wconf 87' lang='lat' dir='ltr'><strong>rum</strong></span> <span class='ocrx_word' id='word_1_674' title='bbox 2324 3508 2480 3560; x_wconf 88' lang='lat' dir='ltr'><strong>trium</strong></span> <span class='ocrx_word' id='word_1_675' title='bbox 2505 3508 2712 3562; x_wconf 85' lang='lat' dir='ltr'><strong>videtur</strong></span> <span class='ocrx_word' id='word_1_676' title='bbox 2734 3509 2829 3563; x_wconf 90' lang='lat' dir='ltr'><strong>tibi</strong></span> <span class='ocrx_word' id='word_1_677' title='bbox 2858 3511 3128 3576; x_wconf 77' lang='lat' dir='ltr'><strong>proximus</strong></span> <span class='ocrx_word' id='word_1_678' title='bbox 3155 3510 3319 3567; x_wconf 86' lang='lat' dir='ltr'><strong>fuisse</strong></span> <span class='ocrx_word' id='word_1_679' title='bbox 3347 3513 3418 3566; x_wconf 89' lang='lat' dir='ltr'><strong>illi</strong></span> <span class='ocrx_word' id='word_1_680' title='bbox 3447 3516 3537 3582; x_wconf 88' lang='lat' dir='ltr'><strong>qui</strong></span> <span class='ocrx_word' id='word_1_681' title='bbox 3570 3513 3767 3566; x_wconf 79' lang='lat' dir='ltr'><strong>incidit</strong></span> 
     </span>
    </p>
   </div>
   <div class='ocr_carea' id='block_1_82' title="bbox 2182 3595 3764 3666">
    <p class='ocr_par' dir='ltr' id='par_1_82' title="bbox 2182 3595 3764 3666">
     <span class='ocr_line' id='line_1_83' title="bbox 2182 3595 3764 3666; baseline 0.005 -17"><span class='ocrx_word' id='word_1_682' title='bbox 2182 3595 2233 3649; x_wconf 90' lang='lat' dir='ltr'><strong>iu</strong></span> <span class='ocrx_word' id='word_1_683' title='bbox 2276 3595 2549 3651; x_wconf 73' lang='lat' dir='ltr'><strong>latrones?</strong></span> <span class='ocrx_word' id='word_1_684' title='bbox 2593 3598 2776 3653; x_wconf 81' lang='lat' dir='ltr'><strong>Atille</strong></span> <span class='ocrx_word' id='word_1_685' title='bbox 2819 3598 2953 3652; x_wconf 74' lang='lat' dir='ltr'><strong>dixit</strong></span> <span class='ocrx_word' id='word_1_686' title='bbox 2994 3615 3010 3653; x_wconf 89' lang='lat'><strong>:</strong></span> <span class='ocrx_word' id='word_1_687' title='bbox 3053 3600 3153 3666; x_wconf 88' lang='lat' dir='ltr'><strong>Qui</strong></span> <span class='ocrx_word' id='word_1_688' title='bbox 3185 3598 3311 3656; x_wconf 86' lang='lat' dir='ltr'><strong>fecit</strong></span> <span class='ocrx_word' id='word_1_689' title='bbox 3339 3602 3764 3657; x_wconf 84' lang='lat' dir='ltr'><strong>misericordiam</strong></span> 
     </span>
    </p>
   </div>
   <div class='ocr_carea' id='block_1_83' title="bbox 2184 3685 3763 3759">
    <p class='ocr_par' dir='ltr' id='par_1_83' title="bbox 2184 3685 3763 3759">
     <span class='ocr_line' id='line_1_84' title="bbox 2184 3685 3763 3759; baseline 0.008 -21"><span class='ocrx_word' id='word_1_690' title='bbox 2184 3685 2237 3739; x_wconf 90' lang='lat' dir='ltr'><strong>in</strong></span> <span class='ocrx_word' id='word_1_691' title='bbox 2270 3686 2440 3742; x_wconf 90' lang='lat' dir='ltr'><strong>illum.</strong></span> <span class='ocrx_word' id='word_1_692' title='bbox 2493 3687 2559 3743; x_wconf 80' lang='lat' dir='ltr'><strong>Et</strong></span> <span class='ocrx_word' id='word_1_693' title='bbox 2601 3689 2679 3742; x_wconf 89' lang='lat' dir='ltr'><strong>ait</strong></span> <span class='ocrx_word' id='word_1_694' title='bbox 2720 3688 2794 3744; x_wconf 87' lang='lat' dir='ltr'><strong>illi</strong></span> <span class='ocrx_word' id='word_1_695' title='bbox 2824 3688 2978 3745; x_wconf 87' lang='lat' dir='ltr'><strong>Iesus</strong></span> <span class='ocrx_word' id='word_1_696' title='bbox 3011 3708 3023 3743; x_wconf 94' lang='lat'>:</span> <span class='ocrx_word' id='word_1_697' title='bbox 3063 3691 3239 3759; x_wconf 82' lang='lat' dir='ltr'><strong>Vade,</strong></span> <span class='ocrx_word' id='word_1_698' title='bbox 3282 3702 3336 3747; x_wconf 90' lang='lat' dir='ltr'><strong>et</strong></span> <span class='ocrx_word' id='word_1_699' title='bbox 3376 3701 3432 3748; x_wconf 90' lang='lat' dir='ltr'><strong>tu</strong></span> <span class='ocrx_word' id='word_1_700' title='bbox 3475 3692 3560 3749; x_wconf 81' lang='lat' dir='ltr'><strong>fac</strong></span> <span class='ocrx_word' id='word_1_701' title='bbox 3603 3694 3763 3750; x_wconf 81' lang='lat' dir='ltr'><strong>simi-</strong></span> 
     </span>
    </p>
   </div>
   <div class='ocr_carea' id='block_1_84' title="bbox 2180 3774 2324 3831">
    <p class='ocr_par' dir='ltr' id='par_1_84' title="bbox 2180 3774 2324 3831">
     <span class='ocr_line' id='line_1_85' title="bbox 2180 3774 2324 3831; baseline 0 -1"><span class='ocrx_word' id='word_1_702' title='bbox 2180 3774 2324 3831; x_wconf 87' lang='lat' dir='ltr'><strong>liter.</strong></span> 
     </span>
    </p>
   </div>
   <div class='ocr_carea' id='block_1_85' title="bbox 2718 3891 3222 3952">
    <p class='ocr_par' dir='ltr' id='par_1_85' title="bbox 2718 3891 3222 3952">
     <span class='ocr_line' id='line_1_86' title="bbox 2718 3891 3222 3952; baseline 0.012 -6"><span class='ocrx_word' id='word_1_703' title='bbox 2718 3891 2945 3948; x_wconf 82' lang='lat' dir='ltr'><strong>CAPUT</strong></span> <span class='ocrx_word' id='word_1_704' title='bbox 2983 3893 3222 3952; x_wconf 84' lang='lat' dir='ltr'><strong>CXXIX.</strong></span> 
     </span>
    </p>
   </div>
   <div class='ocr_carea' id='block_1_86' title="bbox 2279 3978 3666 4050">
    <p class='ocr_par' dir='ltr' id='par_1_86' title="bbox 2279 3978 3666 4050">
     <span class='ocr_line' id='line_1_87' title="bbox 2279 3978 3666 4050; baseline 0.01 -20"><span class='ocrx_word' id='word_1_705' title='bbox 2279 3978 2498 4033; x_wconf 75' lang='lat' dir='ltr'><strong>ﬂorente</strong></span> <span class='ocrx_word' id='word_1_706' title='bbox 2525 3979 2651 4035; x_wconf 79' lang='lat' dir='ltr'><strong>Iesu</strong></span> <span class='ocrx_word' id='word_1_707' title='bbox 2674 3981 2735 4037; x_wconf 79' lang='lat' dir='ltr'><strong>in</strong></span> <span class='ocrx_word' id='word_1_708' title='bbox 2759 3985 2966 4050; x_wconf 77' lang='lat' dir='ltr'><strong>templo,</strong></span> <span class='ocrx_word' id='word_1_709' title='bbox 3000 3986 3242 4039; x_wconf 79' lang='lat' dir='ltr'><strong>miserunt</strong></span> <span class='ocrx_word' id='word_1_710' title='bbox 3271 3985 3527 4044; x_wconf 66' lang='lat' dir='ltr'><strong>Pharisaei</strong></span> <span class='ocrx_word' id='word_1_711' title='bbox 3545 4005 3666 4044; x_wconf 80' lang='lat' dir='ltr'><strong>eunt</strong></span> 
     </span>
    </p>
   </div>
   <div class='ocr_carea' id='block_1_87' title="bbox 2754 4056 3193 4123">
    <p class='ocr_par' dir='ltr' id='par_1_87' title="bbox 2754 4056 3193 4123">
     <span class='ocr_line' id='line_1_88' title="bbox 2754 4056 3193 4123; baseline 0.009 -17"><span class='ocrx_word' id='word_1_712' title='bbox 2754 4056 3193 4123; x_wconf 78' lang='lat' dir='ltr'><strong>comprehendere.</strong></span> 
     </span>
    </p>
   </div>
   <div class='ocr_carea' id='block_1_88' title="bbox 2252 4159 3761 4239">
    <p class='ocr_par' dir='ltr' id='par_1_88' title="bbox 2252 4159 3761 4239">
     <span class='ocr_line' id='line_1_89' title="bbox 2252 4159 3761 4239; baseline 0.009 -26"><span class='ocrx_word' id='word_1_713' title='bbox 2252 4159 2380 4214; x_wconf 83' lang='lat' dir='ltr'><strong>Luc.</strong></span> <span class='ocrx_word' id='word_1_714' title='bbox 2408 4176 2515 4227; x_wconf 75' lang='lat' dir='ltr'><strong>xix,</strong></span> <span class='ocrx_word' id='word_1_715' title='bbox 2540 4160 2629 4229; x_wconf 75' lang='grc'><strong>47,</strong></span> <span class='ocrx_word' id='word_1_716' title='bbox 2654 4162 2743 4217; x_wconf 76' lang='grc'><strong>48.</strong></span> <span class='ocrx_word' id='word_1_717' title='bbox 2771 4164 2833 4217; x_wconf 88' lang='lat' dir='ltr'><strong>Et</strong></span> <span class='ocrx_word' id='word_1_718' title='bbox 2855 4175 2968 4219; x_wconf 88' lang='lat' dir='ltr'><strong>erat</strong></span> <span class='ocrx_word' id='word_1_719' title='bbox 2994 4166 3190 4221; x_wconf 82' lang='lat' dir='ltr'><strong>docens</strong></span> <span class='ocrx_word' id='word_1_720' title='bbox 3211 4168 3448 4236; x_wconf 89' lang='lat' dir='ltr'><strong>quotidie</strong></span> <span class='ocrx_word' id='word_1_721' title='bbox 3467 4170 3516 4223; x_wconf 91' lang='lat' dir='ltr'><strong>in</strong></span> <span class='ocrx_word' id='word_1_722' title='bbox 3538 4171 3761 4239; x_wconf 88' lang='lat' dir='ltr'><strong>templo.</strong></span> 
     </span>
    </p>
   </div>
   <div class='ocr_carea' id='block_1_89' title="bbox 2182 4249 3767 4327">
    <p class='ocr_par' dir='ltr' id='par_1_89' title="bbox 2182 4249 3767 4327">
     <span class='ocr_line' id='line_1_90' title="bbox 2182 4249 3767 4327; baseline 0.008 -23"><span class='ocrx_word' id='word_1_723' title='bbox 2182 4249 2458 4319; x_wconf 77' lang='lat' dir='ltr'><strong>Principes</strong></span> <span class='ocrx_word' id='word_1_724' title='bbox 2486 4260 2660 4306; x_wconf 87' lang='lat' dir='ltr'><strong>autem</strong></span> <span class='ocrx_word' id='word_1_725' title='bbox 2695 4254 3056 4318; x_wconf 88' lang='lat' dir='ltr'><strong>sacerdotum,</strong></span> <span class='ocrx_word' id='word_1_726' title='bbox 3086 4266 3140 4309; x_wconf 90' lang='lat' dir='ltr'><strong>et</strong></span> <span class='ocrx_word' id='word_1_727' title='bbox 3168 4258 3377 4323; x_wconf 45' lang='lat' dir='ltr'><strong>scribat,</strong></span> <span class='ocrx_word' id='word_1_728' title='bbox 3407 4270 3458 4311; x_wconf 87' lang='lat' dir='ltr'><strong>et</strong></span> <span class='ocrx_word' id='word_1_729' title='bbox 3490 4260 3767 4327; x_wconf 86' lang='lat' dir='ltr'><strong>principes</strong></span> 
     </span>
    </p>
   </div>
   <div class='ocr_carea' id='block_1_90' title="bbox 2183 4339 3767 4414">
    <p class='ocr_par' dir='ltr' id='par_1_90' title="bbox 2183 4339 3767 4414">
     <span class='ocr_line' id='line_1_91' title="bbox 2183 4339 3767 4414; baseline 0.008 -21"><span class='ocrx_word' id='word_1_730' title='bbox 2183 4339 2378 4407; x_wconf 83' lang='lat' dir='ltr'><strong>plebis,</strong></span> <span class='ocrx_word' id='word_1_731' title='bbox 2402 4342 2878 4409; x_wconf 62' lang='lat' dir='ltr'><strong>quierebantoillum</strong></span> <span class='ocrx_word' id='word_1_732' title='bbox 2911 4344 3135 4414; x_wconf 87' lang='lat' dir='ltr'><strong>perdere</strong></span> <span class='ocrx_word' id='word_1_733' title='bbox 3166 4365 3179 4401; x_wconf 93' lang='lat'>:</span> <span class='ocrx_word' id='word_1_734' title='bbox 3208 4358 3261 4402; x_wconf 90' lang='lat' dir='ltr'><strong>et</strong></span> <span class='ocrx_word' id='word_1_735' title='bbox 3288 4365 3390 4402; x_wconf 90' lang='lat' dir='ltr'><strong>non</strong></span> <span class='ocrx_word' id='word_1_736' title='bbox 3420 4349 3767 4405; x_wconf 76' lang='lat' dir='ltr'><strong>inveniebant</strong></span> 
     </span>
    </p>
   </div>
   <div class='ocr_carea' id='block_1_91' title="bbox 2181 4430 3769 4507">
    <p class='ocr_par' dir='ltr' id='par_1_91' title="bbox 2181 4430 3769 4507">
     <span class='ocr_line' id='line_1_92' title="bbox 2181 4430 3769 4507; baseline 0.008 -24"><span class='ocrx_word' id='word_1_737' title='bbox 2181 4430 2310 4498; x_wconf 89' lang='lat' dir='ltr'><strong>quid</strong></span> <span class='ocrx_word' id='word_1_738' title='bbox 2358 4432 2594 4488; x_wconf 87' lang='lat' dir='ltr'><strong>facerent</strong></span> <span class='ocrx_word' id='word_1_739' title='bbox 2641 4434 2737 4488; x_wconf 90' lang='lat' dir='ltr'><strong>illi.</strong></span> <span class='ocrx_word' id='word_1_740' title='bbox 2786 4435 2971 4490; x_wconf 88' lang='lat' dir='ltr'><strong>Omnis</strong></span> <span class='ocrx_word' id='word_1_741' title='bbox 3014 4437 3155 4491; x_wconf 86' lang='lat' dir='ltr'><strong>enim</strong></span> <span class='ocrx_word' id='word_1_742' title='bbox 3198 4440 3421 4507; x_wconf 87' lang='lat' dir='ltr'><strong>populus</strong></span> <span class='ocrx_word' id='word_1_743' title='bbox 3469 4456 3769 4507; x_wconf 73' lang='lat' dir='ltr'><strong>suspensus</strong></span> 
     </span>
    </p>
   </div>
   <div class='ocr_carea' id='block_1_92' title="bbox 506 4507 3772 4599">
    <p class='ocr_par' dir='ltr' id='par_1_92' title="bbox 506 4507 3772 4599">
     <span class='ocr_line' id='line_1_93' title="bbox 506 4507 3772 4599; baseline 0.002 -14"><span class='ocrx_word' id='word_1_744' title='bbox 506 4529 671 4585; x_wconf 86' lang='lat' dir='ltr'><strong>Iacob</strong></span> <span class='ocrx_word' id='word_1_745' title='bbox 701 4518 900 4599; x_wconf 58' lang='lat' dir='ltr'><strong>(ama.</strong></span> <span class='ocrx_word' id='word_1_746' title='bbox 943 4544 1017 4595; x_wconf 88' lang='grc' dir='ltr'>ιιι,</span> <span class='ocrx_word' id='word_1_747' title='bbox 1065 4530 1157 4597; x_wconf 56' lang='lat' dir='ltr'><strong>6i?</strong></span> <span class='ocrx_word' id='word_1_748' title='bbox 1186 4529 1297 4582; x_wconf 82' lang='lat' dir='ltr'><strong>Non</strong></span> <span class='ocrx_word' id='word_1_749' title='bbox 1327 4540 1409 4584; x_wconf 86' lang='lat' dir='ltr'><strong>est</strong></span> <span class='ocrx_word' id='word_1_750' title='bbox 1442 4531 1578 4582; x_wconf 80' lang='lat' dir='ltr'><strong>Deus</strong></span> <span class='ocrx_word' id='word_1_751' title='bbox 1606 4539 1957 4598; x_wconf 85' lang='lat' dir='ltr'><strong>mertuorum,</strong></span> <span class='ocrx_word' id='word_1_752' title='bbox 1985 4532 2079 4588; x_wconf 91' lang='lat' dir='ltr'><strong>sed</strong></span> <span class='ocrx_word' id='word_1_753' title='bbox 2110 4507 2163 4566; x_wconf 84' lang='lat' dir='ltr'><strong>D</strong></span> <span class='ocrx_word' id='word_1_754' title='bbox 2186 4529 2321 4587; x_wconf 63' lang='grc' dir='ltr'><strong>εῖδει</strong></span> <span class='ocrx_word' id='word_1_755' title='bbox 2354 4521 2574 4577; x_wconf 70' lang='lat' dir='ltr'><strong>audiens</strong></span> <span class='ocrx_word' id='word_1_756' title='bbox 2622 4523 2793 4580; x_wconf 75' lang='lat' dir='ltr'><strong>“lllm-</strong></span> <span class='ocrx_word' id='word_1_757' title='bbox 2820 4555 2887 4565; x_wconf 86' lang='grc'><strong>-</strong></span> <span class='ocrx_word' id='word_1_758' title='bbox 2919 4526 3073 4581; x_wconf 59' lang='lat' dir='ltr'><strong>10H-</strong></span> <span class='ocrx_word' id='word_1_759' title='bbox 3103 4543 3195 4592; x_wconf 67' lang='grc' dir='ltr'><strong>νυν</strong></span> <span class='ocrx_word' id='word_1_760' title='bbox 3239 4530 3424 4585; x_wconf 58' lang='lat'><strong>33-53.</strong></span> <span class='ocrx_word' id='word_1_761' title='bbox 3465 4533 3772 4586; x_wconf 66' lang='lat' dir='ltr'><strong>Audierant.</strong></span> 
     </span>
    </p>
   </div>
   <div class='ocr_carea' id='block_1_93' title="bbox 506 4619 2077 4691">
    <p class='ocr_par' dir='ltr' id='par_1_93' title="bbox 506 4619 2077 4691">
     <span class='ocr_line' id='line_1_94' title="bbox 506 4619 2077 4691; baseline 0.003 -18"><span class='ocrx_word' id='word_1_762' title='bbox 506 4623 744 4675; x_wconf 81' lang='lat' dir='ltr'><strong>vivarum</strong></span> <span class='ocrx_word' id='word_1_763' title='bbox 779 4637 792 4673; x_wconf 90' lang='lat'>:</span> <span class='ocrx_word' id='word_1_764' title='bbox 824 4635 1009 4674; x_wconf 90' lang='lat' dir='ltr'><strong>omnes</strong></span> <span class='ocrx_word' id='word_1_765' title='bbox 1048 4621 1190 4676; x_wconf 88' lang='lat' dir='ltr'><strong>enim</strong></span> <span class='ocrx_word' id='word_1_766' title='bbox 1239 4619 1419 4673; x_wconf 78' lang='lat' dir='ltr'><strong>\ivunt</strong></span> <span class='ocrx_word' id='word_1_767' title='bbox 1454 4620 1665 4681; x_wconf 72' lang='lat' dir='ltr'><strong>ei.,Vos</strong></span> <span class='ocrx_word' id='word_1_768' title='bbox 1697 4636 1824 4691; x_wconf 86' lang='lat' dir='ltr'><strong>ergo</strong></span> <span class='ocrx_word' id='word_1_769' title='bbox 1854 4624 2077 4679; x_wconf 91' lang='lat' dir='ltr'><strong>multum</strong></span> 
     </span>
    </p>
   </div>
   <div class='ocr_carea' id='block_1_94' title="bbox 444 4709 2080 4787">
    <p class='ocr_par' dir='ltr' id='par_1_94' title="bbox 444 4709 2080 4787">
     <span class='ocr_line' id='line_1_95' title="bbox 444 4709 2080 4787; baseline 0.002 -21"><span class='ocrx_word' id='word_1_770' title='bbox 444 4782 449 4787; x_wconf 20' lang='grc' dir='ltr'>ν</span> <span class='ocrx_word' id='word_1_771' title='bbox 505 4729 536 4766; x_wconf 90' lang='lat' dir='ltr'><strong>e</strong></span> <span class='ocrx_word' id='word_1_772' title='bbox 570 4712 715 4765; x_wconf 76' lang='lat' dir='ltr'><strong>ratis.</strong></span> <span class='ocrx_word' id='word_1_773' title='bbox 751 4710 815 4765; x_wconf 89' lang='lat' dir='ltr'><strong>Et</strong></span> <span class='ocrx_word' id='word_1_774' title='bbox 856 4711 1128 4765; x_wconf 83' lang='lat' dir='ltr'><strong>audientes</strong></span> <span class='ocrx_word' id='word_1_775' title='bbox 1157 4709 1345 4775; x_wconf 61' lang='lat' dir='ltr'><strong>turba},</strong></span> <span class='ocrx_word' id='word_1_776' title='bbox 1382 4710 1708 4765; x_wconf 88' lang='lat' dir='ltr'><strong>mirabantur</strong></span> <span class='ocrx_word' id='word_1_777' title='bbox 1735 4711 1803 4766; x_wconf 91' lang='lat' dir='ltr'><strong>de</strong></span> <span class='ocrx_word' id='word_1_778' title='bbox 1843 4712 2080 4769; x_wconf 69' lang='lat' dir='ltr'><strong>doctrina</strong></span> 
     </span>
    </p>
   </div>
   <div class='ocr_carea' id='block_1_95' title="bbox 505 4802 2082 4872">
    <p class='ocr_par' dir='ltr' id='par_1_95' title="bbox 505 4802 2082 4872">
     <span class='ocr_line' id='line_1_96' title="bbox 505 4802 2082 4872; baseline 0.002 -14"><span class='ocrx_word' id='word_1_779' title='bbox 505 4807 641 4869; x_wconf 81' lang='lat' dir='ltr'><strong>ejus.</strong></span> <span class='ocrx_word' id='word_1_780' title='bbox 689 4802 1090 4872; x_wconf 79' lang='lat' dir='ltr'><strong>Itespondentes</strong></span> <span class='ocrx_word' id='word_1_781' title='bbox 1124 4816 1297 4856; x_wconf 72' lang='lat' dir='ltr'><strong>autem</strong></span> <span class='ocrx_word' id='word_1_782' title='bbox 1336 4803 1545 4872; x_wconf 86' lang='lat' dir='ltr'><strong>quidam</strong></span> <span class='ocrx_word' id='word_1_783' title='bbox 1578 4806 1893 4868; x_wconf 84' lang='lat' dir='ltr'><strong>scribarum,</strong></span> <span class='ocrx_word' id='word_1_784' title='bbox 1927 4805 2082 4862; x_wconf 83' lang='lat' dir='ltr'><strong>dixe-</strong></span> 
     </span>
    </p>
   </div>
   <div class='ocr_carea' id='block_1_96' title="bbox 507 4893 1361 4963">
    <p class='ocr_par' dir='ltr' id='par_1_96' title="bbox 507 4893 1361 4963">
     <span class='ocr_line' id='line_1_97' title="bbox 507 4893 1361 4963; baseline -0.001 -15"><span class='ocrx_word' id='word_1_785' title='bbox 507 4908 628 4956; x_wconf 83' lang='lat' dir='ltr'><strong>runt</strong></span> <span class='ocrx_word' id='word_1_786' title='bbox 658 4914 670 4949; x_wconf 90' lang='lat'><strong>:</strong></span> <span class='ocrx_word' id='word_1_787' title='bbox 704 4894 970 4963; x_wconf 70' lang='lat' dir='ltr'><strong>Magister,</strong></span> <span class='ocrx_word' id='word_1_788' title='bbox 999 4894 1132 4950; x_wconf 88' lang='lat' dir='ltr'><strong>bene</strong></span> <span class='ocrx_word' id='word_1_789' title='bbox 1159 4893 1361 4949; x_wconf 73' lang='lat' dir='ltr'><strong>dixisti.</strong></span> 
     </span>
    </p>
   </div>
   <div class='ocr_carea' id='block_1_97' title="bbox 1039 5004 1582 5063">
    <p class='ocr_par' dir='ltr' id='par_1_97' title="bbox 1039 5004 1582 5063">
     <span class='ocr_line' id='line_1_98' title="bbox 1039 5004 1582 5063; baseline -0.004 -1"><span class='ocrx_word' id='word_1_790' title='bbox 1039 5005 1265 5063; x_wconf 82' lang='lat' dir='ltr'><strong>CAPUT</strong></span> <span class='ocrx_word' id='word_1_791' title='bbox 1302 5004 1582 5062; x_wconf 79' lang='lat' dir='ltr'><strong>CXXVIII.</strong></span> 
     </span>
    </p>
   </div>
   <div class='ocr_carea' id='block_1_98' title="bbox 618 5095 1979 5167">
    <p class='ocr_par' dir='ltr' id='par_1_98' title="bbox 618 5095 1979 5167">
     <span class='ocr_line' id='line_1_99' title="bbox 618 5095 1979 5167; baseline 0.001 -15"><span class='ocrx_word' id='word_1_792' title='bbox 618 5098 799 5152; x_wconf 82' lang='lat' dir='ltr'><strong>Scriba</strong></span> <span class='ocrx_word' id='word_1_793' title='bbox 845 5098 1186 5167; x_wconf 79' lang='lat' dir='ltr'><strong>interregabat</strong></span> <span class='ocrx_word' id='word_1_794' title='bbox 1226 5095 1404 5150; x_wconf 82' lang='lat' dir='ltr'><strong>Iesum</strong></span> <span class='ocrx_word' id='word_1_795' title='bbox 1449 5110 1466 5149; x_wconf 92' lang='lat'><em>:</em></span> <span class='ocrx_word' id='word_1_796' title='bbox 1506 5096 1646 5167; x_wconf 74' lang='lat' dir='ltr'><strong>quod</strong></span> <span class='ocrx_word' id='word_1_797' title='bbox 1684 5099 1979 5153; x_wconf 83' lang='lat' dir='ltr'><strong>mandatum</strong></span> 
     </span>
    </p>
   </div>
   <div class='ocr_carea' id='block_1_99' title="bbox 952 5165 1639 5237">
    <p class='ocr_par' dir='ltr' id='par_1_99' title="bbox 952 5165 1639 5237">
     <span class='ocr_line' id='line_1_100' title="bbox 952 5165 1639 5237; baseline 0.003 -18"><span class='ocrx_word' id='word_1_798' title='bbox 952 5165 1232 5221; x_wconf 67' lang='lat' dir='ltr'><strong>nialrimum</strong></span> <span class='ocrx_word' id='word_1_799' title='bbox 1264 5176 1391 5221; x_wconf 80' lang='lat' dir='ltr'><strong>esset</strong></span> <span class='ocrx_word' id='word_1_800' title='bbox 1419 5167 1471 5219; x_wconf 88' lang='lat' dir='ltr'><strong>in</strong></span> <span class='ocrx_word' id='word_1_801' title='bbox 1496 5165 1639 5237; x_wconf 82' lang='lat' dir='ltr'><strong>lege?</strong></span> 
     </span>
    </p>
   </div>
   <div class='ocr_carea' id='block_1_100' title="bbox 583 5254 2082 5325">
    <p class='ocr_par' dir='ltr' id='par_1_100' title="bbox 583 5254 2082 5325">
     <span class='ocr_line' id='line_1_101' title="bbox 583 5254 2082 5325; baseline 0 -12"><span class='ocrx_word' id='word_1_802' title='bbox 583 5258 795 5313; x_wconf 70' lang='lat' dir='ltr'><strong>Mure.</strong></span> <span class='ocrx_word' id='word_1_803' title='bbox 837 5271 981 5322; x_wconf 73' lang='grc' dir='ltr'>χιιι,</span> <span class='ocrx_word' id='word_1_804' title='bbox 1020 5255 1241 5320; x_wconf 67' lang='lat'><strong>54-40;</strong></span> <span class='ocrx_word' id='word_1_805' title='bbox 1291 5255 1466 5311; x_wconf 65' lang='lat' dir='ltr'><strong>Haec.</strong></span> <span class='ocrx_word' id='word_1_806' title='bbox 1514 5270 1624 5325; x_wconf 85' lang='lat' dir='ltr'><strong>xu,</strong></span> <span class='ocrx_word' id='word_1_807' title='bbox 1666 5254 1895 5322; x_wconf 75' lang='lat' dir='ltr'><strong>28-3I;</strong></span> <span class='ocrx_word' id='word_1_808' title='bbox 1950 5256 2082 5313; x_wconf 78' lang='lat' dir='ltr'><strong>Luc.</strong></span> 
     </span>
    </p>
   </div>
   <div class='ocr_carea' id='block_1_101' title="bbox 510 5336 2082 5417">
    <p class='ocr_par' dir='ltr' id='par_1_101' title="bbox 510 5336 2082 5417">
     <span class='ocr_line' id='line_1_102' title="bbox 510 5336 2082 5417; baseline -0.002 -12"><span class='ocrx_word' id='word_1_809' title='bbox 510 5365 566 5416; x_wconf 89' lang='lat' dir='ltr'><strong>s,</strong></span> <span class='ocrx_word' id='word_1_810' title='bbox 604 5348 791 5404; x_wconf 68' lang='lat'><strong>25-37.</strong></span> <span class='ocrx_word' id='word_1_811' title='bbox 831 5336 1086 5401; x_wconf 73' lang='lat' dir='ltr'><strong>Pharismi</strong></span> <span class='ocrx_word' id='word_1_812' title='bbox 1127 5356 1301 5401; x_wconf 89' lang='lat' dir='ltr'><strong>autem</strong></span> <span class='ocrx_word' id='word_1_813' title='bbox 1332 5347 1608 5402; x_wconf 89' lang='lat' dir='ltr'><strong>audientes</strong></span> <span class='ocrx_word' id='word_1_814' title='bbox 1648 5347 1771 5417; x_wconf 89' lang='lat' dir='ltr'><strong>quia</strong></span> <span class='ocrx_word' id='word_1_815' title='bbox 1813 5348 2082 5403; x_wconf 75' lang='lat' dir='ltr'><strong>silentium</strong></span> 
     </span>
    </p>
   </div>
   <div class='ocr_carea' id='block_1_102' title="bbox 585 5486 2074 5561">
    <p class='ocr_par' dir='ltr' id='par_1_102' title="bbox 585 5486 2074 5561">
     <span class='ocr_line' id='line_1_103' title="bbox 585 5486 2074 5561; baseline 0.001 -16"><span class='ocrx_word' id='word_1_816' title='bbox 585 5505 610 5533; x_wconf 77' lang='grc' dir='ltr'><strong>ε·</strong></span> <span class='ocrx_word' id='word_1_817' title='bbox 654 5493 806 5561; x_wconf 77' lang='lat' dir='ltr'><strong>Vulg.</strong></span> <span class='ocrx_word' id='word_1_818' title='bbox 837 5491 968 5547; x_wconf 88' lang='lat' dir='ltr'><strong>an.</strong></span> <span class='ocrx_word' id='word_1_819' title='bbox 1000 5486 1216 5561; x_wconf 66' lang='lat' dir='ltr'><strong>xx,_35,</strong></span> <span class='ocrx_word' id='word_1_820' title='bbox 1248 5488 1390 5559; x_wconf 84' lang='lat' dir='ltr'><strong>digni</strong></span> <span class='ocrx_word' id='word_1_821' title='bbox 1432 5488 1765 5543; x_wconf 77' lang='lat' dir='ltr'><strong>habebuntur.</strong></span> <span class='ocrx_word' id='word_1_822' title='bbox 1800 5489 1926 5556; x_wconf 86' lang='lat' dir='ltr'><strong>Gr.,</strong></span> <span class='ocrx_word' id='word_1_823' title='bbox 1948 5511 2074 5546; x_wconf 81' lang='grc' dir='ltr'><strong>κατ-</strong></span> 
     </span>
    </p>
   </div>
   <div class='ocr_carea' id='block_1_103' title="bbox 511 5558 1206 5632">
    <p class='ocr_par' dir='ltr' id='par_1_103' title="bbox 511 5558 1206 5632">
     <span class='ocr_line' id='line_1_104' title="bbox 511 5558 1206 5632; baseline -0.013 -11"><span class='ocrx_word' id='word_1_824' title='bbox 511 5558 800 5632; x_wconf 58' lang='grc' dir='ltr'><strong>μειωθέντέξ</strong></span> <span class='ocrx_word' id='word_1_825' title='bbox 816 5604 831 5630; x_wconf 87' lang='grc'><strong>,</strong></span> <span class='ocrx_word' id='word_1_826' title='bbox 862 5561 1003 5630; x_wconf 84' lang='lat' dir='ltr'><strong>digni</strong></span> <span class='ocrx_word' id='word_1_827' title='bbox 1027 5558 1206 5632; x_wconf 58' lang='lat' dir='ltr'><strong>habili.</strong></span> 
     </span>
    </p>
   </div>
   <div class='ocr_carea' id='block_1_104' title="bbox 584 5625 2074 5688">
    <p class='ocr_par' dir='ltr' id='par_1_104' title="bbox 584 5625 2074 5688">
     <span class='ocr_line' id='line_1_105' title="bbox 584 5625 2074 5688; baseline -0.005 0"><span class='ocrx_word' id='word_1_828' title='bbox 584 5634 611 5673; x_wconf 67' lang='grc' dir='ltr'>δ</span> <span class='ocrx_word' id='word_1_829' title='bbox 655 5625 827 5688; x_wconf 69' lang='grc' dir='ltr'><strong>υιιάθ’</strong></span> <span class='ocrx_word' id='word_1_830' title='bbox 853 5625 988 5686; x_wconf 77' lang='lat' dir='ltr'><strong>hanc</strong></span> <span class='ocrx_word' id='word_1_831' title='bbox 1025 5630 1306 5685; x_wconf 80' lang='lat' dir='ltr'><strong>lectionem</strong></span> <span class='ocrx_word' id='word_1_832' title='bbox 1343 5625 1714 5683; x_wconf 74' lang='lat' dir='ltr'><strong>hanseritsive</strong></span> <span class='ocrx_word' id='word_1_833' title='bbox 1741 5628 2074 5686; x_wconf 81' lang='lat' dir='ltr'><strong>Ammonius.</strong></span> 
     </span>
    </p>
   </div>
   <div class='ocr_carea' id='block_1_105' title="bbox 515 5698 2080 5774">
    <p class='ocr_par' dir='ltr' id='par_1_105' title="bbox 515 5698 2080 5774">
     <span class='ocr_line' id='line_1_106' title="bbox 515 5698 2080 5774; baseline -0.002 -17"><span class='ocrx_word' id='word_1_834' title='bbox 515 5706 629 5761; x_wconf 81' lang='lat' dir='ltr'><strong>sive</strong></span> <span class='ocrx_word' id='word_1_835' title='bbox 658 5705 941 5774; x_wconf 82' lang='lat' dir='ltr'><strong>interpres.</strong></span> <span class='ocrx_word' id='word_1_836' title='bbox 979 5701 1100 5774; x_wconf 87' lang='lat' dir='ltr'><strong>quis</strong></span> <span class='ocrx_word' id='word_1_837' title='bbox 1143 5714 1226 5756; x_wconf 88' lang='lat' dir='ltr'><strong>mc</strong></span> <span class='ocrx_word' id='word_1_838' title='bbox 1270 5698 1495 5758; x_wconf 82' lang='lat' dir='ltr'><strong>doceat?</strong></span> <span class='ocrx_word' id='word_1_839' title='bbox 1521 5698 1649 5765; x_wconf 85' lang='lat' dir='ltr'><strong>Gr.,</strong></span> <span class='ocrx_word' id='word_1_840' title='bbox 1678 5702 1853 5771; x_wconf 56' lang='lat' dir='ltr'><strong>supra:</strong></span> <span class='ocrx_word' id='word_1_841' title='bbox 1900 5700 1924 5756; x_wconf 83' lang='grc' dir='ltr'><strong><em>ὁ</em></strong></span> <span class='ocrx_word' id='word_1_842' title='bbox 1960 5702 2080 5760; x_wconf 77' lang='grc' dir='ltr'><strong>Θεὸς</strong></span> 
     </span>
    </p>
   </div>
   <div class='ocr_carea' id='block_1_106' title="bbox 2190 4609 3770 4679">
    <p class='ocr_par' dir='ltr' id='par_1_106' title="bbox 2190 4609 3770 4679">
     <span class='ocr_line' id='line_1_107' title="bbox 2190 4609 3770 4679; baseline 0.008 -15"><span class='ocrx_word' id='word_1_843' title='bbox 2190 4609 2443 4667; x_wconf 63' lang='lat' dir='ltr'><strong>Pharisaei</strong></span> <span class='ocrx_word' id='word_1_844' title='bbox 2472 4615 2678 4667; x_wconf 90' lang='lat' dir='ltr'><strong>turbam</strong></span> <span class='ocrx_word' id='word_1_845' title='bbox 2705 4627 3117 4671; x_wconf 87' lang='lat' dir='ltr'><strong>murmurantem</strong></span> <span class='ocrx_word' id='word_1_846' title='bbox 3143 4618 3209 4673; x_wconf 89' lang='lat' dir='ltr'><strong>de</strong></span> <span class='ocrx_word' id='word_1_847' title='bbox 3235 4618 3327 4679; x_wconf 89' lang='lat' dir='ltr'><strong>illo</strong></span> <span class='ocrx_word' id='word_1_848' title='bbox 3353 4621 3483 4674; x_wconf 74' lang='lat' dir='ltr'><strong>lure.</strong></span> <span class='ocrx_word' id='word_1_849' title='bbox 3515 4621 3577 4673; x_wconf 85' lang='lat' dir='ltr'><strong>Et</strong></span> <span class='ocrx_word' id='word_1_850' title='bbox 3605 4622 3770 4676; x_wconf 81' lang='lat' dir='ltr'><strong>mise-</strong></span> 
     </span>
    </p>
   </div>
   <div class='ocr_carea' id='block_1_107' title="bbox 2188 4702 3770 4777">
    <p class='ocr_par' dir='ltr' id='par_1_107' title="bbox 2188 4702 3770 4777">
     <span class='ocr_line' id='line_1_108' title="bbox 2188 4702 3770 4777; baseline 0.005 -22"><span class='ocrx_word' id='word_1_851' title='bbox 2188 4709 2311 4755; x_wconf 89' lang='lat' dir='ltr'><strong>runt</strong></span> <span class='ocrx_word' id='word_1_852' title='bbox 2340 4702 2605 4771; x_wconf 86' lang='lat' dir='ltr'><strong>principes</strong></span> <span class='ocrx_word' id='word_1_853' title='bbox 2628 4712 2681 4756; x_wconf 89' lang='lat' dir='ltr'><strong>et</strong></span> <span class='ocrx_word' id='word_1_854' title='bbox 2711 4703 2961 4758; x_wconf 55' lang='lat' dir='ltr'><strong>Pharisaei</strong></span> <span class='ocrx_word' id='word_1_855' title='bbox 2991 4706 3284 4772; x_wconf 81' lang='lat' dir='ltr'><strong>ministros,</strong></span> <span class='ocrx_word' id='word_1_856' title='bbox 3319 4717 3372 4761; x_wconf 90' lang='lat' dir='ltr'><strong>ut</strong></span> <span class='ocrx_word' id='word_1_857' title='bbox 3400 4723 3481 4777; x_wconf 75' lang='lat' dir='ltr'><strong>ap,</strong></span> <span class='ocrx_word' id='word_1_858' title='bbox 3504 4707 3770 4763; x_wconf 79' lang='lat' dir='ltr'><strong>rebmde-</strong></span> 
     </span>
    </p>
   </div>
   <div class='ocr_carea' id='block_1_108' title="bbox 2190 4792 3770 4868">
    <p class='ocr_par' dir='ltr' id='par_1_108' title="bbox 2190 4792 3770 4868">
     <span class='ocr_line' id='line_1_109' title="bbox 2190 4792 3770 4868; baseline 0.006 -22"><span class='ocrx_word' id='word_1_859' title='bbox 2190 4800 2311 4846; x_wconf 77' lang='lat' dir='ltr'><strong>rent</strong></span> <span class='ocrx_word' id='word_1_860' title='bbox 2338 4792 2510 4849; x_wconf 90' lang='lat' dir='ltr'><strong>illum.</strong></span> <span class='ocrx_word' id='word_1_861' title='bbox 2560 4794 2703 4848; x_wconf 83' lang='lat' dir='ltr'><strong>Dixit</strong></span> <span class='ocrx_word' id='word_1_862' title='bbox 2731 4809 2859 4865; x_wconf 84' lang='lat' dir='ltr'><strong>ergo</strong></span> <span class='ocrx_word' id='word_1_863' title='bbox 2889 4796 3015 4868; x_wconf 63' lang='lat' dir='ltr'><strong>(eis)</strong></span> <span class='ocrx_word' id='word_1_864' title='bbox 3042 4796 3194 4852; x_wconf 88' lang='lat' dir='ltr'><strong>Iesus</strong></span> <span class='ocrx_word' id='word_1_865' title='bbox 3237 4816 3250 4850; x_wconf 90' lang='lat'><strong>:</strong></span> <span class='ocrx_word' id='word_1_866' title='bbox 3283 4799 3468 4855; x_wconf 82' lang='lat' dir='ltr'><strong>Adhuc</strong></span> <span class='ocrx_word' id='word_1_867' title='bbox 3497 4801 3770 4856; x_wconf 84' lang='lat' dir='ltr'><strong>modicum</strong></span> 
     </span>
    </p>
   </div>
   <div class='ocr_carea' id='block_1_109' title="bbox 2193 4883 3765 4958">
    <p class='ocr_par' dir='ltr' id='par_1_109' title="bbox 2193 4883 3765 4958">
     <span class='ocr_line' id='line_1_110' title="bbox 2193 4883 3765 4958; baseline 0.006 -22"><span class='ocrx_word' id='word_1_868' title='bbox 2193 4890 2401 4951; x_wconf 89' lang='lat' dir='ltr'><strong>tempus</strong></span> <span class='ocrx_word' id='word_1_869' title='bbox 2431 4883 2702 4940; x_wconf 68' lang='lat' dir='ltr'><strong>vobiscum</strong></span> <span class='ocrx_word' id='word_1_870' title='bbox 2726 4900 2864 4952; x_wconf 91' lang='lat' dir='ltr'><strong>sum,</strong></span> <span class='ocrx_word' id='word_1_871' title='bbox 2890 4899 2942 4941; x_wconf 88' lang='lat' dir='ltr'><strong>et</strong></span> <span class='ocrx_word' id='word_1_872' title='bbox 2968 4888 3102 4941; x_wconf 86' lang='lat' dir='ltr'><strong>vado</strong></span> <span class='ocrx_word' id='word_1_873' title='bbox 3124 4888 3190 4941; x_wconf 89' lang='lat' dir='ltr'><strong>ad</strong></span> <span class='ocrx_word' id='word_1_874' title='bbox 3213 4904 3335 4944; x_wconf 91' lang='lat' dir='ltr'><strong>eum</strong></span> <span class='ocrx_word' id='word_1_875' title='bbox 3366 4889 3452 4958; x_wconf 89' lang='lat' dir='ltr'><strong>qui</strong></span> <span class='ocrx_word' id='word_1_876' title='bbox 3484 4890 3628 4944; x_wconf 85' lang='lat' dir='ltr'><strong>misit</strong></span> <span class='ocrx_word' id='word_1_877' title='bbox 3655 4905 3765 4945; x_wconf 88' lang='lat' dir='ltr'><strong>me.</strong></span> 
     </span>
    </p>
   </div>
   <div class='ocr_carea' id='block_1_110' title="bbox 2192 4973 3767 5051">
    <p class='ocr_par' dir='ltr' id='par_1_110' title="bbox 2192 4973 3767 5051">
     <span class='ocr_line' id='line_1_111' title="bbox 2192 4973 3767 5051; baseline 0.004 -23"><span class='ocrx_word' id='word_1_878' title='bbox 2192 4973 2449 5042; x_wconf 66' lang='lat' dir='ltr'><strong>Quaeretis</strong></span> <span class='ocrx_word' id='word_1_879' title='bbox 2464 4991 2549 5032; x_wconf 89' lang='lat' dir='ltr'><strong>me</strong></span> <span class='ocrx_word' id='word_1_880' title='bbox 2570 4986 2621 5031; x_wconf 87' lang='lat' dir='ltr'><strong>et</strong></span> <span class='ocrx_word' id='word_1_881' title='bbox 2642 4992 2745 5031; x_wconf 91' lang='lat' dir='ltr'><strong>non</strong></span> <span class='ocrx_word' id='word_1_882' title='bbox 2765 4978 3042 5034; x_wconf 77' lang='lat' dir='ltr'><strong>invenietis</strong></span> <span class='ocrx_word' id='word_1_883' title='bbox 3061 4997 3074 5034; x_wconf 90' lang='lat'><strong>:</strong></span> <span class='ocrx_word' id='word_1_884' title='bbox 3094 4989 3146 5033; x_wconf 90' lang='lat' dir='ltr'><strong>et</strong></span> <span class='ocrx_word' id='word_1_885' title='bbox 3163 4980 3251 5033; x_wconf 87' lang='lat' dir='ltr'><strong>ubi</strong></span> <span class='ocrx_word' id='word_1_886' title='bbox 3268 4996 3383 5034; x_wconf 84' lang='lat' dir='ltr'><strong>sum</strong></span> <span class='ocrx_word' id='word_1_887' title='bbox 3401 4996 3521 5051; x_wconf 76' lang='lat' dir='ltr'><strong>ego.</strong></span> <span class='ocrx_word' id='word_1_888' title='bbox 3542 4995 3636 5034; x_wconf 81' lang='lat' dir='ltr'><strong>vos</strong></span> <span class='ocrx_word' id='word_1_889' title='bbox 3658 4997 3767 5035; x_wconf 86' lang='lat' dir='ltr'><strong>non</strong></span> 
     </span>
    </p>
   </div>
   <div class='ocr_carea' id='block_1_111' title="bbox 2191 5067 3770 5141">
    <p class='ocr_par' dir='ltr' id='par_1_111' title="bbox 2191 5067 3770 5141">
     <span class='ocr_line' id='line_1_112' title="bbox 2191 5067 3770 5141; baseline 0.001 -20"><span class='ocrx_word' id='word_1_890' title='bbox 2191 5067 2413 5137; x_wconf 90' lang='lat' dir='ltr'><strong>potestis</strong></span> <span class='ocrx_word' id='word_1_891' title='bbox 2444 5068 2648 5124; x_wconf 87' lang='lat' dir='ltr'><strong>venire.</strong></span> <span class='ocrx_word' id='word_1_892' title='bbox 2682 5069 2933 5123; x_wconf 85' lang='lat' dir='ltr'><strong>Dixerunt</strong></span> <span class='ocrx_word' id='word_1_893' title='bbox 2960 5084 3089 5141; x_wconf 82' lang='lat' dir='ltr'><strong>ergo</strong></span> <span class='ocrx_word' id='word_1_894' title='bbox 3121 5070 3289 5125; x_wconf 68' lang='lat' dir='ltr'><strong>Iudaei</strong></span> <span class='ocrx_word' id='word_1_895' title='bbox 3317 5071 3384 5124; x_wconf 89' lang='lat' dir='ltr'><strong>ad</strong></span> <span class='ocrx_word' id='word_1_896' title='bbox 3405 5071 3724 5140; x_wconf 88' lang='lat' dir='ltr'><strong>semetipsos</strong></span> <span class='ocrx_word' id='word_1_897' title='bbox 3750 5086 3770 5127; x_wconf 87' lang='lat'><strong>:</strong></span> 
     </span>
    </p>
   </div>
   <div class='ocr_carea' id='block_1_112' title="bbox 2192 5159 3772 5231">
    <p class='ocr_par' dir='ltr' id='par_1_112' title="bbox 2192 5159 3772 5231">
     <span class='ocr_line' id='line_1_113' title="bbox 2192 5159 3772 5231; baseline 0.003 -20"><span class='ocrx_word' id='word_1_898' title='bbox 2192 5160 2307 5228; x_wconf 80' lang='lat' dir='ltr'><strong>Quo</strong></span> <span class='ocrx_word' id='word_1_899' title='bbox 2336 5159 2421 5215; x_wconf 88' lang='lat' dir='ltr'><strong>hic</strong></span> <span class='ocrx_word' id='word_1_900' title='bbox 2452 5160 2620 5215; x_wconf 91' lang='lat' dir='ltr'><strong>iturus</strong></span> <span class='ocrx_word' id='word_1_901' title='bbox 2650 5170 2752 5229; x_wconf 84' lang='lat' dir='ltr'><strong>est,</strong></span> <span class='ocrx_word' id='word_1_902' title='bbox 2784 5162 2906 5231; x_wconf 84' lang='lat' dir='ltr'><strong>quia</strong></span> <span class='ocrx_word' id='word_1_903' title='bbox 2936 5178 3041 5217; x_wconf 90' lang='lat' dir='ltr'><strong>non</strong></span> <span class='ocrx_word' id='word_1_904' title='bbox 3070 5161 3401 5217; x_wconf 86' lang='lat' dir='ltr'><strong>inveniemus</strong></span> <span class='ocrx_word' id='word_1_905' title='bbox 3428 5163 3590 5216; x_wconf 77' lang='lat' dir='ltr'><strong>eum?</strong></span> <span class='ocrx_word' id='word_1_906' title='bbox 3620 5160 3772 5216; x_wconf 79' lang='lat' dir='ltr'><strong>Nun-</strong></span> 
     </span>
    </p>
   </div>
   <div class='ocr_carea' id='block_1_113' title="bbox 2191 5259 3773 5333">
    <p class='ocr_par' dir='ltr' id='par_1_113' title="bbox 2191 5259 3773 5333">
     <span class='ocr_line' id='line_1_114' title="bbox 2191 5259 3773 5333; baseline -0.002 -18"><span class='ocrx_word' id='word_1_907' title='bbox 2191 5261 2315 5333; x_wconf 89' lang='lat' dir='ltr'><strong>quid</strong></span> <span class='ocrx_word' id='word_1_908' title='bbox 2347 5262 2399 5315; x_wconf 92' lang='lat' dir='ltr'><strong>in</strong></span> <span class='ocrx_word' id='word_1_909' title='bbox 2431 5260 2817 5330; x_wconf 83' lang='lat' dir='ltr'><strong>dispersionem</strong></span> <span class='ocrx_word' id='word_1_910' title='bbox 2842 5260 3079 5331; x_wconf 80' lang='lat' dir='ltr'><strong>gentium</strong></span> <span class='ocrx_word' id='word_1_911' title='bbox 3105 5259 3273 5313; x_wconf 89' lang='lat' dir='ltr'><strong>iturus</strong></span> <span class='ocrx_word' id='word_1_912' title='bbox 3295 5268 3397 5321; x_wconf 86' lang='lat' dir='ltr'><strong>est,</strong></span> <span class='ocrx_word' id='word_1_913' title='bbox 3430 5269 3483 5312; x_wconf 87' lang='lat' dir='ltr'><strong>et</strong></span> <span class='ocrx_word' id='word_1_914' title='bbox 3509 5259 3773 5313; x_wconf 83' lang='lat' dir='ltr'><strong>docturus</strong></span> 
     </span>
    </p>
   </div>
   <div class='ocr_carea' id='block_1_114' title="bbox 2190 5349 3766 5423">
    <p class='ocr_par' dir='ltr' id='par_1_114' title="bbox 2190 5349 3766 5423">
     <span class='ocr_line' id='line_1_115' title="bbox 2190 5349 3766 5423; baseline -0.001 -18"><span class='ocrx_word' id='word_1_915' title='bbox 2190 5351 2408 5420; x_wconf 81' lang='lat' dir='ltr'><strong>gentes?</strong></span> <span class='ocrx_word' id='word_1_916' title='bbox 2424 5350 2551 5418; x_wconf 87' lang='lat' dir='ltr'><strong>Quis</strong></span> <span class='ocrx_word' id='word_1_917' title='bbox 2572 5360 2653 5405; x_wconf 88' lang='lat' dir='ltr'><strong>est</strong></span> <span class='ocrx_word' id='word_1_918' title='bbox 2678 5351 2764 5405; x_wconf 86' lang='lat' dir='ltr'><strong>hic</strong></span> <span class='ocrx_word' id='word_1_919' title='bbox 2784 5365 2963 5423; x_wconf 82' lang='lat' dir='ltr'><strong>sermo</strong></span> <span class='ocrx_word' id='word_1_920' title='bbox 2988 5365 3144 5421; x_wconf 86' lang='lat' dir='ltr'><strong>quem</strong></span> <span class='ocrx_word' id='word_1_921' title='bbox 3168 5349 3306 5405; x_wconf 84' lang='lat' dir='ltr'><strong>dixit</strong></span> <span class='ocrx_word' id='word_1_922' title='bbox 3329 5365 3343 5403; x_wconf 88' lang='lat'><strong>:</strong></span> <span class='ocrx_word' id='word_1_923' title='bbox 3371 5349 3635 5417; x_wconf 70' lang='lat' dir='ltr'><strong>Quaeretis</strong></span> <span class='ocrx_word' id='word_1_924' title='bbox 3656 5364 3766 5411; x_wconf 89' lang='lat' dir='ltr'><strong>me.</strong></span> 
     </span>
    </p>
   </div>
   <div class='ocr_carea' id='block_1_115' title="bbox 2181 5488 3768 5559">
    <p class='ocr_par' dir='ltr' id='par_1_115' title="bbox 2181 5488 3768 5559">
     <span class='ocr_line' id='line_1_116' title="bbox 2181 5488 3768 5559; baseline 0.003 -16"><span class='ocrx_word' id='word_1_925' title='bbox 2181 5492 2337 5559; x_wconf 75' lang='grc' dir='ltr'><strong>ἡμῶν.</strong></span> <span class='ocrx_word' id='word_1_926' title='bbox 2374 5488 2526 5557; x_wconf 76' lang='lat' dir='ltr'><strong>Vulg.</strong></span> <span class='ocrx_word' id='word_1_927' title='bbox 2545 5531 2561 5556; x_wconf 89' lang='lat'><strong>,</strong></span> <span class='ocrx_word' id='word_1_928' title='bbox 2594 5489 2839 5544; x_wconf 75' lang='lat' dir='ltr'><strong>Dominus</strong></span> <span class='ocrx_word' id='word_1_929' title='bbox 2862 5489 2996 5545; x_wconf 86' lang='lat' dir='ltr'><strong>Deus</strong></span> <span class='ocrx_word' id='word_1_930' title='bbox 3022 5499 3154 5543; x_wconf 87' lang='lat' dir='ltr'><strong>tuus.</strong></span> <span class='ocrx_word' id='word_1_931' title='bbox 3181 5489 3284 5544; x_wconf 89' lang='lat' dir='ltr'><strong>Sed</strong></span> <span class='ocrx_word' id='word_1_932' title='bbox 3305 5504 3371 5545; x_wconf 78' lang='lat' dir='ltr'><strong>ex</strong></span> <span class='ocrx_word' id='word_1_933' title='bbox 3396 5488 3591 5544; x_wconf 88' lang='lat' dir='ltr'><strong>nostris</strong></span> <span class='ocrx_word' id='word_1_934' title='bbox 3615 5489 3768 5548; x_wconf 86' lang='lat' dir='ltr'><strong>libris</strong></span> 
     </span>
    </p>
   </div>
   <div class='ocr_carea' id='block_1_116' title="bbox 2185 5559 3768 5631">
    <p class='ocr_par' dir='ltr' id='par_1_116' title="bbox 2185 5559 3768 5631">
     <span class='ocr_line' id='line_1_117' title="bbox 2185 5559 3768 5631; baseline 0.001 -18"><span class='ocrx_word' id='word_1_935' title='bbox 2185 5561 2460 5631; x_wconf 68' lang='lat' dir='ltr'><strong>meliores.</strong></span> <span class='ocrx_word' id='word_1_936' title='bbox 2489 5562 2653 5631; x_wconf 89' lang='lat' dir='ltr'><strong>inquit</strong></span> <span class='ocrx_word' id='word_1_937' title='bbox 2675 5561 2803 5617; x_wconf 82' lang='lat' dir='ltr'><strong>Lue.</strong></span> <span class='ocrx_word' id='word_1_938' title='bbox 2824 5560 2881 5631; x_wconf 69' lang='lat' dir='ltr'><strong>II:</strong></span> <span class='ocrx_word' id='word_1_939' title='bbox 2894 5575 3004 5630; x_wconf 83' lang='lat' dir='ltr'><strong>ug.,</strong></span> <span class='ocrx_word' id='word_1_940' title='bbox 3018 5559 3573 5631; x_wconf 71' lang='lat' dir='ltr'><strong>consentaneeGrtecp</strong></span> <span class='ocrx_word' id='word_1_941' title='bbox 3587 5573 3640 5613; x_wconf 88' lang='lat' dir='ltr'><strong>et</strong></span> <span class='ocrx_word' id='word_1_942' title='bbox 3658 5562 3768 5631; x_wconf 83' lang='lat' dir='ltr'><strong>Sy-</strong></span> 
     </span>
    </p>
   </div>
   <div class='ocr_carea' id='block_1_117' title="bbox 2187 5628 3768 5751">
    <p class='ocr_par' dir='ltr' id='par_1_117' title="bbox 2187 5628 3768 5751">
     <span class='ocr_line' id='line_1_118' title="bbox 2187 5628 3768 5751; baseline 0.005 -71"><span class='ocrx_word' id='word_1_943' title='bbox 2187 5629 2353 5751; x_wconf 56' lang='lat' dir='ltr'><strong>r&#39;iavo,</strong></span> <span class='ocrx_word' id='word_1_944' title='bbox 2382 5644 2475 5682; x_wconf 88' lang='lat' dir='ltr'><strong>nec</strong></span> <span class='ocrx_word' id='word_1_945' title='bbox 2501 5628 2604 5685; x_wconf 83' lang='lat' dir='ltr'><strong>non</strong></span> <span class='ocrx_word' id='word_1_946' title='bbox 2628 5632 2726 5703; x_wconf 88' lang='lat' dir='ltr'><strong>legi</strong></span> <span class='ocrx_word' id='word_1_947' title='bbox 2751 5630 2850 5702; x_wconf 90' lang='lat' dir='ltr'><strong>ipsi</strong></span> <span class='ocrx_word' id='word_1_948' title='bbox 2874 5628 3176 5697; x_wconf 69' lang='lat' dir='ltr'><strong>Ilebraicaz,</strong></span> <span class='ocrx_word' id='word_1_949' title='bbox 3198 5632 3477 5687; x_wconf 85' lang='lat' dir='ltr'><strong>scribunt:</strong></span> <span class='ocrx_word' id='word_1_950' title='bbox 3511 5628 3768 5688; x_wconf 61' lang='lat' dir='ltr'><strong>Dominus</strong></span> 
     </span>
     <span class='ocr_line' id='line_1_119' title="bbox 2239 5714 2536 5751; baseline 0 0"><span class='ocrx_word' id='word_1_951' title='bbox 2239 5716 2323 5751; x_wconf 77' lang='lat' dir='ltr'><strong>eus</strong></span> <span class='ocrx_word' id='word_1_952' title='bbox 2351 5714 2536 5751; x_wconf 66' lang='lat' dir='ltr'><strong>nouer.</strong></span> 
     </span>
    </p>
   </div>
   <div class='ocr_carea' id='block_1_118' title="bbox 2239 5714 2536 5755">
    <p class='ocr_par' dir='ltr' id='par_1_118' title="bbox 2239 5714 2536 5755">
     <span class='ocr_line' id='line_1_120' title="bbox 2239 5714 2536 5755; baseline -0.003 -1"><span class='ocrx_word' id='word_1_953' title='bbox 2239 5716 2323 5754; x_wconf 74' lang='lat' dir='ltr'><strong>eus</strong></span> <span class='ocrx_word' id='word_1_954' title='bbox 2351 5714 2536 5755; x_wconf 70' lang='lat'><strong>&quot;0:10&quot;.</strong></span> 
     </span>
    </p>
   </div>
  </div>
