  <div class='ocr_page' id='page_1' title='image "/cluster/home/n/w/nwhite01/storage/ocr_20150623/68/hvd.32044054758719/168.png"; bbox 0 0 3980 6196; ppageno 0'>
   <div class='ocr_carea' id='block_1_1' title="bbox 289 266 373 320">
    <p class='ocr_par' dir='ltr' id='par_1_1' title="bbox 289 266 373 320">
     <span class='ocr_line' id='line_1_1' title="bbox 289 266 373 320; baseline -0.024 0"><span class='ocrx_word' id='word_1_1' title='bbox 289 266 373 320; x_wconf 60' lang='grc' dir='ltr'><strong>Ξίέι</strong></span> 
     </span>
    </p>
   </div>
   <div class='ocr_carea' id='block_1_2' title="bbox 1035 237 2772 308">
    <p class='ocr_par' dir='ltr' id='par_1_2' title="bbox 1035 237 2772 308">
     <span class='ocr_line' id='line_1_2' title="bbox 1035 237 2772 308; baseline -0.009 0"><span class='ocrx_word' id='word_1_2' title='bbox 1035 248 1621 308; x_wconf 70' lang='lat' dir='ltr'><strong>EVANGELICARUM</strong></span> <span class='ocrx_word' id='word_1_3' title='bbox 1661 242 2160 303; x_wconf 72' lang='lat' dir='ltr'><strong>llARMONlABUM</strong></span> <span class='ocrx_word' id='word_1_4' title='bbox 2204 237 2772 299; x_wconf 77' lang='lat' dir='ltr'><strong>INTERPRETATIO.</strong></span> 
     </span>
    </p>
   </div>
   <div class='ocr_carea' id='block_1_3' title="bbox 3346 228 3542 295">
    <p class='ocr_par' dir='ltr' id='par_1_3' title="bbox 3346 228 3542 295">
     <span class='ocr_line' id='line_1_3' title="bbox 3346 228 3542 295; baseline -0.026 -9"><span class='ocrx_word' id='word_1_5' title='bbox 3346 254 3390 295; x_wconf 64' lang='grc' dir='ltr'><strong><em>ς,</em></strong></span> <span class='ocrx_word' id='word_1_6' title='bbox 3436 228 3542 288; x_wconf 65' lang='grc' dir='ltr'><strong>ἷὲἓ</strong></span> 
     </span>
    </p>
   </div>
   <div class='ocr_carea' id='block_1_4' title="bbox 288 346 3541 439">
    <p class='ocr_par' dir='ltr' id='par_1_4' title="bbox 288 346 3541 439">
     <span class='ocr_line' id='line_1_4' title="bbox 288 346 3541 439; baseline -0.006 -13"><span class='ocrx_word' id='word_1_7' title='bbox 288 391 337 436; x_wconf 71' lang='grc' dir='ltr'>οι</span> <span class='ocrx_word' id='word_1_8' title='bbox 378 393 477 432; x_wconf 85' lang='lat' dir='ltr'><strong>non</strong></span> <span class='ocrx_word' id='word_1_9' title='bbox 523 372 837 437; x_wconf 75' lang='lat' dir='ltr'><strong>invenietis;</strong></span> <span class='ocrx_word' id='word_1_10' title='bbox 868 379 919 426; x_wconf 86' lang='lat' dir='ltr'><strong>et</strong></span> <span class='ocrx_word' id='word_1_11' title='bbox 951 369 1036 425; x_wconf 79' lang='lat' dir='ltr'><strong>tibi</strong></span> <span class='ocrx_word' id='word_1_12' title='bbox 1069 384 1187 423; x_wconf 87' lang='lat' dir='ltr'><strong>sum</strong></span> <span class='ocrx_word' id='word_1_13' title='bbox 1212 384 1336 439; x_wconf 84' lang='lat' dir='ltr'><strong>ego,</strong></span> <span class='ocrx_word' id='word_1_14' title='bbox 1373 383 1468 422; x_wconf 83' lang='lat' dir='ltr'><strong>vos</strong></span> <span class='ocrx_word' id='word_1_15' title='bbox 1498 381 1602 421; x_wconf 77' lang='lat' dir='ltr'><strong>non</strong></span> <span class='ocrx_word' id='word_1_16' title='bbox 1630 363 1853 435; x_wconf 84' lang='lat' dir='ltr'><strong>potestis</strong></span> <span class='ocrx_word' id='word_1_17' title='bbox 1883 359 1931 421; x_wconf 77' lang='grc' dir='ltr'><strong>Α</strong></span> <span class='ocrx_word' id='word_1_18' title='bbox 1957 355 2172 428; x_wconf 89' lang='lat' dir='ltr'><strong>spomlit</strong></span> <span class='ocrx_word' id='word_1_19' title='bbox 2200 354 2353 412; x_wconf 82' lang='lat' dir='ltr'><strong>Jesus</strong></span> <span class='ocrx_word' id='word_1_20' title='bbox 2375 395 2392 421; x_wconf 92' lang='lat'><strong>,</strong></span> <span class='ocrx_word' id='word_1_21' title='bbox 2438 362 2488 408; x_wconf 82' lang='lat' dir='ltr'><strong>et</strong></span> <span class='ocrx_word' id='word_1_22' title='bbox 2537 352 2671 409; x_wconf 74' lang='lat' dir='ltr'><strong>dixit</strong></span> <span class='ocrx_word' id='word_1_23' title='bbox 2718 353 2796 407; x_wconf 86' lang='lat' dir='ltr'><strong>eis</strong></span> <span class='ocrx_word' id='word_1_24' title='bbox 2827 369 2841 407; x_wconf 88' lang='lat'><strong>:</strong></span> <span class='ocrx_word' id='word_1_25' title='bbox 2876 346 2989 407; x_wconf 80' lang='lat' dir='ltr'><strong>Etsi</strong></span> <span class='ocrx_word' id='word_1_26' title='bbox 3043 366 3145 423; x_wconf 67' lang='lat' dir='ltr'><strong>ego</strong></span> <span class='ocrx_word' id='word_1_27' title='bbox 3176 351 3541 408; x_wconf 75' lang='lat' dir='ltr'><strong>testimou&#39;um</strong></span> 
     </span>
    </p>
   </div>
   <div class='ocr_carea' id='block_1_5' title="bbox 291 458 1853 529">
    <p class='ocr_par' dir='ltr' id='par_1_5' title="bbox 291 458 1853 529">
     <span class='ocr_line' id='line_1_5' title="bbox 291 458 1853 529; baseline -0.01 -3"><span class='ocrx_word' id='word_1_28' title='bbox 291 468 501 527; x_wconf 76' lang='lat' dir='ltr'><strong>venire?</strong></span> <span class='ocrx_word' id='word_1_29' title='bbox 545 468 597 519; x_wconf 94' lang='lat' dir='ltr'><strong>In</strong></span> <span class='ocrx_word' id='word_1_30' title='bbox 648 466 940 519; x_wconf 85' lang='lat' dir='ltr'><strong>novissimo</strong></span> <span class='ocrx_word' id='word_1_31' title='bbox 976 473 1153 516; x_wconf 84' lang='lat' dir='ltr'><strong>autem</strong></span> <span class='ocrx_word' id='word_1_32' title='bbox 1192 462 1279 516; x_wconf 87' lang='lat' dir='ltr'><strong>die</strong></span> <span class='ocrx_word' id='word_1_33' title='bbox 1308 476 1498 529; x_wconf 83' lang='lat' dir='ltr'><strong>magno</strong></span> <span class='ocrx_word' id='word_1_34' title='bbox 1528 458 1853 522; x_wconf 81' lang='lat' dir='ltr'><strong>festivitatis,</strong></span> 
     </span>
    </p>
   </div>
   <div class='ocr_carea' id='block_1_6' title="bbox 289 550 1857 621">
    <p class='ocr_par' dir='ltr' id='par_1_6' title="bbox 289 550 1857 621">
     <span class='ocr_line' id='line_1_6' title="bbox 289 550 1857 621; baseline -0.009 -4"><span class='ocrx_word' id='word_1_35' title='bbox 289 563 452 618; x_wconf 83' lang='lat' dir='ltr'><strong>stabat</strong></span> <span class='ocrx_word' id='word_1_36' title='bbox 474 560 652 621; x_wconf 82' lang='lat' dir='ltr'><strong>Jesus,</strong></span> <span class='ocrx_word' id='word_1_37' title='bbox 679 568 731 613; x_wconf 88' lang='lat' dir='ltr'><strong>et</strong></span> <span class='ocrx_word' id='word_1_38' title='bbox 755 557 1021 610; x_wconf 86' lang='lat' dir='ltr'><strong>clamabat</strong></span> <span class='ocrx_word' id='word_1_39' title='bbox 1045 556 1232 609; x_wconf 85' lang='lat' dir='ltr'><strong>dicens</strong></span> <span class='ocrx_word' id='word_1_40' title='bbox 1260 574 1273 609; x_wconf 89' lang='lat'><strong>:</strong></span> <span class='ocrx_word' id='word_1_41' title='bbox 1305 553 1362 607; x_wconf 87' lang='lat' dir='ltr'><strong>Si</strong></span> <span class='ocrx_word' id='word_1_42' title='bbox 1384 555 1503 621; x_wconf 85' lang='lat' dir='ltr'><strong>quis</strong></span> <span class='ocrx_word' id='word_1_43' title='bbox 1523 553 1655 613; x_wconf 84' lang='lat' dir='ltr'><strong>sitit,</strong></span> <span class='ocrx_word' id='word_1_44' title='bbox 1682 550 1857 604; x_wconf 79' lang='lat' dir='ltr'><strong>veniat</strong></span> 
     </span>
    </p>
   </div>
   <div class='ocr_carea' id='block_1_7' title="bbox 289 639 1857 714">
    <p class='ocr_par' dir='ltr' id='par_1_7' title="bbox 289 639 1857 714">
     <span class='ocr_line' id='line_1_7' title="bbox 289 639 1857 714; baseline -0.008 -10"><span class='ocrx_word' id='word_1_45' title='bbox 289 655 345 704; x_wconf 79' lang='lat' dir='ltr'><strong>ad</strong></span> <span class='ocrx_word' id='word_1_46' title='bbox 384 666 489 714; x_wconf 79' lang='lat' dir='ltr'><strong>me,</strong></span> <span class='ocrx_word' id='word_1_47' title='bbox 540 661 593 704; x_wconf 89' lang='lat' dir='ltr'><strong>et</strong></span> <span class='ocrx_word' id='word_1_48' title='bbox 632 650 792 703; x_wconf 70' lang='lat' dir='ltr'><strong>bibat.</strong></span> <span class='ocrx_word' id='word_1_49' title='bbox 823 648 922 711; x_wconf 90' lang='lat' dir='ltr'><strong>Qui</strong></span> <span class='ocrx_word' id='word_1_50' title='bbox 965 645 1133 700; x_wconf 81' lang='lat' dir='ltr'><strong>credit</strong></span> <span class='ocrx_word' id='word_1_51' title='bbox 1176 645 1226 697; x_wconf 92' lang='lat' dir='ltr'><strong>in</strong></span> <span class='ocrx_word' id='word_1_52' title='bbox 1257 660 1364 707; x_wconf 85' lang='lat' dir='ltr'><strong>me,</strong></span> <span class='ocrx_word' id='word_1_53' title='bbox 1394 644 1529 697; x_wconf 84' lang='lat' dir='ltr'><strong>sicut</strong></span> <span class='ocrx_word' id='word_1_54' title='bbox 1555 643 1685 696; x_wconf 75' lang='lat' dir='ltr'><strong>dicit</strong></span> <span class='ocrx_word' id='word_1_55' title='bbox 1712 639 1857 695; x_wconf 77' lang='lat' dir='ltr'><strong>Scri-</strong></span> 
     </span>
    </p>
   </div>
   <div class='ocr_carea' id='block_1_8' title="bbox 291 731 1860 815">
    <p class='ocr_par' dir='ltr' id='par_1_8' title="bbox 291 731 1860 815">
     <span class='ocr_line' id='line_1_8' title="bbox 291 731 1860 815; baseline -0.006 -22"><span class='ocrx_word' id='word_1_56' title='bbox 291 754 426 815; x_wconf 65' lang='lat' dir='ltr'><strong>plut:</strong></span> <span class='ocrx_word' id='word_1_57' title='bbox 460 739 633 809; x_wconf 68' lang='lat' dir='ltr'><strong>(thl.</strong></span> <span class='ocrx_word' id='word_1_58' title='bbox 668 756 721 793; x_wconf 87' lang='grc' dir='ltr'>ιι.</span> <span class='ocrx_word' id='word_1_59' title='bbox 756 741 823 790; x_wconf 60' lang='lat'><strong>23</strong></span> <span class='ocrx_word' id='word_1_60' title='bbox 850 739 894 806; x_wconf 91' lang='lat'><strong>),</strong></span> <span class='ocrx_word' id='word_1_61' title='bbox 928 737 1141 789; x_wconf 83' lang='lat' dir='ltr'><strong>numina</strong></span> <span class='ocrx_word' id='word_1_62' title='bbox 1187 734 1256 789; x_wconf 91' lang='lat' dir='ltr'><strong>de</strong></span> <span class='ocrx_word' id='word_1_63' title='bbox 1301 742 1489 787; x_wconf 90' lang='lat' dir='ltr'><strong>ventre</strong></span> <span class='ocrx_word' id='word_1_64' title='bbox 1535 732 1650 801; x_wconf 81' lang='lat' dir='ltr'><strong>ejus</strong></span> <span class='ocrx_word' id='word_1_65' title='bbox 1694 731 1860 784; x_wconf 79' lang='lat' dir='ltr'><strong>ﬂuent</strong></span> 
     </span>
    </p>
   </div>
   <div class='ocr_carea' id='block_1_9' title="bbox 293 824 1851 902">
    <p class='ocr_par' dir='ltr' id='par_1_9' title="bbox 293 824 1851 902">
     <span class='ocr_line' id='line_1_9' title="bbox 293 824 1851 902; baseline -0.008 -16"><span class='ocrx_word' id='word_1_66' title='bbox 293 847 425 902; x_wconf 58' lang='lat' dir='ltr'><strong>aqua!</strong></span> <span class='ocrx_word' id='word_1_67' title='bbox 475 834 627 883; x_wconf 65' lang='lat' dir='ltr'><strong>vivae.</strong></span> <span class='ocrx_word' id='word_1_68' title='bbox 674 829 783 883; x_wconf 88' lang='lat' dir='ltr'><strong>lloe</strong></span> <span class='ocrx_word' id='word_1_69' title='bbox 808 835 986 880; x_wconf 86' lang='lat' dir='ltr'><strong>autem</strong></span> <span class='ocrx_word' id='word_1_70' title='bbox 1017 825 1149 879; x_wconf 78' lang='lat' dir='ltr'><strong>dixit</strong></span> <span class='ocrx_word' id='word_1_71' title='bbox 1178 825 1245 880; x_wconf 90' lang='lat' dir='ltr'><strong>de</strong></span> <span class='ocrx_word' id='word_1_72' title='bbox 1273 824 1482 892; x_wconf 84' lang='lat' dir='ltr'><strong>spiritu,</strong></span> <span class='ocrx_word' id='word_1_73' title='bbox 1513 837 1670 890; x_wconf 89' lang='lat' dir='ltr'><strong>quem</strong></span> <span class='ocrx_word' id='word_1_74' title='bbox 1700 833 1851 873; x_wconf 80' lang='lat' dir='ltr'><strong>arce-</strong></span> 
     </span>
    </p>
   </div>
   <div class='ocr_carea' id='block_1_10' title="bbox 292 915 1876 994">
    <p class='ocr_par' dir='ltr' id='par_1_10' title="bbox 292 915 1876 994">
     <span class='ocr_line' id='line_1_10' title="bbox 292 915 1876 994; baseline -0.009 -17"><span class='ocrx_word' id='word_1_75' title='bbox 292 924 410 994; x_wconf 80' lang='lat' dir='ltr'><strong>pturi</strong></span> <span class='ocrx_word' id='word_1_76' title='bbox 458 931 612 976; x_wconf 78' lang='lat' dir='ltr'><strong>erant</strong></span> <span class='ocrx_word' id='word_1_77' title='bbox 656 920 941 974; x_wconf 77' lang='lat' dir='ltr'><strong>credentes</strong></span> <span class='ocrx_word' id='word_1_78' title='bbox 972 918 1024 971; x_wconf 92' lang='lat' dir='ltr'><strong>in</strong></span> <span class='ocrx_word' id='word_1_79' title='bbox 1069 932 1214 971; x_wconf 90' lang='lat' dir='ltr'><strong>eum.</strong></span> <span class='ocrx_word' id='word_1_80' title='bbox 1263 916 1507 969; x_wconf 77' lang='lat' dir='ltr'><strong>Nondum</strong></span> <span class='ocrx_word' id='word_1_81' title='bbox 1553 915 1694 968; x_wconf 89' lang='lat' dir='ltr'><strong>enim</strong></span> <span class='ocrx_word' id='word_1_82' title='bbox 1741 920 1876 977; x_wconf 54' lang='lat' dir='ltr'><strong>era;</strong></span> 
     </span>
    </p>
   </div>
   <div class='ocr_carea' id='block_1_11' title="bbox 290 1004 1857 1081">
    <p class='ocr_par' dir='ltr' id='par_1_11' title="bbox 290 1004 1857 1081">
     <span class='ocr_line' id='line_1_11' title="bbox 290 1004 1857 1081; baseline -0.008 -12"><span class='ocrx_word' id='word_1_83' title='bbox 290 1016 507 1081; x_wconf 74' lang='lat' dir='ltr'><strong>Spiritus</strong></span> <span class='ocrx_word' id='word_1_84' title='bbox 545 1013 729 1071; x_wconf 69' lang='lat' dir='ltr'><strong>dazus,</strong></span> <span class='ocrx_word' id='word_1_85' title='bbox 762 1009 885 1079; x_wconf 85' lang='lat' dir='ltr'><strong>quia</strong></span> <span class='ocrx_word' id='word_1_86' title='bbox 916 1008 1069 1063; x_wconf 82' lang='lat' dir='ltr'><strong>Jesus</strong></span> <span class='ocrx_word' id='word_1_87' title='bbox 1107 1007 1339 1062; x_wconf 89' lang='lat' dir='ltr'><strong>nondum</strong></span> <span class='ocrx_word' id='word_1_88' title='bbox 1370 1014 1488 1061; x_wconf 87' lang='lat' dir='ltr'><strong>erat</strong></span> <span class='ocrx_word' id='word_1_89' title='bbox 1514 1004 1857 1073; x_wconf 77' lang='lat' dir='ltr'><strong>gloriﬁcatus.</strong></span> 
     </span>
    </p>
   </div>
   <div class='ocr_carea' id='block_1_12' title="bbox 293 1096 1858 1173">
    <p class='ocr_par' dir='ltr' id='par_1_12' title="bbox 293 1096 1858 1173">
     <span class='ocr_line' id='line_1_12' title="bbox 293 1096 1858 1173; baseline -0.009 -11"><span class='ocrx_word' id='word_1_90' title='bbox 293 1108 355 1162; x_wconf 73' lang='lat' dir='ltr'><strong>Es</strong></span> <span class='ocrx_word' id='word_1_91' title='bbox 382 1109 470 1161; x_wconf 84' lang='lat' dir='ltr'><strong>illa</strong></span> <span class='ocrx_word' id='word_1_92' title='bbox 496 1120 623 1173; x_wconf 77' lang='lat' dir='ltr'><strong>ergo</strong></span> <span class='ocrx_word' id='word_1_93' title='bbox 654 1105 825 1161; x_wconf 84' lang='lat' dir='ltr'><strong>turba.</strong></span> <span class='ocrx_word' id='word_1_94' title='bbox 852 1118 970 1155; x_wconf 89' lang='lat' dir='ltr'><strong>cum</strong></span> <span class='ocrx_word' id='word_1_95' title='bbox 998 1101 1273 1154; x_wconf 47' lang='lat' dir='ltr'><strong>audissent</strong></span> <span class='ocrx_word' id='word_1_96' title='bbox 1300 1099 1397 1152; x_wconf 88' lang='lat' dir='ltr'><strong>hos</strong></span> <span class='ocrx_word' id='word_1_97' title='bbox 1418 1111 1696 1151; x_wconf 81' lang='lat' dir='ltr'><strong>sermones</strong></span> <span class='ocrx_word' id='word_1_98' title='bbox 1722 1117 1732 1143; x_wconf 73' lang='grc' dir='ltr'><strong>ι</strong></span> <span class='ocrx_word' id='word_1_99' title='bbox 1748 1096 1858 1163; x_wconf 85' lang='lat' dir='ltr'><strong>jus,</strong></span> 
     </span>
    </p>
   </div>
   <div class='ocr_carea' id='block_1_13' title="bbox 288 1186 1859 1262">
    <p class='ocr_par' dir='ltr' id='par_1_13' title="bbox 288 1186 1859 1262">
     <span class='ocr_line' id='line_1_13' title="bbox 288 1186 1859 1262; baseline -0.008 -10"><span class='ocrx_word' id='word_1_100' title='bbox 288 1198 526 1252; x_wconf 59' lang='lat' dir='ltr'><strong>dielyant</strong></span> <span class='ocrx_word' id='word_1_101' title='bbox 558 1215 570 1247; x_wconf 88' lang='lat'>:</span> <span class='ocrx_word' id='word_1_102' title='bbox 605 1195 700 1249; x_wconf 81' lang='lat' dir='ltr'><strong>H-c</strong></span> <span class='ocrx_word' id='word_1_103' title='bbox 724 1195 827 1262; x_wconf 84' lang='lat' dir='ltr'><strong>(est</strong></span> <span class='ocrx_word' id='word_1_104' title='bbox 850 1207 974 1246; x_wconf 79' lang='lat' dir='ltr'><strong>vere</strong></span> <span class='ocrx_word' id='word_1_105' title='bbox 1002 1192 1282 1260; x_wconf 82' lang='lat' dir='ltr'><strong>propheta.</strong></span> <span class='ocrx_word' id='word_1_106' title='bbox 1319 1190 1419 1244; x_wconf 70' lang='lat' dir='ltr'><strong>Alii</strong></span> <span class='ocrx_word' id='word_1_107' title='bbox 1443 1190 1691 1243; x_wconf 83' lang='lat' dir='ltr'><strong>dicebant</strong></span> <span class='ocrx_word' id='word_1_108' title='bbox 1719 1205 1731 1239; x_wconf 92' lang='lat'><strong>:</strong></span> <span class='ocrx_word' id='word_1_109' title='bbox 1769 1186 1859 1240; x_wconf 88' lang='lat' dir='ltr'><strong>llic</strong></span> 
     </span>
    </p>
   </div>
   <div class='ocr_carea' id='block_1_14' title="bbox 289 1278 1861 1355">
    <p class='ocr_par' dir='ltr' id='par_1_14' title="bbox 289 1278 1861 1355">
     <span class='ocr_line' id='line_1_14' title="bbox 289 1278 1861 1355; baseline -0.009 -12"><span class='ocrx_word' id='word_1_110' title='bbox 289 1296 379 1355; x_wconf 61' lang='lat' dir='ltr'><strong>est)</strong></span> <span class='ocrx_word' id='word_1_111' title='bbox 417 1287 690 1341; x_wconf 74' lang='lat' dir='ltr'><strong>Cluisus.</strong></span> <span class='ocrx_word' id='word_1_112' title='bbox 733 1286 956 1351; x_wconf 80' lang='lat' dir='ltr'><strong>Quidam</strong></span> <span class='ocrx_word' id='word_1_113' title='bbox 990 1295 1164 1336; x_wconf 71' lang='lat' dir='ltr'><strong>autem</strong></span> <span class='ocrx_word' id='word_1_114' title='bbox 1210 1281 1458 1335; x_wconf 80' lang='lat' dir='ltr'><strong>dicebant</strong></span> <span class='ocrx_word' id='word_1_115' title='bbox 1505 1298 1518 1333; x_wconf 87' lang='lat'><strong>:</strong></span> <span class='ocrx_word' id='word_1_116' title='bbox 1558 1278 1799 1347; x_wconf 82' lang='lat' dir='ltr'><strong>Nunquid</strong></span> <span class='ocrx_word' id='word_1_117' title='bbox 1831 1294 1861 1329; x_wconf 91' lang='lat' dir='ltr'><strong>a</strong></span> 
     </span>
    </p>
   </div>
   <div class='ocr_carea' id='block_1_15' title="bbox 290 1370 1860 1439">
    <p class='ocr_par' dir='ltr' id='par_1_15' title="bbox 290 1370 1860 1439">
     <span class='ocr_line' id='line_1_15' title="bbox 290 1370 1860 1439; baseline -0.008 -5"><span class='ocrx_word' id='word_1_118' title='bbox 290 1376 493 1434; x_wconf 65' lang='lat' dir='ltr'><strong>Calliam</strong></span> <span class='ocrx_word' id='word_1_119' title='bbox 525 1377 617 1429; x_wconf 67' lang='lat' dir='ltr'><strong>tib.</strong></span> <span class='ocrx_word' id='word_1_120' title='bbox 639 1376 770 1427; x_wconf 64' lang='lat' dir='ltr'><strong>i~tus</strong></span> <span class='ocrx_word' id='word_1_121' title='bbox 801 1374 977 1426; x_wconf 80' lang='lat' dir='ltr'><strong>venit?</strong></span> <span class='ocrx_word' id='word_1_122' title='bbox 1016 1373 1202 1427; x_wconf 88' lang='lat' dir='ltr'><strong>Nonne</strong></span> <span class='ocrx_word' id='word_1_123' title='bbox 1242 1372 1516 1439; x_wconf 82' lang='lat' dir='ltr'><strong>Scriptura</strong></span> <span class='ocrx_word' id='word_1_124' title='bbox 1559 1370 1706 1434; x_wconf 85' lang='lat' dir='ltr'><strong>dicit,</strong></span> <span class='ocrx_word' id='word_1_125' title='bbox 1739 1371 1860 1436; x_wconf 87' lang='lat' dir='ltr'><strong>quia</strong></span> 
     </span>
    </p>
   </div>
   <div class='ocr_carea' id='block_1_16' title="bbox 288 1464 1862 1531">
    <p class='ocr_par' dir='ltr' id='par_1_16' title="bbox 288 1464 1862 1531">
     <span class='ocr_line' id='line_1_16' title="bbox 288 1464 1862 1531; baseline -0.006 -7"><span class='ocrx_word' id='word_1_126' title='bbox 288 1486 344 1524; x_wconf 73' lang='lat' dir='ltr'><strong>es</strong></span> <span class='ocrx_word' id='word_1_127' title='bbox 374 1470 580 1523; x_wconf 73' lang='lat' dir='ltr'><strong>semine</strong></span> <span class='ocrx_word' id='word_1_128' title='bbox 611 1466 810 1531; x_wconf 61' lang='lat' dir='ltr'><strong>David,</strong></span> <span class='ocrx_word' id='word_1_129' title='bbox 842 1476 895 1519; x_wconf 90' lang='lat' dir='ltr'><strong>et</strong></span> <span class='ocrx_word' id='word_1_130' title='bbox 940 1466 1007 1520; x_wconf 88' lang='lat' dir='ltr'><strong>de</strong></span> <span class='ocrx_word' id='word_1_131' title='bbox 1054 1465 1326 1519; x_wconf 77' lang='lat' dir='ltr'><strong>Bethleem</strong></span> <span class='ocrx_word' id='word_1_132' title='bbox 1375 1465 1593 1517; x_wconf 74' lang='lat' dir='ltr'><strong>rastello</strong></span> <span class='ocrx_word' id='word_1_133' title='bbox 1625 1464 1709 1516; x_wconf 79' lang='lat' dir='ltr'><strong>ub.</strong></span> <span class='ocrx_word' id='word_1_134' title='bbox 1746 1470 1862 1516; x_wconf 64' lang='lat' dir='ltr'><strong>etat</strong></span> 
     </span>
    </p>
   </div>
   <div class='ocr_carea' id='block_1_17' title="bbox 290 1556 1862 1624">
    <p class='ocr_par' dir='ltr' id='par_1_17' title="bbox 290 1556 1862 1624">
     <span class='ocr_line' id='line_1_17' title="bbox 290 1556 1862 1624; baseline -0.003 -9"><span class='ocrx_word' id='word_1_135' title='bbox 290 1561 440 1616; x_wconf 80' lang='lat' dir='ltr'><strong>David</strong></span> <span class='ocrx_word' id='word_1_136' title='bbox 460 1603 474 1623; x_wconf 89' lang='lat'><strong>,</strong></span> <span class='ocrx_word' id='word_1_137' title='bbox 505 1570 649 1612; x_wconf 70' lang='grc' dir='ltr'>νιιιιιι</span> <span class='ocrx_word' id='word_1_138' title='bbox 680 1559 924 1612; x_wconf 74' lang='lat' dir='ltr'><strong>Christus</strong></span> <span class='ocrx_word' id='word_1_139' title='bbox 959 1558 1144 1624; x_wconf 72' lang='grc' dir='ltr'><strong>(ΜεεΙι.</strong></span> <span class='ocrx_word' id='word_1_140' title='bbox 1179 1574 1229 1622; x_wconf 88' lang='lat' dir='ltr'><strong>v,</strong></span> <span class='ocrx_word' id='word_1_141' title='bbox 1257 1558 1354 1623; x_wconf 66' lang='lat'><strong>2)?</strong></span> <span class='ocrx_word' id='word_1_142' title='bbox 1388 1558 1661 1611; x_wconf 86' lang='lat' dir='ltr'><strong>Dissensio</strong></span> <span class='ocrx_word' id='word_1_143' title='bbox 1686 1556 1862 1623; x_wconf 73' lang='lat' dir='ltr'><strong>itaque</strong></span> 
     </span>
    </p>
   </div>
   <div class='ocr_carea' id='block_1_18' title="bbox 291 1649 1857 1719">
    <p class='ocr_par' dir='ltr' id='par_1_18' title="bbox 291 1649 1857 1719">
     <span class='ocr_line' id='line_1_18' title="bbox 291 1649 1857 1719; baseline -0.003 -14"><span class='ocrx_word' id='word_1_144' title='bbox 291 1653 411 1706; x_wconf 80' lang='lat' dir='ltr'><strong>iacta</strong></span> <span class='ocrx_word' id='word_1_145' title='bbox 445 1663 527 1707; x_wconf 88' lang='lat' dir='ltr'><strong>est</strong></span> <span class='ocrx_word' id='word_1_146' title='bbox 559 1652 611 1705; x_wconf 87' lang='lat' dir='ltr'><strong>iu</strong></span> <span class='ocrx_word' id='word_1_147' title='bbox 644 1652 799 1705; x_wconf 88' lang='lat' dir='ltr'><strong>turba</strong></span> <span class='ocrx_word' id='word_1_148' title='bbox 845 1660 1060 1719; x_wconf 81' lang='lat' dir='ltr'><strong>propter</strong></span> <span class='ocrx_word' id='word_1_149' title='bbox 1110 1664 1252 1704; x_wconf 88' lang='lat' dir='ltr'><strong>eum.</strong></span> <span class='ocrx_word' id='word_1_150' title='bbox 1285 1649 1531 1719; x_wconf 78' lang='lat' dir='ltr'><strong>(Quidam</strong></span> <span class='ocrx_word' id='word_1_151' title='bbox 1581 1659 1753 1701; x_wconf 66' lang='lat' dir='ltr'><strong>autem</strong></span> <span class='ocrx_word' id='word_1_152' title='bbox 1794 1664 1857 1701; x_wconf 79' lang='lat' dir='ltr'><strong>ex</strong></span> 
     </span>
    </p>
   </div>
   <div class='ocr_carea' id='block_1_19' title="bbox 292 1740 1359 1810">
    <p class='ocr_par' dir='ltr' id='par_1_19' title="bbox 292 1740 1359 1810">
     <span class='ocr_line' id='line_1_19' title="bbox 292 1740 1359 1810; baseline -0.001 -14"><span class='ocrx_word' id='word_1_153' title='bbox 292 1743 406 1810; x_wconf 82' lang='lat' dir='ltr'><strong>ipsis</strong></span> <span class='ocrx_word' id='word_1_154' title='bbox 452 1741 700 1794; x_wconf 86' lang='lat' dir='ltr'><strong>volebant</strong></span> <span class='ocrx_word' id='word_1_155' title='bbox 739 1740 1139 1809; x_wconf 61' lang='lat' dir='ltr'><strong>apprehendere</strong></span> <span class='ocrx_word' id='word_1_156' title='bbox 1179 1756 1299 1795; x_wconf 88' lang='lat' dir='ltr'><strong>eum</strong></span> <span class='ocrx_word' id='word_1_157' title='bbox 1344 1755 1359 1795; x_wconf 89' lang='lat'><strong>:</strong></span> 
     </span>
    </p>
   </div>
   <div class='ocr_carea' id='block_1_20' title="bbox 291 1830 1863 1901">
    <p class='ocr_par' dir='ltr' id='par_1_20' title="bbox 291 1830 1863 1901">
     <span class='ocr_line' id='line_1_20' title="bbox 291 1830 1863 1901; baseline -0.003 -13"><span class='ocrx_word' id='word_1_158' title='bbox 291 1848 445 1897; x_wconf 82' lang='lat' dir='ltr'><strong>super</strong></span> <span class='ocrx_word' id='word_1_159' title='bbox 483 1849 607 1888; x_wconf 87' lang='lat' dir='ltr'><strong>eum</strong></span> <span class='ocrx_word' id='word_1_160' title='bbox 641 1831 876 1901; x_wconf 90' lang='lat' dir='ltr'><strong>manus.)</strong></span> <span class='ocrx_word' id='word_1_161' title='bbox 911 1830 1183 1886; x_wconf 80' lang='lat' dir='ltr'><strong>Venerunt</strong></span> <span class='ocrx_word' id='word_1_162' title='bbox 1218 1846 1347 1900; x_wconf 81' lang='lat' dir='ltr'><strong>ergo</strong></span> <span class='ocrx_word' id='word_1_163' title='bbox 1375 1831 1602 1885; x_wconf 85' lang='lat' dir='ltr'><strong>ministri</strong></span> <span class='ocrx_word' id='word_1_164' title='bbox 1635 1832 1700 1884; x_wconf 83' lang='lat' dir='ltr'><strong>ad</strong></span> <span class='ocrx_word' id='word_1_165' title='bbox 1730 1844 1863 1899; x_wconf 89' lang='lat' dir='ltr'><strong>pon-</strong></span> 
     </span>
    </p>
   </div>
   <div class='ocr_carea' id='block_1_21' title="bbox 294 1922 1862 1989">
    <p class='ocr_par' dir='ltr' id='par_1_21' title="bbox 294 1922 1862 1989">
     <span class='ocr_line' id='line_1_21' title="bbox 294 1922 1862 1989; baseline -0.002 -10"><span class='ocrx_word' id='word_1_166' title='bbox 294 1926 449 1981; x_wconf 77' lang='lat' dir='ltr'><strong>tiﬁces</strong></span> <span class='ocrx_word' id='word_1_167' title='bbox 478 1936 533 1979; x_wconf 88' lang='lat' dir='ltr'><strong>et</strong></span> <span class='ocrx_word' id='word_1_168' title='bbox 562 1923 861 1978; x_wconf 69' lang='lat' dir='ltr'><strong>Phariszcos</strong></span> <span class='ocrx_word' id='word_1_169' title='bbox 882 1960 899 1988; x_wconf 77' lang='lat'><strong>.,</strong></span> <span class='ocrx_word' id='word_1_170' title='bbox 927 1933 978 1978; x_wconf 90' lang='lat' dir='ltr'><strong>et</strong></span> <span class='ocrx_word' id='word_1_171' title='bbox 1009 1923 1255 1977; x_wconf 82' lang='lat' dir='ltr'><strong>dixerunt</strong></span> <span class='ocrx_word' id='word_1_172' title='bbox 1284 1924 1362 1977; x_wconf 89' lang='lat' dir='ltr'><strong>eis</strong></span> <span class='ocrx_word' id='word_1_173' title='bbox 1392 1922 1470 1977; x_wconf 91' lang='lat' dir='ltr'><strong>illi</strong></span> <span class='ocrx_word' id='word_1_174' title='bbox 1502 1942 1515 1976; x_wconf 91' lang='lat'><strong>:</strong></span> <span class='ocrx_word' id='word_1_175' title='bbox 1550 1923 1724 1989; x_wconf 83' lang='lat' dir='ltr'><strong>Quare</strong></span> <span class='ocrx_word' id='word_1_176' title='bbox 1756 1936 1862 1976; x_wconf 91' lang='lat' dir='ltr'><strong>non</strong></span> 
     </span>
    </p>
   </div>
   <div class='ocr_carea' id='block_1_22' title="bbox 293 2013 1861 2083">
    <p class='ocr_par' dir='ltr' id='par_1_22' title="bbox 293 2013 1861 2083">
     <span class='ocr_line' id='line_1_22' title="bbox 293 2013 1861 2083; baseline -0.004 -12"><span class='ocrx_word' id='word_1_177' title='bbox 293 2017 580 2071; x_wconf 74' lang='lat' dir='ltr'><strong>adduxistis</strong></span> <span class='ocrx_word' id='word_1_178' title='bbox 610 2015 793 2069; x_wconf 82' lang='lat' dir='ltr'><strong>illum?</strong></span> <span class='ocrx_word' id='word_1_179' title='bbox 825 2015 1236 2083; x_wconf 73' lang='lat' dir='ltr'><strong>Responderunt</strong></span> <span class='ocrx_word' id='word_1_180' title='bbox 1265 2013 1491 2069; x_wconf 73' lang='lat' dir='ltr'><strong>ministri</strong></span> <span class='ocrx_word' id='word_1_181' title='bbox 1524 2031 1539 2067; x_wconf 91' lang='lat'><strong>:</strong></span> <span class='ocrx_word' id='word_1_182' title='bbox 1584 2013 1861 2081; x_wconf 76' lang='lat' dir='ltr'><strong>Nunquam</strong></span> 
     </span>
    </p>
   </div>
   <div class='ocr_carea' id='block_1_23' title="bbox 292 2105 1866 2174">
    <p class='ocr_par' dir='ltr' id='par_1_23' title="bbox 292 2105 1866 2174">
     <span class='ocr_line' id='line_1_23' title="bbox 292 2105 1866 2174; baseline -0.003 -10"><span class='ocrx_word' id='word_1_183' title='bbox 292 2111 360 2164; x_wconf 84' lang='lat' dir='ltr'><strong>sic</strong></span> <span class='ocrx_word' id='word_1_184' title='bbox 396 2111 605 2163; x_wconf 86' lang='lat' dir='ltr'><strong>locutus</strong></span> <span class='ocrx_word' id='word_1_185' title='bbox 633 2117 717 2162; x_wconf 86' lang='lat' dir='ltr'><strong>est</strong></span> <span class='ocrx_word' id='word_1_186' title='bbox 745 2108 925 2170; x_wconf 88' lang='lat' dir='ltr'><strong>homo.</strong></span> <span class='ocrx_word' id='word_1_187' title='bbox 954 2109 1095 2161; x_wconf 87' lang='lat' dir='ltr'><strong>sicut</strong></span> <span class='ocrx_word' id='word_1_188' title='bbox 1123 2107 1208 2161; x_wconf 87' lang='lat' dir='ltr'><strong>hic</strong></span> <span class='ocrx_word' id='word_1_189' title='bbox 1239 2109 1422 2162; x_wconf 91' lang='lat' dir='ltr'><strong>homo.</strong></span> <span class='ocrx_word' id='word_1_190' title='bbox 1458 2105 1866 2174; x_wconf 68' lang='lat' dir='ltr'><strong>Responderunt</strong></span> 
     </span>
    </p>
   </div>
   <div class='ocr_carea' id='block_1_24' title="bbox 293 2197 1865 2269">
    <p class='ocr_par' dir='ltr' id='par_1_24' title="bbox 293 2197 1865 2269">
     <span class='ocr_line' id='line_1_24' title="bbox 293 2197 1865 2269; baseline -0.003 -16"><span class='ocrx_word' id='word_1_191' title='bbox 293 2213 411 2269; x_wconf 83' lang='lat' dir='ltr'><strong>ergo</strong></span> <span class='ocrx_word' id='word_1_192' title='bbox 451 2199 531 2253; x_wconf 89' lang='lat' dir='ltr'><strong>eis</strong></span> <span class='ocrx_word' id='word_1_193' title='bbox 580 2197 834 2252; x_wconf 67' lang='lat' dir='ltr'><strong>Pharisaei</strong></span> <span class='ocrx_word' id='word_1_194' title='bbox 884 2215 899 2251; x_wconf 86' lang='lat'><strong>:</strong></span> <span class='ocrx_word' id='word_1_195' title='bbox 950 2197 1194 2266; x_wconf 84' lang='lat' dir='ltr'><strong>Nunquid</strong></span> <span class='ocrx_word' id='word_1_196' title='bbox 1242 2207 1295 2252; x_wconf 90' lang='lat' dir='ltr'><strong>et</strong></span> <span class='ocrx_word' id='word_1_197' title='bbox 1342 2213 1435 2252; x_wconf 85' lang='lat' dir='ltr'><strong>vos</strong></span> <span class='ocrx_word' id='word_1_198' title='bbox 1464 2197 1865 2252; x_wconf 74' lang='lat' dir='ltr'><strong>seducdestis?</strong></span> 
     </span>
    </p>
   </div>
   <div class='ocr_carea' id='block_1_25' title="bbox 294 2287 1865 2357">
    <p class='ocr_par' dir='ltr' id='par_1_25' title="bbox 294 2287 1865 2357">
     <span class='ocr_line' id='line_1_25' title="bbox 294 2287 1865 2357; baseline -0.001 -15"><span class='ocrx_word' id='word_1_199' title='bbox 294 2288 526 2356; x_wconf 77' lang='lat' dir='ltr'><strong>Nunquid</strong></span> <span class='ocrx_word' id='word_1_200' title='bbox 556 2288 749 2353; x_wconf 76' lang='lat' dir='ltr'><strong>aliquis</strong></span> <span class='ocrx_word' id='word_1_201' title='bbox 776 2303 841 2342; x_wconf 76' lang='lat' dir='ltr'><strong>ex</strong></span> <span class='ocrx_word' id='word_1_202' title='bbox 872 2288 1202 2357; x_wconf 85' lang='lat' dir='ltr'><strong>principibus</strong></span> <span class='ocrx_word' id='word_1_203' title='bbox 1228 2287 1457 2342; x_wconf 84' lang='lat' dir='ltr'><strong>credidit</strong></span> <span class='ocrx_word' id='word_1_204' title='bbox 1503 2288 1554 2341; x_wconf 90' lang='lat' dir='ltr'><strong>in</strong></span> <span class='ocrx_word' id='word_1_205' title='bbox 1597 2303 1742 2354; x_wconf 90' lang='lat' dir='ltr'><strong>eum,</strong></span> <span class='ocrx_word' id='word_1_206' title='bbox 1774 2297 1865 2341; x_wconf 87' lang='lat' dir='ltr'><strong>aut</strong></span> 
     </span>
    </p>
   </div>
   <div class='ocr_carea' id='block_1_26' title="bbox 293 2378 1862 2449">
    <p class='ocr_par' dir='ltr' id='par_1_26' title="bbox 293 2378 1862 2449">
     <span class='ocr_line' id='line_1_26' title="bbox 293 2378 1862 2449; baseline 0 -16"><span class='ocrx_word' id='word_1_207' title='bbox 293 2393 353 2433; x_wconf 76' lang='lat' dir='ltr'><strong>ex</strong></span> <span class='ocrx_word' id='word_1_208' title='bbox 387 2378 710 2433; x_wconf 67' lang='lat' dir='ltr'><strong>Pharisaeis?</strong></span> <span class='ocrx_word' id='word_1_209' title='bbox 739 2381 841 2433; x_wconf 87' lang='lat' dir='ltr'><strong>Sed</strong></span> <span class='ocrx_word' id='word_1_210' title='bbox 873 2378 1027 2433; x_wconf 89' lang='lat' dir='ltr'><strong>turba</strong></span> <span class='ocrx_word' id='word_1_211' title='bbox 1058 2379 1170 2433; x_wconf 67' lang='lat' dir='ltr'><strong>haec</strong></span> <span class='ocrx_word' id='word_1_212' title='bbox 1198 2393 1318 2448; x_wconf 73' lang='lat' dir='ltr'><strong>qua:</strong></span> <span class='ocrx_word' id='word_1_213' title='bbox 1346 2394 1451 2433; x_wconf 90' lang='lat' dir='ltr'><strong>non</strong></span> <span class='ocrx_word' id='word_1_214' title='bbox 1481 2380 1631 2435; x_wconf 82' lang='lat' dir='ltr'><strong>novit</strong></span> <span class='ocrx_word' id='word_1_215' title='bbox 1661 2380 1862 2449; x_wconf 84' lang='lat' dir='ltr'><strong>legem,</strong></span> 
     </span>
    </p>
   </div>
   <div class='ocr_carea' id='block_1_27' title="bbox 295 2469 1865 2539">
    <p class='ocr_par' dir='ltr' id='par_1_27' title="bbox 295 2469 1865 2539">
     <span class='ocr_line' id='line_1_27' title="bbox 295 2469 1865 2539; baseline 0.002 -18"><span class='ocrx_word' id='word_1_216' title='bbox 295 2469 549 2524; x_wconf 78' lang='lat' dir='ltr'><strong>maledicti</strong></span> <span class='ocrx_word' id='word_1_217' title='bbox 576 2481 723 2524; x_wconf 83' lang='lat' dir='ltr'><strong>Sum.</strong></span> <span class='ocrx_word' id='word_1_218' title='bbox 756 2471 891 2526; x_wconf 85' lang='lat' dir='ltr'><strong>Diett</strong></span> <span class='ocrx_word' id='word_1_219' title='bbox 914 2470 1232 2524; x_wconf 75' lang='lat' dir='ltr'><strong>Nicodemus</strong></span> <span class='ocrx_word' id='word_1_220' title='bbox 1258 2473 1322 2524; x_wconf 88' lang='lat' dir='ltr'><strong>ad</strong></span> <span class='ocrx_word' id='word_1_221' title='bbox 1347 2482 1460 2536; x_wconf 82' lang='lat' dir='ltr'><strong>eos,</strong></span> <span class='ocrx_word' id='word_1_222' title='bbox 1491 2472 1578 2525; x_wconf 87' lang='lat' dir='ltr'><strong>ille</strong></span> <span class='ocrx_word' id='word_1_223' title='bbox 1605 2472 1693 2539; x_wconf 87' lang='lat' dir='ltr'><strong>qui</strong></span> <span class='ocrx_word' id='word_1_224' title='bbox 1724 2472 1865 2525; x_wconf 82' lang='lat' dir='ltr'><strong>venit</strong></span> 
     </span>
    </p>
   </div>
   <div class='ocr_carea' id='block_1_28' title="bbox 293 2560 1862 2631">
    <p class='ocr_par' dir='ltr' id='par_1_28' title="bbox 293 2560 1862 2631">
     <span class='ocr_line' id='line_1_28' title="bbox 293 2560 1862 2631; baseline 0.003 -19"><span class='ocrx_word' id='word_1_225' title='bbox 293 2560 349 2612; x_wconf 84' lang='lat' dir='ltr'><strong>ad</strong></span> <span class='ocrx_word' id='word_1_226' title='bbox 392 2576 511 2615; x_wconf 87' lang='lat' dir='ltr'><strong>eum</strong></span> <span class='ocrx_word' id='word_1_227' title='bbox 561 2571 735 2623; x_wconf 81' lang='lat' dir='ltr'><strong>nocte,</strong></span> <span class='ocrx_word' id='word_1_228' title='bbox 765 2563 854 2630; x_wconf 86' lang='lat' dir='ltr'><strong>qui</strong></span> <span class='ocrx_word' id='word_1_229' title='bbox 886 2578 1022 2616; x_wconf 80' lang='lat' dir='ltr'><strong>unus</strong></span> <span class='ocrx_word' id='word_1_230' title='bbox 1061 2574 1173 2617; x_wconf 87' lang='lat' dir='ltr'><strong>erat</strong></span> <span class='ocrx_word' id='word_1_231' title='bbox 1202 2578 1264 2616; x_wconf 82' lang='lat' dir='ltr'><strong>ex</strong></span> <span class='ocrx_word' id='word_1_232' title='bbox 1298 2563 1423 2631; x_wconf 82' lang='lat' dir='ltr'><strong>ipsis</strong></span> <span class='ocrx_word' id='word_1_233' title='bbox 1456 2581 1470 2616; x_wconf 92' lang='lat'><strong>:</strong></span> <span class='ocrx_word' id='word_1_234' title='bbox 1505 2564 1747 2630; x_wconf 59' lang='lat' dir='ltr'><strong>Nunquid</strong></span> <span class='ocrx_word' id='word_1_235' title='bbox 1781 2567 1862 2618; x_wconf 83' lang='lat' dir='ltr'><strong>lex</strong></span> 
     </span>
    </p>
   </div>
   <div class='ocr_carea' id='block_1_29' title="bbox 296 2653 1862 2723">
    <p class='ocr_par' dir='ltr' id='par_1_29' title="bbox 296 2653 1862 2723">
     <span class='ocr_line' id='line_1_29' title="bbox 296 2653 1862 2723; baseline 0.002 -17"><span class='ocrx_word' id='word_1_236' title='bbox 296 2665 461 2706; x_wconf 78' lang='lat' dir='ltr'><strong>nostra</strong></span> <span class='ocrx_word' id='word_1_237' title='bbox 488 2653 666 2722; x_wconf 72' lang='lat' dir='ltr'><strong>(Deut.</strong></span> <span class='ocrx_word' id='word_1_238' title='bbox 696 2671 825 2716; x_wconf 75' lang='lat' dir='ltr'><strong>xvtt,</strong></span> <span class='ocrx_word' id='word_1_239' title='bbox 855 2656 922 2717; x_wconf 87' lang='lat'><strong>8;</strong></span> <span class='ocrx_word' id='word_1_240' title='bbox 954 2671 1060 2717; x_wconf 70' lang='grc' dir='ltr'>χιιι,</span> <span class='ocrx_word' id='word_1_241' title='bbox 1102 2653 1186 2723; x_wconf 67' lang='lat' dir='ltr'><strong>lii)</strong></span> <span class='ocrx_word' id='word_1_242' title='bbox 1210 2655 1416 2723; x_wconf 87' lang='lat' dir='ltr'><strong>jttdicat</strong></span> <span class='ocrx_word' id='word_1_243' title='bbox 1444 2660 1735 2720; x_wconf 76' lang='lat' dir='ltr'><strong>hominem,</strong></span> <span class='ocrx_word' id='word_1_244' title='bbox 1761 2657 1862 2711; x_wconf 79' lang='lat' dir='ltr'><strong>nisi</strong></span> 
     </span>
    </p>
   </div>
   <div class='ocr_carea' id='block_1_30' title="bbox 296 2744 1865 2815">
    <p class='ocr_par' dir='ltr' id='par_1_30' title="bbox 296 2744 1865 2815">
     <span class='ocr_line' id='line_1_30' title="bbox 296 2744 1865 2815; baseline 0.003 -19"><span class='ocrx_word' id='word_1_245' title='bbox 296 2744 505 2800; x_wconf 81' lang='lat' dir='ltr'><strong>audierit</strong></span> <span class='ocrx_word' id='word_1_246' title='bbox 535 2746 682 2814; x_wconf 73' lang='lat' dir='ltr'><strong>prius</strong></span> <span class='ocrx_word' id='word_1_247' title='bbox 706 2746 774 2799; x_wconf 89' lang='lat' dir='ltr'><strong>ab</strong></span> <span class='ocrx_word' id='word_1_248' title='bbox 804 2746 940 2814; x_wconf 87' lang='lat' dir='ltr'><strong>ipso,</strong></span> <span class='ocrx_word' id='word_1_249' title='bbox 973 2761 1020 2800; x_wconf 75' lang='lat' dir='ltr'><strong>et</strong></span> <span class='ocrx_word' id='word_1_250' title='bbox 1054 2748 1358 2815; x_wconf 82' lang='lat' dir='ltr'><strong>cognoverit</strong></span> <span class='ocrx_word' id='word_1_251' title='bbox 1384 2748 1508 2815; x_wconf 91' lang='lat' dir='ltr'><strong>quid</strong></span> <span class='ocrx_word' id='word_1_252' title='bbox 1538 2748 1730 2801; x_wconf 75' lang='lat' dir='ltr'><strong>iaciat?</strong></span> <span class='ocrx_word' id='word_1_253' title='bbox 1762 2748 1865 2801; x_wconf 78' lang='lat' dir='ltr'><strong>lte-</strong></span> 
     </span>
    </p>
   </div>
   <div class='ocr_carea' id='block_1_31' title="bbox 295 2838 1864 2907">
    <p class='ocr_par' dir='ltr' id='par_1_31' title="bbox 295 2838 1864 2907">
     <span class='ocr_line' id='line_1_31' title="bbox 295 2838 1864 2907; baseline 0.003 -19"><span class='ocrx_word' id='word_1_254' title='bbox 295 2838 608 2903; x_wconf 75' lang='lat' dir='ltr'><strong>spooderunt</strong></span> <span class='ocrx_word' id='word_1_255' title='bbox 628 2849 684 2891; x_wconf 88' lang='lat' dir='ltr'><strong>et</strong></span> <span class='ocrx_word' id='word_1_256' title='bbox 707 2839 1024 2892; x_wconf 80' lang='lat' dir='ltr'><strong>dixeruntei</strong></span> <span class='ocrx_word' id='word_1_257' title='bbox 1053 2857 1065 2890; x_wconf 83' lang='lat'><strong>;</strong></span> <span class='ocrx_word' id='word_1_258' title='bbox 1089 2838 1333 2907; x_wconf 82' lang='lat' dir='ltr'><strong>Nunquid</strong></span> <span class='ocrx_word' id='word_1_259' title='bbox 1355 2849 1410 2893; x_wconf 90' lang='lat' dir='ltr'><strong>et</strong></span> <span class='ocrx_word' id='word_1_260' title='bbox 1426 2848 1477 2891; x_wconf 92' lang='lat' dir='ltr'><strong>tu</strong></span> <span class='ocrx_word' id='word_1_261' title='bbox 1499 2838 1752 2893; x_wconf 73' lang='lat' dir='ltr'><strong>Galilaeus</strong></span> <span class='ocrx_word' id='word_1_262' title='bbox 1770 2840 1864 2893; x_wconf 80' lang='lat' dir='ltr'><strong>es?</strong></span> 
     </span>
    </p>
   </div>
   <div class='ocr_carea' id='block_1_32' title="bbox 295 2928 1862 3000">
    <p class='ocr_par' dir='ltr' id='par_1_32' title="bbox 295 2928 1862 3000">
     <span class='ocr_line' id='line_1_32' title="bbox 295 2928 1862 3000; baseline 0.002 -17"><span class='ocrx_word' id='word_1_263' title='bbox 295 2928 552 2995; x_wconf 72' lang='lat' dir='ltr'><strong>Scruutre,</strong></span> <span class='ocrx_word' id='word_1_264' title='bbox 604 2941 663 2986; x_wconf 91' lang='lat' dir='ltr'><strong>et</strong></span> <span class='ocrx_word' id='word_1_265' title='bbox 707 2931 827 2985; x_wconf 83' lang='lat' dir='ltr'><strong>vide</strong></span> <span class='ocrx_word' id='word_1_266' title='bbox 880 2940 927 2997; x_wconf 70' lang='grc'><strong>⁸,</strong></span> <span class='ocrx_word' id='word_1_267' title='bbox 979 2930 1100 2999; x_wconf 83' lang='lat' dir='ltr'><strong>quia</strong></span> <span class='ocrx_word' id='word_1_268' title='bbox 1146 2933 1402 3000; x_wconf 73' lang='lat' dir='ltr'><strong>propheta</strong></span> <span class='ocrx_word' id='word_1_269' title='bbox 1449 2945 1478 2984; x_wconf 87' lang='lat' dir='ltr'><strong>a</strong></span> <span class='ocrx_word' id='word_1_270' title='bbox 1508 2929 1725 2986; x_wconf 78' lang='lat' dir='ltr'><strong>Galilaea</strong></span> <span class='ocrx_word' id='word_1_271' title='bbox 1758 2948 1862 2986; x_wconf 89' lang='lat' dir='ltr'><strong>ttutt</strong></span> 
     </span>
    </p>
   </div>
   <div class='ocr_carea' id='block_1_33' title="bbox 294 3022 1079 3089">
    <p class='ocr_par' dir='ltr' id='par_1_33' title="bbox 294 3022 1079 3089">
     <span class='ocr_line' id='line_1_33' title="bbox 294 3022 1079 3089; baseline 0.009 -17"><span class='ocrx_word' id='word_1_272' title='bbox 294 3022 463 3089; x_wconf 81' lang='lat' dir='ltr'><strong>surgit.</strong></span> <span class='ocrx_word' id='word_1_273' title='bbox 1073 3072 1079 3079; x_wconf 95' lang='lat'><strong>.</strong></span> 
     </span>
    </p>
   </div>
   <div class='ocr_carea' id='block_1_34' title="bbox 826 3109 1307 3167">
    <p class='ocr_par' dir='ltr' id='par_1_34' title="bbox 826 3109 1307 3167">
     <span class='ocr_line' id='line_1_34' title="bbox 826 3109 1307 3167; baseline 0.006 -4"><span class='ocrx_word' id='word_1_274' title='bbox 826 3109 1054 3164; x_wconf 80' lang='lat' dir='ltr'><strong>CAPUT</strong></span> <span class='ocrx_word' id='word_1_275' title='bbox 1092 3110 1307 3167; x_wconf 78' lang='lat' dir='ltr'><strong>CXXX.</strong></span> 
     </span>
    </p>
   </div>
   <div class='ocr_carea' id='block_1_35' title="bbox 390 3200 1755 3272">
    <p class='ocr_par' dir='ltr' id='par_1_35' title="bbox 390 3200 1755 3272">
     <span class='ocr_line' id='line_1_35' title="bbox 390 3200 1755 3272; baseline 0.004 -19"><span class='ocrx_word' id='word_1_276' title='bbox 390 3200 741 3271; x_wconf 73' lang='lat' dir='ltr'><strong>luttrrogabat</strong></span> <span class='ocrx_word' id='word_1_277' title='bbox 788 3201 1076 3256; x_wconf 79' lang='lat' dir='ltr'><strong>Phariswos</strong></span> <span class='ocrx_word' id='word_1_278' title='bbox 1113 3201 1297 3269; x_wconf 74' lang='lat' dir='ltr'><strong>Iesus,</strong></span> <span class='ocrx_word' id='word_1_279' title='bbox 1329 3204 1474 3272; x_wconf 79' lang='lat' dir='ltr'><strong>cujus</strong></span> <span class='ocrx_word' id='word_1_280' title='bbox 1510 3204 1652 3272; x_wconf 79' lang='lat' dir='ltr'><strong>[ilius</strong></span> <span class='ocrx_word' id='word_1_281' title='bbox 1681 3212 1755 3258; x_wconf 77' lang='lat' dir='ltr'><strong>est</strong></span> 
     </span>
    </p>
   </div>
   <div class='ocr_carea' id='block_1_36' title="bbox 948 3272 1200 3326">
    <p class='ocr_par' dir='ltr' id='par_1_36' title="bbox 948 3272 1200 3326">
     <span class='ocr_line' id='line_1_36' title="bbox 948 3272 1200 3326; baseline 0.004 -1"><span class='ocrx_word' id='word_1_282' title='bbox 948 3272 1200 3326; x_wconf 77' lang='lat' dir='ltr'><strong>Christus.</strong></span> 
     </span>
    </p>
   </div>
   <div class='ocr_carea' id='block_1_37' title="bbox 360 3382 1863 3458">
    <p class='ocr_par' dir='ltr' id='par_1_37' title="bbox 360 3382 1863 3458">
     <span class='ocr_line' id='line_1_37' title="bbox 360 3382 1863 3458; baseline 0.002 -21"><span class='ocrx_word' id='word_1_283' title='bbox 360 3382 566 3437; x_wconf 66' lang='lat' dir='ltr'><strong>Manu.</strong></span> <span class='ocrx_word' id='word_1_284' title='bbox 601 3398 731 3449; x_wconf 70' lang='lat' dir='ltr'><strong>nn,</strong></span> <span class='ocrx_word' id='word_1_285' title='bbox 766 3383 969 3448; x_wconf 56' lang='lat'><strong>“46;</strong></span> <span class='ocrx_word' id='word_1_286' title='bbox 1013 3384 1141 3440; x_wconf 86' lang='lat' dir='ltr'><strong>Luc.</strong></span> <span class='ocrx_word' id='word_1_287' title='bbox 1175 3401 1268 3449; x_wconf 81' lang='lat' dir='ltr'><strong>xx,</strong></span> <span class='ocrx_word' id='word_1_288' title='bbox 1300 3385 1486 3442; x_wconf 63' lang='lat'><strong>40-44.</strong></span> <span class='ocrx_word' id='word_1_289' title='bbox 1515 3387 1863 3458; x_wconf 76' lang='lat' dir='ltr'><strong>Congregatis</strong></span> 
     </span>
    </p>
   </div>
   <div class='ocr_carea' id='block_1_38' title="bbox 302 3472 1861 3544">
    <p class='ocr_par' dir='ltr' id='par_1_38' title="bbox 302 3472 1861 3544">
     <span class='ocr_line' id='line_1_38' title="bbox 302 3472 1861 3544; baseline 0.004 -18"><span class='ocrx_word' id='word_1_290' title='bbox 302 3484 459 3529; x_wconf 79' lang='lat' dir='ltr'><strong>autem</strong></span> <span class='ocrx_word' id='word_1_291' title='bbox 483 3472 787 3537; x_wconf 67' lang='lat' dir='ltr'><strong>Pharismis,</strong></span> <span class='ocrx_word' id='word_1_292' title='bbox 813 3475 1157 3544; x_wconf 81' lang='lat' dir='ltr'><strong>interrogavit</strong></span> <span class='ocrx_word' id='word_1_293' title='bbox 1181 3491 1275 3530; x_wconf 86' lang='lat' dir='ltr'><strong>eos</strong></span> <span class='ocrx_word' id='word_1_294' title='bbox 1295 3476 1470 3543; x_wconf 82' lang='lat' dir='ltr'><strong>Jesos,</strong></span> <span class='ocrx_word' id='word_1_295' title='bbox 1496 3476 1679 3531; x_wconf 83' lang='lat' dir='ltr'><strong>dicens</strong></span> <span class='ocrx_word' id='word_1_296' title='bbox 1695 3495 1708 3531; x_wconf 90' lang='lat'><strong>:</strong></span> <span class='ocrx_word' id='word_1_297' title='bbox 1725 3479 1861 3543; x_wconf 85' lang='lat' dir='ltr'><strong>Quid</strong></span> 
     </span>
    </p>
   </div>
   <div class='ocr_carea' id='block_1_39' title="bbox 290 3565 1860 3635">
    <p class='ocr_par' dir='ltr' id='par_1_39' title="bbox 290 3565 1860 3635">
     <span class='ocr_line' id='line_1_39' title="bbox 290 3565 1860 3635; baseline 0.004 -20"><span class='ocrx_word' id='word_1_298' title='bbox 290 3567 437 3631; x_wconf 65' lang='lat' dir='ltr'><strong>vobis</strong></span> <span class='ocrx_word' id='word_1_299' title='bbox 457 3566 663 3619; x_wconf 88' lang='lat' dir='ltr'><strong>videtur</strong></span> <span class='ocrx_word' id='word_1_300' title='bbox 688 3567 755 3619; x_wconf 88' lang='lat' dir='ltr'><strong>de</strong></span> <span class='ocrx_word' id='word_1_301' title='bbox 781 3565 1035 3619; x_wconf 80' lang='lat' dir='ltr'><strong>Christo?</strong></span> <span class='ocrx_word' id='word_1_302' title='bbox 1059 3566 1208 3635; x_wconf 81' lang='lat' dir='ltr'><strong>cujus</strong></span> <span class='ocrx_word' id='word_1_303' title='bbox 1240 3567 1380 3620; x_wconf 76' lang='lat' dir='ltr'><strong>(ilius</strong></span> <span class='ocrx_word' id='word_1_304' title='bbox 1400 3568 1518 3622; x_wconf 84' lang='lat' dir='ltr'><strong>est?</strong></span> <span class='ocrx_word' id='word_1_305' title='bbox 1552 3568 1592 3621; x_wconf 92' lang='lat' dir='ltr'><strong>D</strong></span> <span class='ocrx_word' id='word_1_306' title='bbox 1615 3581 1740 3622; x_wconf 88' lang='lat' dir='ltr'><strong>cunt</strong></span> <span class='ocrx_word' id='word_1_307' title='bbox 1768 3572 1815 3622; x_wconf 90' lang='lat' dir='ltr'><strong>ei</strong></span> <span class='ocrx_word' id='word_1_308' title='bbox 1848 3588 1860 3621; x_wconf 88' lang='lat'>:</span> 
     </span>
    </p>
   </div>
   <div class='ocr_carea' id='block_1_40' title="bbox 306 3655 1865 3735">
    <p class='ocr_par' dir='ltr' id='par_1_40' title="bbox 306 3655 1865 3735">
     <span class='ocr_line' id='line_1_40' title="bbox 306 3655 1865 3735; baseline 0.003 -24"><span class='ocrx_word' id='word_1_309' title='bbox 306 3655 474 3712; x_wconf 65' lang='lat' dir='ltr'><strong>David.</strong></span> <span class='ocrx_word' id='word_1_310' title='bbox 523 3659 610 3713; x_wconf 85' lang='lat' dir='ltr'><strong>Ait</strong></span> <span class='ocrx_word' id='word_1_311' title='bbox 661 3660 763 3735; x_wconf 65' lang='lat' dir='ltr'><strong>illi;</strong></span> <span class='ocrx_word' id='word_1_312' title='bbox 810 3659 1136 3726; x_wconf 85' lang='lat' dir='ltr'><strong>:Qttumodo</strong></span> <span class='ocrx_word' id='word_1_313' title='bbox 1186 3659 1360 3729; x_wconf 84' lang='lat' dir='ltr'><strong>(ergo)</strong></span> <span class='ocrx_word' id='word_1_314' title='bbox 1414 3659 1577 3713; x_wconf 81' lang='lat' dir='ltr'><strong>David</strong></span> <span class='ocrx_word' id='word_1_315' title='bbox 1626 3663 1678 3715; x_wconf 87' lang='lat' dir='ltr'><strong>itt</strong></span> <span class='ocrx_word' id='word_1_316' title='bbox 1729 3662 1865 3716; x_wconf 83' lang='lat' dir='ltr'><strong>libro</strong></span> 
     </span>
    </p>
   </div>
   <div class='ocr_carea' id='block_1_41' title="bbox 308 3748 1863 3817">
    <p class='ocr_par' dir='ltr' id='par_1_41' title="bbox 308 3748 1863 3817">
     <span class='ocr_line' id='line_1_41' title="bbox 308 3748 1863 3817; baseline 0.004 -15"><span class='ocrx_word' id='word_1_317' title='bbox 308 3748 614 3805; x_wconf 72' lang='lat' dir='ltr'><strong>Psalmorum</strong></span> <span class='ocrx_word' id='word_1_318' title='bbox 644 3761 797 3805; x_wconf 87' lang='lat' dir='ltr'><strong>vocat</strong></span> <span class='ocrx_word' id='word_1_319' title='bbox 825 3767 945 3805; x_wconf 90' lang='lat' dir='ltr'><strong>eum</strong></span> <span class='ocrx_word' id='word_1_320' title='bbox 978 3751 1288 3817; x_wconf 87' lang='lat' dir='ltr'><strong>Dominum,</strong></span> <span class='ocrx_word' id='word_1_321' title='bbox 1319 3752 1504 3809; x_wconf 88' lang='lat' dir='ltr'><strong>dicens</strong></span> <span class='ocrx_word' id='word_1_322' title='bbox 1536 3770 1548 3806; x_wconf 92' lang='lat'><strong>:</strong></span> <span class='ocrx_word' id='word_1_323' title='bbox 1586 3753 1724 3808; x_wconf 79' lang='lat' dir='ltr'><strong>Dixit</strong></span> <span class='ocrx_word' id='word_1_324' title='bbox 1754 3754 1863 3808; x_wconf 88' lang='lat' dir='ltr'><strong>Do-</strong></span> 
     </span>
    </p>
   </div>
   <div class='ocr_carea' id='block_1_42' title="bbox 310 3841 1866 3913">
    <p class='ocr_par' dir='ltr' id='par_1_42' title="bbox 310 3841 1866 3913">
     <span class='ocr_line' id='line_1_42' title="bbox 310 3841 1866 3913; baseline 0.004 -20"><span class='ocrx_word' id='word_1_325' title='bbox 310 3841 463 3895; x_wconf 71' lang='lat' dir='ltr'><strong>minus</strong></span> <span class='ocrx_word' id='word_1_326' title='bbox 488 3843 708 3895; x_wconf 86' lang='lat' dir='ltr'><strong>Domino</strong></span> <span class='ocrx_word' id='word_1_327' title='bbox 739 3858 858 3897; x_wconf 88' lang='lat' dir='ltr'><strong>meo</strong></span> <span class='ocrx_word' id='word_1_328' title='bbox 887 3858 901 3895; x_wconf 91' lang='lat'><strong>:</strong></span> <span class='ocrx_word' id='word_1_329' title='bbox 933 3842 1071 3897; x_wconf 85' lang='lat' dir='ltr'><strong>Sede</strong></span> <span class='ocrx_word' id='word_1_330' title='bbox 1096 3858 1125 3896; x_wconf 90' lang='lat' dir='ltr'><strong>a</strong></span> <span class='ocrx_word' id='word_1_331' title='bbox 1157 3844 1360 3897; x_wconf 74' lang='lat' dir='ltr'><strong>dextris</strong></span> <span class='ocrx_word' id='word_1_332' title='bbox 1389 3846 1545 3907; x_wconf 86' lang='lat' dir='ltr'><strong>meis,</strong></span> <span class='ocrx_word' id='word_1_333' title='bbox 1573 3845 1743 3899; x_wconf 88' lang='lat' dir='ltr'><strong>donec</strong></span> <span class='ocrx_word' id='word_1_334' title='bbox 1773 3863 1866 3913; x_wconf 81' lang='lat' dir='ltr'><strong>po-</strong></span> 
     </span>
    </p>
   </div>
   <div class='ocr_carea' id='block_1_43' title="bbox 313 3933 1862 4004">
    <p class='ocr_par' dir='ltr' id='par_1_43' title="bbox 313 3933 1862 4004">
     <span class='ocr_line' id='line_1_43' title="bbox 313 3933 1862 4004; baseline 0.005 -21"><span class='ocrx_word' id='word_1_335' title='bbox 313 3947 415 3985; x_wconf 79' lang='lat' dir='ltr'><strong>nam</strong></span> <span class='ocrx_word' id='word_1_336' title='bbox 451 3934 691 3987; x_wconf 87' lang='lat' dir='ltr'><strong>inimicos</strong></span> <span class='ocrx_word' id='word_1_337' title='bbox 736 3944 854 3986; x_wconf 89' lang='lat' dir='ltr'><strong>tuos</strong></span> <span class='ocrx_word' id='word_1_338' title='bbox 898 3933 1190 3989; x_wconf 86' lang='lat' dir='ltr'><strong>scabellum</strong></span> <span class='ocrx_word' id='word_1_339' title='bbox 1225 3935 1416 4004; x_wconf 90' lang='lat' dir='ltr'><strong>pedum</strong></span> <span class='ocrx_word' id='word_1_340' title='bbox 1450 3950 1659 3990; x_wconf 90' lang='lat' dir='ltr'><strong>tuorum</strong></span> <span class='ocrx_word' id='word_1_341' title='bbox 1687 3935 1862 4002; x_wconf 78' lang='lat' dir='ltr'><strong>(Psal.</strong></span> 
     </span>
    </p>
   </div>
   <div class='ocr_carea' id='block_1_44' title="bbox 311 4027 1868 4097">
    <p class='ocr_par' dir='ltr' id='par_1_44' title="bbox 311 4027 1868 4097">
     <span class='ocr_line' id='line_1_44' title="bbox 311 4027 1868 4097; baseline 0.003 -20"><span class='ocrx_word' id='word_1_342' title='bbox 311 4037 405 4091; x_wconf 73' lang='lat' dir='ltr'><strong>cui,</strong></span> <span class='ocrx_word' id='word_1_343' title='bbox 436 4027 520 4096; x_wconf 80' lang='lat' dir='ltr'><strong>l)?</strong></span> <span class='ocrx_word' id='word_1_344' title='bbox 550 4027 604 4082; x_wconf 88' lang='lat' dir='ltr'><strong>Si</strong></span> <span class='ocrx_word' id='word_1_345' title='bbox 635 4044 762 4096; x_wconf 74' lang='lat' dir='ltr'><strong>ergo</strong></span> <span class='ocrx_word' id='word_1_346' title='bbox 796 4028 955 4080; x_wconf 83' lang='lat' dir='ltr'><strong>David</strong></span> <span class='ocrx_word' id='word_1_347' title='bbox 988 4028 1040 4079; x_wconf 91' lang='lat' dir='ltr'><strong>in</strong></span> <span class='ocrx_word' id='word_1_348' title='bbox 1088 4028 1276 4097; x_wconf 86' lang='lat' dir='ltr'><strong>spiritu</strong></span> <span class='ocrx_word' id='word_1_349' title='bbox 1322 4039 1475 4081; x_wconf 83' lang='lat' dir='ltr'><strong>vocat</strong></span> <span class='ocrx_word' id='word_1_350' title='bbox 1517 4044 1639 4083; x_wconf 87' lang='lat' dir='ltr'><strong>eum</strong></span> <span class='ocrx_word' id='word_1_351' title='bbox 1688 4029 1868 4084; x_wconf 88' lang='lat' dir='ltr'><strong>Domi-</strong></span> 
     </span>
    </p>
   </div>
   <div class='ocr_carea' id='block_1_45' title="bbox 316 4118 1865 4189">
    <p class='ocr_par' dir='ltr' id='par_1_45' title="bbox 316 4118 1865 4189">
     <span class='ocr_line' id='line_1_45' title="bbox 316 4118 1865 4189; baseline 0.006 -22"><span class='ocrx_word' id='word_1_352' title='bbox 316 4130 455 4181; x_wconf 86' lang='lat' dir='ltr'><strong>num,</strong></span> <span class='ocrx_word' id='word_1_353' title='bbox 481 4120 747 4186; x_wconf 83' lang='lat' dir='ltr'><strong>quomodo</strong></span> <span class='ocrx_word' id='word_1_354' title='bbox 789 4119 927 4171; x_wconf 86' lang='lat' dir='ltr'><strong>tilius</strong></span> <span class='ocrx_word' id='word_1_355' title='bbox 972 4118 1086 4187; x_wconf 87' lang='lat' dir='ltr'><strong>ejus</strong></span> <span class='ocrx_word' id='word_1_356' title='bbox 1130 4120 1249 4172; x_wconf 66' lang='lat' dir='ltr'><strong>est?</strong></span> <span class='ocrx_word' id='word_1_357' title='bbox 1292 4119 1355 4174; x_wconf 85' lang='lat' dir='ltr'><strong>Et</strong></span> <span class='ocrx_word' id='word_1_358' title='bbox 1393 4135 1552 4175; x_wconf 87' lang='lat' dir='ltr'><strong>nemo</strong></span> <span class='ocrx_word' id='word_1_359' title='bbox 1582 4129 1789 4189; x_wconf 81' lang='lat' dir='ltr'><strong>poterat</strong></span> <span class='ocrx_word' id='word_1_360' title='bbox 1817 4122 1865 4176; x_wconf 89' lang='lat' dir='ltr'><strong>ei</strong></span> 
     </span>
    </p>
   </div>
   <div class='ocr_carea' id='block_1_46' title="bbox 316 4210 1862 4283">
    <p class='ocr_par' dir='ltr' id='par_1_46' title="bbox 316 4210 1862 4283">
     <span class='ocr_line' id='line_1_46' title="bbox 316 4210 1862 4283; baseline 0.006 -24"><span class='ocrx_word' id='word_1_361' title='bbox 316 4216 608 4275; x_wconf 80' lang='lat' dir='ltr'><strong>respondere</strong></span> <span class='ocrx_word' id='word_1_362' title='bbox 635 4210 890 4275; x_wconf 89' lang='lat' dir='ltr'><strong>verbum,</strong></span> <span class='ocrx_word' id='word_1_363' title='bbox 921 4226 1092 4278; x_wconf 87' lang='lat' dir='ltr'><strong>neque</strong></span> <span class='ocrx_word' id='word_1_364' title='bbox 1133 4225 1294 4265; x_wconf 79' lang='lat' dir='ltr'><strong>ausus</strong></span> <span class='ocrx_word' id='word_1_365' title='bbox 1341 4211 1440 4266; x_wconf 72' lang='lat' dir='ltr'><strong>fuit</strong></span> <span class='ocrx_word' id='word_1_366' title='bbox 1476 4213 1756 4283; x_wconf 83' lang='lat' dir='ltr'><strong>quisquam</strong></span> <span class='ocrx_word' id='word_1_367' title='bbox 1799 4229 1862 4268; x_wconf 84' lang='lat' dir='ltr'><strong>ex</strong></span> 
     </span>
    </p>
   </div>
   <div class='ocr_carea' id='block_1_47' title="bbox 318 4297 1277 4373">
    <p class='ocr_par' dir='ltr' id='par_1_47' title="bbox 318 4297 1277 4373">
     <span class='ocr_line' id='line_1_47' title="bbox 318 4297 1277 4373; baseline 0.006 -21"><span class='ocrx_word' id='word_1_368' title='bbox 318 4297 395 4354; x_wconf 85' lang='lat' dir='ltr'><strong>illa</strong></span> <span class='ocrx_word' id='word_1_369' title='bbox 417 4304 494 4358; x_wconf 78' lang='lat' dir='ltr'><strong>dic</strong></span> <span class='ocrx_word' id='word_1_370' title='bbox 520 4319 640 4359; x_wconf 90' lang='lat' dir='ltr'><strong>eum</strong></span> <span class='ocrx_word' id='word_1_371' title='bbox 671 4304 898 4373; x_wconf 84' lang='lat' dir='ltr'><strong>amplius</strong></span> <span class='ocrx_word' id='word_1_372' title='bbox 927 4304 1277 4373; x_wconf 82' lang='lat' dir='ltr'><strong>interrogare.</strong></span> 
     </span>
    </p>
   </div>
   <div class='ocr_carea' id='block_1_48' title="bbox 826 4412 1325 4469">
    <p class='ocr_par' dir='ltr' id='par_1_48' title="bbox 826 4412 1325 4469">
     <span class='ocr_line' id='line_1_48' title="bbox 826 4412 1325 4469; baseline 0 -1"><span class='ocrx_word' id='word_1_373' title='bbox 826 4413 1052 4469; x_wconf 69' lang='lat' dir='ltr'><strong>CAPUT</strong></span> <span class='ocrx_word' id='word_1_374' title='bbox 1088 4412 1325 4468; x_wconf 74' lang='lat' dir='ltr'><strong>CXXXI.</strong></span> 
     </span>
    </p>
   </div>
   <div class='ocr_carea' id='block_1_49' title="bbox 562 4504 1564 4574">
    <p class='ocr_par' dir='ltr' id='par_1_49' title="bbox 562 4504 1564 4574">
     <span class='ocr_line' id='line_1_49' title="bbox 562 4504 1564 4574; baseline -0.001 -13"><span class='ocrx_word' id='word_1_375' title='bbox 562 4505 715 4561; x_wconf 75' lang='lat' dir='ltr'><strong>Iesus</strong></span> <span class='ocrx_word' id='word_1_376' title='bbox 744 4507 888 4559; x_wconf 84' lang='lat' dir='ltr'><strong>docet</strong></span> <span class='ocrx_word' id='word_1_377' title='bbox 920 4520 940 4557; x_wconf 89' lang='lat'><strong><em>:</em></strong></span> <span class='ocrx_word' id='word_1_378' title='bbox 975 4504 1081 4574; x_wconf 82' lang='lat' dir='ltr'><strong>Ego</strong></span> <span class='ocrx_word' id='word_1_379' title='bbox 1106 4522 1218 4558; x_wconf 85' lang='lat' dir='ltr'><strong>sum</strong></span> <span class='ocrx_word' id='word_1_380' title='bbox 1244 4506 1337 4559; x_wconf 78' lang='lat' dir='ltr'><strong>lux</strong></span> <span class='ocrx_word' id='word_1_381' title='bbox 1365 4506 1564 4560; x_wconf 79' lang='lat' dir='ltr'><strong>mundi.</strong></span> 
     </span>
    </p>
   </div>
   <div class='ocr_carea' id='block_1_50' title="bbox 376 4594 1868 4663">
    <p class='ocr_par' dir='ltr' id='par_1_50' title="bbox 376 4594 1868 4663">
     <span class='ocr_line' id='line_1_50' title="bbox 376 4594 1868 4663; baseline 0.001 -12"><span class='ocrx_word' id='word_1_382' title='bbox 376 4594 515 4652; x_wconf 69' lang='lat' dir='ltr'><strong>Joas.</strong></span> <span class='ocrx_word' id='word_1_383' title='bbox 553 4614 663 4658; x_wconf 84' lang='lat' dir='ltr'><strong>vm.</strong></span> <span class='ocrx_word' id='word_1_384' title='bbox 712 4598 895 4652; x_wconf 58' lang='lat'><strong>1249.</strong></span> <span class='ocrx_word' id='word_1_385' title='bbox 945 4596 1136 4649; x_wconf 85' lang='lat' dir='ltr'><strong>lterum</strong></span> <span class='ocrx_word' id='word_1_386' title='bbox 1167 4611 1295 4663; x_wconf 87' lang='lat' dir='ltr'><strong>ergo</strong></span> <span class='ocrx_word' id='word_1_387' title='bbox 1326 4596 1533 4649; x_wconf 88' lang='lat' dir='ltr'><strong>loeutus</strong></span> <span class='ocrx_word' id='word_1_388' title='bbox 1562 4604 1646 4651; x_wconf 87' lang='lat' dir='ltr'><strong>est</strong></span> <span class='ocrx_word' id='word_1_389' title='bbox 1672 4596 1751 4652; x_wconf 89' lang='lat' dir='ltr'><strong>eis</strong></span> <span class='ocrx_word' id='word_1_390' title='bbox 1778 4596 1868 4652; x_wconf 82' lang='lat' dir='ltr'><strong>Je-</strong></span> 
     </span>
    </p>
   </div>
   <div class='ocr_carea' id='block_1_51' title="bbox 316 4686 1862 4756">
    <p class='ocr_par' dir='ltr' id='par_1_51' title="bbox 316 4686 1862 4756">
     <span class='ocr_line' id='line_1_51' title="bbox 316 4686 1862 4756; baseline 0.003 -16"><span class='ocrx_word' id='word_1_391' title='bbox 316 4699 412 4753; x_wconf 84' lang='lat' dir='ltr'><strong>stts,</strong></span> <span class='ocrx_word' id='word_1_392' title='bbox 435 4688 610 4743; x_wconf 80' lang='lat' dir='ltr'><strong>dicens</strong></span> <span class='ocrx_word' id='word_1_393' title='bbox 642 4706 656 4740; x_wconf 75' lang='grc' dir='ltr'>ε</span> <span class='ocrx_word' id='word_1_394' title='bbox 687 4690 793 4756; x_wconf 72' lang='lat' dir='ltr'><strong>ligo</strong></span> <span class='ocrx_word' id='word_1_395' title='bbox 833 4704 949 4742; x_wconf 90' lang='lat' dir='ltr'><strong>sum</strong></span> <span class='ocrx_word' id='word_1_396' title='bbox 979 4688 1066 4741; x_wconf 76' lang='lat' dir='ltr'><strong>lux</strong></span> <span class='ocrx_word' id='word_1_397' title='bbox 1099 4686 1301 4740; x_wconf 85' lang='lat' dir='ltr'><strong>mundi.</strong></span> <span class='ocrx_word' id='word_1_398' title='bbox 1339 4687 1435 4754; x_wconf 87' lang='lat' dir='ltr'><strong>Qui</strong></span> <span class='ocrx_word' id='word_1_399' title='bbox 1480 4688 1721 4755; x_wconf 79' lang='lat' dir='ltr'><strong>sequitur</strong></span> <span class='ocrx_word' id='word_1_400' title='bbox 1746 4705 1862 4755; x_wconf 87' lang='lat' dir='ltr'><strong>me,</strong></span> 
     </span>
    </p>
   </div>
   <div class='ocr_carea' id='block_1_52' title="bbox 318 4779 1860 4839">
    <p class='ocr_par' dir='ltr' id='par_1_52' title="bbox 318 4779 1860 4839">
     <span class='ocr_line' id='line_1_52' title="bbox 318 4779 1860 4839; baseline 0.005 -10"><span class='ocrx_word' id='word_1_401' title='bbox 318 4792 404 4831; x_wconf 80' lang='lat' dir='ltr'><strong>non</strong></span> <span class='ocrx_word' id='word_1_402' title='bbox 447 4781 674 4833; x_wconf 77' lang='lat' dir='ltr'><strong>ambulat</strong></span> <span class='ocrx_word' id='word_1_403' title='bbox 718 4781 768 4832; x_wconf 92' lang='lat' dir='ltr'><strong>in</strong></span> <span class='ocrx_word' id='word_1_404' title='bbox 818 4780 1071 4839; x_wconf 75' lang='lat' dir='ltr'><strong>tenebris,</strong></span> <span class='ocrx_word' id='word_1_405' title='bbox 1118 4779 1211 4832; x_wconf 84' lang='lat' dir='ltr'><strong>sed</strong></span> <span class='ocrx_word' id='word_1_406' title='bbox 1259 4779 1471 4833; x_wconf 81' lang='lat' dir='ltr'><strong>habt-bit</strong></span> <span class='ocrx_word' id='word_1_407' title='bbox 1509 4779 1686 4835; x_wconf 85' lang='lat' dir='ltr'><strong>lumen</strong></span> <span class='ocrx_word' id='word_1_408' title='bbox 1717 4782 1860 4837; x_wconf 72' lang='lat' dir='ltr'><strong>vitm.</strong></span> 
     </span>
    </p>
   </div>
   <div class='ocr_carea' id='block_1_53' title="bbox 319 4864 1860 4937">
    <p class='ocr_par' dir='ltr' id='par_1_53' title="bbox 319 4864 1860 4937">
     <span class='ocr_line' id='line_1_53' title="bbox 319 4864 1860 4937; baseline 0.006 -18"><span class='ocrx_word' id='word_1_409' title='bbox 319 4864 542 4924; x_wconf 61' lang='lat' dir='ltr'><strong>Dixerunt</strong></span> <span class='ocrx_word' id='word_1_410' title='bbox 563 4886 690 4937; x_wconf 85' lang='lat' dir='ltr'><strong>ergo</strong></span> <span class='ocrx_word' id='word_1_411' title='bbox 711 4872 758 4923; x_wconf 88' lang='lat' dir='ltr'><strong>ei</strong></span> <span class='ocrx_word' id='word_1_412' title='bbox 786 4870 1035 4923; x_wconf 69' lang='lat' dir='ltr'><strong>l’harisu&#39;i</strong></span> <span class='ocrx_word' id='word_1_413' title='bbox 1062 4887 1073 4920; x_wconf 89' lang='lat'>:</span> <span class='ocrx_word' id='word_1_414' title='bbox 1099 4869 1177 4922; x_wconf 85' lang='lat' dir='ltr'><strong>Tu</strong></span> <span class='ocrx_word' id='word_1_415' title='bbox 1197 4870 1264 4923; x_wconf 87' lang='lat' dir='ltr'><strong>de</strong></span> <span class='ocrx_word' id='word_1_416' title='bbox 1290 4880 1338 4923; x_wconf 90' lang='lat' dir='ltr'><strong>te</strong></span> <span class='ocrx_word' id='word_1_417' title='bbox 1361 4871 1475 4937; x_wconf 88' lang='lat' dir='ltr'><strong>ipso</strong></span> <span class='ocrx_word' id='word_1_418' title='bbox 1500 4871 1860 4928; x_wconf 73' lang='lat' dir='ltr'><strong>tesﬁmonium</strong></span> 
     </span>
    </p>
   </div>
   <div class='ocr_carea' id='block_1_54' title="bbox 316 4960 1865 5027">
    <p class='ocr_par' dir='ltr' id='par_1_54' title="bbox 316 4960 1865 5027">
     <span class='ocr_line' id='line_1_54' title="bbox 316 4960 1865 5027; baseline 0.003 -12"><span class='ocrx_word' id='word_1_419' title='bbox 316 4960 534 5027; x_wconf 77' lang='lat' dir='ltr'><strong>perhibes</strong></span> <span class='ocrx_word' id='word_1_420' title='bbox 577 4980 590 5015; x_wconf 90' lang='lat'><strong>:</strong></span> <span class='ocrx_word' id='word_1_421' title='bbox 637 4960 1002 5017; x_wconf 68' lang='lat' dir='ltr'><strong>testimonlum</strong></span> <span class='ocrx_word' id='word_1_422' title='bbox 1051 4970 1196 5014; x_wconf 87' lang='lat' dir='ltr'><strong>tuum</strong></span> <span class='ocrx_word' id='word_1_423' title='bbox 1246 4974 1352 5014; x_wconf 89' lang='lat' dir='ltr'><strong>non</strong></span> <span class='ocrx_word' id='word_1_424' title='bbox 1398 4970 1482 5014; x_wconf 85' lang='lat' dir='ltr'><strong>est</strong></span> <span class='ocrx_word' id='word_1_425' title='bbox 1521 4974 1730 5017; x_wconf 86' lang='lat' dir='ltr'><strong>verum.</strong></span> <span class='ocrx_word' id='word_1_426' title='bbox 1762 4962 1865 5019; x_wconf 80' lang='lat' dir='ltr'><strong>Re-</strong></span> 
     </span>
    </p>
   </div>
   <div class='ocr_carea' id='block_1_55' title="bbox 373 5140 1864 5218">
    <p class='ocr_par' dir='ltr' id='par_1_55' title="bbox 373 5140 1864 5218">
     <span class='ocr_line' id='line_1_55' title="bbox 373 5140 1864 5218; baseline 0.001 -23"><span class='ocrx_word' id='word_1_427' title='bbox 373 5141 499 5218; x_wconf 40' lang='grc' dir='ltr'><strong>’,ξζιΔ</strong></span> <span class='ocrx_word' id='word_1_428' title='bbox 531 5140 859 5218; x_wconf 80' lang='lat' dir='ltr'><strong>ita_quidem</strong></span> <span class='ocrx_word' id='word_1_429' title='bbox 901 5150 1075 5218; x_wconf 76' lang='lat' dir='ltr'><strong>textus</strong></span> <span class='ocrx_word' id='word_1_430' title='bbox 1103 5141 1393 5197; x_wconf 85' lang='lat' dir='ltr'><strong>hodiernus</strong></span> <span class='ocrx_word' id='word_1_431' title='bbox 1417 5160 1438 5218; x_wconf 92' lang='lat'><strong>_:</strong></span> <span class='ocrx_word' id='word_1_432' title='bbox 1472 5144 1734 5218; x_wconf 74' lang='grc' dir='ltr'><strong>ἐρεύνησον</strong></span> <span class='ocrx_word' id='word_1_433' title='bbox 1776 5151 1864 5202; x_wconf 73' lang='grc' dir='ltr'><strong>καὶ</strong></span> 
     </span>
    </p>
   </div>
   <div class='ocr_carea' id='block_1_56' title="bbox 313 5207 1863 5285">
    <p class='ocr_par' dir='ltr' id='par_1_56' title="bbox 313 5207 1863 5285">
     <span class='ocr_line' id='line_1_56' title="bbox 313 5207 1863 5285; baseline 0.004 -20"><span class='ocrx_word' id='word_1_434' title='bbox 313 5207 391 5285; x_wconf 69' lang='lat'><strong>8:.</strong></span> <span class='ocrx_word' id='word_1_435' title='bbox 416 5212 579 5285; x_wconf 54' lang='lat' dir='ltr'><strong>Vulg,</strong></span> <span class='ocrx_word' id='word_1_436' title='bbox 603 5207 1167 5285; x_wconf 47' lang='lat' dir='ltr'><strong>Scrtuarefrripmras,</strong></span> <span class='ocrx_word' id='word_1_437' title='bbox 1189 5207 1644 5285; x_wconf 70' lang='lat' dir='ltr'><strong>consentientibus</strong></span> <span class='ocrx_word' id='word_1_438' title='bbox 1663 5218 1863 5285; x_wconf 75' lang='lat' dir='ltr'><strong>alquot</strong></span> 
     </span>
    </p>
   </div>
   <div class='ocr_carea' id='block_1_57' title="bbox 314 5281 1864 5351">
    <p class='ocr_par' dir='ltr' id='par_1_57' title="bbox 314 5281 1864 5351">
     <span class='ocr_line' id='line_1_57' title="bbox 314 5281 1864 5351; baseline 0.006 -18"><span class='ocrx_word' id='word_1_439' title='bbox 314 5283 447 5335; x_wconf 74' lang='lat' dir='ltr'><strong>codd.</strong></span> <span class='ocrx_word' id='word_1_440' title='bbox 479 5281 569 5336; x_wconf 73' lang='lat' dir='ltr'><strong>Gr.</strong></span> <span class='ocrx_word' id='word_1_441' title='bbox 595 5323 609 5346; x_wconf 83' lang='lat'><strong>,</strong></span> <span class='ocrx_word' id='word_1_442' title='bbox 643 5282 805 5351; x_wconf 76' lang='lat' dir='ltr'><strong>lteg.,</strong></span> <span class='ocrx_word' id='word_1_443' title='bbox 837 5281 991 5335; x_wconf 86' lang='lat' dir='ltr'><strong>Cant.</strong></span> <span class='ocrx_word' id='word_1_444' title='bbox 1022 5285 1092 5334; x_wconf 89' lang='lat' dir='ltr'><strong>al.</strong></span> <span class='ocrx_word' id='word_1_445' title='bbox 1118 5313 1186 5323; x_wconf 92' lang='lat'><strong>—-</strong></span> <span class='ocrx_word' id='word_1_446' title='bbox 1207 5284 1351 5338; x_wconf 78' lang='lat' dir='ltr'><strong>Multi</strong></span> <span class='ocrx_word' id='word_1_447' title='bbox 1386 5297 1559 5338; x_wconf 85' lang='lat' dir='ltr'><strong>tamen</strong></span> <span class='ocrx_word' id='word_1_448' title='bbox 1591 5287 1712 5339; x_wconf 87' lang='lat' dir='ltr'><strong>boni</strong></span> <span class='ocrx_word' id='word_1_449' title='bbox 1748 5281 1864 5343; x_wconf 84' lang='lat' dir='ltr'><strong>libri</strong></span> 
     </span>
    </p>
   </div>
   <div class='ocr_carea' id='block_1_58' title="bbox 316 5352 1716 5423">
    <p class='ocr_par' dir='ltr' id='par_1_58' title="bbox 316 5352 1716 5423">
     <span class='ocr_line' id='line_1_58' title="bbox 316 5352 1716 5423; baseline 0.005 -20"><span class='ocrx_word' id='word_1_450' title='bbox 316 5352 538 5423; x_wconf 86' lang='lat' dir='ltr'><strong>omittunt</strong></span> <span class='ocrx_word' id='word_1_451' title='bbox 564 5355 846 5419; x_wconf 74' lang='lat' dir='ltr'><strong>scripturas</strong></span> <span class='ocrx_word' id='word_1_452' title='bbox 866 5354 1011 5417; x_wconf 68' lang='lat' dir='ltr'><strong>juxta</strong></span> <span class='ocrx_word' id='word_1_453' title='bbox 1037 5354 1128 5407; x_wconf 79' lang='lat' dir='ltr'><strong>Gr.</strong></span> <span class='ocrx_word' id='word_1_454' title='bbox 1163 5363 1213 5408; x_wconf 91' lang='lat' dir='ltr'><strong>et</strong></span> <span class='ocrx_word' id='word_1_455' title='bbox 1241 5356 1365 5423; x_wconf 83' lang='lat' dir='ltr'><strong>Syr.</strong></span> <span class='ocrx_word' id='word_1_456' title='bbox 1392 5354 1519 5408; x_wconf 71' lang='grc' dir='ltr'><strong>[ιι-ο.</strong></span> <span class='ocrx_word' id='word_1_457' title='bbox 1554 5358 1716 5410; x_wconf 78' lang='lat' dir='ltr'><strong>Duco.</strong></span> 
     </span>
    </p>
   </div>
   <div class='ocr_carea' id='block_1_59' title="bbox 377 5422 1861 5492">
    <p class='ocr_par' dir='ltr' id='par_1_59' title="bbox 377 5422 1861 5492">
     <span class='ocr_line' id='line_1_59' title="bbox 377 5422 1861 5492; baseline 0.001 -16"><span class='ocrx_word' id='word_1_458' title='bbox 377 5422 399 5458; x_wconf 69' lang='grc' dir='ltr'>δ</span> <span class='ocrx_word' id='word_1_459' title='bbox 433 5423 545 5477; x_wconf 59' lang='grc' dir='ltr'><strong>ἣκει</strong></span> <span class='ocrx_word' id='word_1_460' title='bbox 590 5423 963 5492; x_wconf 75' lang='lat' dir='ltr'><strong>explicationis</strong></span> <span class='ocrx_word' id='word_1_461' title='bbox 1003 5439 1160 5477; x_wconf 84' lang='lat' dir='ltr'><strong>causa</strong></span> <span class='ocrx_word' id='word_1_462' title='bbox 1207 5422 1537 5489; x_wconf 75' lang='lat' dir='ltr'><strong>expressisse</strong></span> <span class='ocrx_word' id='word_1_463' title='bbox 1580 5429 1747 5491; x_wconf 82' lang='lat' dir='ltr'><strong>putuit</strong></span> <span class='ocrx_word' id='word_1_464' title='bbox 1778 5426 1861 5481; x_wconf 70' lang='lat' dir='ltr'><strong>iu-</strong></span> 
     </span>
    </p>
   </div>
   <div class='ocr_carea' id='block_1_60' title="bbox 320 5493 1866 5570">
    <p class='ocr_par' dir='ltr' id='par_1_60' title="bbox 320 5493 1866 5570">
     <span class='ocr_line' id='line_1_60' title="bbox 320 5493 1866 5570; baseline 0.006 -28"><span class='ocrx_word' id='word_1_465' title='bbox 320 5496 515 5561; x_wconf 72' lang='lat' dir='ltr'><strong>trrpres.</strong></span> <span class='ocrx_word' id='word_1_466' title='bbox 548 5494 677 5548; x_wconf 80' lang='lat' dir='ltr'><strong>Nam</strong></span> <span class='ocrx_word' id='word_1_467' title='bbox 706 5494 799 5549; x_wconf 82' lang='lat' dir='ltr'><strong>Gr.</strong></span> <span class='ocrx_word' id='word_1_468' title='bbox 821 5493 991 5570; x_wconf 59' lang='grc' dir='ltr'><strong>,παρ’</strong></span> <span class='ocrx_word' id='word_1_469' title='bbox 1034 5497 1211 5550; x_wconf 62' lang='grc' dir='ltr'><strong>αὑτοῦ.</strong></span> <span class='ocrx_word' id='word_1_470' title='bbox 1254 5496 1343 5551; x_wconf 84' lang='lat' dir='ltr'><strong>Sic</strong></span> <span class='ocrx_word' id='word_1_471' title='bbox 1372 5498 1533 5551; x_wconf 84' lang='lat' dir='ltr'><strong>etiam</strong></span> <span class='ocrx_word' id='word_1_472' title='bbox 1570 5497 1720 5565; x_wconf 79' lang='lat' dir='ltr'><strong>Vulg.</strong></span> <span class='ocrx_word' id='word_1_473' title='bbox 1746 5540 1760 5560; x_wconf 92' lang='lat'><strong>,</strong></span> <span class='ocrx_word' id='word_1_474' title='bbox 1803 5504 1866 5552; x_wconf 85' lang='lat' dir='ltr'><strong>ab</strong></span> 
     </span>
    </p>
   </div>
   <div class='ocr_carea' id='block_1_61' title="bbox 316 5575 384 5614">
    <p class='ocr_par' dir='ltr' id='par_1_61' title="bbox 316 5575 384 5614">
     <span class='ocr_line' id='line_1_61' title="bbox 316 5575 384 5614; baseline 0.059 -4"><span class='ocrx_word' id='word_1_475' title='bbox 316 5575 384 5614; x_wconf 75' lang='lat' dir='ltr'><strong>eo.</strong></span> 
     </span>
    </p>
   </div>
   <div class='ocr_carea' id='block_1_62' title="bbox 381 5632 1865 5706">
    <p class='ocr_par' dir='ltr' id='par_1_62' title="bbox 381 5632 1865 5706">
     <span class='ocr_line' id='line_1_62' title="bbox 381 5632 1865 5706; baseline 0.002 -19"><span class='ocrx_word' id='word_1_476' title='bbox 381 5640 402 5668; x_wconf 73' lang='grc' dir='ltr'><strong>ε</strong></span> <span class='ocrx_word' id='word_1_477' title='bbox 439 5632 625 5688; x_wconf 77' lang='lat' dir='ltr'><strong>Eadem</strong></span> <span class='ocrx_word' id='word_1_478' title='bbox 654 5634 812 5706; x_wconf 77' lang='lat' dir='ltr'><strong>lectio</strong></span> <span class='ocrx_word' id='word_1_479' title='bbox 836 5632 1159 5702; x_wconf 73' lang='lat' dir='ltr'><strong>ettm&#39;Vulg.,</strong></span> <span class='ocrx_word' id='word_1_480' title='bbox 1188 5635 1272 5691; x_wconf 87' lang='lat' dir='ltr'><strong>ubi</strong></span> <span class='ocrx_word' id='word_1_481' title='bbox 1299 5644 1475 5689; x_wconf 87' lang='lat' dir='ltr'><strong>tamen</strong></span> <span class='ocrx_word' id='word_1_482' title='bbox 1506 5637 1729 5706; x_wconf 75' lang='lat' dir='ltr'><strong>legimus</strong></span> <span class='ocrx_word' id='word_1_483' title='bbox 1763 5636 1865 5690; x_wconf 80' lang='lat' dir='ltr'><strong>Pa-</strong></span> 
     </span>
    </p>
   </div>
   <div class='ocr_carea' id='block_1_63' title="bbox 320 5704 1861 5780">
    <p class='ocr_par' dir='ltr' id='par_1_63' title="bbox 320 5704 1861 5780">
     <span class='ocr_line' id='line_1_63' title="bbox 320 5704 1861 5780; baseline 0.008 -28"><span class='ocrx_word' id='word_1_484' title='bbox 320 5708 424 5754; x_wconf 75' lang='lat' dir='ltr'><strong>trem</strong></span> <span class='ocrx_word' id='word_1_485' title='bbox 463 5708 564 5771; x_wconf 73' lang='lat' dir='ltr'><strong>ejus</strong></span> <span class='ocrx_word' id='word_1_486' title='bbox 608 5707 661 5761; x_wconf 86' lang='lat' dir='ltr'><strong>d.</strong></span> <span class='ocrx_word' id='word_1_487' title='bbox 713 5704 778 5759; x_wconf 87' lang='grc' dir='ltr'><strong>Ι).</strong></span> <span class='ocrx_word' id='word_1_488' title='bbox 825 5706 955 5761; x_wconf 84' lang='lat' dir='ltr'><strong>Hinc</strong></span> <span class='ocrx_word' id='word_1_489' title='bbox 994 5707 1235 5775; x_wconf 75' lang='lat' dir='ltr'><strong>suspicor</strong></span> <span class='ocrx_word' id='word_1_490' title='bbox 1280 5704 1861 5780; x_wconf 25' lang='lat' dir='ltr'><strong>ViCIOI‘t:IIIV$Cl&#39;lp&gt;iSSt:</strong></span> 
     </span>
    </p>
   </div>
   <div class='ocr_carea' id='block_1_64' title="bbox 1966 444 3542 516">
    <p class='ocr_par' dir='ltr' id='par_1_64' title="bbox 1966 444 3542 516">
     <span class='ocr_line' id='line_1_64' title="bbox 1966 444 3542 516; baseline -0.004 -13"><span class='ocrx_word' id='word_1_491' title='bbox 1966 449 2222 516; x_wconf 84' lang='lat' dir='ltr'><strong>perhibeo</strong></span> <span class='ocrx_word' id='word_1_492' title='bbox 2245 447 2313 501; x_wconf 87' lang='lat' dir='ltr'><strong>de</strong></span> <span class='ocrx_word' id='word_1_493' title='bbox 2340 462 2424 502; x_wconf 89' lang='lat' dir='ltr'><strong>me</strong></span> <span class='ocrx_word' id='word_1_494' title='bbox 2450 446 2589 515; x_wconf 77' lang='lat' dir='ltr'><strong>ipso,</strong></span> <span class='ocrx_word' id='word_1_495' title='bbox 2615 461 2798 500; x_wconf 86' lang='lat' dir='ltr'><strong>verum</strong></span> <span class='ocrx_word' id='word_1_496' title='bbox 2822 456 2903 499; x_wconf 88' lang='lat' dir='ltr'><strong>est</strong></span> <span class='ocrx_word' id='word_1_497' title='bbox 2931 444 3289 499; x_wconf 84' lang='lat' dir='ltr'><strong>testimonium</strong></span> <span class='ocrx_word' id='word_1_498' title='bbox 3321 459 3498 498; x_wconf 90' lang='lat' dir='ltr'><strong>meum</strong></span> <span class='ocrx_word' id='word_1_499' title='bbox 3527 460 3542 497; x_wconf 89' lang='lat'><strong>:</strong></span> 
     </span>
    </p>
   </div>
   <div class='ocr_carea' id='block_1_65' title="bbox 1960 535 3546 610">
    <p class='ocr_par' dir='ltr' id='par_1_65' title="bbox 1960 535 3546 610">
     <span class='ocr_line' id='line_1_65' title="bbox 1960 535 3546 610; baseline -0.004 -16"><span class='ocrx_word' id='word_1_500' title='bbox 1960 541 2084 610; x_wconf 82' lang='lat' dir='ltr'><strong>quia</strong></span> <span class='ocrx_word' id='word_1_501' title='bbox 2131 542 2244 596; x_wconf 90' lang='lat' dir='ltr'><strong>scio</strong></span> <span class='ocrx_word' id='word_1_502' title='bbox 2288 541 2429 594; x_wconf 90' lang='lat' dir='ltr'><strong>unde</strong></span> <span class='ocrx_word' id='word_1_503' title='bbox 2472 540 2631 603; x_wconf 81' lang='lat' dir='ltr'><strong>veni,</strong></span> <span class='ocrx_word' id='word_1_504' title='bbox 2664 546 2718 592; x_wconf 90' lang='lat' dir='ltr'><strong>et</strong></span> <span class='ocrx_word' id='word_1_505' title='bbox 2757 552 2862 606; x_wconf 93' lang='lat' dir='ltr'><strong>quo</strong></span> <span class='ocrx_word' id='word_1_506' title='bbox 2894 535 3031 590; x_wconf 84' lang='lat' dir='ltr'><strong>vado</strong></span> <span class='ocrx_word' id='word_1_507' title='bbox 3065 553 3078 565; x_wconf 84' lang='lat'><strong>-</strong></span> <span class='ocrx_word' id='word_1_508' title='bbox 3116 551 3213 590; x_wconf 86' lang='lat' dir='ltr'><strong>vos</strong></span> <span class='ocrx_word' id='word_1_509' title='bbox 3243 545 3420 589; x_wconf 84' lang='lat' dir='ltr'><strong>autem</strong></span> <span class='ocrx_word' id='word_1_510' title='bbox 3450 550 3546 589; x_wconf 80' lang='lat' dir='ltr'><strong>ne-</strong></span> 
     </span>
    </p>
   </div>
   <div class='ocr_carea' id='block_1_66' title="bbox 1961 627 3546 699">
    <p class='ocr_par' dir='ltr' id='par_1_66' title="bbox 1961 627 3546 699">
     <span class='ocr_line' id='line_1_66' title="bbox 1961 627 3546 699; baseline -0.005 -12"><span class='ocrx_word' id='word_1_511' title='bbox 1961 632 2110 687; x_wconf 79' lang='lat' dir='ltr'><strong>scitis</strong></span> <span class='ocrx_word' id='word_1_512' title='bbox 2148 632 2289 685; x_wconf 88' lang='lat' dir='ltr'><strong>unde</strong></span> <span class='ocrx_word' id='word_1_513' title='bbox 2318 631 2494 697; x_wconf 86' lang='lat' dir='ltr'><strong>venio,</strong></span> <span class='ocrx_word' id='word_1_514' title='bbox 2530 640 2619 683; x_wconf 90' lang='lat' dir='ltr'><strong>aut</strong></span> <span class='ocrx_word' id='word_1_515' title='bbox 2648 644 2755 699; x_wconf 89' lang='lat' dir='ltr'><strong>quo</strong></span> <span class='ocrx_word' id='word_1_516' title='bbox 2785 629 2940 683; x_wconf 83' lang='lat' dir='ltr'><strong>vado.</strong></span> <span class='ocrx_word' id='word_1_517' title='bbox 2974 627 3081 682; x_wconf 83' lang='lat' dir='ltr'><strong>Vos</strong></span> <span class='ocrx_word' id='word_1_518' title='bbox 3109 627 3399 681; x_wconf 81' lang='lat' dir='ltr'><strong>secundum</strong></span> <span class='ocrx_word' id='word_1_519' title='bbox 3428 642 3546 680; x_wconf 71' lang='lat' dir='ltr'><strong>catt-</strong></span> 
     </span>
    </p>
   </div>
   <div class='ocr_carea' id='block_1_67' title="bbox 1964 718 3547 791">
    <p class='ocr_par' dir='ltr' id='par_1_67' title="bbox 1964 718 3547 791">
     <span class='ocr_line' id='line_1_67' title="bbox 1964 718 3547 791; baseline -0.003 -14"><span class='ocrx_word' id='word_1_520' title='bbox 1964 738 2083 777; x_wconf 75' lang='lat' dir='ltr'><strong>nrm</strong></span> <span class='ocrx_word' id='word_1_521' title='bbox 2108 722 2361 791; x_wconf 82' lang='lat' dir='ltr'><strong>judicatis</strong></span> <span class='ocrx_word' id='word_1_522' title='bbox 2391 740 2404 776; x_wconf 92' lang='lat'><strong>:</strong></span> <span class='ocrx_word' id='word_1_523' title='bbox 2434 736 2535 789; x_wconf 82' lang='lat' dir='ltr'><strong>ego</strong></span> <span class='ocrx_word' id='word_1_524' title='bbox 2567 736 2667 774; x_wconf 84' lang='lat' dir='ltr'><strong>non</strong></span> <span class='ocrx_word' id='word_1_525' title='bbox 2698 720 2879 789; x_wconf 78' lang='lat' dir='ltr'><strong>judico</strong></span> <span class='ocrx_word' id='word_1_526' title='bbox 2914 734 3256 789; x_wconf 83' lang='lat' dir='ltr'><strong>quemquam.</strong></span> <span class='ocrx_word' id='word_1_527' title='bbox 3299 720 3363 772; x_wconf 83' lang='lat' dir='ltr'><strong>Et</strong></span> <span class='ocrx_word' id='word_1_528' title='bbox 3388 721 3430 773; x_wconf 76' lang='lat' dir='ltr'><strong>si</strong></span> <span class='ocrx_word' id='word_1_529' title='bbox 3458 718 3547 788; x_wconf 80' lang='lat' dir='ltr'><strong>ju-</strong></span> 
     </span>
    </p>
   </div>
   <div class='ocr_carea' id='block_1_68' title="bbox 1962 811 3548 881">
    <p class='ocr_par' dir='ltr' id='par_1_68' title="bbox 1962 811 3548 881">
     <span class='ocr_line' id='line_1_68' title="bbox 1962 811 3548 881; baseline -0.002 -15"><span class='ocrx_word' id='word_1_530' title='bbox 1962 812 2084 866; x_wconf 88' lang='lat' dir='ltr'><strong>dico</strong></span> <span class='ocrx_word' id='word_1_531' title='bbox 2114 827 2234 881; x_wconf 90' lang='lat' dir='ltr'><strong>ego,</strong></span> <span class='ocrx_word' id='word_1_532' title='bbox 2262 812 2520 881; x_wconf 85' lang='lat' dir='ltr'><strong>judicium</strong></span> <span class='ocrx_word' id='word_1_533' title='bbox 2553 828 2729 864; x_wconf 77' lang='lat' dir='ltr'><strong>meum</strong></span> <span class='ocrx_word' id='word_1_534' title='bbox 2763 826 2946 865; x_wconf 80' lang='lat' dir='ltr'><strong>verum</strong></span> <span class='ocrx_word' id='word_1_535' title='bbox 2978 820 3081 875; x_wconf 88' lang='lat' dir='ltr'><strong>est,</strong></span> <span class='ocrx_word' id='word_1_536' title='bbox 3115 813 3235 879; x_wconf 86' lang='lat' dir='ltr'><strong>quia</strong></span> <span class='ocrx_word' id='word_1_537' title='bbox 3264 811 3411 864; x_wconf 79' lang='lat' dir='ltr'><strong>solus</strong></span> <span class='ocrx_word' id='word_1_538' title='bbox 3444 826 3548 863; x_wconf 82' lang='lat' dir='ltr'><strong>non</strong></span> 
     </span>
    </p>
   </div>
   <div class='ocr_carea' id='block_1_69' title="bbox 1963 902 3583 972">
    <p class='ocr_par' dir='ltr' id='par_1_69' title="bbox 1963 902 3583 972">
     <span class='ocr_line' id='line_1_69' title="bbox 1963 902 3583 972; baseline -0.003 -16"><span class='ocrx_word' id='word_1_539' title='bbox 1963 917 2113 967; x_wconf 88' lang='lat' dir='ltr'><strong>sum;</strong></span> <span class='ocrx_word' id='word_1_540' title='bbox 2137 903 2230 958; x_wconf 87' lang='lat' dir='ltr'><strong>sed</strong></span> <span class='ocrx_word' id='word_1_541' title='bbox 2254 918 2353 972; x_wconf 84' lang='lat' dir='ltr'><strong>ego</strong></span> <span class='ocrx_word' id='word_1_542' title='bbox 2372 912 2425 958; x_wconf 91' lang='lat' dir='ltr'><strong>et</strong></span> <span class='ocrx_word' id='word_1_543' title='bbox 2444 905 2531 972; x_wconf 91' lang='lat' dir='ltr'><strong>qui</strong></span> <span class='ocrx_word' id='word_1_544' title='bbox 2558 904 2703 956; x_wconf 87' lang='lat' dir='ltr'><strong>misit</strong></span> <span class='ocrx_word' id='word_1_545' title='bbox 2725 918 2833 969; x_wconf 75' lang='lat' dir='ltr'><strong>me,</strong></span> <span class='ocrx_word' id='word_1_546' title='bbox 2859 902 3035 957; x_wconf 84' lang='lat' dir='ltr'><strong>Pater.</strong></span> <span class='ocrx_word' id='word_1_547' title='bbox 3060 904 3125 956; x_wconf 84' lang='lat' dir='ltr'><strong>Et</strong></span> <span class='ocrx_word' id='word_1_548' title='bbox 3148 906 3201 955; x_wconf 89' lang='lat' dir='ltr'><strong>in</strong></span> <span class='ocrx_word' id='word_1_549' title='bbox 3232 902 3347 969; x_wconf 82' lang='lat' dir='ltr'><strong>lege</strong></span> <span class='ocrx_word' id='word_1_550' title='bbox 3374 911 3549 955; x_wconf 78' lang='lat' dir='ltr'><strong>vestra</strong></span> <span class='ocrx_word' id='word_1_551' title='bbox 3576 968 3583 972; x_wconf 28' lang='grc' dir='ltr'><strong><em>ν</em></strong></span> 
     </span>
    </p>
   </div>
   <div class='ocr_carea' id='block_1_70' title="bbox 1964 997 3551 1065">
    <p class='ocr_par' dir='ltr' id='par_1_70' title="bbox 1964 997 3551 1065">
     <span class='ocr_line' id='line_1_70' title="bbox 1964 997 3551 1065; baseline -0.003 -13"><span class='ocrx_word' id='word_1_552' title='bbox 1964 998 2224 1065; x_wconf 89' lang='lat' dir='ltr'><strong>scriptum</strong></span> <span class='ocrx_word' id='word_1_553' title='bbox 2254 1007 2339 1052; x_wconf 86' lang='lat' dir='ltr'><strong>est</strong></span> <span class='ocrx_word' id='word_1_554' title='bbox 2386 1014 2400 1050; x_wconf 89' lang='lat'><strong>:</strong></span> <span class='ocrx_word' id='word_1_555' title='bbox 2443 998 2578 1062; x_wconf 85' lang='lat' dir='ltr'><strong>Quia</strong></span> <span class='ocrx_word' id='word_1_556' title='bbox 2619 997 2843 1050; x_wconf 85' lang='lat' dir='ltr'><strong>duorum</strong></span> <span class='ocrx_word' id='word_1_557' title='bbox 2877 997 3150 1052; x_wconf 83' lang='lat' dir='ltr'><strong>hominum</strong></span> <span class='ocrx_word' id='word_1_558' title='bbox 3186 997 3551 1051; x_wconf 68' lang='lat' dir='ltr'><strong>testimonium</strong></span> 
     </span>
    </p>
   </div>
   <div class='ocr_carea' id='block_1_71' title="bbox 1963 1085 3553 1159">
    <p class='ocr_par' dir='ltr' id='par_1_71' title="bbox 1963 1085 3553 1159">
     <span class='ocr_line' id='line_1_71' title="bbox 1963 1085 3553 1159; baseline -0.002 -18"><span class='ocrx_word' id='word_1_559' title='bbox 1963 1105 2148 1142; x_wconf 85' lang='lat' dir='ltr'><strong>verum</strong></span> <span class='ocrx_word' id='word_1_560' title='bbox 2181 1099 2261 1144; x_wconf 89' lang='lat' dir='ltr'><strong>est</strong></span> <span class='ocrx_word' id='word_1_561' title='bbox 2298 1088 2477 1159; x_wconf 85' lang='lat' dir='ltr'><strong>(Deut.</strong></span> <span class='ocrx_word' id='word_1_562' title='bbox 2512 1103 2643 1147; x_wconf 79' lang='lat' dir='ltr'><strong>xm,</strong></span> <span class='ocrx_word' id='word_1_563' title='bbox 2675 1088 2742 1151; x_wconf 80' lang='lat'><strong>6;</strong></span> <span class='ocrx_word' id='word_1_564' title='bbox 2780 1102 2893 1151; x_wconf 71' lang='lat' dir='ltr'><strong>xIx,</strong></span> <span class='ocrx_word' id='word_1_565' title='bbox 2929 1086 3038 1155; x_wconf 79' lang='lat' dir='ltr'><strong>l5).</strong></span> <span class='ocrx_word' id='word_1_566' title='bbox 3074 1087 3182 1155; x_wconf 52' lang='lat' dir='ltr'><strong>ligo</strong></span> <span class='ocrx_word' id='word_1_567' title='bbox 3208 1102 3322 1139; x_wconf 88' lang='lat' dir='ltr'><strong>smn</strong></span> <span class='ocrx_word' id='word_1_568' title='bbox 3355 1085 3445 1153; x_wconf 91' lang='lat' dir='ltr'><strong>qui</strong></span> <span class='ocrx_word' id='word_1_569' title='bbox 3477 1095 3553 1138; x_wconf 82' lang='lat' dir='ltr'><strong>te-</strong></span> 
     </span>
    </p>
   </div>
   <div class='ocr_carea' id='block_1_72' title="bbox 1964 1178 3553 1248">
    <p class='ocr_par' dir='ltr' id='par_1_72' title="bbox 1964 1178 3553 1248">
     <span class='ocr_line' id='line_1_72' title="bbox 1964 1178 3553 1248; baseline -0.003 -13"><span class='ocrx_word' id='word_1_570' title='bbox 1964 1180 2274 1235; x_wconf 74' lang='lat' dir='ltr'><strong>alimonium</strong></span> <span class='ocrx_word' id='word_1_571' title='bbox 2328 1179 2578 1248; x_wconf 78' lang='lat' dir='ltr'><strong>perhibeu</strong></span> <span class='ocrx_word' id='word_1_572' title='bbox 2626 1179 2692 1233; x_wconf 89' lang='lat' dir='ltr'><strong>de</strong></span> <span class='ocrx_word' id='word_1_573' title='bbox 2744 1194 2830 1231; x_wconf 90' lang='lat' dir='ltr'><strong>me</strong></span> <span class='ocrx_word' id='word_1_574' title='bbox 2874 1180 2991 1246; x_wconf 85' lang='lat' dir='ltr'><strong>ipso</strong></span> <span class='ocrx_word' id='word_1_575' title='bbox 3044 1194 3060 1231; x_wconf 91' lang='lat'><strong>:</strong></span> <span class='ocrx_word' id='word_1_576' title='bbox 3103 1188 3155 1232; x_wconf 89' lang='lat' dir='ltr'><strong>et</strong></span> <span class='ocrx_word' id='word_1_577' title='bbox 3190 1178 3553 1231; x_wconf 84' lang='lat' dir='ltr'><strong>testimonium</strong></span> 
     </span>
    </p>
   </div>
   <div class='ocr_carea' id='block_1_73' title="bbox 1966 1267 3551 1339">
    <p class='ocr_par' dir='ltr' id='par_1_73' title="bbox 1966 1267 3551 1339">
     <span class='ocr_line' id='line_1_73' title="bbox 1966 1267 3551 1339; baseline -0.004 -16"><span class='ocrx_word' id='word_1_578' title='bbox 1966 1271 2209 1339; x_wconf 85' lang='lat' dir='ltr'><strong>perhibet</strong></span> <span class='ocrx_word' id='word_1_579' title='bbox 2235 1271 2299 1323; x_wconf 88' lang='lat' dir='ltr'><strong>de</strong></span> <span class='ocrx_word' id='word_1_580' title='bbox 2330 1286 2437 1333; x_wconf 84' lang='lat' dir='ltr'><strong>me,</strong></span> <span class='ocrx_word' id='word_1_581' title='bbox 2469 1270 2557 1338; x_wconf 90' lang='lat' dir='ltr'><strong>qui</strong></span> <span class='ocrx_word' id='word_1_582' title='bbox 2592 1270 2737 1322; x_wconf 86' lang='lat' dir='ltr'><strong>misit</strong></span> <span class='ocrx_word' id='word_1_583' title='bbox 2779 1284 2884 1335; x_wconf 86' lang='lat' dir='ltr'><strong>me,</strong></span> <span class='ocrx_word' id='word_1_584' title='bbox 2920 1269 3093 1322; x_wconf 87' lang='lat' dir='ltr'><strong>Pa.er.</strong></span> <span class='ocrx_word' id='word_1_585' title='bbox 3140 1267 3397 1321; x_wconf 84' lang='lat' dir='ltr'><strong>Dicebant</strong></span> <span class='ocrx_word' id='word_1_586' title='bbox 3425 1282 3551 1334; x_wconf 71' lang='lat' dir='ltr'><strong>ergo</strong></span> 
     </span>
    </p>
   </div>
   <div class='ocr_carea' id='block_1_74' title="bbox 1964 1358 3553 1430">
    <p class='ocr_par' dir='ltr' id='par_1_74' title="bbox 1964 1358 3553 1430">
     <span class='ocr_line' id='line_1_74' title="bbox 1964 1358 3553 1430; baseline -0.002 -14"><span class='ocrx_word' id='word_1_587' title='bbox 1964 1363 2011 1416; x_wconf 88' lang='lat' dir='ltr'><strong>ci</strong></span> <span class='ocrx_word' id='word_1_588' title='bbox 2045 1380 2057 1414; x_wconf 90' lang='lat'><strong>:</strong></span> <span class='ocrx_word' id='word_1_589' title='bbox 2090 1362 2183 1416; x_wconf 88' lang='lat' dir='ltr'><strong>Ubi</strong></span> <span class='ocrx_word' id='word_1_590' title='bbox 2216 1371 2301 1416; x_wconf 65' lang='lat' dir='ltr'><strong>est</strong></span> <span class='ocrx_word' id='word_1_591' title='bbox 2332 1373 2480 1430; x_wconf 82' lang='lat' dir='ltr'><strong>pater</strong></span> <span class='ocrx_word' id='word_1_592' title='bbox 2508 1362 2666 1414; x_wconf 80' lang='lat' dir='ltr'><strong>tuus?</strong></span> <span class='ocrx_word' id='word_1_593' title='bbox 2700 1360 2991 1427; x_wconf 61' lang='lat' dir='ltr'><strong>lte~pondit</strong></span> <span class='ocrx_word' id='word_1_594' title='bbox 3022 1358 3176 1413; x_wconf 69' lang='lat' dir='ltr'><strong>Jt‘Stts</strong></span> <span class='ocrx_word' id='word_1_595' title='bbox 3213 1376 3227 1412; x_wconf 89' lang='lat'><strong>:</strong></span> <span class='ocrx_word' id='word_1_596' title='bbox 3257 1358 3295 1412; x_wconf 83' lang='lat' dir='ltr'><strong>N</strong></span> <span class='ocrx_word' id='word_1_597' title='bbox 3333 1372 3435 1426; x_wconf 89' lang='lat' dir='ltr'><strong>que</strong></span> <span class='ocrx_word' id='word_1_598' title='bbox 3466 1372 3553 1413; x_wconf 84' lang='lat' dir='ltr'><strong>me</strong></span> 
     </span>
    </p>
   </div>
   <div class='ocr_carea' id='block_1_75' title="bbox 1964 1449 3550 1522">
    <p class='ocr_par' dir='ltr' id='par_1_75' title="bbox 1964 1449 3550 1522">
     <span class='ocr_line' id='line_1_75' title="bbox 1964 1449 3550 1522; baseline -0.004 -15"><span class='ocrx_word' id='word_1_599' title='bbox 1964 1453 2140 1515; x_wconf 79' lang='lat' dir='ltr'><strong>sciis,</strong></span> <span class='ocrx_word' id='word_1_600' title='bbox 2184 1470 2354 1522; x_wconf 69' lang='lat' dir='ltr'><strong>tuque</strong></span> <span class='ocrx_word' id='word_1_601' title='bbox 2385 1453 2594 1506; x_wconf 64' lang='lat' dir='ltr'><strong>Patrem</strong></span> <span class='ocrx_word' id='word_1_602' title='bbox 2630 1469 2827 1505; x_wconf 74' lang='lat' dir='ltr'><strong>meum.</strong></span> <span class='ocrx_word' id='word_1_603' title='bbox 2858 1452 2913 1506; x_wconf 88' lang='lat' dir='ltr'><strong>Si</strong></span> <span class='ocrx_word' id='word_1_604' title='bbox 2952 1467 3036 1504; x_wconf 90' lang='lat' dir='ltr'><strong>me</strong></span> <span class='ocrx_word' id='word_1_605' title='bbox 3071 1450 3298 1516; x_wconf 77' lang='lat' dir='ltr'><strong>sciretis,</strong></span> <span class='ocrx_word' id='word_1_606' title='bbox 3330 1449 3550 1503; x_wconf 79' lang='lat' dir='ltr'><strong>forsitan</strong></span> 
     </span>
    </p>
   </div>
   <div class='ocr_carea' id='block_1_76' title="bbox 1965 1540 3552 1608">
    <p class='ocr_par' dir='ltr' id='par_1_76' title="bbox 1965 1540 3552 1608">
     <span class='ocr_line' id='line_1_76' title="bbox 1965 1540 3552 1608; baseline -0.005 -10"><span class='ocrx_word' id='word_1_607' title='bbox 1965 1555 2017 1598; x_wconf 87' lang='lat' dir='ltr'><strong>et</strong></span> <span class='ocrx_word' id='word_1_608' title='bbox 2040 1543 2249 1599; x_wconf 87' lang='lat' dir='ltr'><strong>Patrem</strong></span> <span class='ocrx_word' id='word_1_609' title='bbox 2277 1559 2453 1599; x_wconf 88' lang='lat' dir='ltr'><strong>meum</strong></span> <span class='ocrx_word' id='word_1_610' title='bbox 2478 1543 2710 1598; x_wconf 63' lang='lat' dir='ltr'><strong>seiretés.</strong></span> <span class='ocrx_word' id='word_1_611' title='bbox 2733 1544 2885 1597; x_wconf 66' lang='lat' dir='ltr'><strong>Joas.</strong></span> <span class='ocrx_word' id='word_1_612' title='bbox 2914 1558 3029 1607; x_wconf 80' lang='lat' dir='ltr'><strong>vui,</strong></span> <span class='ocrx_word' id='word_1_613' title='bbox 3054 1541 3236 1595; x_wconf 70' lang='lat'>2159.</span> <span class='ocrx_word' id='word_1_614' title='bbox 3266 1542 3374 1608; x_wconf 68' lang='lat' dir='ltr'><strong>ligo</strong></span> <span class='ocrx_word' id='word_1_615' title='bbox 3396 1540 3552 1597; x_wconf 79' lang='lat' dir='ltr'><strong>vado,</strong></span> 
     </span>
    </p>
   </div>
   <div class='ocr_carea' id='block_1_77' title="bbox 1966 1632 3556 1704">
    <p class='ocr_par' dir='ltr' id='par_1_77' title="bbox 1966 1632 3556 1704">
     <span class='ocr_line' id='line_1_77' title="bbox 1966 1632 3556 1704; baseline -0.005 -16"><span class='ocrx_word' id='word_1_616' title='bbox 1966 1645 2018 1688; x_wconf 90' lang='lat' dir='ltr'><strong>et</strong></span> <span class='ocrx_word' id='word_1_617' title='bbox 2043 1635 2294 1704; x_wconf 62' lang='lat' dir='ltr'><strong>querelis</strong></span> <span class='ocrx_word' id='word_1_618' title='bbox 2327 1650 2431 1697; x_wconf 78' lang='lat' dir='ltr'><strong>me,</strong></span> <span class='ocrx_word' id='word_1_619' title='bbox 2462 1647 2512 1687; x_wconf 89' lang='lat' dir='ltr'><strong>et</strong></span> <span class='ocrx_word' id='word_1_620' title='bbox 2546 1634 2597 1686; x_wconf 88' lang='lat' dir='ltr'><strong>in</strong></span> <span class='ocrx_word' id='word_1_621' title='bbox 2635 1642 2851 1700; x_wconf 60' lang='lat' dir='ltr'><strong>peccat»</strong></span> <span class='ocrx_word' id='word_1_622' title='bbox 2879 1643 3056 1686; x_wconf 67' lang='lat' dir='ltr'><strong>vestro</strong></span> <span class='ocrx_word' id='word_1_623' title='bbox 3087 1633 3406 1685; x_wconf 89' lang='lat' dir='ltr'><strong>moriemini.</strong></span> <span class='ocrx_word' id='word_1_624' title='bbox 3439 1632 3556 1698; x_wconf 84' lang='lat' dir='ltr'><strong>Quo</strong></span> 
     </span>
    </p>
   </div>
   <div class='ocr_carea' id='block_1_78' title="bbox 1406 1723 3556 1798">
    <p class='ocr_par' dir='ltr' id='par_1_78' title="bbox 1406 1723 3556 1798">
     <span class='ocr_line' id='line_1_78' title="bbox 1406 1723 3556 1798; baseline -0.003 -18"><span class='ocrx_word' id='word_1_625' title='bbox 1406 1741 1498 1794; x_wconf 69' lang='lat' dir='ltr'><strong>sed</strong></span> <span class='ocrx_word' id='word_1_626' title='bbox 1528 1755 1686 1794; x_wconf 68' lang='lat' dir='ltr'><strong>nemo</strong></span> <span class='ocrx_word' id='word_1_627' title='bbox 1717 1740 1861 1792; x_wconf 56' lang='lat' dir='ltr'><strong>misi;</strong></span> <span class='ocrx_word' id='word_1_628' title='bbox 1892 1730 1936 1789; x_wconf 86' lang='grc' dir='ltr'><strong>Β</strong></span> <span class='ocrx_word' id='word_1_629' title='bbox 1965 1743 2063 1798; x_wconf 81' lang='lat' dir='ltr'><strong>ego</strong></span> <span class='ocrx_word' id='word_1_630' title='bbox 2088 1728 2246 1791; x_wconf 86' lang='lat' dir='ltr'><strong>vado,</strong></span> <span class='ocrx_word' id='word_1_631' title='bbox 2277 1742 2368 1781; x_wconf 85' lang='lat' dir='ltr'><strong>vos</strong></span> <span class='ocrx_word' id='word_1_632' title='bbox 2395 1742 2500 1780; x_wconf 86' lang='lat' dir='ltr'><strong>non</strong></span> <span class='ocrx_word' id='word_1_633' title='bbox 2537 1728 2756 1793; x_wconf 80' lang='lat' dir='ltr'><strong>potestis</strong></span> <span class='ocrx_word' id='word_1_634' title='bbox 2780 1727 2986 1778; x_wconf 85' lang='lat' dir='ltr'><strong>venire.</strong></span> <span class='ocrx_word' id='word_1_635' title='bbox 3023 1724 3279 1779; x_wconf 83' lang='lat' dir='ltr'><strong>Dicebant</strong></span> <span class='ocrx_word' id='word_1_636' title='bbox 3308 1740 3436 1790; x_wconf 77' lang='lat' dir='ltr'><strong>ergo</strong></span> <span class='ocrx_word' id='word_1_637' title='bbox 3461 1723 3556 1776; x_wconf 85' lang='lat' dir='ltr'><strong>Ju-</strong></span> 
     </span>
    </p>
   </div>
   <div class='ocr_carea' id='block_1_79' title="bbox 1969 1815 3552 1887">
    <p class='ocr_par' dir='ltr' id='par_1_79' title="bbox 1969 1815 3552 1887">
     <span class='ocr_line' id='line_1_79' title="bbox 1969 1815 3552 1887; baseline -0.005 -12"><span class='ocrx_word' id='word_1_638' title='bbox 1969 1820 2066 1875; x_wconf 60' lang='lat' dir='ltr'><strong>daei</strong></span> <span class='ocrx_word' id='word_1_639' title='bbox 2116 1836 2129 1871; x_wconf 90' lang='lat'><strong>:</strong></span> <span class='ocrx_word' id='word_1_640' title='bbox 2175 1819 2421 1887; x_wconf 84' lang='lat' dir='ltr'><strong>Nunquid</strong></span> <span class='ocrx_word' id='word_1_641' title='bbox 2473 1818 2757 1872; x_wconf 79' lang='lat' dir='ltr'><strong>interliciet</strong></span> <span class='ocrx_word' id='word_1_642' title='bbox 2799 1816 3178 1884; x_wconf 61' lang='lat' dir='ltr'><strong>semetipsum,</strong></span> <span class='ocrx_word' id='word_1_643' title='bbox 3222 1815 3344 1883; x_wconf 87' lang='lat' dir='ltr'><strong>quia</strong></span> <span class='ocrx_word' id='word_1_644' title='bbox 3377 1815 3552 1869; x_wconf 78' lang='lat' dir='ltr'><strong>dicit‘:</strong></span> 
     </span>
    </p>
   </div>
   <div class='ocr_carea' id='block_1_80' title="bbox 1967 1909 3560 1982">
    <p class='ocr_par' dir='ltr' id='par_1_80' title="bbox 1967 1909 3560 1982">
     <span class='ocr_line' id='line_1_80' title="bbox 1967 1909 3560 1982; baseline -0.003 -17"><span class='ocrx_word' id='word_1_645' title='bbox 1967 1911 2084 1977; x_wconf 85' lang='lat' dir='ltr'><strong>Quo</strong></span> <span class='ocrx_word' id='word_1_646' title='bbox 2111 1925 2212 1982; x_wconf 86' lang='lat' dir='ltr'><strong>ego</strong></span> <span class='ocrx_word' id='word_1_647' title='bbox 2241 1912 2405 1976; x_wconf 86' lang='lat' dir='ltr'><strong>vado,</strong></span> <span class='ocrx_word' id='word_1_648' title='bbox 2438 1926 2533 1965; x_wconf 68' lang='lat' dir='ltr'><strong>vos</strong></span> <span class='ocrx_word' id='word_1_649' title='bbox 2570 1927 2675 1963; x_wconf 89' lang='lat' dir='ltr'><strong>non</strong></span> <span class='ocrx_word' id='word_1_650' title='bbox 2717 1909 2943 1979; x_wconf 85' lang='lat' dir='ltr'><strong>potestis</strong></span> <span class='ocrx_word' id='word_1_651' title='bbox 2986 1910 3208 1964; x_wconf 84' lang='lat' dir='ltr'><strong>venire?</strong></span> <span class='ocrx_word' id='word_1_652' title='bbox 3240 1909 3302 1963; x_wconf 82' lang='lat' dir='ltr'><strong>Et</strong></span> <span class='ocrx_word' id='word_1_653' title='bbox 3343 1909 3560 1963; x_wconf 72' lang='lat' dir='ltr'><strong>dit-enat</strong></span> 
     </span>
    </p>
   </div>
   <div class='ocr_carea' id='block_1_81' title="bbox 1966 2001 3641 2071">
    <p class='ocr_par' dir='ltr' id='par_1_81' title="bbox 1966 2001 3641 2071">
     <span class='ocr_line' id='line_1_81' title="bbox 1966 2001 3641 2071; baseline -0.002 -14"><span class='ocrx_word' id='word_1_654' title='bbox 1966 2004 2046 2057; x_wconf 89' lang='lat' dir='ltr'><strong>eis</strong></span> <span class='ocrx_word' id='word_1_655' title='bbox 2072 2018 2086 2056; x_wconf 88' lang='lat'><strong>:</strong></span> <span class='ocrx_word' id='word_1_656' title='bbox 2121 2003 2223 2057; x_wconf 84' lang='lat' dir='ltr'><strong>Vos</strong></span> <span class='ocrx_word' id='word_1_657' title='bbox 2244 2001 2312 2057; x_wconf 87' lang='lat' dir='ltr'><strong>de</strong></span> <span class='ocrx_word' id='word_1_658' title='bbox 2336 2001 2584 2057; x_wconf 88' lang='lat' dir='ltr'><strong>deorsum</strong></span> <span class='ocrx_word' id='word_1_659' title='bbox 2610 2004 2759 2067; x_wconf 86' lang='lat' dir='ltr'><strong>estis,</strong></span> <span class='ocrx_word' id='word_1_660' title='bbox 2791 2017 2889 2070; x_wconf 66' lang='lat' dir='ltr'><strong>ego</strong></span> <span class='ocrx_word' id='word_1_661' title='bbox 2916 2001 2983 2056; x_wconf 89' lang='lat' dir='ltr'><strong>de</strong></span> <span class='ocrx_word' id='word_1_662' title='bbox 3012 2003 3259 2071; x_wconf 77' lang='lat' dir='ltr'><strong>supernis</strong></span> <span class='ocrx_word' id='word_1_663' title='bbox 3281 2018 3422 2056; x_wconf 87' lang='lat' dir='ltr'><strong>sum.</strong></span> <span class='ocrx_word' id='word_1_664' title='bbox 3454 2001 3560 2054; x_wconf 81' lang='lat' dir='ltr'><strong>Vos</strong></span> <span class='ocrx_word' id='word_1_665' title='bbox 3634 2040 3641 2045; x_wconf 78' lang='grc'>.</span> 
     </span>
    </p>
   </div>
   <div class='ocr_carea' id='block_1_82' title="bbox 1965 2095 3553 2164">
    <p class='ocr_par' dir='ltr' id='par_1_82' title="bbox 1965 2095 3553 2164">
     <span class='ocr_line' id='line_1_82' title="bbox 1965 2095 3553 2164; baseline -0.001 -14"><span class='ocrx_word' id='word_1_666' title='bbox 1965 2095 2034 2150; x_wconf 88' lang='lat' dir='ltr'><strong>de</strong></span> <span class='ocrx_word' id='word_1_667' title='bbox 2076 2095 2276 2150; x_wconf 87' lang='lat' dir='ltr'><strong>mundo</strong></span> <span class='ocrx_word' id='word_1_668' title='bbox 2323 2095 2425 2150; x_wconf 91' lang='lat' dir='ltr'><strong>hoc</strong></span> <span class='ocrx_word' id='word_1_669' title='bbox 2468 2096 2627 2159; x_wconf 83' lang='lat' dir='ltr'><strong>estis,</strong></span> <span class='ocrx_word' id='word_1_670' title='bbox 2677 2110 2780 2164; x_wconf 89' lang='lat' dir='ltr'><strong>ego</strong></span> <span class='ocrx_word' id='word_1_671' title='bbox 2811 2110 2915 2151; x_wconf 89' lang='lat' dir='ltr'><strong>non</strong></span> <span class='ocrx_word' id='word_1_672' title='bbox 2957 2109 3074 2149; x_wconf 90' lang='lat' dir='ltr'><strong>sum</strong></span> <span class='ocrx_word' id='word_1_673' title='bbox 3103 2096 3170 2150; x_wconf 88' lang='lat' dir='ltr'><strong>de</strong></span> <span class='ocrx_word' id='word_1_674' title='bbox 3203 2095 3246 2147; x_wconf 90' lang='lat' dir='ltr'><strong>b-</strong></span> <span class='ocrx_word' id='word_1_675' title='bbox 3272 2109 3302 2149; x_wconf 91' lang='lat' dir='ltr'><strong>c</strong></span> <span class='ocrx_word' id='word_1_676' title='bbox 3331 2095 3553 2149; x_wconf 74' lang='lat' dir='ltr'><strong>mundo.</strong></span> 
     </span>
    </p>
   </div>
   <div class='ocr_carea' id='block_1_83' title="bbox 1967 2184 3556 2255">
    <p class='ocr_par' dir='ltr' id='par_1_83' title="bbox 1967 2184 3556 2255">
     <span class='ocr_line' id='line_1_83' title="bbox 1967 2184 3556 2255; baseline -0.003 -15"><span class='ocrx_word' id='word_1_677' title='bbox 1967 2185 2083 2240; x_wconf 78' lang='lat' dir='ltr'><strong>Dixi</strong></span> <span class='ocrx_word' id='word_1_678' title='bbox 2105 2200 2234 2255; x_wconf 84' lang='lat' dir='ltr'><strong>ergo</strong></span> <span class='ocrx_word' id='word_1_679' title='bbox 2258 2186 2434 2250; x_wconf 83' lang='lat' dir='ltr'><strong>vobis,</strong></span> <span class='ocrx_word' id='word_1_680' title='bbox 2455 2186 2579 2255; x_wconf 81' lang='lat' dir='ltr'><strong>quia</strong></span> <span class='ocrx_word' id='word_1_681' title='bbox 2607 2187 2907 2239; x_wconf 73' lang='lat' dir='ltr'><strong>moriemini</strong></span> <span class='ocrx_word' id='word_1_682' title='bbox 2926 2186 2977 2238; x_wconf 89' lang='lat' dir='ltr'><strong>in</strong></span> <span class='ocrx_word' id='word_1_683' title='bbox 3000 2189 3231 2253; x_wconf 75' lang='lat' dir='ltr'><strong>peccatis</strong></span> <span class='ocrx_word' id='word_1_684' title='bbox 3255 2186 3471 2239; x_wconf 85' lang='lat' dir='ltr'><strong>ve~tris.</strong></span> <span class='ocrx_word' id='word_1_685' title='bbox 3502 2184 3556 2235; x_wconf 84' lang='lat' dir='ltr'><strong>Si</strong></span> 
     </span>
    </p>
   </div>
   <div class='ocr_carea' id='block_1_84' title="bbox 1966 2275 3553 2345">
    <p class='ocr_par' dir='ltr' id='par_1_84' title="bbox 1966 2275 3553 2345">
     <span class='ocr_line' id='line_1_84' title="bbox 1966 2275 3553 2345; baseline -0.004 -13"><span class='ocrx_word' id='word_1_686' title='bbox 1966 2278 2109 2332; x_wconf 84' lang='lat' dir='ltr'><strong>enim</strong></span> <span class='ocrx_word' id='word_1_687' title='bbox 2160 2291 2264 2330; x_wconf 87' lang='lat' dir='ltr'><strong>non</strong></span> <span class='ocrx_word' id='word_1_688' title='bbox 2295 2275 2636 2331; x_wconf 82' lang='lat' dir='ltr'><strong>credideritis</strong></span> <span class='ocrx_word' id='word_1_689' title='bbox 2681 2276 2803 2345; x_wconf 85' lang='lat' dir='ltr'><strong>quia</strong></span> <span class='ocrx_word' id='word_1_690' title='bbox 2834 2290 2935 2344; x_wconf 86' lang='lat' dir='ltr'><strong>ego</strong></span> <span class='ocrx_word' id='word_1_691' title='bbox 2967 2290 3110 2337; x_wconf 84' lang='lat' dir='ltr'><strong>sum.</strong></span> <span class='ocrx_word' id='word_1_692' title='bbox 3156 2275 3455 2328; x_wconf 81' lang='lat' dir='ltr'><strong>moriemini</strong></span> <span class='ocrx_word' id='word_1_693' title='bbox 3503 2275 3553 2327; x_wconf 90' lang='lat' dir='ltr'><strong>in</strong></span> 
     </span>
    </p>
   </div>
   <div class='ocr_carea' id='block_1_85' title="bbox 1968 2365 3559 2435">
    <p class='ocr_par' dir='ltr' id='par_1_85' title="bbox 1968 2365 3559 2435">
     <span class='ocr_line' id='line_1_85' title="bbox 1968 2365 3559 2435; baseline -0.003 -13"><span class='ocrx_word' id='word_1_694' title='bbox 1968 2379 2190 2435; x_wconf 88' lang='lat' dir='ltr'><strong>peccato</strong></span> <span class='ocrx_word' id='word_1_695' title='bbox 2219 2378 2422 2422; x_wconf 82' lang='lat' dir='ltr'><strong>vestro.</strong></span> <span class='ocrx_word' id='word_1_696' title='bbox 2460 2366 2717 2420; x_wconf 84' lang='lat' dir='ltr'><strong>Dicebant</strong></span> <span class='ocrx_word' id='word_1_697' title='bbox 2747 2380 2873 2435; x_wconf 83' lang='lat' dir='ltr'><strong>ergo</strong></span> <span class='ocrx_word' id='word_1_698' title='bbox 2903 2366 2951 2420; x_wconf 92' lang='lat' dir='ltr'><strong>ei</strong></span> <span class='ocrx_word' id='word_1_699' title='bbox 2981 2379 2998 2419; x_wconf 89' lang='lat'><strong>:</strong></span> <span class='ocrx_word' id='word_1_700' title='bbox 3032 2365 3109 2419; x_wconf 83' lang='lat' dir='ltr'><strong>Tu</strong></span> <span class='ocrx_word' id='word_1_701' title='bbox 3139 2365 3263 2433; x_wconf 81' lang='lat' dir='ltr'><strong>quis</strong></span> <span class='ocrx_word' id='word_1_702' title='bbox 3287 2381 3346 2420; x_wconf 88' lang='lat' dir='ltr'><strong>es</strong></span> <span class='ocrx_word' id='word_1_703' title='bbox 3365 2370 3385 2416; x_wconf 68' lang='grc' dir='ltr'><strong>’ἰ</strong></span> <span class='ocrx_word' id='word_1_704' title='bbox 3417 2365 3559 2418; x_wconf 75' lang='lat' dir='ltr'><strong>Dixit</strong></span> 
     </span>
    </p>
   </div>
   <div class='ocr_carea' id='block_1_86' title="bbox 1966 2458 3554 2529">
    <p class='ocr_par' dir='ltr' id='par_1_86' title="bbox 1966 2458 3554 2529">
     <span class='ocr_line' id='line_1_86' title="bbox 1966 2458 3554 2529; baseline -0.001 -15"><span class='ocrx_word' id='word_1_705' title='bbox 1966 2460 2046 2514; x_wconf 90' lang='lat' dir='ltr'><strong>eis</strong></span> <span class='ocrx_word' id='word_1_706' title='bbox 2088 2461 2245 2516; x_wconf 69' lang='lat' dir='ltr'><strong>Iesus</strong></span> <span class='ocrx_word' id='word_1_707' title='bbox 2277 2476 2293 2515; x_wconf 87' lang='lat'>:</span> <span class='ocrx_word' id='word_1_708' title='bbox 2326 2459 2650 2528; x_wconf 87' lang='lat' dir='ltr'><strong>Principium</strong></span> <span class='ocrx_word' id='word_1_709' title='bbox 2685 2458 2773 2527; x_wconf 87' lang='lat' dir='ltr'><strong>qui</strong></span> <span class='ocrx_word' id='word_1_710' title='bbox 2818 2466 2873 2513; x_wconf 90' lang='lat' dir='ltr'><strong>et</strong></span> <span class='ocrx_word' id='word_1_711' title='bbox 2914 2459 3103 2529; x_wconf 87' lang='lat' dir='ltr'><strong>loquor</strong></span> <span class='ocrx_word' id='word_1_712' title='bbox 3133 2458 3302 2515; x_wconf 87' lang='lat' dir='ltr'><strong>vobis.</strong></span> <span class='ocrx_word' id='word_1_713' title='bbox 3334 2460 3554 2513; x_wconf 75' lang='lat' dir='ltr'><strong>Multum</strong></span> 
     </span>
    </p>
   </div>
   <div class='ocr_carea' id='block_1_87' title="bbox 1968 2547 3554 2617">
    <p class='ocr_par' dir='ltr' id='par_1_87' title="bbox 1968 2547 3554 2617">
     <span class='ocr_line' id='line_1_87' title="bbox 1968 2547 3554 2617; baseline -0.001 -15"><span class='ocrx_word' id='word_1_714' title='bbox 1968 2549 2138 2605; x_wconf 82' lang='lat' dir='ltr'><strong>habeo</strong></span> <span class='ocrx_word' id='word_1_715' title='bbox 2166 2549 2235 2604; x_wconf 89' lang='lat' dir='ltr'><strong>de</strong></span> <span class='ocrx_word' id='word_1_716' title='bbox 2265 2548 2414 2605; x_wconf 82' lang='lat' dir='ltr'><strong>vobis</strong></span> <span class='ocrx_word' id='word_1_717' title='bbox 2445 2547 2585 2617; x_wconf 73' lang='lat' dir='ltr'><strong>lotlui</strong></span> <span class='ocrx_word' id='word_1_718' title='bbox 2610 2558 2664 2602; x_wconf 85' lang='lat' dir='ltr'><strong>et</strong></span> <span class='ocrx_word' id='word_1_719' title='bbox 2686 2547 2928 2615; x_wconf 73' lang='lat' dir='ltr'><strong>judicare</strong></span> <span class='ocrx_word' id='word_1_720' title='bbox 2959 2565 2973 2601; x_wconf 89' lang='lat'><strong>:</strong></span> <span class='ocrx_word' id='word_1_721' title='bbox 3006 2548 3100 2603; x_wconf 75' lang='lat' dir='ltr'><strong>Sed</strong></span> <span class='ocrx_word' id='word_1_722' title='bbox 3133 2549 3218 2617; x_wconf 91' lang='lat' dir='ltr'><strong>qui</strong></span> <span class='ocrx_word' id='word_1_723' title='bbox 3252 2548 3400 2604; x_wconf 89' lang='lat' dir='ltr'><strong>ntisit</strong></span> <span class='ocrx_word' id='word_1_724' title='bbox 3432 2564 3517 2602; x_wconf 88' lang='lat' dir='ltr'><strong>me</strong></span> <span class='ocrx_word' id='word_1_725' title='bbox 3540 2594 3554 2612; x_wconf 80' lang='grc'>,</span> 
     </span>
    </p>
   </div>
   <div class='ocr_carea' id='block_1_88' title="bbox 1968 2641 3560 2712">
    <p class='ocr_par' dir='ltr' id='par_1_88' title="bbox 1968 2641 3560 2712">
     <span class='ocr_line' id='line_1_88' title="bbox 1968 2641 3560 2712; baseline 0.001 -17"><span class='ocrx_word' id='word_1_726' title='bbox 1968 2657 2126 2696; x_wconf 78' lang='lat' dir='ltr'><strong>verax</strong></span> <span class='ocrx_word' id='word_1_727' title='bbox 2159 2651 2243 2712; x_wconf 67' lang='lat' dir='ltr'><strong>et</strong></span> <span class='ocrx_word' id='word_1_728' title='bbox 2291 2658 2304 2695; x_wconf 92' lang='lat'><strong>:</strong></span> <span class='ocrx_word' id='word_1_729' title='bbox 2353 2652 2407 2696; x_wconf 89' lang='lat' dir='ltr'><strong>et</strong></span> <span class='ocrx_word' id='word_1_730' title='bbox 2450 2658 2548 2712; x_wconf 84' lang='lat' dir='ltr'><strong>ego</strong></span> <span class='ocrx_word' id='word_1_731' title='bbox 2595 2658 2710 2709; x_wconf 57' lang='lat' dir='ltr'><strong>qua</strong></span> <span class='ocrx_word' id='word_1_732' title='bbox 2751 2641 2926 2695; x_wconf 87' lang='lat' dir='ltr'><strong>audivi</strong></span> <span class='ocrx_word' id='word_1_733' title='bbox 2954 2657 2986 2696; x_wconf 87' lang='lat' dir='ltr'><strong>a</strong></span> <span class='ocrx_word' id='word_1_734' title='bbox 3020 2643 3173 2696; x_wconf 78' lang='lat' dir='ltr'><strong>Patre</strong></span> <span class='ocrx_word' id='word_1_735' title='bbox 3213 2657 3330 2697; x_wconf 91' lang='lat' dir='ltr'><strong>meo</strong></span> <span class='ocrx_word' id='word_1_736' title='bbox 3363 2641 3409 2705; x_wconf 72' lang='grc' dir='ltr'><strong>ιι,</strong></span> <span class='ocrx_word' id='word_1_737' title='bbox 3447 2643 3560 2696; x_wconf 79' lang='lat' dir='ltr'><strong>Ita-c</strong></span> 
     </span>
    </p>
   </div>
   <div class='ocr_carea' id='block_1_89' title="bbox 1967 2708 3559 2802">
    <p class='ocr_par' dir='ltr' id='par_1_89' title="bbox 1967 2708 3559 2802">
     <span class='ocr_line' id='line_1_89' title="bbox 1967 2708 3559 2802; baseline 0.001 -15"><span class='ocrx_word' id='word_1_738' title='bbox 1967 2736 2153 2801; x_wconf 86' lang='lat' dir='ltr'><strong>loquor</strong></span> <span class='ocrx_word' id='word_1_739' title='bbox 2181 2708 2250 2786; x_wconf 53' lang='lat' dir='ltr'><strong>in</strong></span> <span class='ocrx_word' id='word_1_740' title='bbox 2304 2708 2525 2787; x_wconf 72' lang='lat' dir='ltr'><strong>mundo.</strong></span> <span class='ocrx_word' id='word_1_741' title='bbox 2578 2708 2642 2787; x_wconf 78' lang='lat' dir='ltr'><strong>Et</strong></span> <span class='ocrx_word' id='word_1_742' title='bbox 2689 2747 2793 2787; x_wconf 91' lang='lat' dir='ltr'><strong>non</strong></span> <span class='ocrx_word' id='word_1_743' title='bbox 2841 2741 3238 2802; x_wconf 85' lang='lat' dir='ltr'><strong>cngnoverunt,</strong></span> <span class='ocrx_word' id='word_1_744' title='bbox 3285 2736 3407 2802; x_wconf 84' lang='lat' dir='ltr'><strong>quia</strong></span> <span class='ocrx_word' id='word_1_745' title='bbox 3461 2734 3559 2789; x_wconf 83' lang='lat' dir='ltr'><strong>Pa-</strong></span> 
     </span>
    </p>
   </div>
   <div class='ocr_carea' id='block_1_90' title="bbox 1966 2823 3554 2895">
    <p class='ocr_par' dir='ltr' id='par_1_90' title="bbox 1966 2823 3554 2895">
     <span class='ocr_line' id='line_1_90' title="bbox 1966 2823 3554 2895; baseline -0.001 -17"><span class='ocrx_word' id='word_1_746' title='bbox 1966 2837 2102 2878; x_wconf 87' lang='lat' dir='ltr'><strong>trem</strong></span> <span class='ocrx_word' id='word_1_747' title='bbox 2141 2824 2353 2879; x_wconf 88' lang='lat' dir='ltr'><strong>dicebat</strong></span> <span class='ocrx_word' id='word_1_748' title='bbox 2397 2823 2514 2893; x_wconf 80' lang='lat' dir='ltr'><strong>ejus</strong></span> <span class='ocrx_word' id='word_1_749' title='bbox 2564 2824 2728 2878; x_wconf 85' lang='lat' dir='ltr'><strong>Deum</strong></span> <span class='ocrx_word' id='word_1_750' title='bbox 2764 2835 2811 2880; x_wconf 66' lang='grc' dir='ltr'><strong>π.</strong></span> <span class='ocrx_word' id='word_1_751' title='bbox 2875 2823 3016 2878; x_wconf 78' lang='lat' dir='ltr'><strong>Dixit</strong></span> <span class='ocrx_word' id='word_1_752' title='bbox 3054 2838 3182 2895; x_wconf 81' lang='lat' dir='ltr'><strong>ergo</strong></span> <span class='ocrx_word' id='word_1_753' title='bbox 3226 2824 3306 2879; x_wconf 81' lang='lat' dir='ltr'><strong>eis</strong></span> <span class='ocrx_word' id='word_1_754' title='bbox 3351 2824 3508 2880; x_wconf 76' lang='lat' dir='ltr'><strong>Jesns</strong></span> <span class='ocrx_word' id='word_1_755' title='bbox 3543 2844 3554 2876; x_wconf 88' lang='lat'><strong>:</strong></span> 
     </span>
    </p>
   </div>
   <div class='ocr_carea' id='block_1_91' title="bbox 1964 2914 3559 2983">
    <p class='ocr_par' dir='ltr' id='par_1_91' title="bbox 1964 2914 3559 2983">
     <span class='ocr_line' id='line_1_91' title="bbox 1964 2914 3559 2983; baseline 0.002 -14"><span class='ocrx_word' id='word_1_756' title='bbox 1964 2914 2096 2969; x_wconf 87' lang='lat' dir='ltr'><strong>Cum</strong></span> <span class='ocrx_word' id='word_1_757' title='bbox 2132 2916 2492 2970; x_wconf 80' lang='lat' dir='ltr'><strong>cxaltaveritis</strong></span> <span class='ocrx_word' id='word_1_758' title='bbox 2538 2914 2727 2969; x_wconf 82' lang='lat' dir='ltr'><strong>Filium</strong></span> <span class='ocrx_word' id='word_1_759' title='bbox 2762 2915 3023 2983; x_wconf 85' lang='lat' dir='ltr'><strong>hominis,</strong></span> <span class='ocrx_word' id='word_1_760' title='bbox 3069 2928 3194 2970; x_wconf 89' lang='lat' dir='ltr'><strong>tunc</strong></span> <span class='ocrx_word' id='word_1_761' title='bbox 3224 2923 3559 2983; x_wconf 73' lang='lat' dir='ltr'><strong>cognoscetis</strong></span> 
     </span>
    </p>
   </div>
   <div class='ocr_carea' id='block_1_92' title="bbox 1963 3008 3557 3079">
    <p class='ocr_par' dir='ltr' id='par_1_92' title="bbox 1963 3008 3557 3079">
     <span class='ocr_line' id='line_1_92' title="bbox 1963 3008 3557 3079; baseline 0.004 -20"><span class='ocrx_word' id='word_1_762' title='bbox 1963 3009 2083 3075; x_wconf 85' lang='lat' dir='ltr'><strong>quia</strong></span> <span class='ocrx_word' id='word_1_763' title='bbox 2136 3022 2236 3079; x_wconf 82' lang='lat' dir='ltr'><strong>ego</strong></span> <span class='ocrx_word' id='word_1_764' title='bbox 2275 3023 2428 3075; x_wconf 85' lang='lat' dir='ltr'><strong>sum,</strong></span> <span class='ocrx_word' id='word_1_765' title='bbox 2478 3018 2533 3062; x_wconf 90' lang='lat' dir='ltr'><strong>et</strong></span> <span class='ocrx_word' id='word_1_766' title='bbox 2577 3023 2603 3059; x_wconf 76' lang='grc' dir='ltr'>ει</span> <span class='ocrx_word' id='word_1_767' title='bbox 2651 3022 2735 3061; x_wconf 90' lang='lat' dir='ltr'><strong>me</strong></span> <span class='ocrx_word' id='word_1_768' title='bbox 2788 3009 2901 3077; x_wconf 88' lang='lat' dir='ltr'><strong>ipso</strong></span> <span class='ocrx_word' id='word_1_769' title='bbox 2951 3008 3088 3063; x_wconf 78' lang='lat' dir='ltr'><strong>facio</strong></span> <span class='ocrx_word' id='word_1_770' title='bbox 3140 3010 3420 3073; x_wconf 87' lang='lat' dir='ltr'><strong>nihil;sed</strong></span> <span class='ocrx_word' id='word_1_771' title='bbox 3450 3028 3557 3066; x_wconf 84' lang='lat' dir='ltr'><strong>ste-</strong></span> 
     </span>
    </p>
   </div>
   <div class='ocr_carea' id='block_1_93' title="bbox 1885 3099 3554 3169">
    <p class='ocr_par' dir='ltr' id='par_1_93' title="bbox 1885 3099 3554 3169">
     <span class='ocr_line' id='line_1_93' title="bbox 1885 3099 3554 3169; baseline 0.003 -16"><span class='ocrx_word' id='word_1_772' title='bbox 1885 3102 1935 3167; x_wconf 84' lang='lat' dir='ltr'><strong>C</strong></span> <span class='ocrx_word' id='word_1_773' title='bbox 1969 3109 2025 3153; x_wconf 87' lang='lat' dir='ltr'><strong>ut</strong></span> <span class='ocrx_word' id='word_1_774' title='bbox 2086 3100 2264 3154; x_wconf 89' lang='lat' dir='ltr'><strong>docuit</strong></span> <span class='ocrx_word' id='word_1_775' title='bbox 2335 3116 2419 3154; x_wconf 87' lang='lat' dir='ltr'><strong>tne</strong></span> <span class='ocrx_word' id='word_1_776' title='bbox 2460 3100 2659 3164; x_wconf 43' lang='lat' dir='ltr'><strong>vl&#39;ater,</strong></span> <span class='ocrx_word' id='word_1_777' title='bbox 2716 3099 2829 3154; x_wconf 76' lang='lat' dir='ltr'><strong>lucc</strong></span> <span class='ocrx_word' id='word_1_778' title='bbox 2881 3100 3088 3169; x_wconf 89' lang='lat' dir='ltr'><strong>loquor.</strong></span> <span class='ocrx_word' id='word_1_779' title='bbox 3148 3102 3214 3155; x_wconf 78' lang='lat' dir='ltr'><strong>Et</strong></span> <span class='ocrx_word' id='word_1_780' title='bbox 3267 3103 3354 3168; x_wconf 90' lang='lat' dir='ltr'><strong>qui</strong></span> <span class='ocrx_word' id='word_1_781' title='bbox 3410 3103 3554 3158; x_wconf 75' lang='lat' dir='ltr'><strong>misit</strong></span> 
     </span>
    </p>
   </div>
   <div class='ocr_carea' id='block_1_94' title="bbox 1968 3192 3552 3264">
    <p class='ocr_par' dir='ltr' id='par_1_94' title="bbox 1968 3192 3552 3264">
     <span class='ocr_line' id='line_1_94' title="bbox 1968 3192 3552 3264; baseline 0.002 -18"><span class='ocrx_word' id='word_1_782' title='bbox 1968 3207 2087 3255; x_wconf 88' lang='lat' dir='ltr'><strong>me,</strong></span> <span class='ocrx_word' id='word_1_783' title='bbox 2142 3207 2348 3246; x_wconf 72' lang='lat' dir='ltr'><strong>mecum</strong></span> <span class='ocrx_word' id='word_1_784' title='bbox 2399 3202 2517 3255; x_wconf 88' lang='lat' dir='ltr'><strong>est,</strong></span> <span class='ocrx_word' id='word_1_785' title='bbox 2567 3192 2703 3264; x_wconf 88' lang='lat' dir='ltr'><strong>(et)</strong></span> <span class='ocrx_word' id='word_1_786' title='bbox 2754 3206 2857 3245; x_wconf 90' lang='lat' dir='ltr'><strong>non</strong></span> <span class='ocrx_word' id='word_1_787' title='bbox 2910 3192 3125 3261; x_wconf 87' lang='lat' dir='ltr'><strong>reliquit</strong></span> <span class='ocrx_word' id='word_1_788' title='bbox 3181 3209 3268 3248; x_wconf 90' lang='lat' dir='ltr'><strong>me</strong></span> <span class='ocrx_word' id='word_1_789' title='bbox 3313 3195 3487 3248; x_wconf 87' lang='lat' dir='ltr'><strong>solum</strong></span> <span class='ocrx_word' id='word_1_790' title='bbox 3534 3210 3552 3249; x_wconf 86' lang='lat'><strong>:</strong></span> 
     </span>
    </p>
   </div>
   <div class='ocr_carea' id='block_1_95' title="bbox 1967 3283 3556 3353">
    <p class='ocr_par' dir='ltr' id='par_1_95' title="bbox 1967 3283 3556 3353">
     <span class='ocr_line' id='line_1_95' title="bbox 1967 3283 3556 3353; baseline 0.003 -17"><span class='ocrx_word' id='word_1_791' title='bbox 1967 3284 2088 3352; x_wconf 88' lang='lat' dir='ltr'><strong>quia</strong></span> <span class='ocrx_word' id='word_1_792' title='bbox 2132 3298 2233 3353; x_wconf 82' lang='lat' dir='ltr'><strong>ego</strong></span> <span class='ocrx_word' id='word_1_793' title='bbox 2278 3299 2395 3351; x_wconf 69' lang='lat' dir='ltr'><strong>qua:</strong></span> <span class='ocrx_word' id='word_1_794' title='bbox 2445 3283 2636 3352; x_wconf 86' lang='lat' dir='ltr'><strong>placita</strong></span> <span class='ocrx_word' id='word_1_795' title='bbox 2686 3292 2812 3339; x_wconf 90' lang='lat' dir='ltr'><strong>sunt</strong></span> <span class='ocrx_word' id='word_1_796' title='bbox 2860 3284 2909 3338; x_wconf 91' lang='lat' dir='ltr'><strong>ei</strong></span> <span class='ocrx_word' id='word_1_797' title='bbox 2963 3284 3100 3339; x_wconf 78' lang='lat' dir='ltr'><strong>facio</strong></span> <span class='ocrx_word' id='word_1_798' title='bbox 3146 3300 3381 3352; x_wconf 83' lang='lat' dir='ltr'><strong>semper.</strong></span> <span class='ocrx_word' id='word_1_799' title='bbox 3431 3287 3556 3341; x_wconf 82' lang='lat' dir='ltr'><strong>lla-c</strong></span> 
     </span>
    </p>
   </div>
   <div class='ocr_carea' id='block_1_96' title="bbox 1969 3376 3557 3445">
    <p class='ocr_par' dir='ltr' id='par_1_96' title="bbox 1969 3376 3557 3445">
     <span class='ocr_line' id='line_1_96' title="bbox 1969 3376 3557 3445; baseline -0.003 -13"><span class='ocrx_word' id='word_1_800' title='bbox 1969 3378 2061 3432; x_wconf 89' lang='lat' dir='ltr'><strong>illo</strong></span> <span class='ocrx_word' id='word_1_801' title='bbox 2110 3378 2389 3445; x_wconf 71' lang='lat' dir='ltr'><strong>loquente,</strong></span> <span class='ocrx_word' id='word_1_802' title='bbox 2440 3376 2590 3430; x_wconf 88' lang='lat' dir='ltr'><strong>multi</strong></span> <span class='ocrx_word' id='word_1_803' title='bbox 2643 3376 2983 3431; x_wconf 84' lang='lat' dir='ltr'><strong>crediderunt</strong></span> <span class='ocrx_word' id='word_1_804' title='bbox 3035 3377 3086 3430; x_wconf 92' lang='lat' dir='ltr'><strong>in</strong></span> <span class='ocrx_word' id='word_1_805' title='bbox 3133 3393 3278 3432; x_wconf 86' lang='lat' dir='ltr'><strong>eum.</strong></span> <span class='ocrx_word' id='word_1_806' title='bbox 3338 3378 3557 3433; x_wconf 76' lang='lat' dir='ltr'><strong>Dici-bat</strong></span> 
     </span>
    </p>
   </div>
   <div class='ocr_carea' id='block_1_97' title="bbox 1968 3468 3558 3539">
    <p class='ocr_par' dir='ltr' id='par_1_97' title="bbox 1968 3468 3558 3539">
     <span class='ocr_line' id='line_1_97' title="bbox 1968 3468 3558 3539; baseline 0.002 -17"><span class='ocrx_word' id='word_1_807' title='bbox 1968 3486 2097 3539; x_wconf 76' lang='lat' dir='ltr'><strong>ergo</strong></span> <span class='ocrx_word' id='word_1_808' title='bbox 2161 3469 2316 3524; x_wconf 77' lang='lat' dir='ltr'><strong>Jt-sus</strong></span> <span class='ocrx_word' id='word_1_809' title='bbox 2352 3470 2415 3521; x_wconf 82' lang='lat' dir='ltr'><strong>ad</strong></span> <span class='ocrx_word' id='word_1_810' title='bbox 2466 3484 2559 3523; x_wconf 87' lang='lat' dir='ltr'><strong>eos</strong></span> <span class='ocrx_word' id='word_1_811' title='bbox 2610 3468 2697 3537; x_wconf 84' lang='lat' dir='ltr'><strong>qui</strong></span> <span class='ocrx_word' id='word_1_812' title='bbox 2741 3469 3084 3522; x_wconf 81' lang='lat' dir='ltr'><strong>crediderunt</strong></span> <span class='ocrx_word' id='word_1_813' title='bbox 3130 3470 3180 3521; x_wconf 89' lang='lat' dir='ltr'><strong>itt</strong></span> <span class='ocrx_word' id='word_1_814' title='bbox 3231 3486 3352 3524; x_wconf 78' lang='lat' dir='ltr'><strong>cum</strong></span> <span class='ocrx_word' id='word_1_815' title='bbox 3383 3468 3407 3507; x_wconf 67' lang='grc' dir='ltr'>ἀ</span> <span class='ocrx_word' id='word_1_816' title='bbox 3456 3484 3473 3524; x_wconf 88' lang='lat'><strong>:</strong></span> <span class='ocrx_word' id='word_1_817' title='bbox 3512 3470 3558 3524; x_wconf 83' lang='lat'><strong>0</strong></span> 
     </span>
    </p>
   </div>
   <div class='ocr_carea' id='block_1_98' title="bbox 1967 3562 3557 3627">
    <p class='ocr_par' dir='ltr' id='par_1_98' title="bbox 1967 3562 3557 3627">
     <span class='ocr_line' id='line_1_98' title="bbox 1967 3562 3557 3627; baseline 0.001 -10"><span class='ocrx_word' id='word_1_818' title='bbox 1967 3563 2165 3625; x_wconf 75' lang='lat' dir='ltr'><strong>Judari,</strong></span> <span class='ocrx_word' id='word_1_819' title='bbox 2219 3565 2268 3617; x_wconf 88' lang='lat' dir='ltr'><strong>si</strong></span> <span class='ocrx_word' id='word_1_820' title='bbox 2316 3576 2412 3615; x_wconf 89' lang='lat' dir='ltr'><strong>vos</strong></span> <span class='ocrx_word' id='word_1_821' title='bbox 2466 3562 2775 3616; x_wconf 68' lang='lat' dir='ltr'><strong>tuamet-itis</strong></span> <span class='ocrx_word' id='word_1_822' title='bbox 2824 3563 2876 3616; x_wconf 90' lang='lat' dir='ltr'><strong>in</strong></span> <span class='ocrx_word' id='word_1_823' title='bbox 2926 3577 3173 3616; x_wconf 84' lang='lat' dir='ltr'><strong>sermone</strong></span> <span class='ocrx_word' id='word_1_824' title='bbox 3227 3578 3377 3627; x_wconf 88' lang='lat' dir='ltr'><strong>meo,</strong></span> <span class='ocrx_word' id='word_1_825' title='bbox 3429 3579 3557 3619; x_wconf 78' lang='lat' dir='ltr'><strong>vere</strong></span> 
     </span>
    </p>
   </div>
   <div class='ocr_carea' id='block_1_99' title="bbox 1969 3652 3557 3722">
    <p class='ocr_par' dir='ltr' id='par_1_99' title="bbox 1969 3652 3557 3722">
     <span class='ocr_line' id='line_1_99' title="bbox 1969 3652 3557 3722; baseline 0 -14"><span class='ocrx_word' id='word_1_826' title='bbox 1969 3656 2214 3722; x_wconf 71' lang='lat' dir='ltr'><strong>tliSripuli</strong></span> <span class='ocrx_word' id='word_1_827' title='bbox 2268 3652 2369 3705; x_wconf 83' lang='lat' dir='ltr'><strong>mei</strong></span> <span class='ocrx_word' id='word_1_828' title='bbox 2418 3654 2596 3721; x_wconf 82' lang='lat' dir='ltr'><strong>eritis,</strong></span> <span class='ocrx_word' id='word_1_829' title='bbox 2647 3662 2701 3706; x_wconf 88' lang='lat' dir='ltr'><strong>et</strong></span> <span class='ocrx_word' id='word_1_830' title='bbox 2751 3653 3088 3722; x_wconf 75' lang='lat' dir='ltr'><strong>cognoscetis</strong></span> <span class='ocrx_word' id='word_1_831' title='bbox 3139 3655 3307 3707; x_wconf 59' lang='lat' dir='ltr'><strong>verita</strong></span> <span class='ocrx_word' id='word_1_832' title='bbox 3334 3668 3451 3719; x_wconf 87' lang='lat' dir='ltr'><strong>em,</strong></span> <span class='ocrx_word' id='word_1_833' title='bbox 3503 3666 3557 3709; x_wconf 68' lang='grc' dir='ltr'>οι</span> 
     </span>
    </p>
   </div>
   <div class='ocr_carea' id='block_1_100' title="bbox 1970 3741 3553 3810">
    <p class='ocr_par' dir='ltr' id='par_1_100' title="bbox 1970 3741 3553 3810">
     <span class='ocr_line' id='line_1_100' title="bbox 1970 3741 3553 3810; baseline 0.001 -13"><span class='ocrx_word' id='word_1_834' title='bbox 1970 3754 2165 3797; x_wconf 61' lang='lat' dir='ltr'><strong>vectas</strong></span> <span class='ocrx_word' id='word_1_835' title='bbox 2226 3741 2472 3795; x_wconf 85' lang='lat' dir='ltr'><strong>liberabit</strong></span> <span class='ocrx_word' id='word_1_836' title='bbox 2532 3757 2657 3796; x_wconf 69' lang='lat' dir='ltr'><strong>vos.</strong></span> <span class='ocrx_word' id='word_1_837' title='bbox 2715 3741 3123 3810; x_wconf 68' lang='lat' dir='ltr'><strong>Responderunt</strong></span> <span class='ocrx_word' id='word_1_838' title='bbox 3181 3746 3229 3797; x_wconf 89' lang='lat' dir='ltr'><strong>ei</strong></span> <span class='ocrx_word' id='word_1_839' title='bbox 3286 3761 3302 3797; x_wconf 90' lang='lat'><strong>:</strong></span> <span class='ocrx_word' id='word_1_840' title='bbox 3359 3745 3553 3799; x_wconf 83' lang='lat' dir='ltr'><strong>Semen</strong></span> 
     </span>
    </p>
   </div>
   <div class='ocr_carea' id='block_1_101' title="bbox 1968 3838 3554 3909">
    <p class='ocr_par' dir='ltr' id='par_1_101' title="bbox 1968 3838 3554 3909">
     <span class='ocr_line' id='line_1_101' title="bbox 1968 3838 3554 3909; baseline 0.003 -19"><span class='ocrx_word' id='word_1_841' title='bbox 1968 3838 2198 3891; x_wconf 68' lang='lat' dir='ltr'><strong>Abrahae</strong></span> <span class='ocrx_word' id='word_1_842' title='bbox 2245 3850 2465 3900; x_wconf 82' lang='lat' dir='ltr'><strong>sumus,</strong></span> <span class='ocrx_word' id='word_1_843' title='bbox 2516 3845 2570 3889; x_wconf 91' lang='lat' dir='ltr'><strong>et</strong></span> <span class='ocrx_word' id='word_1_844' title='bbox 2625 3838 2823 3890; x_wconf 89' lang='lat' dir='ltr'><strong>nemini</strong></span> <span class='ocrx_word' id='word_1_845' title='bbox 2880 3838 3198 3892; x_wconf 84' lang='lat' dir='ltr'><strong>servivimus</strong></span> <span class='ocrx_word' id='word_1_846' title='bbox 3251 3855 3482 3909; x_wconf 84' lang='lat' dir='ltr'><strong>unquam</strong></span> <span class='ocrx_word' id='word_1_847' title='bbox 3540 3859 3554 3895; x_wconf 90' lang='lat'><strong>:</strong></span> 
     </span>
    </p>
   </div>
   <div class='ocr_carea' id='block_1_102' title="bbox 1968 3928 3558 3997">
    <p class='ocr_par' dir='ltr' id='par_1_102' title="bbox 1968 3928 3558 3997">
     <span class='ocr_line' id='line_1_102' title="bbox 1968 3928 3558 3997; baseline 0.006 -17"><span class='ocrx_word' id='word_1_848' title='bbox 1968 3928 2236 3997; x_wconf 87' lang='lat' dir='ltr'><strong>quomodo</strong></span> <span class='ocrx_word' id='word_1_849' title='bbox 2276 3938 2332 3981; x_wconf 90' lang='lat' dir='ltr'><strong>tu</strong></span> <span class='ocrx_word' id='word_1_850' title='bbox 2370 3928 2502 3981; x_wconf 89' lang='lat' dir='ltr'><strong>dicis</strong></span> <span class='ocrx_word' id='word_1_851' title='bbox 2549 3944 2564 3981; x_wconf 90' lang='lat'><strong>:</strong></span> <span class='ocrx_word' id='word_1_852' title='bbox 2610 3928 2787 3983; x_wconf 86' lang='lat' dir='ltr'><strong>Liberi</strong></span> <span class='ocrx_word' id='word_1_853' title='bbox 2828 3929 3017 3984; x_wconf 79' lang='lat' dir='ltr'><strong>eritis?</strong></span> <span class='ocrx_word' id='word_1_854' title='bbox 3043 3929 3333 3996; x_wconf 64' lang='lat' dir='ltr'><strong>ReSjvondit</strong></span> <span class='ocrx_word' id='word_1_855' title='bbox 3363 3935 3443 3987; x_wconf 88' lang='lat' dir='ltr'><strong>eis</strong></span> <span class='ocrx_word' id='word_1_856' title='bbox 3468 3934 3558 3989; x_wconf 73' lang='lat' dir='ltr'><strong>Ie-</strong></span> 
     </span>
    </p>
   </div>
   <div class='ocr_carea' id='block_1_103' title="bbox 1968 4017 3559 4091">
    <p class='ocr_par' dir='ltr' id='par_1_103' title="bbox 1968 4017 3559 4091">
     <span class='ocr_line' id='line_1_103' title="bbox 1968 4017 3559 4091; baseline 0.003 -17"><span class='ocrx_word' id='word_1_857' title='bbox 1968 4035 2063 4074; x_wconf 76' lang='lat' dir='ltr'><strong>Sus</strong></span> <span class='ocrx_word' id='word_1_858' title='bbox 2096 4036 2108 4071; x_wconf 89' lang='lat'><strong>:</strong></span> <span class='ocrx_word' id='word_1_859' title='bbox 2138 4020 2340 4083; x_wconf 86' lang='lat' dir='ltr'><strong>Amen,</strong></span> <span class='ocrx_word' id='word_1_860' title='bbox 2372 4033 2526 4073; x_wconf 82' lang='lat' dir='ltr'><strong>amen</strong></span> <span class='ocrx_word' id='word_1_861' title='bbox 2558 4019 2681 4073; x_wconf 84' lang='lat' dir='ltr'><strong>dico</strong></span> <span class='ocrx_word' id='word_1_862' title='bbox 2714 4017 2863 4072; x_wconf 62' lang='lat' dir='ltr'><strong>vobis</strong></span> <span class='ocrx_word' id='word_1_863' title='bbox 2906 4035 2920 4073; x_wconf 88' lang='lat'><strong>:</strong></span> <span class='ocrx_word' id='word_1_864' title='bbox 2954 4021 3073 4091; x_wconf 88' lang='lat' dir='ltr'><strong>quia</strong></span> <span class='ocrx_word' id='word_1_865' title='bbox 3104 4022 3278 4076; x_wconf 81' lang='lat' dir='ltr'><strong>omnis</strong></span> <span class='ocrx_word' id='word_1_866' title='bbox 3309 4023 3397 4091; x_wconf 88' lang='lat' dir='ltr'><strong>qui</strong></span> <span class='ocrx_word' id='word_1_867' title='bbox 3426 4021 3559 4078; x_wconf 77' lang='lat' dir='ltr'><strong>facit</strong></span> 
     </span>
    </p>
   </div>
   <div class='ocr_carea' id='block_1_104' title="bbox 1972 4112 3550 4183">
    <p class='ocr_par' dir='ltr' id='par_1_104' title="bbox 1972 4112 3550 4183">
     <span class='ocr_line' id='line_1_104' title="bbox 1972 4112 3550 4183; baseline 0.003 -18"><span class='ocrx_word' id='word_1_868' title='bbox 1972 4121 2243 4183; x_wconf 77' lang='lat' dir='ltr'><strong>peccatum</strong></span> <span class='ocrx_word' id='word_1_869' title='bbox 2274 4127 2461 4167; x_wconf 86' lang='lat' dir='ltr'><strong>servus</strong></span> <span class='ocrx_word' id='word_1_870' title='bbox 2490 4121 2571 4166; x_wconf 81' lang='lat' dir='ltr'><strong>est</strong></span> <span class='ocrx_word' id='word_1_871' title='bbox 2600 4112 2822 4181; x_wconf 87' lang='lat' dir='ltr'><strong>peccati.</strong></span> <span class='ocrx_word' id='word_1_872' title='bbox 2856 4113 3057 4167; x_wconf 87' lang='lat' dir='ltr'><strong>Servus</strong></span> <span class='ocrx_word' id='word_1_873' title='bbox 3086 4123 3262 4169; x_wconf 61' lang='lat' dir='ltr'><strong>autem</strong></span> <span class='ocrx_word' id='word_1_874' title='bbox 3295 4130 3400 4168; x_wconf 86' lang='lat' dir='ltr'><strong>non</strong></span> <span class='ocrx_word' id='word_1_875' title='bbox 3440 4130 3550 4169; x_wconf 82' lang='lat' dir='ltr'><strong>ma-</strong></span> 
     </span>
    </p>
   </div>
   <div class='ocr_carea' id='block_1_105' title="bbox 1972 4201 3551 4259">
    <p class='ocr_par' dir='ltr' id='par_1_105' title="bbox 1972 4201 3551 4259">
     <span class='ocr_line' id='line_1_105' title="bbox 1972 4201 3551 4259; baseline 0.002 -3"><span class='ocrx_word' id='word_1_876' title='bbox 1972 4213 2058 4256; x_wconf 81' lang='lat' dir='ltr'><strong>net</strong></span> <span class='ocrx_word' id='word_1_877' title='bbox 2100 4202 2151 4256; x_wconf 91' lang='lat' dir='ltr'><strong>in</strong></span> <span class='ocrx_word' id='word_1_878' title='bbox 2194 4201 2431 4257; x_wconf 87' lang='lat' dir='ltr'><strong>domoin</strong></span> <span class='ocrx_word' id='word_1_879' title='bbox 2461 4213 2740 4256; x_wconf 72' lang='lat' dir='ltr'><strong>:eternum.</strong></span> <span class='ocrx_word' id='word_1_880' title='bbox 2773 4201 2939 4257; x_wconf 80' lang='lat' dir='ltr'><strong>Filius</strong></span> <span class='ocrx_word' id='word_1_881' title='bbox 2970 4214 3148 4259; x_wconf 86' lang='lat' dir='ltr'><strong>manet</strong></span> <span class='ocrx_word' id='word_1_882' title='bbox 3187 4205 3237 4259; x_wconf 94' lang='lat' dir='ltr'><strong>in</strong></span> <span class='ocrx_word' id='word_1_883' title='bbox 3270 4214 3551 4259; x_wconf 83' lang='lat' dir='ltr'><strong>a-teruum.</strong></span> 
     </span>
    </p>
   </div>
   <div class='ocr_carea' id='block_1_106' title="bbox 1971 4294 3558 4365">
    <p class='ocr_par' dir='ltr' id='par_1_106' title="bbox 1971 4294 3558 4365">
     <span class='ocr_line' id='line_1_106' title="bbox 1971 4294 3558 4365; baseline 0 -14"><span class='ocrx_word' id='word_1_884' title='bbox 1971 4294 2030 4351; x_wconf 84' lang='lat' dir='ltr'><strong>Si</strong></span> <span class='ocrx_word' id='word_1_885' title='bbox 2058 4310 2185 4365; x_wconf 87' lang='lat' dir='ltr'><strong>ergo</strong></span> <span class='ocrx_word' id='word_1_886' title='bbox 2215 4294 2380 4349; x_wconf 79' lang='lat' dir='ltr'><strong>Filius</strong></span> <span class='ocrx_word' id='word_1_887' title='bbox 2407 4309 2499 4347; x_wconf 87' lang='lat' dir='ltr'><strong>vos</strong></span> <span class='ocrx_word' id='word_1_888' title='bbox 2527 4294 2831 4349; x_wconf 82' lang='lat' dir='ltr'><strong>lib.-raverit</strong></span> <span class='ocrx_word' id='word_1_889' title='bbox 2854 4335 2868 4359; x_wconf 89' lang='lat'><strong>,</strong></span> <span class='ocrx_word' id='word_1_890' title='bbox 2894 4310 3018 4350; x_wconf 88' lang='lat' dir='ltr'><strong>vere</strong></span> <span class='ocrx_word' id='word_1_891' title='bbox 3045 4295 3196 4351; x_wconf 87' lang='lat' dir='ltr'><strong>liberi</strong></span> <span class='ocrx_word' id='word_1_892' title='bbox 3226 4299 3395 4353; x_wconf 88' lang='lat' dir='ltr'><strong>eritis.</strong></span> <span class='ocrx_word' id='word_1_893' title='bbox 3432 4296 3558 4353; x_wconf 81' lang='lat' dir='ltr'><strong>Srio</strong></span> 
     </span>
    </p>
   </div>
   <div class='ocr_carea' id='block_1_107' title="bbox 1972 4386 3556 4459">
    <p class='ocr_par' dir='ltr' id='par_1_107' title="bbox 1972 4386 3556 4459">
     <span class='ocr_line' id='line_1_107' title="bbox 1972 4386 3556 4459; baseline 0 -16"><span class='ocrx_word' id='word_1_894' title='bbox 1972 4389 2096 4459; x_wconf 89' lang='lat' dir='ltr'><strong>quia</strong></span> <span class='ocrx_word' id='word_1_895' title='bbox 2136 4388 2230 4445; x_wconf 79' lang='lat' dir='ltr'><strong>ﬁlii</strong></span> <span class='ocrx_word' id='word_1_896' title='bbox 2263 4386 2491 4441; x_wconf 72' lang='lat' dir='ltr'><strong>Abraha:</strong></span> <span class='ocrx_word' id='word_1_897' title='bbox 2520 4386 2651 4440; x_wconf 67' lang='lat' dir='ltr'><strong>estis</strong></span> <span class='ocrx_word' id='word_1_898' title='bbox 2678 4403 2691 4439; x_wconf 89' lang='lat'><strong>:</strong></span> <span class='ocrx_word' id='word_1_899' title='bbox 2725 4386 2818 4440; x_wconf 89' lang='lat' dir='ltr'><strong>sed</strong></span> <span class='ocrx_word' id='word_1_900' title='bbox 2848 4390 3085 4455; x_wconf 71' lang='lat' dir='ltr'><strong>qumritis</strong></span> <span class='ocrx_word' id='word_1_901' title='bbox 3116 4403 3201 4444; x_wconf 86' lang='lat' dir='ltr'><strong>me</strong></span> <span class='ocrx_word' id='word_1_902' title='bbox 3228 4390 3556 4453; x_wconf 70' lang='lat' dir='ltr'><strong>interlircre,</strong></span> 
     </span>
    </p>
   </div>
   <div class='ocr_carea' id='block_1_108' title="bbox 1895 4479 3559 4553">
    <p class='ocr_par' dir='ltr' id='par_1_108' title="bbox 1895 4479 3559 4553">
     <span class='ocr_line' id='line_1_108' title="bbox 1895 4479 3559 4553; baseline 0.003 -17"><span class='ocrx_word' id='word_1_903' title='bbox 1895 4480 1950 4541; x_wconf 92' lang='lat' dir='ltr'><strong>D</strong></span> <span class='ocrx_word' id='word_1_904' title='bbox 1974 4481 2097 4551; x_wconf 88' lang='lat' dir='ltr'><strong>quia</strong></span> <span class='ocrx_word' id='word_1_905' title='bbox 2129 4494 2310 4535; x_wconf 86' lang='lat' dir='ltr'><strong>sermo</strong></span> <span class='ocrx_word' id='word_1_906' title='bbox 2341 4495 2493 4535; x_wconf 87' lang='lat' dir='ltr'><strong>meus</strong></span> <span class='ocrx_word' id='word_1_907' title='bbox 2524 4495 2630 4533; x_wconf 88' lang='lat' dir='ltr'><strong>nun</strong></span> <span class='ocrx_word' id='word_1_908' title='bbox 2661 4480 2805 4547; x_wconf 87' lang='lat' dir='ltr'><strong>capit</strong></span> <span class='ocrx_word' id='word_1_909' title='bbox 2836 4479 2887 4534; x_wconf 91' lang='lat' dir='ltr'><strong>in</strong></span> <span class='ocrx_word' id='word_1_910' title='bbox 2929 4482 3101 4539; x_wconf 85' lang='lat' dir='ltr'><strong>vobis.</strong></span> <span class='ocrx_word' id='word_1_911' title='bbox 3148 4482 3258 4553; x_wconf 82' lang='lat' dir='ltr'><strong>Ego</strong></span> <span class='ocrx_word' id='word_1_912' title='bbox 3286 4485 3424 4550; x_wconf 86' lang='lat' dir='ltr'><strong>quod</strong></span> <span class='ocrx_word' id='word_1_913' title='bbox 3453 4486 3559 4541; x_wconf 76' lang='lat' dir='ltr'><strong>vidi</strong></span> 
     </span>
    </p>
   </div>
   <div class='ocr_carea' id='block_1_109' title="bbox 1974 4570 3562 4645">
    <p class='ocr_par' dir='ltr' id='par_1_109' title="bbox 1974 4570 3562 4645">
     <span class='ocr_line' id='line_1_109' title="bbox 1974 4570 3562 4645; baseline -0.001 -16"><span class='ocrx_word' id='word_1_914' title='bbox 1974 4572 2115 4644; x_wconf 88' lang='lat' dir='ltr'><strong>apud</strong></span> <span class='ocrx_word' id='word_1_915' title='bbox 2152 4571 2401 4638; x_wconf 82' lang='lat' dir='ltr'><strong>Patrem,</strong></span> <span class='ocrx_word' id='word_1_916' title='bbox 2434 4570 2664 4641; x_wconf 88' lang='lat' dir='ltr'><strong>loquor;</strong></span> <span class='ocrx_word' id='word_1_917' title='bbox 2691 4582 2746 4625; x_wconf 88' lang='lat' dir='ltr'><strong>et</strong></span> <span class='ocrx_word' id='word_1_918' title='bbox 2774 4586 2871 4625; x_wconf 88' lang='lat' dir='ltr'><strong>vos</strong></span> <span class='ocrx_word' id='word_1_919' title='bbox 2900 4573 3041 4642; x_wconf 86' lang='lat' dir='ltr'><strong>quod</strong></span> <span class='ocrx_word' id='word_1_920' title='bbox 3068 4574 3273 4630; x_wconf 68' lang='lat' dir='ltr'><strong>vidistis</strong></span> <span class='ocrx_word' id='word_1_921' title='bbox 3300 4577 3438 4645; x_wconf 82' lang='lat' dir='ltr'><strong>apud</strong></span> <span class='ocrx_word' id='word_1_922' title='bbox 3475 4594 3562 4644; x_wconf 84' lang='lat' dir='ltr'><strong>pa-</strong></span> 
     </span>
    </p>
   </div>
   <div class='ocr_carea' id='block_1_110' title="bbox 1974 4660 3560 4730">
    <p class='ocr_par' dir='ltr' id='par_1_110' title="bbox 1974 4660 3560 4730">
     <span class='ocr_line' id='line_1_110' title="bbox 1974 4660 3560 4730; baseline 0.001 -10"><span class='ocrx_word' id='word_1_923' title='bbox 1974 4674 2110 4722; x_wconf 89' lang='lat' dir='ltr'><strong>trem</strong></span> <span class='ocrx_word' id='word_1_924' title='bbox 2142 4674 2381 4720; x_wconf 84' lang='lat' dir='ltr'><strong>vestrum</strong></span> <span class='ocrx_word' id='word_1_925' title='bbox 2431 4662 2636 4716; x_wconf 81' lang='lat' dir='ltr'><strong>facitis.</strong></span> <span class='ocrx_word' id='word_1_926' title='bbox 2672 4660 3080 4730; x_wconf 76' lang='lat' dir='ltr'><strong>ReSponderunt</strong></span> <span class='ocrx_word' id='word_1_927' title='bbox 3108 4675 3161 4717; x_wconf 88' lang='lat' dir='ltr'><strong>et</strong></span> <span class='ocrx_word' id='word_1_928' title='bbox 3190 4666 3432 4719; x_wconf 74' lang='lat' dir='ltr'><strong>dixerunt</strong></span> <span class='ocrx_word' id='word_1_929' title='bbox 3467 4670 3516 4720; x_wconf 93' lang='lat' dir='ltr'><strong>ei</strong></span> <span class='ocrx_word' id='word_1_930' title='bbox 3547 4685 3560 4721; x_wconf 77' lang='lat'><strong>2</strong></span> 
     </span>
    </p>
   </div>
   <div class='ocr_carea' id='block_1_111' title="bbox 1974 4754 3559 4812">
    <p class='ocr_par' dir='ltr' id='par_1_111' title="bbox 1974 4754 3559 4812">
     <span class='ocr_line' id='line_1_111' title="bbox 1974 4754 3559 4812; baseline -0.001 0"><span class='ocrx_word' id='word_1_931' title='bbox 1974 4759 2133 4812; x_wconf 81' lang='lat' dir='ltr'><strong>Pater</strong></span> <span class='ocrx_word' id='word_1_932' title='bbox 2175 4768 2357 4811; x_wconf 66' lang='lat' dir='ltr'><strong>numer</strong></span> <span class='ocrx_word' id='word_1_933' title='bbox 2397 4754 2667 4810; x_wconf 85' lang='lat' dir='ltr'><strong>Abraham</strong></span> <span class='ocrx_word' id='word_1_934' title='bbox 2709 4763 2811 4808; x_wconf 86' lang='lat' dir='ltr'><strong>est.</strong></span> <span class='ocrx_word' id='word_1_935' title='bbox 2860 4755 2997 4808; x_wconf 73' lang='lat' dir='ltr'><strong>Dicit</strong></span> <span class='ocrx_word' id='word_1_936' title='bbox 3036 4754 3117 4809; x_wconf 88' lang='lat' dir='ltr'><strong>eis</strong></span> <span class='ocrx_word' id='word_1_937' title='bbox 3145 4755 3344 4810; x_wconf 68' lang='lat' dir='ltr'><strong>Iesus:</strong></span> <span class='ocrx_word' id='word_1_938' title='bbox 3377 4757 3431 4810; x_wconf 89' lang='lat' dir='ltr'><strong>Si</strong></span> <span class='ocrx_word' id='word_1_939' title='bbox 3467 4759 3559 4811; x_wconf 70' lang='lat' dir='ltr'><strong>lilii</strong></span> 
     </span>
    </p>
   </div>
   <div class='ocr_carea' id='block_1_112' title="bbox 1971 4843 3552 4919">
    <p class='ocr_par' dir='ltr' id='par_1_112' title="bbox 1971 4843 3552 4919">
     <span class='ocr_line' id='line_1_112' title="bbox 1971 4843 3552 4919; baseline -0.005 -11"><span class='ocrx_word' id='word_1_940' title='bbox 1971 4852 2201 4908; x_wconf 64' lang='lat' dir='ltr'><strong>Abrahae</strong></span> <span class='ocrx_word' id='word_1_941' title='bbox 2222 4849 2372 4915; x_wconf 88' lang='lat' dir='ltr'><strong>estis,</strong></span> <span class='ocrx_word' id='word_1_942' title='bbox 2400 4862 2559 4914; x_wconf 68' lang='lat' dir='ltr'><strong>Opera</strong></span> <span class='ocrx_word' id='word_1_943' title='bbox 2584 4846 2812 4900; x_wconf 66' lang='lat' dir='ltr'><strong>Abrahae</strong></span> <span class='ocrx_word' id='word_1_944' title='bbox 2839 4843 3016 4901; x_wconf 78' lang='lat' dir='ltr'><strong>facite.</strong></span> <span class='ocrx_word' id='word_1_945' title='bbox 3042 4846 3190 4900; x_wconf 88' lang='lat' dir='ltr'><strong>Nunc</strong></span> <span class='ocrx_word' id='word_1_946' title='bbox 3213 4856 3391 4902; x_wconf 71' lang='lat' dir='ltr'><strong>autem</strong></span> <span class='ocrx_word' id='word_1_947' title='bbox 3414 4866 3552 4919; x_wconf 84' lang='lat' dir='ltr'><strong>qua--</strong></span> 
     </span>
    </p>
   </div>
   <div class='ocr_carea' id='block_1_113' title="bbox 1975 4936 3558 5005">
    <p class='ocr_par' dir='ltr' id='par_1_113' title="bbox 1975 4936 3558 5005">
     <span class='ocr_line' id='line_1_113' title="bbox 1975 4936 3558 5005; baseline -0.001 -6"><span class='ocrx_word' id='word_1_948' title='bbox 1975 4944 2093 5001; x_wconf 87' lang='lat' dir='ltr'><strong>ritis</strong></span> <span class='ocrx_word' id='word_1_949' title='bbox 2134 4957 2219 4996; x_wconf 89' lang='lat' dir='ltr'><strong>me</strong></span> <span class='ocrx_word' id='word_1_950' title='bbox 2260 4938 2602 5003; x_wconf 74' lang='lat' dir='ltr'><strong>intellicere,</strong></span> <span class='ocrx_word' id='word_1_951' title='bbox 2646 4936 2915 4991; x_wconf 87' lang='lat' dir='ltr'><strong>hominem</strong></span> <span class='ocrx_word' id='word_1_952' title='bbox 2959 4937 3046 5005; x_wconf 87' lang='lat' dir='ltr'><strong>qui</strong></span> <span class='ocrx_word' id='word_1_953' title='bbox 3086 4938 3363 4995; x_wconf 86' lang='lat' dir='ltr'><strong>veritatem</strong></span> <span class='ocrx_word' id='word_1_954' title='bbox 3404 4942 3558 4998; x_wconf 87' lang='lat' dir='ltr'><strong>vobis</strong></span> 
     </span>
    </p>
   </div>
   <div class='ocr_carea' id='block_1_114' title="bbox 1976 5140 3559 5227">
    <p class='ocr_par' dir='ltr' id='par_1_114' title="bbox 1976 5140 3559 5227">
     <span class='ocr_line' id='line_1_114' title="bbox 1976 5140 3559 5227; baseline 0 -30"><span class='ocrx_word' id='word_1_955' title='bbox 1976 5144 2209 5227; x_wconf 49' lang='lat' dir='ltr'><strong>Pati-ctum</strong></span> <span class='ocrx_word' id='word_1_956' title='bbox 2230 5142 2425 5227; x_wconf 64' lang='lat' dir='ltr'><strong>diceth</strong></span> <span class='ocrx_word' id='word_1_957' title='bbox 2471 5143 2543 5195; x_wconf 76' lang='lat' dir='ltr'><strong>eis</strong></span> <span class='ocrx_word' id='word_1_958' title='bbox 2576 5140 2736 5227; x_wconf 66' lang='lat' dir='ltr'><strong>Deum</strong></span> <span class='ocrx_word' id='word_1_959' title='bbox 2784 5157 2805 5196; x_wconf 87' lang='lat'><strong><em>:</em></strong></span> <span class='ocrx_word' id='word_1_960' title='bbox 2842 5144 2991 5227; x_wconf 69' lang='lat' dir='ltr'><strong>jmtta</strong></span> <span class='ocrx_word' id='word_1_961' title='bbox 3025 5144 3222 5227; x_wconf 42' lang='grc' dir='ltr'><strong>(ἶπες-τ,</strong></span> <span class='ocrx_word' id='word_1_962' title='bbox 3250 5149 3559 5227; x_wconf 45' lang='grc' dir='ltr'><strong>τλά-πατέρα</strong></span> 
     </span>
    </p>
   </div>
   <div class='ocr_carea' id='block_1_115' title="bbox 1968 5212 3560 5285">
    <p class='ocr_par' dir='ltr' id='par_1_115' title="bbox 1968 5212 3560 5285">
     <span class='ocr_line' id='line_1_115' title="bbox 1968 5212 3560 5285; baseline 0.005 -17"><span class='ocrx_word' id='word_1_963' title='bbox 1968 5218 2134 5276; x_wconf 78' lang='grc' dir='ltr'><strong>αὐτοῖς</strong></span> <span class='ocrx_word' id='word_1_964' title='bbox 2164 5213 2350 5281; x_wconf 41' lang='grc' dir='ltr'><strong>ἐἹειεν.</strong></span> <span class='ocrx_word' id='word_1_965' title='bbox 2384 5212 2549 5285; x_wconf 59' lang='lat' dir='ltr'><strong>Qttctll</strong></span> <span class='ocrx_word' id='word_1_966' title='bbox 2583 5213 2632 5265; x_wconf 79' lang='lat' dir='ltr'><strong>in</strong></span> <span class='ocrx_word' id='word_1_967' title='bbox 2662 5212 2853 5267; x_wconf 85' lang='lat' dir='ltr'><strong>locum</strong></span> <span class='ocrx_word' id='word_1_968' title='bbox 2884 5218 3030 5285; x_wconf 90' lang='lat' dir='ltr'><strong>plura</strong></span> <span class='ocrx_word' id='word_1_969' title='bbox 3072 5212 3279 5273; x_wconf 74' lang='lat' dir='ltr'><strong>erudite</strong></span> <span class='ocrx_word' id='word_1_970' title='bbox 3308 5212 3560 5276; x_wconf 60' lang='lat' dir='ltr'><strong>Obrert&#39;ut</strong></span> 
     </span>
    </p>
   </div>
   <div class='ocr_carea' id='block_1_116' title="bbox 1972 5282 3555 5357">
    <p class='ocr_par' dir='ltr' id='par_1_116' title="bbox 1972 5282 3555 5357">
     <span class='ocr_line' id='line_1_116' title="bbox 1972 5282 3555 5357; baseline 0.004 -18"><span class='ocrx_word' id='word_1_971' title='bbox 1972 5286 2141 5339; x_wconf 84' lang='lat' dir='ltr'><strong>Lucas</strong></span> <span class='ocrx_word' id='word_1_972' title='bbox 2164 5287 2321 5349; x_wconf 75' lang='lat' dir='ltr'><strong>Brug.</strong></span> <span class='ocrx_word' id='word_1_973' title='bbox 2342 5282 2529 5357; x_wconf 81' lang='lat' dir='ltr'><strong>tumin</strong></span> <span class='ocrx_word' id='word_1_974' title='bbox 2556 5295 2847 5357; x_wconf 85' lang='lat' dir='ltr'><strong>comment.</strong></span> <span class='ocrx_word' id='word_1_975' title='bbox 2872 5282 3000 5342; x_wconf 76' lang='lat' dir='ltr'><strong>tom.</strong></span> <span class='ocrx_word' id='word_1_976' title='bbox 3027 5286 3064 5342; x_wconf 90' lang='lat' dir='ltr'><strong>ll</strong></span> <span class='ocrx_word' id='word_1_977' title='bbox 3083 5332 3095 5351; x_wconf 84' lang='grc'><em>,</em></span> <span class='ocrx_word' id='word_1_978' title='bbox 3124 5307 3173 5354; x_wconf 87' lang='lat' dir='ltr'><strong>p.</strong></span> <span class='ocrx_word' id='word_1_979' title='bbox 3203 5293 3361 5357; x_wconf 69' lang='lat'><strong>1052,</strong></span> <span class='ocrx_word' id='word_1_980' title='bbox 3389 5293 3555 5357; x_wconf 64' lang='lat'><strong>£087;</strong></span> 
     </span>
    </p>
   </div>
   <div class='ocr_carea' id='block_1_117' title="bbox 1974 5354 3232 5429">
    <p class='ocr_par' dir='ltr' id='par_1_117' title="bbox 1974 5354 3232 5429">
     <span class='ocr_line' id='line_1_117' title="bbox 1974 5354 3232 5429; baseline 0.006 -20"><span class='ocrx_word' id='word_1_981' title='bbox 1974 5365 2082 5429; x_wconf 79' lang='lat' dir='ltr'><strong>tum</strong></span> <span class='ocrx_word' id='word_1_982' title='bbox 2105 5357 2166 5429; x_wconf 81' lang='lat' dir='ltr'><strong>_i_u</strong></span> <span class='ocrx_word' id='word_1_983' title='bbox 2201 5354 2559 5429; x_wconf 74' lang='lat' dir='ltr'><strong>ttultttinttibus</strong></span> <span class='ocrx_word' id='word_1_984' title='bbox 2590 5355 2985 5429; x_wconf 60' lang='lat' dir='ltr'><strong>prolittiuribtts.</strong></span> <span class='ocrx_word' id='word_1_985' title='bbox 3020 5376 3073 5429; x_wconf 76' lang='grc' dir='ltr'><strong>ι).</strong></span> <span class='ocrx_word' id='word_1_986' title='bbox 3108 5362 3232 5417; x_wconf 77' lang='grc'><strong>585.</strong></span> 
     </span>
    </p>
   </div>
   <div class='ocr_carea' id='block_1_118' title="bbox 2047 5423 3555 5492">
    <p class='ocr_par' dir='ltr' id='par_1_118' title="bbox 2047 5423 3555 5492">
     <span class='ocr_line' id='line_1_118' title="bbox 2047 5423 3555 5492; baseline 0.007 -18"><span class='ocrx_word' id='word_1_987' title='bbox 2047 5423 2072 5461; x_wconf 82' lang='lat' dir='ltr'><strong>d</strong></span> <span class='ocrx_word' id='word_1_988' title='bbox 2103 5425 2247 5479; x_wconf 83' lang='lat' dir='ltr'><strong>lianc</strong></span> <span class='ocrx_word' id='word_1_989' title='bbox 2268 5425 2542 5477; x_wconf 75' lang='lat' dir='ltr'><strong>lectionem</strong></span> <span class='ocrx_word' id='word_1_990' title='bbox 2566 5427 2913 5492; x_wconf 79' lang='lat' dir='ltr'><strong>exseriptoris</strong></span> <span class='ocrx_word' id='word_1_991' title='bbox 2943 5423 3073 5483; x_wconf 81' lang='lat' dir='ltr'><strong>vitio</strong></span> <span class='ocrx_word' id='word_1_992' title='bbox 3105 5432 3411 5485; x_wconf 86' lang='lat' dir='ltr'><strong>vertendam</strong></span> <span class='ocrx_word' id='word_1_993' title='bbox 3444 5436 3555 5485; x_wconf 64' lang='lat' dir='ltr'><strong>eii-</strong></span> 
     </span>
    </p>
   </div>
   <div class='ocr_carea' id='block_1_119' title="bbox 1975 5494 3553 5567">
    <p class='ocr_par' dir='ltr' id='par_1_119' title="bbox 1975 5494 3553 5567">
     <span class='ocr_line' id='line_1_119' title="bbox 1975 5494 3553 5567; baseline 0.005 -16"><span class='ocrx_word' id='word_1_994' title='bbox 1975 5499 2255 5558; x_wconf 71' lang='lat' dir='ltr'><strong>stinurim,</strong></span> <span class='ocrx_word' id='word_1_995' title='bbox 2316 5494 2437 5567; x_wconf 76' lang='lat' dir='ltr'><strong>inde</strong></span> <span class='ocrx_word' id='word_1_996' title='bbox 2467 5495 2690 5567; x_wconf 70' lang='lat' dir='ltr'><strong>fortasse</strong></span> <span class='ocrx_word' id='word_1_997' title='bbox 2718 5511 2887 5553; x_wconf 73' lang='lat' dir='ltr'><strong>oi-latu</strong></span> <span class='ocrx_word' id='word_1_998' title='bbox 2911 5541 2924 5562; x_wconf 90' lang='lat'><strong>,</strong></span> <span class='ocrx_word' id='word_1_999' title='bbox 2953 5502 3092 5567; x_wconf 87' lang='lat' dir='ltr'><strong>quod</strong></span> <span class='ocrx_word' id='word_1_1000' title='bbox 3126 5501 3361 5565; x_wconf 72' lang='lat' dir='ltr'><strong>nonnulli</strong></span> <span class='ocrx_word' id='word_1_1001' title='bbox 3394 5506 3553 5559; x_wconf 72' lang='lat' dir='ltr'><strong>codd.</strong></span> 
     </span>
    </p>
   </div>
   <div class='ocr_carea' id='block_1_120' title="bbox 1975 5564 3628 5637">
    <p class='ocr_par' dir='ltr' id='par_1_120' title="bbox 1975 5564 3628 5637">
     <span class='ocr_line' id='line_1_120' title="bbox 1975 5564 3628 5637; baseline 0.005 -17"><span class='ocrx_word' id='word_1_1002' title='bbox 1975 5571 2201 5620; x_wconf 62' lang='lat' dir='ltr'><strong>Itztltt&#39;atll</strong></span> <span class='ocrx_word' id='word_1_1003' title='bbox 2227 5582 2288 5619; x_wconf 68' lang='lat' dir='ltr'><strong>ex</strong></span> <span class='ocrx_word' id='word_1_1004' title='bbox 2313 5564 2533 5619; x_wconf 72' lang='lat' dir='ltr'><strong>Jttdrcis.</strong></span> <span class='ocrx_word' id='word_1_1005' title='bbox 2562 5569 2664 5620; x_wconf 80' lang='lat' dir='ltr'><strong>Sed</strong></span> <span class='ocrx_word' id='word_1_1006' title='bbox 2692 5568 2904 5623; x_wconf 71' lang='lat' dir='ltr'><strong>diutum</strong></span> <span class='ocrx_word' id='word_1_1007' title='bbox 2934 5564 3210 5637; x_wconf 73' lang='lat' dir='ltr'><strong>legendum</strong></span> <span class='ocrx_word' id='word_1_1008' title='bbox 3235 5588 3355 5627; x_wconf 88' lang='lat' dir='ltr'><strong>cum</strong></span> <span class='ocrx_word' id='word_1_1009' title='bbox 3389 5575 3554 5631; x_wconf 69' lang='lat' dir='ltr'><strong>intcr-</strong></span> <span class='ocrx_word' id='word_1_1010' title='bbox 3624 5569 3628 5573; x_wconf 79' lang='grc'><strong>’</strong></span> 
     </span>
    </p>
   </div>
   <div class='ocr_carea' id='block_1_121' title="bbox 1972 5637 3153 5707">
    <p class='ocr_par' dir='ltr' id='par_1_121' title="bbox 1972 5637 3153 5707">
     <span class='ocr_line' id='line_1_121' title="bbox 1972 5637 3153 5707; baseline 0.005 -18"><span class='ocrx_word' id='word_1_1011' title='bbox 1972 5651 2120 5707; x_wconf 77' lang='lat' dir='ltr'><strong>pzetc</strong></span> <span class='ocrx_word' id='word_1_1012' title='bbox 2147 5640 2378 5707; x_wconf 75' lang='lat' dir='ltr'><strong>Vulgata,</strong></span> <span class='ocrx_word' id='word_1_1013' title='bbox 2414 5647 2590 5690; x_wconf 79' lang='lat' dir='ltr'><strong>textus</strong></span> <span class='ocrx_word' id='word_1_1014' title='bbox 2618 5637 2808 5694; x_wconf 81' lang='lat' dir='ltr'><strong>littera:</strong></span> <span class='ocrx_word' id='word_1_1015' title='bbox 2841 5640 3153 5695; x_wconf 55' lang='lat' dir='ltr'><strong>inha&#39;rento.</strong></span> 
     </span>
    </p>
   </div>
  </div>
