3980 6196
459 310 565 365 525

1606 304 1923 362 VICTORIS
1957 304 2260 361 ΒΡΙΞΕΟΗ
2295 301 2592 361 CAPUANI
2625 310 2633 318 “

3632 307 3740 361 5Σῦ

459 425 673 479 locutus
706 434 827 476 sum
850 463 862 485 ,
895 436 1053 491 quam
1085 421 1260 475 audivi
1291 437 1319 475 a
1364 421 1520 476 Pane
1550 435 1671 474 meo
1698 437 1710 473 :
1746 423 1845 473 huc
1876 418 2043 473 Alara-
2074 426 2117 481 Α
2149 419 2241 488 qui
2273 418 2419 473 misit
2445 434 2565 484 me,
2593 418 2766 473 donec
2791 418 2911 474 dies
2936 427 3054 473 est:
3088 420 3234 476 venit
3264 437 3368 477 nox
3398 425 3613 493 quando
3643 443 3742 483 ne-

461 519 585 571 ham
619 530 723 569 neu
754 516 900 570 fecit.
937 515 1042 569 Vus
1071 516 1241 568 facilis
1271 529 1433 582 Opera
1468 515 1632 579 patris
1660 513 1844 567 vestri.
1883 513 2042 565 Dixe-

458 617 586 663 runt
617 610 793 675 itaq‘ue
820 607 875 661 ei
902 625 916 660 :
948 605 1055 659 Nos
1081 620 1147 660 ex
1177 604 1528 659 fornicatione
1556 618 1659 656 non
1688 616 1872 656 sumus
1899 603 2005 654 nati
2028 617 2041 653 :

458 714 627 753 unum
655 697 866 751 Patrem
898 696 1159 751 habemus
1195 698 1381 749 Deum.
1413 695 1556 748 Dixit
1586 708 1713 763 ergo
1742 695 1822 747 eis
1850 692 2043 747 Jesus:

459 790 518 845 Si
553 790 691 842 Deus
735 788 894 842 Pater
934 798 1112 841 vester
1152 794 1328 851 esset,
1370 786 1670 856 diligeretis
1706 786 1889 854 utique
1920 798 2043 839 me:

457 893 563 947 ego
591 878 733 933 enim
762 892 827 932 ex
861 878 971 932 Deo
1003 877 1279 944 processi,
1308 887 1362 931 et
1407 877 1569 931 veni:
1616 891 1789 945 neque
1831 876 1974 930 enim
2016 888 2047 930 a

460 971 710 1039 me‘ipso
747 969 903 1037 veni,
947 969 1041 1024 sed
1086 970 1179 1023 ille
1220 985 1306 1023 me
1347 969 1513 1024 misit.
1556 969 1730 1035 Quare
1780 967 2044 1035 loquelam

461 1079 637 1119 meam
666 1079 773 1119 non
802 1064 1170 1133 cognoscitis?
1199 1064 1324 1131 qu'a
1355 1078 1458 1116 non
1488 1063 1707 1131 potestis
1733 1061 1914 1115 audire
1937 1076 2051 1115 ser-

460 1171 676 1212 monem
709 1170 909 1210 meum.
946 1155 1051 1208 Vos
1084 1170 1147 1209 ex
1191 1165 1343 1223 patre
1371 1153 1585 1207 diabolo
1623 1154 1786 1219 estis,
1818 1160 1873 1206 et
1910 1150 2050 1206 desi-

460 1247 611 1301 deria
643 1246 813 1315 patris
842 1244 1010 1301 vesni
1042 1246 1203 1299 vultis
1245 1244 1440 1299 facere.
1485 1244 1579 1299 Ille
1622 1243 1890 1298 homicida
1934 1249 2053 1297 erat

460 1337 532 1391 ab
562 1336 713 1391 initio
734 1380 751 1401 ,
782 1344 838 1391 et
868 1339 921 1390 in
952 1336 1174 1390 veritate
1205 1350 1308 1389 non
1339 1344 1442 1390 stet
1470 1344 1527 1403 t,
1560 1337 1682 1404 quia
1715 1350 1818 1388 non
1848 1344 1931 1389 est
1959 1349 2053 1389 ve.

462 1430 597 1484 ritas
645 1430 699 1483 in
739 1443 829 1485 eo.
871 1429 1005 1482 Cum
1046 1428 1286 1496 loquitur
1325 1426 1698 1491 mendacium,
1729 1442 1794 1482 ex
1825 1426 2052 1495 propriis

465 1520 724 1590 loquitur,
762 1522 891 1590 quia
921 1518 1151 1573 mendax
1184 1525 1303 1581 est,
1334 1526 1389 1571 et
1418 1527 1570 1586 pater
1610 1516 1748 1584 ejus.
1795 1515 1907 1584 Ego
1952 1529 2048 1569 au-

470 1624 580 1667 tem
607 1614 729 1682 quia
745 1612 1037 1690 _veritatem
1068 1612 1189 1666 dico
1208 1651 1223 1676 ,
1253 1626 1359 1665 non
1389 1609 1606 1665 creditis
1636 1609 1786 1663 mihi.
1830 1607 1959 1675 Quis
1987 1622 2052 1663 ex

468 1704 627 1758 vobis
667 1713 857 1773 arguet
895 1719 984 1758 me
1021 1702 1093 1757 de
1132 1701 1399 1770 peccato?
1436 1700 1494 1755 Si
1533 1701 1812 1755 veritatem
1852 1700 1973 1753 dico
2004 1707 2052 1765 οι,

2149 526 2239 565 tuo
2271 521 2445 579 po'est
2473 510 2711 578 operari.
2740 509 2984 577 Quandiu
3009 527 3133 565 sum
3157 514 3208 566 in
3237 516 3471 581 mundo,
3503 516 3592 571 lux
3614 533 3736 574 sum

2100 632 2101 635 η
2152 602 2360 655 mundi.
2393 604 2514 655 llaec
2537 616 2661 655 cum
2688 601 2945 666 dixisset,
2965 603 3183 671 exspuit
3210 603 3264 658 in
3289 613 3511 671 terram,
3530 618 3586 662 et
3612 609 3745 663 fecit

2148 693 2317 747 lutum
2361 709 2425 747 ex
2466 703 2653 761 sputo,
2684 702 2739 748 et
2769 693 2941 747 linivit
2969 694 3138 747 lutum
3169 710 3334 764 super
3360 698 3548 763 oculos
3583 700 3743 769 ejus,

2134 788 2202 838 ὀι
2225 784 2359 838 dixit
2379 786 2428 838 ei
2452 801 2466 835 :
2491 785 2670 849 Vade,
2701 794 2754 838 et
2780 784 2895 837 lava
2927 785 2978 839 in
3008 788 3271 841 natatoria
3296 787 3465 854 Siloe,
3488 794 3631 861 quod
3662 794 3747 848 in-

2150 875 2734 943 terpretaturyntissus.
2767 875 2916 931 Abiit
2944 889 3073 945 ergo
3099 885 3155 931 et
3184 878 3316 932 lavit
3346 919 3360 945 ,
3392 893 3446 934 et
3485 884 3632 937 venit
3664 885 3746 939 vi.

2146 964 2305 1020 deus.
2329 964 2508 1034 Itaque
2528 972 2583 1021 et
2603 966 2760 1021 vicini
2783 976 2838 1021 et
2863 967 2952 1035 qui
2977 967 3231 1022 videbant
3252 965 3279 1005 ἀ
3301 983 3423 1023 611111
3448 973 3593 1040 prius
3614 976 3742 1043 quia

2150 1055 2427 1110 mendicus
2448 1066 2583 1122 erat,
2602 1056 2847 1111 dicebant
2874 1074 2887 1108 :
2914 1056 3101 1112 Nonne
3123 1058 3211 1112 hic
3229 1067 3313 1114 est
3333 1061 3421 1129 qui
3445 1063 3665 1118 sedebat
3689 1073 3751 1121 et

2152 1147 2533 1201 mendicabat?
2558 1147 2662 1202 Alii
2688 1148 2975 1215 dicebant,
3005 1152 3126 1218 quia
3157 1150 3243 1204 hic
3266 1161 3368 1206 est.
3402 1153 3504 1207 Alii
3534 1166 3741 1222 autem,

2151 1255 2523 1310 nequaquam,
2547 1240 2641 1295 sed
2665 1241 2858 1297 similis
2883 1251 2966 1297 est
2985 1243 3057 1297 ei.
3084 1242 3177 1296 1116
3199 1258 3327 1297 veto
3349 1245 3561 1300 dicebat
3579 1288 3594 1312 ,
3615 1249 3745 1319 quia

2156 1349 2257 1403 ego
2284 1350 2425 1389 sum.
2456 1334 2715 1390 Dicebant
2738 1349 2867 1404 ergo
2885 1336 2942 1390 ei
2954 1334 2974 1388 ':
3003 1335 3281 1403 Quomodo
3302 1339 3475 1406 aperti
3498 1351 3625 1394 sunt
3648 1342 3744 1397 tibi

2153 1428 2339 1484 oculi?
2372 1428 2705 1498 Respondit:
2738 1427 2832 1483 1116
2859 1427 3023 1484 homo
3048 1429 3135 1497 qui
3160 1428 3358 1484 dicitur
3384 1430 3539 1486 Iesus
3570 1433 3744 1488 lutum

2154 1520 2316 1584 fecit,
2350 1529 2403 1576 et
2434 1521 2583 1575 unxit
2614 1520 2800 1574 oculos
2826 1535 2979 1575 meos
3000 1561 3017 1586 ,
3048 1530 3102 1577 et
3129 1522 3263 1577 dixit
3297 1522 3427 1577 mihi
3455 1542 3468 1574 :
3500 1523 3649 1579 Vade
3677 1525 3747 1581 ad

2156 1612 2475 1666 natatoriam
2504 1612 2646 1667 Siloe
2667 1652 2683 1677 ,
2715 1623 2763 1665 et
2796 1612 2935 1666 Iava.
2966 1611 3034 1666 Et
3060 1612 3201 1679 abii,
3232 1621 3287 1668 et
3310 1612 3450 1680 lavi,
3481 1623 3534 1669 et
3562 1615 3744 1670 video.

2160 1703 2417 1757 Dixerunt
2460 1703 2549 1757 ei:
2593 1701 2695 1758 Ubi
2735 1711 2819 1757 est
2859 1702 2992 1756 ille?
3033 1702 3159 1757 Ait:
3202 1704 3412 1760 Nescio.
3461 1704 3751 1761 Adducunt

464 1810 634 1865 quare
672 1809 769 1850 vos
807 1810 914 1849 non
955 1793 1172 1849 creditis
1212 1793 1378 1847 11111111
1419 1792 1519 1859 Qui
1562 1801 1645 1847 est
1684 1807 1747 1845 ex
1781 1793 1889 1847 Deo
1914 1830 1927 1855 ,
1963 1791 2052 1844 Dei
2089 1808 2130 1867 Β
2160 1808 2281 1848 611111
2325 1793 2391 1847 ad
2436 1793 2762 1861 Pharisatos,
2804 1794 2891 1864 qui
2927 1808 3103 1851 caecus
3148 1795 3342 1851 fuerat.
3394 1798 3515 1851 Erat
3565 1809 3747 1855 autem

469 1889 632 1943 verba
666 1888 833 1942 audit.
866 1888 1156 1955 PrOpterea
1185 1899 1279 1939 vos
1306 1899 1415 1939 non
1446 1882 1643 1938 auditis
1664 1928 1677 1949 ,
1711 1882 1831 1951 quia
1855 1897 1917 1935 ex
1947 1881 2057 1935 Deo

471 1995 580 2032 non
606 1980 759 2033 estis.
793 1978 1207 2047 Responderunt
1234 1991 1365 2046 ergo
1392 1975 1591 2040 Judaei,
1621 1986 1675 2029 et
1700 1974 1946 2028 dixerunt
1971 1973 2057 2027 ei:

472 2070 664 2125 Nonne
692 2070 829 2123 bene
855 2069 1082 2123 dicimus
1110 2082 1242 2131 nos,
1265 2066 1388 2136 quia
1417 2064 1780 2120 Samaritanus
1804 2078 1863 2117 es
1892 2073 1944 2117 tu
1964 2102 1981 2127 ,
2009 2069 2063 2117 et

472 2160 800 2215 daemonium
828 2159 1037 2213 babes?
1067 2158 1358 2227 Respondit
1385 2156 1573 2211 Iesus:
1605 2155 1715 2224 Ego
1738 2153 2060 2208 dazmonium

472 2266 581 2304 non
611 2249 807 2314 habeo,
838 2248 933 2305 sed
965 2248 1263 2302 honoriﬁco
1291 2247 1500 2302 Patrem
1532 2259 1710 2299 meum
1732 2285 1747 2310 ,
1780 2254 1834 2298 et
1862 2260 1958 2299 vos
1983 2245 2064 2299 in-

477 2340 782 2395 honorastis
806 2354 915 2395 me.
942 2340 1053 2409 Ego
1073 2331 1253 2394 autem
1279 2354 1385 2393 non
1412 2351 1601 2406 qua-ro
1618 2336 1842 2406 gloriam
1867 2351 2059 2390 meam:

479 2443 564 2489 est
588 2434 679 2503 qui
707 2442 911 2502 qumrat
934 2443 987 2489 et
1010 2433 1235 2503 jtrlicet.
1266 2432 1435 2485 Amen
1457 2430 1486 2469 ιι
1509 2430 1630 2483 dico
1654 2428 1838 2483 vobis:
1865 2429 1919 2483 Si
1948 2429 2065 2496 quis

481 2539 790 2580 sermonem
819 2538 997 2578 meum
1025 2522 1320 2578 sanaverit
1341 2564 1356 2588 ,
1385 2529 1614 2575 mortem
1646 2535 1749 2573 non
1781 2519 1983 2573 videbit
2012 2520 2064 2573 in

479 2629 761 2673 attentum.
798 2618 1055 2671 Dixerunt
1079 2631 1207 2685 ergo
1233 2616 1281 2670 ei
1310 2614 1477 2669 Judaei
1505 2631 1519 2667 :
1544 2613 1693 2668 Nunc
1719 2613 2067 2682 cognovimus

478 2707 599 2776 quia
646 2706 973 2761 daemonium
1021 2705 1210 2759 babes.
1258 2702 1530 2757 Abraham
1572 2710 1966 2777 mortuustest,
2014 2709 2069 2755 et

478 2796 761 2866 prepltetm
780 2835 797 2862 ,
824 2803 880 2849 et
907 2804 963 2847 tu
987 2793 1158 2848 dicis:
1186 2791 1242 2847 Si
1271 2792 1390 2860 quis
1417 2805 1720 2845 sermonem
1750 2776 1925 2844 meum
1956 2803 2069 2843 ser-

481 2889 693 2943 vaverit
715 2927 730 2952 ,
759 2901 867 2941 non
896 2884 1137 2957 gustabit
1163 2893 1391 2939 mortem
1426 2884 1477 2938 in
1507 2894 1789 2939 eternum.
1823 2882 2070 2952 Nunquid

486 2987 544 3032 tu
572 2978 743 3044 major
769 2991 828 3030 es
859 2986 1008 3043 patre
1035 2983 1221 3029 nostro
1243 2973 1512 3028 Abraham
1537 3016 1550 3041 ,
1574 2973 1665 3041 qui
1690 2984 1933 3049 mortuus
1955 2982 2067 3035 est,

483 3079 543 3125 et
565 3069 840 3139 propheta:
865 3068 1060 3123 mortui
1084 3067 1243 3123 sunt?
1270 3067 1438 3133 Quem
1465 3076 1518 3121 te
1545 3066 1716 3135 ipsum
1748 3066 1914 3121 facis?
1968 3066 2072 3120 Re-

2158 1888 2436 1941 sabbatum
2465 1886 2680 1956 quando
2706 1887 2872 1939 lutum
2905 1888 3028 1941 fecit
3049 1887 3226 1952 Iesus,
3252 1899 3300 1941 et
3329 1890 3533 1951 aperuit
3560 1892 3751 1947 oculos

2157 1979 2294 2047 ejus.
2322 1978 2517 2033 lterum
2544 1988 2722 2033 autem
2751 1977 3151 2047 interrogabant
3170 1992 3292 2033 eum
3318 1976 3595 2044 Pbarismi,
3612 1998 3751 2050 quo-

2160 2070 2322 2125 motlo
2363 2070 2629 2123 vidisset?
2669 2068 2763 2123 llie
2803 2078 2980 2123 autem
3024 2069 3157 2123 dixit
3196 2067 3313 2123 eis:
3345 2067 3538 2124 Lutum
3572 2073 3753 2140 posuit

2161 2162 2288 2217 mihi
2320 2176 2483 2231 super
2512 2160 2697 2214 oculos
2717 2199 2733 2223 ,
2766 2168 2821 2214 et
2846 2159 2950 2213 lavi
2973 2201 2988 2227 ,
3020 2168 3075 2213 et
3105 2158 3278 2213 video.
3327 2159 3582 2214 Dicebant
3620 2170 3752 2230 ergo

2161 2267 2225 2307 ex
2259 2252 2547 2306 Pharismis
2576 2250 2791 2319 quidam
2823 2265 2836 2303 :
2869 2250 2982 2304 Non
3009 2258 3093 2304 est
3122 2249 3209 2304 hic
3236 2251 3397 2305 homo
3422 2266 3452 2305 a
3487 2253 3621 2313 Deo,
3653 2252 3743 2319 qui

2163 2344 2444 2398 sabbatum
2470 2356 2573 2396 non
2597 2339 2852 2395 custodit.
2886 2341 2985 2394 Alii
3007 2340 3257 2395 dicebant
3279 2350 3327 2393 σε
3353 2341 3632 2407 Quomuuo
3657 2357 3753 2409 po,-

2167 2442 2270 2488 test
2295 2433 2453 2486 homo
2475 2441 2726 2501 peccator
2749 2431 2862 2484 hare
2883 2434 3029 2497 signa
3054 2430 3267 2485 facere?
3295 2431 3358 2485 Et
3381 2432 3613 2486 schisma
3634 2441 3756 2487 erat

2169 2524 2222 2577 in
2252 2522 2351 2577 eis.
2398 2522 2596 2575 Dicunt
2625 2536 2753 2590 ergo
2781 2534 2927 2575 casco
2959 2522 3147 2575 iterum
3175 2538 3188 2574 :
3219 2522 3299 2576 Tu
3342 2522 3469 2592 quid
3512 2523 3653 2577 dicis
3680 2524 3754 2580 de

2165 2627 2234 2667 eo
2272 2613 2362 2682 qui
2404 2612 2613 2681 aperuit
2652 2610 2837 2666 oculos
2875 2611 3037 2664 tuos?
3079 2612 3170 2667 llle
3209 2620 3384 2666 autem
3416 2614 3583 2667 dixit:
3615 2615 3750 2681 Quia

2171 2710 2428 2778 ρτθιιὴοιει
2451 2717 2553 2763 est.
2576 2706 2692 2761 Non
2718 2706 3061 2761 crediderunt
3080 2721 3209 2778 ergo
3232 2707 3398 2761 Judaei
3424 2708 3492 2763 de
3517 2710 3606 2762 illo
3629 2710 3753 2777 quia

2167 2816 2343 2857 cacus
2368 2801 2587 2866 fuisset,
2609 2800 2639 2834 "
2663 2799 2837 2853 donec
2879 2810 3203 2854 vocaverunt
3240 2815 3487 2869 parentes
3517 2803 3635 2871 ejus
3662 2805 3755 2873 qui

2173 2895 2400 2949 viderat.
2454 2895 2517 2949 Et
2563 2895 3025 2962 interrogaverunt
3063 2907 3157 2948 eos
3196 2894 3435 2949 dicentes
3472 2910 3486 2947 :
3530 2896 3627 2950 1116
3674 2904 3761 2952 est

2174 2988 2314 3040 iilius
2344 2995 2539 3047 vester,
2570 2999 2726 3054 quem
2757 3000 2852 3038 vos
2889 2984 3067 3041 dicit‘s
3093 2987 3214 3055 quia
3248 3002 3421 3044 caecus
3452 3000 3607 3043 natus
3635 2992 3762 3047 est?

2175 3076 2455 3145 Quomodo
2485 3090 2613 3144 ergo
2644 3091 2782 3130 nunc
2809 3075 2992 3130 videt?
3018 3075 3429 3146 ltrspondcrunt
3453 3081 3531 3133 eis
3560 3096 3762 3148 parcu-

484 3160 876 3230 eptmditJt-sus
903 3178 914 3211 :
944 3160 999 3213 Si
1026 3172 1127 3228 ego
1152 3158 1391 3228 gloriﬁco
1417 3173 1505 3213 me
1533 3161 1729 3229 ipsum,
1759 3157 1924 3228 gloria
1953 3171 2071 3213 mea
2101 3175 2148 3240 α
2181 3179 2293 3233 tes,
2322 3178 2373 3223 et
2402 3168 2691 3221 dixerunt:
2723 3165 2936 3221 Scimus
2958 3208 2972 3231 ,
3003 3168 3123 3237 quia
3159 3170 3244 3221 hic
3273 3178 3349 3223 est
3394 3170 3532 3223 ﬁlius
3554 3182 3763 3241 noster,

491 3251 621 3304 nihil
649 3258 755 3304 est.
784 3249 879 3303 Est
903 3248 1060 3302 Pater
1084 3263 1236 3302 meus
1261 3248 1349 3316 qui
1374 3247 1637 3318 gloriﬁcat
1665 3262 1773 3312 me,
1795 3262 1952 3317 quem
1978 3261 2074 3302 vos

488 3342 691 3407 dicitis,
715 3341 836 3409 quia
865 3339 1004 3393 Deus
1028 3349 1204 3393 veSter
1226 3346 1331 3393 est.
1357 3338 1424 3393 Et
1446 3354 1551 3392 non
1574 3339 1899 3409 cognovistis
1921 3353 2073 3392 eum:

499 3447 602 3501 ego
623 3441 802 3485 autem
830 3431 953 3484 novi
980 3446 1124 3485 eum.
1150 3430 1218 3483 Et
1241 3429 1287 3483 si
1313 3428 1500 3483 dixero
1520 3431 1643 3499 quia
1667 3445 1771 3484 non
1799 3431 1910 3485 scio
1930 3444 2075 3492 cum,

492 3536 587 3574 ero
616 3521 808 3575 similis
836 3520 1012 3584 vobis,
1042 3519 1292 3574 mendax.
1325 3519 1429 3575 Sed
1462 3520 1576 3574 scio
1605 3536 1726 3574 eum
1747 3561 1762 3586 ,
1793 3529 1847 3574 et
1874 3534 2080 3575 sermo-

496 3627 619 3668 uetu
646 3612 762 3679 ejus
786 3626 968 3665 servo.
998 3610 1265 3665 Abraham
1298 3620 1448 3677 pater
1476 3619 1652 3666 vester
1677 3609 1995 3676 exsultavit,
2022 3620 2082 3664 ut

2176 3268 2231 3315 et
2252 3259 2374 3328 quia
2401 3271 2578 3313 circus
2608 3267 2767 3312 natus
2791 3259 3229 3328 est:quomodo¥
3256 3276 3381 3330 ergo
3414 3277 3557 3316 nunc
3586 3264 3769 3320 videat

2178 3353 2446 3409 nescimus
2472 3370 2486 3406 :
2521 3361 2613 3407 aut
2640 3352 2759 3422 quis
2789 3353 2908 3422 ejus
2939 3354 3149 3423 aperuit
3179 3355 3363 3409 oculos
3383 3397 3396 3415 .
3443 3370 3541 3410 nos
3587 3359 3769 3413 nesci-

2179 3458 2299 3500 mus
2325 3463 2337 3498 :
2371 3446 2547 3515 ipsum
2588 3444 2919 3514 interrogate
2946 3462 2958 3498 :
2988 3456 3198 3501 aetatem
3234 3447 3430 3503 habet:
3466 3450 3580 3517 ipse
3609 3449 3677 3504 de
3709 3466 3772 3507 se

2180 3538 2447 3606 loquatur.
2479 3537 2604 3591 Haec
2632 3537 2878 3590 dixerunt
2907 3547 3154 3604 parentes
3181 3538 3297 3607 ejus
3318 3584 3331 3605 ,
3360 3542 3482 3609 quia
3508 3526 3773 3597 timebant

2182 3628 2419 3682 Iudaeos.
2454 3626 2571 3683 Jam
2601 3627 2741 3681 enim
2773 3628 3219 3696 conspiravcront
3244 3630 3413 3685 Judaei
3434 3674 3449 3699 ,
3482 3641 3540 3686 ut
3569 3632 3615 3687 si
3648 3634 3777 3699 quis

493 3703 697 3758 videret
739 3702 880 3756 diem
911 3717 1088 3755 meum
1118 3718 1130 3754 :
1164 3714 1217 3755 et
1248 3701 1409 3767 vidit,
1453 3711 1505 3757 et
1549 3703 1759 3771 gavisus
1787 3711 1871 3756 est
1905 3712 1952 3757 ε.
1986 3703 2070 3756 Di-

2184 3735 2305 3775 eum
2341 3720 2692 3774 conﬁteretur
2730 3733 2851 3775 esse
2887 3720 3155 3775 Christum
3186 3762 3203 3785 ,
3251 3732 3398 3777 extra
3442 3739 3780 3794 synagogam

498 3804 693 3851 xerunt
717 3810 844 3863 ergo
866 3793 1035 3848 Judwi
1060 3794 1126 3848 ad
1149 3811 1273 3848 eum
1295 3809 1311 3847 :
1334 3794 1725 3863 Quinquaginta
1753 3809 1922 3849 annos
1948 3810 2084 3859 non:

497 3887 622 3941 dum
670 3884 867 3948 babes,
913 3892 966 3939 et
1014 3886 1283 3938 Abtaham
1329 3883 1549 3939 vidisti?
1595 3884 1727 3939 Dixit
1771 3885 1852 3940 eis
1893 3886 2083 3941 .lesus:

499 3982 673 4035 Amen
701 4016 718 4044 ,
770 3993 924 4032 amen
952 3977 1073 4032 dico
1099 3978 1251 4032 vobis
1277 4020 1291 4043 ,
1323 3986 1606 4049 antequam
1638 3980 1905 4033 Abraham
1935 3979 2085 4034 ﬁeret

498 4084 597 4139 ego
621 4084 760 4125 sum.
789 4071 1047 4124 Tulerunt
1073 4083 1203 4139 ergo
1228 4069 1462 4139 lapides,
1493 4080 1549 4124 ut
1572 4070 1813 4139 jacerent
1842 4072 1892 4124 in
1921 4087 2043 4126 eum
2070 4088 2082 4123 :

502 4159 666 4217 Jews
695 4168 870 4216 autem
903 4159 1187 4214 abscondit
1216 4175 1305 4227 se,
1329 4169 1383 4215 et
1410 4162 1577 4214 exivit
1603 4162 1672 4215 de
1701 4161 1921 4229 templo.

1023 4269 1250 4326 CAPUT
1288 4270 1548 4325 CXXXII.

499 4360 659 4414 laus
686 4359 881 4429 faciens
910 4359 1073 4440 lutum
1103 4360 1166 4411 de
1193 4368 1343 4440 sputo
1364 4398 1379 4424 ,
1411 4370 1461 4442 et
1508 4377 1700 4426 ponens
1730 4377 1886 4431 super
1916 4361 2089 4416 oculos

953 4444 1073 4482 (ωσι
1104 4440 1213 4481 nat:
1235 4469 1250 4492 ,
1280 4440 1475 4483 curavit
1504 4446 1643 4485 eum.

2188 3811 2355 3864 ﬁeret.
2374 3808 2663 3876 Propterea
2688 3819 2935 3879 parentes
2958 3812 3073 3880 ejus
3095 3812 3373 3867 dixerunt:
3400 3814 3531 3883 Quia
3558 3827 3785 3873 atatem

2188 3904 2387 3970 habet,
2428 3902 2602 3971 ipsum
2644 3907 2989 3973 interrogate.
3025 3903 3359 3961 Voeaverunt
3393 3922 3521 3977 ergo
3557 3926 3785 3965 rursum

2190 3995 2576 4061 hominem'qui
2602 4002 2717 4050 erat
2740 4009 2950 4059 cacus,
2979 4004 3033 4050 et
3057 3997 3304 4052 dixerunt
3330 4000 3376 4054 ei
3404 4017 3417 4053 :
3449 4000 3520 4053 Da
3547 4004 3787 4069 gloriam
3866 4047 3881 4061 .

2193 4086 2325 4140 Deo.
2366 4086 2474 4139 Nos
2502 4086 2702 4139 scimus
2739 4085 2861 4153 quia
2905 4085 2990 4139 hic
3028 4085 3190 4140 homo
3219 4098 3467 4157 peccator
3502 4102 3606 4144 est.
3639 4091 3790 4147 Dixit

2190 4193 2318 4245 emo
2348 4178 2438 4232 1116
2466 4195 2479 4231 :
2513 4177 2568 4232 Si
2601 4189 2850 4247 peccator
2876 4187 2989 4244 est,
3025 4176 3206 4234 nescio
3239 4198 3250 4231 :
3286 4196 3446 4234 unum
3477 4182 3621 4249 scio,
3655 4185 3790 4255 quia

2191 4283 2368 4323 cturus
2395 4284 2517 4323 cum
2551 4283 2728 4323 essem
2754 4308 2768 4332 ,
2802 4270 2964 4323 modo
2993 4271 3168 4326 video.
3211 4271 3469 4326 Dixerunt
3505 4289 3635 4344 ergo
3669 4276 3789 4331 illi:

2194 4361 2334 4428 Quid
2370 4362 2491 4416 fecit
2538 4360 2680 4414 tibi?
2725 4361 2997 4429 quomodo
3027 4362 3231 4431 aperuit
3276 4364 3367 4417 libi
3412 4365 3645 4419 oculos?
3684 4367 3796 4422 Re-

2196 4453 2410 4520 spondit
2438 4453 2554 4506 eis:
2586 4450 2871 4506 Dixivobis
2896 4451 3029 4521 jam,
3058 4463 3112 4508 et
3139 4454 3362 4508 audistis
3389 4474 3401 4507 :
3435 4456 3561 4524 quid
3592 4458 3794 4514 ieram

580 4541 737 4595 lout.
764 4555 819 4594 ix
844 4583 858 4605 ,
896 4540 1051 4594 l-SA.
1085 4540 1149 4595 Et
1183 4542 1495 4610 prasteriens
1526 4541 1656 4597 vidit
1686 4543 1956 4598 hominem
1986 4559 2070 4599 ea:

2197 4542 2355 4594 vultis
2388 4540 2623 4595 audite?
2666 4541 2915 4608 Nunquid
2957 4552 3011 4596 et
3051 4558 3146 4598 vos
3188 4544 3347 4596 vultis
3383 4545 3633 4613 discipuli
3671 4551 3799 4614 ejus

504 4647 629 4687 cum
659 4648 689 4685 a
717 4631 1014 4686 nativitate.
1062 4632 1129 4685 Et
1171 4633 1640 4702 interrogaverunt
1682 4651 1804 4690 eum
1848 4636 2093 4705 discipuli

507 4725 664 4794 ejus:
698 4724 867 4779 Italibi
890 4764 905 4786 ,
938 4723 1057 4791 quis
1088 4724 1365 4792 peccavit,
1400 4725 1516 4790 hic,
1548 4735 1641 4778 aut
1666 4733 1914 4794 parentes
1944 4726 2093 4796 ejus,

510 4826 569 4871 ut
604 4830 783 4873 caecus
819 4813 1172 4870 nasceretur?
1218 4815 1513 4883 Respondit
1549 4815 1745 4871 Jesus:
1788 4817 1969 4885 Neque
2011 4819 2097 4872 hic

512 4909 782 4979 peccavit,
810 4922 983 4976 neque
1013 4916 1265 4975 parentes
1290 4906 1443 4975 ejus;
1475 4908 1567 4961 sed
1601 4918 1665 4960 ut
1688 4908 2096 4964 manilestcntur

510 4993 677 5069 Opera
727 5000 817 5056 Dei
866 5001 918 5055 in
967 4999 1082 5054 illo.
1129 4999 1212 5055 116
1249 5009 1466 5069 oportet
1512 5000 1723 5070 operari
1772 5014 1935 5069 Opera
1979 4998 2097 5071 ejus

589 5188 614 5216 ἰ
652 5178 746 5234 Gr.
776 5183 818 5234 ei
842 5178 894 5234 δὲ
921 5180 1143 5253 inﬁrm
1163 5181 1314 5253 λέγω.
1339 5179 1491 5250 Vulg.
1518 5179 1655 5235 vobis
1675 5179 1821 5234 addit
1849 5195 1863 5245 ;
1893 5188 1947 5235 et
1972 5180 2099 5237 sub.

516 5265 744 5317 sequens
775 5266 860 5301 vos
887 5252 1100 5303 omittit.

588 5319 614 5358 δ
630 5390 633 5391 ν
651 5320 861 5374 Excidit
882 5318 1109 5373 fortasse
1130 5318 1357 5374 alterum
1380 5335 1529 5374 amen
1550 5320 1689 5391 quod
1718 5320 1976 5378 exhibent
2000 5322 2097 5379 Gr.

516 5402 572 5448 c:
600 5390 751 5458 vutg.

593 5473 625 5536 ﬁ
655 5457 884 5517 'l'extum
924 5460 1195 5536 expressit
1230 5463 1314 5515 mi
1341 5457 1438 5516 εἶδε
1468 5466 1552 5514 καὶ
1580 5464 1777 5536 ἐχάρη.
1812 5493 1881 5536 -_—
1904 5464 2099 5536 planu-

520 5532 718 5600 Scripta
748 5542 925 5584 nostra
949 5532 1163 5599 antiqua
1182 5570 1197 5595 ,
1225 5540 1277 5583 et
1307 5548 1411 5584 nun
1443 5532 1593 5598 pauci
1622 5532 1710 5587 alii
1742 5534 1917 5586 Latini
1946 5535 2094 5599 libri,

526 5613 837 5670 ,ινιτ-[1111111111
864 5611 909 5653 et
939 5602 1401 5668 coniunctionem,
1433 5601 1591 5654 etiam
1620 5601 1718 5668 ipsi
1747 5604 2004 5656 vocabqu
2030 5606 2097 5656 vi-

524 5677 597 5724 dit
626 5689 641 5725 τ
669 5671 1124 5741 quemadmodum
1147 5671 1328 5725 Grtura
1356 5679 1411 5725 el.
1435 5671 1592 5724 Svru.
1624 5674 1751 5725 Luc.
1786 5674 1949 5728 linus.

597 5742 621 5779 '1
661 5738 719 5795 di
754 5745 1071 5801 θεωροῦντες.
1107 5738 1412 5795 Lectionem
1447 5741 1599 5809 Vulg.
1633 5742 1883 5805 viderant,
1923 5744 1971 5797 111
1996 5743 2092 5812 ιιιίι

2203 4634 2357 4687 ﬁeri?
2392 4633 2825 4688 lilalrdixerunt"L
2855 4634 2937 4699 ei,
2969 4642 3025 4688 et
3052 4633 3303 4689 dixerunt
3332 4653 3345 4690 :
3378 4635 3456 4690 Tu
3492 4637 3799 4708 discipulus

2200 4724 2346 4781 illius
2372 4728 2446 4781 sis
2475 4743 2488 4780 :
2520 4742 2616 4779 nos
2642 4737 2816 4779 autem
2847 4726 3094 4795 discipuli
3122 4728 3287 4797 Moysi
3315 4742 3520 4783 sumus.
3554 4729 3663 4784 Nos
3687 4736 3801 4788 sci-

2207 4834 2325 4872 mtts
2353 4818 2475 4886 quia
2506 4818 2673 4889 Moysi
2714 4819 2920 4872 locutus
2950 4828 3033 4873 est
3064 4820 3203 4873 Deus
3230 4836 3244 4873 :
3281 4821 3420 4875 hunc
3463 4833 3646 4876 autem
3694 4841 3800 4880 ne-

2203 4910 2401 4965 scimus
2429 4910 2568 4964 unde
2600 4911 2686 4962 sit.
2707 4909 3003 4976 ReSpondit
3026 4910 3114 4965 ille
3144 4910 3324 4975 homo,
3355 4922 3407 4966 et
3430 4911 3564 4966 dixit
3588 4914 3709 4969 eis:
3740 4914 3801 4971 In

2208 5000 2310 5056 hoc
2336 5001 2479 5056 enim
2511 5000 2759 5055 mirabile
2782 5009 2895 5066 est,
2922 5003 3045 5070 quia
3076 5017 3172 5057 vos
3195 5004 3409 5058 nescitis
3435 5006 3577 5059 unde
3604 5006 3715 5071 sit,
3750 5018 3811 5065 et

2219 5182 2387 5234 Lucas
2416 5180 2732 5251 Brugensis,
2764 5180 2913 5251 muYti
2950 5180 3074 5235 buui
3104 5181 3256 5247 libri,
3296 5183 3610 5238 nominatim
3654 5200 3803 5244 unus

2220 5252 2281 5305 1).
2315 5250 2621 5312 Donatiaui.
2656 5266 2791 5304 unus
2819 5250 3212 5314 Clarimarisci,
3245 5263 3353 5306 tres
3377 5253 3433 5307 S.
3466 5255 3765 5311 Audomari
3786 5302 3803 5319 .

2218 5320 2835 5397 mutantcumhviclebant
2860 5335 2877 5374 .'
2905 5322 3043 5397 quod
3073 5321 3275 5397 Grmra:
3305 5324 3516 5397 lectioni
3544 5331 3805 5397 proprius

2217 5393 2527 5454 resnoudet.
2557 5391 2720 5463 Paulo
2748 5401 2863 5456 post
2891 5392 3027 5463 editi
3047 5410 3058 5445 :
3088 5392 3271 5446 simi/iv
3301 5404 3372 5447 sat
3403 5395 3533 5463 ejus.

2286 5472 2310 5500 ο
2352 5461 2708 5529 Μλιιυεργὶρω
2745 5471 2955 5523 nostra,
2998 5462 3186 5517 Grmco
3221 5461 3589 5529 conformiter,
3627 5470 3801 5519 omit-

2208 5542 2321 5584 tunt
2362 5532 2797 5601 cuujuttctiunetu
2839 5544 3038 5593 autem,
3091 5549 3248 5600 quam
3288 5534 3374 5587 alii
3417 5534 3537 5589 labri
3588 5539 3803 5592 addunt

2202 5618 2319 5677 cum
2351 5604 2509 5672 Syro.
2529 5603 2875 5677 μυεηιῖῃυρἶ
2898 5632 2967 5641 -
2996 5604 3109 5655 Mox
3132 5646 3146 5667 ,
3176 5604 3399 5677 schisma
3424 5616 3534 5658 erat
3564 5608 3615 5659 in
3645 5610 3774 5677 ipsis

2198 5671 2495 5741 interprete
2522 5671 2721 5728 Grtncis
2747 5674 2795 5726 ἐν
2820 5674 3001 5735 αὐτοῖς
3027 5688 3212 5741 presse
3236 5674 3551 5731 inbmrcnte.
