4026 6196
194 313 299 367 S95

966 306 1556 363 EYANGELICARUM
1601 298 2109 357 IlARilONIAitUM
2150 297 2713 354 INTERPRETATIO.

3359 295 3465 351 $26
3488 288 3495 293 ’

193 429 409 499 aperuit
436 427 621 483 oculos
657 440 828 480 meos.
870 423 1079 479 Scimus
1117 436 1292 477 autem
1324 423 1448 492 quia
1481 430 1789 491 peccatores
1818 415 1871 477 Α
1893 412 2074 468 datum
2117 416 2297 483 accepi
2338 428 2367 468 a
2409 414 2565 468 Patre
2605 426 2746 466 meo.
2792 411 3077 467 Dissensio'
3104 412 3293 467 iterum
3327 412 3464 466 facta

198 525 343 579 llr-us
375 528 489 575 non
510 519 657 574 audit
684 536 695 570 :
726 517 819 572 sed
846 518 891 572 si
920 518 1040 585 quis
1069 516 1161 571 Dei
1186 516 1359 569 cultor
1382 522 1494 575 est,
1526 522 1578 566 et
1602 511 1792 562 volun-

1929 515 1975 559 3t
2000 504 2139 559 inter
2163 504 2374 559 Judaros
2401 517 2619 574 propter
2644 503 2743 556 hos
2767 517 3063 557 sermones.
3093 504 3345 559 Dicebant
3371 520 3467 558 an-

197 621 364 666 tatem
392 609 511 679 ejus
537 607 660 662 facit
678 645 695 673 ,
724 606 868 659 hunc
895 604 1132 659 exaudit.
1167 604 1207 657 A
1234 602 1434 658 steculo
1461 615 1564 654 non
1592 607 1673 654 est
1698 613 1793 651 au-

198 704 371 755 ditum
404 698 525 765 quia
557 698 770 767 aperuit
799 696 921 763 quis
948 696 1136 748 oculos
1164 693 1292 747 caici
1325 692 1457 746 nati.
1504 690 1614 743 Nisi
1646 696 1793 743 esset

201 792 290 846 Lit:
319 806 350 843 a
385 790 499 844 Deo
518 830 533 855 ,
565 803 670 841 non
703 794 913 854 poterat
942 785 1117 839 facere.
1145 783 1454 852 quidquam.
1484 778 1794 848 Responde-

203 890 323 936 runt
352 923 368 945 ,
397 889 452 933 et
481 879 736 933 dixerunt
760 880 811 931 ei
840 892 855 927 :
887 876 942 929 In
973 883 1192 942 peccato
1219 881 1245 910 θ
1273 881 1427 925 natus
1452 886 1510 926 es
1537 878 1714 934 totus,
1742 877 1795 923 et

207 983 265 1026 tu
293 970 464 1026 doces
493 970 640 1024 nos?
669 968 733 1021 Et
762 966 1035 1036 ejccerunt
1060 980 1181 1019 eum
1216 963 1379 1018 foras.

737 1127 964 1183 CAPUT
1002 1124 1283 1180 CXXXIII.

276 1220 431 1278 lem
459 1220 661 1292 agnitus
687 1230 758 1272 est
789 1220 949 1272 eidem
972 1233 1147 1340 Swﬂ.
1182 1215 1248 1269 Et
1276 1214 1532 1271 contendit
1563 1210 1728 1267 multa

823 1304 936 1340 cum
1011 1305 1045 1339 ιι
1131 1304 1193 1340 ts.

823 1304 936 1341 cum
972 1304 1001 1339 J
1011 1304 1193 1341 παίεις.

281 1436 447 1487 Joxn.
479 1445 534 1483 tx
558 1472 571 1490 .
603 1428 798 1483 35-41.
835 1427 1049 1480 Auditit
1069 1424 1223 1480 Iesus
1244 1426 1363 1493 quia
1386 1423 1660 1493 eiecerunt
1677 1436 1798 1475 eum

209 1523 396 1585 Ioras;
427 1531 628 1573 etcum
657 1517 951 1571 invenisset
975 1530 1129 1582 eum,
1158 1514 1287 1569 dixit
1316 1515 1367 1569 ei
1393 1532 1406 1566 :
1436 1515 1515 1568 Tu
1542 1514 1717 1568 credis
1748 1514 1799 1567 in

213 1612 413 1665 Filium
448 1609 580 1664 Dei?
615 1607 909 1673 Respondit
939 1606 1063 1671 ille,
1096 1616 1150 1660 et
1178 1605 1351 1660 dixit:
1384 1604 1515 1673 Quis
1545 1613 1659 1669 est,
1693 1605 1771 1659 Do

215 1705 398 1767 mine,
445 1710 501 1753 ut
542 1699 754 1754 credunt
789 1699 841 1751 in
875 1697 1039 1753 eum?
1068 1698 1131 1750 Et
1160 1697 1295 1749 dixit
1324 1695 1372 1749 ci
1399 1696 1553 1750 Jesns
1583 1713 1595 1747 :
1630 1694 1701 1749 Et
1727 1696 1802 1747 vi-

1893 600 2002 647 tem
2033 595 2185 648 multi
2214 607 2279 647 ex
2310 593 2480 661 ipsis:
2524 592 2850 646 Dtemonittm
2898 592 3089 654 habet,
3130 605 3183 646 ει
3228 593 3464 647 insanit:

1898 683 2025 751 quid
2066 697 2190 736 eum
2231 683 2471 737 auditis?
2514 683 2619 737 Alii
2660 682 2945 737 dicebant:
2993 682 3163 737 Verba
3203 683 3316 738 haec
3356 699 3462 737 non

1894 780 2021 826 sunt
2050 774 2371 827 daemonium
2406 774 2689 828 habentis:
2738 775 2974 845 nunquid
3017 775 3339 829 daemonium
3371 792 3469 845 po-

1897 871 2002 916 test
2028 877 2295 917 cazcorum
2325 863 2510 916 oculos
2540 862 2795 930 aperire?

2415 974 2642 1029 CAPUT
2669 973 2951 1030 CXXXIV.

1970 1060 2326 1134 lnterrogntur
2367 1061 2519 1117 Iesus
2548 1081 2578 1115 ιι
2608 1063 2844 1117 Jndteis:
2878 1065 2939 1119 Si
2970 1075 3022 1117 tu
3051 1083 3102 1119 es
3135 1065 3400 1134 Christus,

2404 1134 2487 1185 die
2517 1134 2658 1187 nobis
2687 1136 2969 1218 ntanifttte.

1969 1244 2127 1301 Joan.
2161 1261 2193 1298 x
2214 1286 2229 1312 ,
2261 1244 2467 1298 ἓξὲξ-42.
2493 1245 2655 1299 Facta
2682 1258 2799 1299 sunt
2824 1248 3000 1299 autem
3024 1246 3256 1300 enczenia
3281 1248 3331 1299 in
3359 1248 3470 1304 Ilie-

1900 1336 2231 1406 rosolymis:
2279 1345 2332 1391 et
2378 1335 2551 1391 hiems
2595 1348 2729 1391 erat.
2778 1337 2845 1390 Et
2887 1338 3193 1392 ambulabat
3231 1340 3383 1393 Iesus
3425 1341 3477 1395 in

1908 1426 2141 1495 templo,
2171 1426 2223 1479 in
2255 1425 2462 1495 porticu
2494 1425 2820 1481 Salomonis.
2853 1427 3326 1482 Circumdedcrnnt
3353 1444 3482 1499 ergo

1904 1536 2027 1577 eum
2066 1521 2272 1585 Judaei,
2306 1528 2361 1575 et
2390 1520 2639 1576 dicebant
2664 1520 2715 1576 ei
2741 1538 2754 1573 :
2782 1520 3068 1590 Quousque
3096 1522 3327 1574 animam
3386 1535 3485 1573 no-

1903 1621 2066 1667 stram
2093 1611 2274 1666 tollis?
2302 1610 2359 1666 Si
2391 1619 2444 1666 tu
2468 1626 2525 1665 es
2556 1611 2829 1678 Christus,
2859 1610 2948 1665 dic
2974 1609 3126 1664 nobis
3153 1610 3346 1679 palam.
3381 1610 3482 1665 lte-

1906 1702 2224 1775 Sponditeis
2257 1701 2413 1763 Iesus
2448 1717 2465 1761 :
2516 1700 2731 1777 Loquor
2775 1700 2944 1773 vobis,
2994 1710 3048 1760 et
3092 1715 3197 1759 nor.
3244 1706 3484 1760 creditis.

181 1851 187 1855 ,
215 1794 348 1851 dici
378 1807 522 1850 eum.
546 1804 598 1847 et
628 1792 715 1861 qui
749 1791 982 1862 [θραύων
1012 1797 1210 1857 leuam,
1240 1789 1354 1860 ipse
1383 1804 1483 1846 est.
1513 1793 1545 1825 *
1562 1787 1656 1845 lle
1685 1791 1758 1842 ait
1788 1809 1800 1843 :
1836 1770 1883 1835 Β
1911 1770 2083 1864 tipcra
2114 1810 2230 1865 quas
2257 1811 2356 1867 ego
2388 1795 2527 1851 facio
2552 1770 2846 1851 in'nomine
2875 1770 3047 1849 Patris
3094 1794 3225 1861 mei,
3254 1793 3366 1847 hate
3413 1806 3488 1847 tc-

221 1890 441 1949 Credo,
477 1887 719 1940 Domine.
754 1885 817 1938 Et
846 1886 1125 1953 prouidens
1152 1884 1348 1937 adorav
1377 1891 1560 1936 tcum.
1593 1882 1728 1936 Dixit
1758 1882 1825 1936 ei

226 1977 388 2032 Jesus
422 1976 448 2015 δ
474 1994 489 2029 :
520 1977 576 2030 In
613 1976 865 2043 judicium
897 1990 995 2044 εει,
1027 1973 1078 2027 in
1114 1975 1249 2028 hunc
1281 1976 1533 2027 mundum
1566 1974 1719 2035 veni;
1754 1983 1808 2025 ut

231 2069 323 2135 qui
368 2082 473 2120 non
504 2066 682 2120 rident
712 2065 924 2119 videant
945 2105 959 2131 ,
992 2072 1046 2118 et
1072 2064 1159 2131 qui
1191 2064 1371 2117 vident
1401 2063 1525 2116 caeci
1569 2065 1711 2116 llant.
1748 2063 1810 2115 Et

236 2157 529 2209 audierunt
558 2170 621 2209 ex
656 2152 1038 2223 Pharisoeisqui
1068 2168 1187 2207 cum
1212 2154 1328 2222 ipso
1356 2159 1509 2206 erant
1528 2193 1542 2214 ,
1575 2160 1630 2206 et
1657 2154 1809 2205 dixe-

237 2260 369 2304 runt
406 2248 459 2302 ei
488 2264 501 2300 :
542 2245 791 2316 Nunquid
822 2255 874 2300 et
902 2259 1001 2299 nos
1025 2244 1153 2298 eieci
1180 2243 1411 2297 sumus?
1452 2243 1591 2295 Dixit
1620 2246 1695 2297 eis
1728 2242 1812 2296 ie-

233 2355 334 2394 stts
367 2358 378 2391 :
412 2339 467 2393 Si
498 2339 626 2393 cmci
658 2336 849 2393 essetis
870 2378 885 2403 ,
914 2351 1016 2391 non
1047 2336 1312 2391 haberetis
1342 2343 1633 2403 reccatum.
1665 2335 1814 2389 Nunc

229 2446 371 2486 viro
409 2433 442 2466 ἰ
480 2431 602 2501 quia
642 2430 856 2493 dii-itis,
905 2429 1161 2483 Videmus
1187 2472 1200 2494 ,
1252 2443 1417 2496 pecca
1444 2444 1530 2480 um
1579 2437 1813 2482 vestrum

229 2520 688 2577 manet—Ioui.
722 2537 755 2575 x
782 2563 796 2584 ,
835 2517 1340 2574 I-21.Aiiten*dico
1368 2519 1516 2571 vobis
1545 2534 1559 2573 :
1592 2520 1678 2587 qui
1712 2534 1814 2570 non

235 2613 414 2664 intrat
470 2627 562 2679 per
614 2612 806 2662 ostium
861 2609 911 2662 in
967 2607 1106 2662 ovile
1159 2609 1381 2671 ovium,
1436 2608 1527 2661 sed
1582 2608 1823 2661 ascendit

230 2704 463 2760 aliunde
488 2744 504 2771 ,
547 2703 636 2758 ille
667 2702 752 2757 fur
780 2712 861 2756 est
896 2711 949 2755 ct
980 2701 1154 2755 latro:
1188 2700 1275 2768 qui
1313 2710 1487 2752 autem
1530 2698 1689 2753 intrat
1727 2713 1823 2768 per

230 2796 442 2850 ostium
468 2835 484 2859 ,
526 2802 706 2862 pastor
736 2799 819 2846 est
846 2790 1046 2845 ovium.
1081 2790 1214 2843 lluic
1244 2788 1496 2842 ostiarius
1525 2798 1693 2853 aperit
1719 2828 1735 2855 ,
1768 2796 1823 2843 et

245 2901 391 2941 0\08
429 2900 610 2938 vocem
652 2883 769 2953 ejus
807 2881 1069 2936 audiunt:
1111 2887 1166 2934 et
1204 2879 1445 2949 proprias
1493 2894 1622 2933 oves
1671 2886 1825 2951 vocat

236 2978 603 3040 nominatim,
651 2985 705 3029 et
750 2974 933 3029 educit
975 2986 1086 3027 eas.
1138 2972 1204 3025 Et
1247 2985 1367 3027 cum
1415 2971 1655 3039 proprias
1698 2984 1825 3025 oves

233 3071 531 3133 emiserit,
571 3076 694 3121 ante
732 3081 824 3120 eas
861 3065 1048 3119 vadit:
1081 3072 1134 3118 et
1164 3077 1291 3117 oves
1331 3062 1477 3116 illum
1507 3074 1821 3130 sequuntur,

1913 1887 2219 1942 Stimonium
2254 1886 2537 1955 perhibent
2567 1886 2633 1942 de
2671 1900 2794 1942 me:
2840 1886 2935 1941 sed
2973 1900 3068 1940 vos
3100 1900 3205 1939 non
3238 1886 3484 1945 creditis,

1914 1976 2037 2044 quia
2079 1990 2183 2029 non
2229 1976 2358 2030 estis
2402 1989 2470 2030 ex
2517 1974 2708 2028 ovibus
2753 1976 2908 2029 meis.
2954 1974 3094 2029 Oves
3138 1989 3269 2027 metr,
3306 1988 3489 2027 vocem

1916 2082 2085 2120 tne.m
2120 2067 2384 2122 audiunt:
2416 2078 2468 2122 et
2496 2081 2598 2136 ego
2638 2081 2905 2136 cognosco
2946 2081 3068 2130 eas,
3110 2075 3162 2119 et
3199 2077 3493 2133 sequuntur

1915 2174 2022 2213 me.
2070 2158 2179 2229 Ego
2222 2161 2383 2214 vitam
2436 2170 2690 2214 aeternam
2743 2160 2811 2212 do
2855 2159 2963 2223 eis,
3006 2168 3056 2213 ct
3099 2173 3202 2211 non
3248 2159 3493 2224 peribunt

1921 2249 1973 2302 in
2015 2263 2309 2316 aeternum,
2350 2259 2404 2306 et
2444 2266 2546 2304 non
2588 2252 2757 2319 rapiet
2796 2251 2887 2304 e'as
2925 2251 3201 2318 quisquam
3234 2248 3302 2302 de
3333 2264 3491 2302 manu

1919 2352 2053 2391 mea.
2088 2339 2242 2393 Pater
2272 2354 2420 2393 meus
2452 2340 2591 2410 quod
2635 2340 2782 2394 dedit
2823 2339 2987 2403 mihi,
3030 2340 3200 2405 majus
3240 2339 3490 2392 oninibus

1920 2440 1998 2483 εει
2023 2445 2037 2483 :
2070 2439 2121 2483 et
2147 2446 2303 2483 nemo
2332 2440 2502 2496 potest
2533 2446 2724 2499 rapere
2750 2430 2816 2485 de
2844 2446 3004 2484 manu
3033 2432 3202 2484 Patris
3231 2432 3354 2485 mei.
3385 2431 3496 2499 Ego

1919 2527 1971 2571 et
1996 2519 2149 2571 Pater
2169 2534 2329 2571 unmu
2354 2535 2557 2573 sumus.
2581 2520 2922 2575 Sustulerunt
2940 2518 2974 2554 "
2992 2520 3194 2587 lapides
3216 2521 3381 2576 Judaei
3400 2563 3414 2585 ,
3440 2534 3498 2575 ut

1924 2609 2210 2676 lapidarent
2233 2626 2374 2663 eum.
2396 2611 2687 2678 Respondit
2702 2609 2780 2666 eis
2796 2611 2983 2666 Jesus:
3010 2611 3165 2665 Multa
3182 2626 3340 2680 opera
3361 2613 3498 2666 bona

1925 2699 2137 2753 oStendi
2163 2701 2310 2753 vobis
2331 2716 2395 2753 ex
2420 2698 2578 2755 Patre
2600 2715 2742 2764 meo,
2762 2710 2979 2769 propter
2999 2702 3140 2769 quod
3160 2716 3295 2771 epus
3314 2717 3498 2757 eorum

1926 2805 2015 2845 me
2036 2789 2316 2858 lapidatis?
2340 2791 2751 2861 ReSponderunt
2772 2792 2821 2846 ei
2840 2790 3007 2846 Judaei
3033 2810 3046 2846 :
3080 2793 3153 2848 De
3176 2794 3315 2847 bono
3336 2808 3499 2861 opere

1927 2899 2031 2937 non
2063 2885 2360 2953 lapidamus
2391 2895 2442 2940 te
2461 2927 2476 2950 ,
2500 2886 2593 2940 scd
2623 2886 2689 2940 de
2717 2885 3088 2955 blasphemia;
3116 2895 3168 2939 et
3192 2886 3310 2952 quia
3340 2885 3500 2938 homo

1928 2981 1985 3028 tu
2020 2988 2140 3028 cum
2172 2976 2244 3029 sis
2264 3016 2280 3040 ,
2314 2976 2442 3030 facis
2476 2987 2525 3031 te
2556 2977 2725 3045 ipsum
2760 2978 2947 3031 Deum.
2978 2979 3273 3046 Respondit
3304 2981 3383 3032 eis
3412 2977 3504 3031 Je-

1929 3080 2048 3119 sus:
2074 3064 2259 3120 Nonne
2280 3066 2533 3135 scriptum
2556 3078 2635 3123 est
2660 3067 2711 3121 in
2737 3067 2852 3137 lege
2876 3077 3049 3121 vestra
3069 3111 3081 3130 ,
3103 3070 3222 3136 quia
3243 3067 3350 3136 Ego
3370 3067 3506 3129 dixi,

235 3163 379 3231 quia
406 3164 582 3217 sciunt
608 3176 793 3216 vocem
821 3160 961 3231 ejus.
988 3160 1231 3215 Alienum
1255 3167 1431 3213 autem
1462 3173 1565 3213 non
1596 3173 1825 3229 sequun-
1851 3149 1898 3212 (Ξ
1929 3155 2001 3209 dii
2027 3156 2154 3209 estis
2181 3154 2355 3223 (Psat.
2378 3172 2585 3223 Lxxxt,
2606 3156 2697 3227 6)?
2723 3156 2777 3211 Si
2807 3157 2927 3210 illos
2951 3157 3083 3211 dixit
3109 3155 3256 3219 deos,
3278 3158 3341 3210 ad
3372 3172 3505 3224 quos

239 3264 365 3314 tur.
394 3253 486 3307 sed
518 3251 723 3321 fugiunt
752 3251 819 3305 ab
847 3264 913 3304 eo
941 3266 955 3302 :
990 3253 1110 3318 quia
1140 3263 1244 3302 non
1276 3264 1471 3303 novere
1498 3263 1680 3303 vocem
1707 3248 1833 3301 alie.-

236 3359 465 3401 norum.
510 3343 619 3397 Hoc
657 3341 999 3412 proverbium
1032 3340 1174 3394 dixit
1210 3338 1313 3393 illis
1342 3340 1516 3393 Iesus.
1551 3338 1626 3392 Illi
1656 3347 1831 3392 autem

238 3450 361 3491 non
390 3447 691 3505 cognovere
722 3432 846 3502 quid
879 3432 1188 3499 loqueretur
1217 3430 1319 3484 eis.
1363 3429 1505 3483 Dixit
1532 3444 1659 3497 ergo
1688 3433 1705 3452 ⁶
1737 3428 1835 3483 ite-

239 3541 373 3582 rum
402 3524 557 3579 Iesus
581 3544 592 3576 :
622 3524 792 3579 Amen
813 3526 831 3546 ‘
860 3522 980 3576 d.co
1009 3522 1165 3575 vobis
1185 3561 1198 3584 ,
1227 3521 1347 3590 quia
1374 3535 1473 3589 ego
1497 3535 1613 3574 sum
1640 3520 1833 3574 ostium

244 3615 460 3670 mium.
492 3610 691 3666 Omnrs
722 3621 982 3681 quotquot
1029 3620 1327 3675 venerunt,
1362 3610 1501 3664 fures
1530 3620 1650 3665 sunt
1679 3618 1733 3664 et
1761 3610 1837 3664 la-

248 3716 445 3761 trones
470 3746 483 3767 ,
516 3709 534 3727 ⁶
565 3703 659 3759 sed
694 3720 796 3758 non
830 3703 1109 3758 audierunt
1142 3716 1237 3757 cos
1266 3716 1414 3756 oves.
1460 3703 1569 3771 Ego
1599 3718 1715 3756 sum
1748 3718 1837 3757 os-

244 3799 414 3851 tium.
450 3796 548 3851 Per
579 3810 665 3850 me
712 3795 756 3848 si
800 3796 933 3865 quis
962 3794 1227 3848 introierit
1258 3792 1599 3866 (salvahitur)
1628 3812 1641 3847 :
1675 3804 1726 3848 et
1756 3793 1836 3847 in-

244 3888 530 3957 gredietur
560 3900 592 3941 e
643 3886 968 3954 egredietur,
1000 3894 1055 3939 et
1085 3899 1279 3954 pascua
1312 3884 1564 3939 inveniet.
1598 3885 1702 3939 Fur
1731 3901 1835 3939 non

239 3978 404 4033 venit
430 4020 443 4042 ,
475 3978 574 4030 nisi
604 3988 662 4030 ut
692 3976 920 4039 fruetur,
942 3986 995 4030 et
1024 3983 1245 4039 mactet,
1269 3986 1323 4029 et
1351 3979 1555 4045 perdat.
1579 3977 1690 4045 Ego
1711 3976 1834 4032 veni

250 4082 313 4123 ut
359 4071 522 4122 vitam
583 4067 812 4122 habeant
865 4067 959 4135 (et
994 4065 1353 4121 abundantius
1393 4067 1683 4136 habeant).
1729 4058 1851 4136 Ego

251 4173 381 4218 sum
425 4173 612 4227 pastor
649 4158 839 4211 bonus.
882 4157 1061 4210 Bonus
1101 4164 1279 4224 pastor
1308 4158 1539 4211 animam
1570 4172 1718 4209 suam
1749 4157 1841 4211 dat

250 4265 355 4316 pro
396 4248 584 4302 ovibus
618 4252 656 4302 ⁸.
699 4248 1091 4311 Mercennarius,
1131 4256 1191 4302 et
1229 4246 1315 4316 qui
1364 4263 1469 4301 nun
1510 4256 1593 4301 est
1638 4257 1836 4316 pastor,

255 4338 419 4408 cujus
451 4353 554 4390 non
585 4349 705 4390 sunt
736 4351 865 4391 oves
907 4337 1135 4407 proprim
1156 4376 1175 4402 ,
1216 4337 1360 4391 t‘idct
1398 4337 1578 4406 lupum
1623 4339 1839 4393 venien-

252 4442 366 4485 tem
389 4474 406 4497 ,
440 4439 495 4484 et
523 4429 743 4483 dimittit
787 4443 950 4496 oves,
983 4439 1036 4484 et
1076 4430 1245 4498 fugit:
1288 4438 1342 4484 et
1386 4429 1543 4495 Inpus
1584 4433 1754 4499 rapit,
1786 4439 1841 4485 et

252 4522 516 4592 dispergit
545 4536 690 4574 oves.
728 4520 1088 4575 Mercenarius
1117 4530 1294 4575 autem
1329 4519 1493 4588 fugit,
1527 4522 1651 4589 quia
1694 4537 1831 4576 mer-
1864 4521 1912 4579 ι)

252 4618 511 4671 cenarius
533 4623 645 4682 est,
675 4624 728 4666 et
756 4629 859 4669 non
889 4615 1119 4682 pertinet
1146 4612 1212 4671 ad
1241 4628 1361 4668 eum
1388 4612 1454 4666 de
1482 4614 1688 4668 ovibus.
1723 4613 1833 4682 Ego

252 4720 379 4761 tum
407 4715 587 4773 pastor
614 4703 785 4759 bonus
811 4722 823 4757 :
854 4713 904 4758 et
933 4717 1197 4771 cognosco
1224 4717 1369 4757 meas
1389 4744 1402 4763 ,
1431 4712 1485 4755 et
1509 4713 1840 4772 cognoscunt

258 4811 350 4849 me
384 4807 543 4848 mete.
578 4793 731 4849 Sicut
761 4792 907 4846 novit
936 4807 1020 4846 me
1052 4793 1227 4857 Pater,
1259 4801 1312 4846 et
1339 4808 1438 4862 ego
1471 4809 1702 4863 agnosco
1734 4790 1837 4849 Pa-

265 4895 405 4941 trem
437 4901 450 4938 :
482 4900 529 4939 ει
564 4885 793 4939 animam
825 4899 997 4938 meam
1029 4898 1168 4953 pono
1208 4898 1302 4952 pro
1345 4884 1534 4938 ovibus
1576 4887 1729 4940 meTS.
1769 4887 1840 4959 _Et

259 4978 399 5033 alias
428 4993 555 5031 oves
583 4977 779 5042 haben,
804 4993 922 5048 quae
953 4992 1057 5032 non
1084 4985 1209 5031 sunt
1233 4992 1299 5032 ex
1328 4980 1428 5032 hoc
1454 4978 1613 5033 ovili:
1641 4988 1694 5035 et
1721 4981 1843 5035 illas

256 5077 484 5136 oportet
522 5084 607 5124 me
650 5069 914 5123 adducere
936 5107 951 5132 ,
996 5079 1050 5123 et
1090 5082 1275 5122 vocem
1308 5083 1479 5121 meam
1510 5070 1764 5126 audient:
1796 5080 1851 5125 et

259 5163 351 5216 flet
390 5176 550 5213 unum
581 5161 721 5213 ovile
744 5203 758 5227 ,
792 5169 847 5215 et
878 5174 1015 5213 unus
1046 5169 1248 5227 pastor.
1286 5158 1577 5227 Propterea
1619 5175 1704 5214 me
1746 5160 1850 5214 l’a-

258 5261 350 5306 ter
400 5250 604 5321 diiig't:
638 5250 757 5315 quia
790 5264 888 5318 ego
919 5263 1059 5319 pono
1089 5249 1316 5301 animam
1348 5264 1516 5303 meam
1558 5250 1638 5321 (ut
1664 5251 1850 5304 iterum

258 5358 478 5397 sumam
508 5336 674 5410 eam).
707 5341 874 5395 Nemo
907 5339 1046 5394 tollit
1074 5353 1194 5393 eam
1228 5354 1255 5391 a
1290 5354 1376 5394 me
1397 5380 1412 5405 ,
1445 5341 1537 5393 sed
1575 5356 1676 5410 ego
1708 5356 1849 5409 pono

262 5447 389 5488 eam
419 5424 446 5485 a
483 5447 567 5487 me
596 5435 731 5500 ipso.
760 5436 779 5455 ‘
811 5431 1132 5486 I‘otestatem
1161 5428 1331 5482 habeo
1361 5430 1590 5497 ponendi
1624 5445 1762 5496 eam,
1794 5442 1847 5486 et

267 5533 589 5592 potestatem
622 5523 796 5578 habeo
836 5522 1028 5576 iterum
1072 5520 1321 5575 sumendi
1360 5535 1500 5576 eam.
1549 5521 1658 5576 IIoc
1700 5540 1848 5580 man-

348 5712 376 5774 e
420 5703 598 5771 Vulg.,
625 5703 689 5774 ἕξ
704 5702 935 5774 peccatis,
956 5699 1244 5774 concinens
1263 5697 1469 5774 Graecis
1494 5699 1537 5774 ξι(
1558 5699 1855 5774 ἁμαρτίαις.

349 5773 378 5813 ι
422 5770 609 5845 ῗιιίεζ,
646 5770 709 5824 Et
742 5772 869 5825 dixit
897 5770 1067 5826 Iesus.
1103 5770 1282 5840 Neque
1314 5771 1468 5824 aliter
1496 5771 1587 5824 Cr.
1618 5770 1683 5811 —'
1712 5773 1860 5837 Ιιειι-

1933 3257 2110 3298 sermo
2142 3244 2234 3297 Dei
2268 3243 2436 3299 factus
2465 3258 2579 3311 est,
2612 3256 2661 3299 et
2695 3260 2801 3299 non
2836 3253 3010 3315 potest
3041 3246 3173 3299 solvi
3202 3246 3412 3314 Scripta
3445 3258 3505 3300 a:

1935 3333 2100 3400 Quem
2135 3333 2289 3388 Pater
2319 3334 2697 3399 Sanctificavit,
2729 3344 2782 3408 et
2814 3334 2959 3391 misit
2995 3333 3049 3388 in
3088 3332 3379 3399 mundum,
3410 3348 3507 3387 vos

1933 3421 2140 3477 dicitis:
2165 3422 2298 3489 Quia
2328 3422 2701 3493 blasphemas:
2728 3423 2846 3493 quia
2876 3422 3018 3487 dixi,
3050 3421 3216 3477 Filius
3237 3420 3328 3475 Dei
3353 3421 3513 3474 sum?

1936 3510 1992 3566 Si
2022 3527 2127 3566 non
2158 3510 2293 3567 facio
2347 3528 2508 3582 Opera
2554 3510 2723 3568 Patris
2752 3513 2888 3576 mei,
2922 3512 3087 3566 nolite
3114 3512 3338 3567 credere
3351 3511 3507 3567 mihi.

1938 3602 1992 3659 Si
2022 3612 2200 3659 autem
2235 3603 2406 3671 facio,
2435 3614 2489 3660 et
2513 3603 2559 3660 si
2586 3619 2691 3659 non
2716 3604 2876 3658 vultis
2900 3601 3029 3657 mihi
3056 3602 3308 3668 credere,
3336 3608 3512 3670 operi-

1938 3694 2036 3747 bus
2062 3694 2300 3760 credite,
2328 3705 2393 3750 ut.
2413 3694 2778 3764 cognoscatis,
2811 3702 2868 3749 et
2895 3692 3161 3759 credatis,
3190 3694 3313 3761 quia
3343 3691 3396 3746 in
3427 3706 3513 3745 tuo

1936 3796 2019 3841 est
2056 3787 2235 3851 Pater,
2278 3796 2333 3843 et
2372 3801 2472 3855 ego
2511 3786 2564 3841 in
2607 3785 2785 3840 Patre.
2825 3784 3145 3852 Quaerebam
3180 3798 3307 3853 ergo
3334 3798 3454 3836 eum
3483 3783 3514 3817 "

1937 3876 2393 3945 comprehendere
2409 3920 2423 3943 ,
2449 3885 2503 3931 et
2526 3878 2689 3932 exivit
2713 3876 2781 3931 de
2802 3875 3045 3930 manibus
3067 3890 3273 3930 eorum.
3302 3875 3366 3932 Et
3386 3875 3515 3930 abiit

1939 3969 2127 4024 Iterum
2154 3977 2298 4023 trans
2319 3967 2635 4035 Iordanem,
2663 3967 2716 4022 in
2743 3981 2866 4023 eum
2898 3967 3071 4021 locum
3099 3964 3186 4020 ubi
3213 3975 3329 4021 erat
3348 3964 3517 4020 Joan.

1940 4072 2033 4110 nes
2062 4058 2338 4127 baptizans
2366 4058 2596 4125 primum
2624 4075 2637 4109 :
2665 4066 2720 4111 et
2757 4056 2952 4111 mansit
2986 4056 3121 4111 illic.
3152 4056 3216 4111 Et
3243 4056 3392 4111 multi
3425 4072 3517 4109 νεα

1943 4157 2139 4201 nerunt
2179 4148 2245 4202 ad
2282 4163 2433 4214 eum,
2475 4156 2528 4202 et
2565 4141 2814 4203 dicebant
2842 4165 2856 4203 :
2885 4147 3017 4213 Quia
3042 4147 3273 4203 Joannes
3298 4146 3519 4218 quidem

1941 4240 2155 4306 signum
2182 4239 2304 4294 fecit
2335 4240 2559 4294 nullum.
2603 4241 2791 4295 Omnia
2816 4249 2991 4295 autem
3018 4255 3345 4311 quaecunque
3384 4240 3517 4299 dixit

1942 4329 2177 4385 Joannes
2203 4330 2270 4385 de
2294 4329 2395 4385 hoc
2418 4370 2434 4397 ,
2468 4344 2594 4384 vera
2618 4340 2792 4384 erant.
2829 4329 2894 4384 Et
2922 4330 3069 4384 multi
3096 4329 3437 4385 crediderunt
3463 4332 3517 4384 in

1943 4436 2007 4475 Cll
2017 4437 2089 4476 ιη.

2468 4508 2695 4566 cseur
2731 4478 2994 4564 cxva.

1942 4620 2092 4677 Jesus
2121 4624 2385 4677 resuscitat
2427 4619 2675 4673 Lazarum
2699 4636 2731 4673 a
2757 4620 2965 4691 mortuis
2990 4635 3009 4674 :
3037 4629 3085 4671 et
3112 4620 3366 4691 pr’ncipxt
3402 4636 3521 4674 con.

2209 4692 2379 4745 cilium
2407 4693 2632 4759 faciunt,
2657 4700 2708 4744 ut
2744 4690 3080 4757 interﬁcerent
3118 4707 3252 4744 eum.

2015 4800 2169 4855 Joxn.
2218 4816 2305 4865 ιι,
2352 4801 2506 4857 1-56.
2554 4802 2681 4855 Erat
2729 4808 2907 4854 autem
2961 4800 3175 4869 quidam
3232 4801 3512 4868 languens,

1948 4888 2182 4944 Lazarus
2227 4906 2254 4943 a
2307 4890 2591 4954 Bethania,
2630 4891 2698 4945 de
2727 4890 2947 4944 castello
2995 4890 3170 4943 Maria:
3211 4899 3263 4943 et
3302 4889 3526 4968 Marthae

1947 4982 2147 5035 sororis
2174 4981 2312 5051 ejus.
2358 4981 2521 5035 Maria
2547 4990 2727 5035 autem
2760 4989 2877 5035 erat
2902 4995 3020 5049 qua:
3052 4979 3202 5034 unxit
3230 4978 3515 5037 Dominum

1953 5087 2239 5141 unguento,
2270 5082 2323 5126 et
2353 5072 2575 5126 extersit
2621 5071 2782 5139 pedes
2824 5071 2941 5140 ejus
2973 5071 3182 5140 capillis
3211 5075 3342 5138 suis,
3371 5074 3523 5142 cujus

1955 5160 2118 5216 frater
2160 5161 2388 5215 Lazarus
2430 5160 2817 5215 infirmabatur.
2852 5160 3110 5216 Miserunt
3152 5178 3281 5234 ergo
3309 5179 3525 5219 somrcs

1955 5253 2069 5323 cju.
2091 5253 2154 5307 ad
2182 5268 2323 5316 eum,
2350 5252 2623 5307 dicentes:
2661 5252 2905 5323 Domine,
2934 5268 3061 5310 ecce
3083 5271 3240 5325 quem
3268 5272 3414 5311 amas
3447 5260 3527 5308 in.

1959 5345 2213 5399 lirmatur.
2243 5345 2473 5399 Audit-ns
2504 5354 2680 5400 autem
2720 5345 2897 5413 Jesus,
2926 5347 3060 5403 dixit
3092 5352 3208 5405 eis:
3245 5348 3530 5403 lnlirmitas

1955 5434 2071 5488 haec
2115 5450 2217 5487 non
2260 5446 2340 5489 est
2390 5434 2453 5488 ad
2510 5446 2767 5505 mortem,
2814 5439 3047 5509 sedpro
3096 5440 3260 5510 gloria
3312 5438 3434 5504 Dei,
3470 5448 3527 5493 ut

1954 5526 2277 5597 glorificctur
2329 5527 2494 5582 Filius
2548 5528 2640 5583 Dei
2697 5545 2790 5597 per
2835 5546 2976 5585 eam.
3026 5530 3287 5600 Diligebat
3335 5537 3517 5586 autent

1966 5716 2098 5768 quas
2122 5698 2372 5771 deinceps
2399 5699 2682 5755 lectionum
2714 5702 2999 5758 varietates
3040 5711 3296 5761 adnotare
3322 5705 3525 5761 omitti-

1966 5787 2118 5836 mus,
2149 5769 2249 5829 hoc
2276 5769 2383 5829 uno
2408 5773 2558 5840 signo
2586 5774 2602 5793 ⁶
2631 5784 2722 5826 eas
2746 5771 3009 5831 iu-licasse
3034 5776 3293 5829 contenti.
