4026 6196
507 319 609 373 59.7

1642 315 1955 372 VICTORIS
1996 314 2295 371 EI‘ISCOI‘I
2325 313 2496 371 CAPU
2508 311 2619 369 ANI

3650 288 3853 374 523'

505 438 662 485 Iesus
692 428 800 483 Mar
827 428 980 494 ham,
1009 439 1064 485 et
1105 444 1348 486 sororem
1377 428 1494 500 ejus
1538 431 1786 496 Mariam,
1815 440 1871 487 ct
1910 429 2073 501 Laza-
2102 430 2146 487 A
2177 429 2341 484 Iesus
2369 444 2382 481 :
2420 427 2606 483 Nonne
2635 426 2745 482 dixi
2776 426 2870 483 tibi
2902 430 3152 498 quoniam
3184 428 3226 483 si
3258 428 3576 498 credideris,
3604 434 3755 489 vide.

506 539 645 575 rum.
675 521 740 576 Ut
770 536 898 592 ergo
921 521 1123 576 audivit
1144 524 1267 592 quia
1296 524 1685 589 infirmahatur,
1709 534 1834 578 tunc
1861 524 2077 593 quidem

509 616 701 669 mansit
743 614 794 670 in
822 615 1009 669 eodem
1039 616 1157 671 loco
1185 615 1394 670 duobus
1434 615 1644 670 diebus.
1693 615 1916 681 Deinde,
1958 624 2081 685 post

508 707 621 762 hare
648 706 774 761 dicit
800 706 1075 772 discipulis
1105 706 1218 761 suis
1244 724 1254 757 :
1288 708 1482 763 Eamus
1509 708 1562 761 in
1592 707 1833 762 Iudaeam
1866 708 2077 762 iterum.

508 799 703 852 Dicunt
726 798 772 852 ei
796 796 1043 864 discipuli
1072 815 1082 848 :
1115 797 1280 850 ltahhi
1304 838 1319 852 .
1339 796 1370 833 "
1394 800 1445 851 in
1473 797 1744 852 Judzeam?
1772 798 1920 851 Nunc
1942 812 2084 861 qum-

510 891 701 945 rehant
725 898 775 942 te
805 889 1040 956 lapidare
1071 888 1237 942 Iud-sei
1260 930 1274 953 ,
1303 898 1356 942 et
1386 890 1576 942 iterum
1610 889 1757 943 vadis
1788 888 1949 941 illuc?
1981 887 2085 940 Re-

510 980 719 1047 spondit
745 978 940 1032 Iesus:
975 977 1160 1032 Nonne
1187 977 1466 1032 duodecim
1507 989 1631 1032 sunt
1662 980 1805 1031 hora:
1848 978 1993 1031 diei?
2026 977 2080 1032 Si

511 1071 627 1136 quis
670 1069 1017 1122 ambulaverit
1060 1069 1111 1121 in
1162 1068 1271 1135 die,
1305 1084 1410 1122 non
1455 1070 1711 1136 offendit,
1744 1072 1865 1139 quia
1906 1070 2081 1123 lucem

514 1161 669 1226 hujus
697 1161 875 1213 mundi
915 1159 1093 1214 videt:
1125 1162 1167 1214 si
1212 1173 1387 1214 autem
1416 1163 1768 1217 ambulaverit
1808 1164 1858 1215 in
1903 1172 2078 1226 nocte,

512 1251 762 1314 offendit,
794 1251 917 1316 quia
963 1265 1065 1303 non
1112 1261 1190 1303 ρει
1230 1237 1316 1302 lux
1364 1252 1414 1303 in
1447 1268 1532 1303 eo.
1576 1253 1699 1307 Htrc
1736 1254 1843 1317 ait,
1874 1262 1927 1305 et
1969 1261 2086 1321 post

513 1344 627 1397 haec
668 1344 795 1396 dicit
824 1344 901 1396 eis
932 1360 941 1393 :
979 1341 1216 1395 Lazarus
1260 1342 1462 1395 aurices
1504 1352 1685 1396 noster
1721 1343 1956 1398 dormit:
1989 1343 2082 1398 sed

510 1433 664 1498 vado,
698 1444 751 1486 ut
791 1448 817 1485 a
852 1448 1041 1486 somno
1071 1431 1322 1485 suscitetn
1356 1446 1498 1485 eum.
1531 1432 1784 1487 Dixerunt
1830 1448 1957 1500 ergo
1998 1432 2083 1486 di-

512 1524 699 1591 scipuli
731 1523 847 1591 ejus
874 1538 888 1587 ;
925 1524 1165 1585 Domine,
1198 1524 1241 1575 si
1269 1523 1496 1588 dormit,
1523 1524 1698 1577 salvus
1725 1524 1847 1577 erit.
1874 1523 2085 1577 Dixerat

514 1624 688 1668 autem
736 1614 891 1667 Iesus
922 1614 986 1665 de
1027 1623 1197 1667 morte
1235 1614 1371 1682 ejus.
1415 1613 1494 1667 Illi
1541 1622 1717 1667 autem
1767 1622 2087 1682 putaverunt

515 1705 636 1771 quia
671 1705 733 1755 de
764 1703 1082 1756 dormitione
1130 1704 1569 1769 somni,diccrct.
1598 1704 1747 1758 Tunc
1784 1719 1911 1770 ergo
1951 1703 2086 1757 dixit

2183 520 2263 574 his
2307 519 2530 589 gloriam
2562 520 2689 575 Dei?
2720 519 2978 576 Tulerunt
3005 536 3134 591 ergo
3178 521 3431 590 lapidem.
3474 522 3632 577 Iesus
3667 536 3759 578 au—

2181 619 2289 665 tem
2321 610 2542 665 elevatis
2581 623 2792 665 sursum
2837 610 3030 676 oculis,
3071 611 3244 665 dixit:
3276 611 3455 678 Pater,
3498 612 3589 665 tibi
3637 628 3760 682 gra-

2182 701 2285 754 tias
2328 715 2452 770 ago,
2483 700 2735 770 quoniam
2781 700 2975 756 audisti
3005 716 3111 755 me.
3149 700 3261 770 Ego
3298 711 3475 757 autem
3522 703 3760 758 sciebam

2182 793 2306 861 quia
2351 808 2567 860 semper
2610 808 2695 848 me
2735 792 2916 855 audis;
2960 793 3055 848 sed
3107 802 3327 862 propter
3369 793 3625 862 populum
3672 795 3763 863 qui

2183 884 2523 955 circumstat,
2579 883 2731 938 dixi:
2767 893 2824 937 ut
2868 883 3090 939 credant
3133 883 3258 954 quia
3305 892 3360 939 tu
3411 899 3496 940 me
3544 884 3761 939 misisti.

2187 974 2311 1028 llaec
2340 990 2458 1028 cum
2500 973 2754 1039 dixisset,
2798 988 2931 1030 voce
2979 989 3170 1044 magna
3216 974 3501 1029 clamavit:
3537 975 3765 1041 Lazare,

2183 1064 2304 1117 veni
2337 1063 2500 1117 foras.
2533 1062 2598 1116 Et
2625 1065 2802 1116 statim
2834 1062 3033 1131 prodit
3065 1064 3154 1132 qui
3199 1062 3374 1119 fuerat
3402 1074 3675 1130 mortuus,
3708 1065 3770 1118 li-

2183 1161 2337 1219 gatus
2379 1152 2539 1221 pedes
2568 1160 2622 1207 et
2652 1148 2840 1207 manus
2868 1153 3063 1207 institis
3088 1171 3101 1207 :
3131 1162 3184 1207 et
3214 1154 3376 1208 facies
3417 1155 3560 1208 illius
3604 1155 3767 1209 suda-

2185 1246 2268 1299 rio
2312 1253 2429 1299 erat
2476 1244 2656 1313 ligata.
2706 1245 2842 1299 Dicit
2885 1245 3042 1299 Iesus
3087 1246 3228 1299 illis:
3263 1246 3465 1301 Solvite
3508 1262 3674 1309 eum,
3717 1258 3774 1304 et

2185 1336 2340 1388 sinite
2366 1335 2536 1389 abire.
2585 1336 2732 1388 Multi
2773 1350 2900 1404 ergo
2927 1350 2994 1391 ex
3024 1336 3225 1391 Iudmis
3249 1338 3340 1405 qui
3390 1347 3661 1393 venerant
3704 1340 3767 1392 ad

2187 1427 2403 1480 Mariam
2432 1429 2471 1489 θ,
2502 1435 2555 1479 et
2591 1426 2833 1481 viderant
2873 1442 2994 1496 qua:
3025 1426 3149 1481 fecit
3189 1427 3368 1493 Iesus,
3409 1430 3769 1484 crediderunt

2187 1515 2239 1568 in
2267 1530 2407 1568 eum.
2440 1516 2659 1580 Quidam
2691 1525 2865 1570 autem
2907 1531 2973 1570 ex
3019 1518 3147 1586 ipsis
3187 1519 3436 1573 abierunt
3475 1519 3541 1573 ad
3574 1520 3772 1574 Phari-

2188 1618 2345 1667 saeos,
2385 1614 2439 1659 et
2478 1605 2729 1659 dixerunt
2769 1608 2847 1659 eis
2885 1621 3007 1676 qua:
3038 1606 3159 1661 fecit
3196 1606 3377 1662 Iesus.
3420 1608 3777 1677 Co'legerunt

2187 1710 2316 1763 ergo
2346 1697 2626 1766 pontifices
2659 1706 2715 1751 et
2745 1697 3002 1753 Pharisaei
3033 1699 3317 1754 concilium
3337 1741 3353 1766 ,
3378 1710 3431 1755 et
3470 1702 3728 1756 dicebant
3759 1721 3770 1756 :

516 1796 592 1847 eis
619 1793 933 1847 manifeste:
967 1795 1196 1848 Lazarus
1229 1804 1468 1849 mortuus
1494 1804 1576 1849 est
1601 1812 1616 1849 :
1646 1805 1697 1850 et
1727 1795 1931 1865 gaudeo
1963 1810 2084 1863 pru-
2117 1780 2160 1838 Β
2193 1785 2327 1852 Quid
2362 1785 2607 1851 τθοίῐηυδο
2635 1787 2757 1854 (ιιιίε
2799 1787 2884 1842 hic
2919 1787 3080 1843 homo
3118 1790 3281 1843 [nulla
3327 1791 3477 1862 signa
3524 1791 3692 1846 [³οῘῑῖ
3722 1792 3775 1847 Si

516 1895 631 1952 pter
659 1898 774 1948 vos,
805 1891 861 1935 ιιι
889 1883 1141 1948 creda:is,
1175 1885 1296 1951 quia
1324 1900 1429 1939 non
1456 1900 1602 1939 eram
1634 1884 1703 1938 ibi
1730 1900 1747 1937 :
1774 1884 1867 1938 sed
1898 1900 2084 1939 eamus

517 1977 584 2029 ad
609 1990 750 2030 eum.
786 1975 924 2027 Dixit
957 1990 1083 2042 ergo
1109 1972 1344 2028 Thomas
1370 1975 1457 2044 qui
1489 1973 1679 2028 dicitur
1708 1960 1999 2044 Didymus,
2020 1973 2082 2028 ad

518 2067 945 2134 condiscipulos:
982 2067 1174 2119 Eamus
1203 2075 1257 2119 et
1290 2079 1408 2134 nos,
1440 2073 1495 2120 et
1524 2064 1815 2119 moriamur
1847 2080 1969 2119 cum
1998 2080 2085 2119 eo.

521 2156 676 2211 Ven?t
700 2156 877 2224 itaque
903 2155 1077 2219 Iesus,
1108 2163 1163 2210 et
1193 2156 1395 2209 invenit
1424 2170 1543 2210 eum
1572 2152 1681 2224 jam
1711 2165 1943 2224 quatuor
1965 2154 2083 2209 dies

518 2249 571 2301 iu
620 2258 965 2301 monumento
992 2245 1023 2281 ⁸
1061 2257 1387 2302 manentem.
1442 2245 1570 2300 Erat
1606 2254 1783 2300 autem
1827 2245 2084 2300 Bethania

509 2339 658 2406 juxta
693 2338 1145 2408 Hierosolymam,
1176 2337 1329 2407 quasi
1363 2337 1551 2391 stadiis
1577 2336 1901 2407 quindecim.
1935 2335 2088 2392 Multi

516 2441 694 2485 autem
731 2444 796 2483 ex
827 2428 1023 2482 Judazis
1057 2437 1314 2482 venerant
1358 2427 1423 2482 ad
1452 2424 1713 2481 Martham
1744 2435 1798 2482 et
1829 2426 2047 2481 Mariam
2067 2465 2083 2491 ,

518 2528 575 2572 ut
600 2518 1002 2573 consolarentur
1027 2531 1118 2572 eas
1144 2516 1209 2572 de
1239 2517 1401 2571 fratre
1430 2530 1547 2571 suo.
1580 2516 1783 2571 Martha
1825 2525 2001 2571 autem
2031 2525 2089 2570 ut

517 2606 717 2663 audivit
748 2609 869 2677 quia
909 2607 1063 2663 Iesus
1106 2608 1278 2671 venit,
1324 2609 1556 2661 occurrit
1586 2606 1672 2662 ei:
1717 2605 1879 2661 Maria
1911 2615 2087 2660 autem

515 2699 660 2756 domi
690 2700 927 2755 sedebat.
961 2699 1096 2754 Ditit
1118 2714 1245 2770 ergo
1272 2699 1475 2754 Martha
1499 2698 1564 2753 ad
1591 2698 1804 2754 Iesum:
1839 2697 2085 2764 Domine,

517 2793 561 2846 si
591 2791 674 2845 hic
703 2792 914 2855 fuisses,
954 2790 1113 2845 fta'er
1144 2805 1297 2844 meus
1329 2803 1433 2844 non
1475 2789 1661 2845 fuisset
1687 2800 1946 2844 mortuus.
1979 2787 2089 2843 Sed

515 2894 571 2940 et
615 2900 754 2940 nunc
799 2885 911 2940 scio
958 2885 1080 2954 quia
1130 2898 1462 2954 quaecunque
1512 2884 1824 2954 peposceris
1871 2899 1901 2938 a
1953 2884 2085 2952 Deo,

515 2974 661 3029 dbit
704 2975 797 3029 tibi
852 2975 1006 3028 Deus.
1053 2973 1189 3027 Dicit
1236 2972 1312 3028 illi
1361 2973 1566 3029 Iesus:
1608 2974 1871 3044 Resurget
1922 2975 2087 3032 frater

518 3077 656 3121 tuus.
692 3067 827 3121 Dicit
852 3067 881 3100 ⁴
907 3081 1034 3136 ergo
1066 3065 1305 3123 Martha:
1337 3066 1460 3122 Scio
1491 3067 1610 3136 quia
1642 3077 1885 3137 resurget
1916 3068 1969 3122 in
2004 3083 2088 3123 re-

2187 1874 2507 1931 dimittimus
2549 1892 2669 1931 eum
2715 1878 2811 1942 sic,
2841 1893 3029 1932 omnes
3067 1878 3288 1934 credent
3319 1880 3370 1934 in
3413 1896 3566 1945 eum,
3596 1890 3663 1935 et
3687 1898 3776 1936 ve-

2190 1970 2340 2024 nient
2365 1967 2590 2023 Romani
2609 2009 2623 2031 ,
2652 1979 2706 2023 et
2734 1970 2925 2024 tollent
2961 1970 3136 2025 locum
3166 1982 3407 2026 nostrum
3444 1982 3497 2027 et
3526 1984 3770 2042 gentem.

2188 2058 2339 2115 Unus
2368 2067 2542 2114 autem
2590 2073 2654 2114 ex
2706 2058 2859 2128 ipsis,
2904 2058 3133 2129 Caiphas
3172 2062 3407 2127 nomine,
3456 2078 3577 2117 cum
3633 2076 3772 2119 esset

2189 2152 2424 2221 pontifex
2471 2152 2592 2205 anni
2638 2151 2802 2216 illius,
2850 2152 2987 2207 dixit
3031 2153 3146 2207 cis:
3182 2152 3291 2209 Vos
3337 2154 3565 2210 nescitis
3614 2157 3773 2224 quid-

2190 2258 2384 2313 quam,
2431 2257 2531 2297 nec
2577 2243 2823 2314 cogitatis
2862 2244 2984 2313 quia
3025 2244 3299 2314 expcdit’
3329 2245 3482 2300 nobis
3528 2254 3589 2299 ut
3644 2262 3779 2301 unus

2194 2336 2456 2390 moriatur
2486 2334 2649 2390 homo
2677 2351 2775 2406 pro
2807 2337 3024 2406 populo,
3054 2346 3108 2391 et
3133 2351 3240 2392 non
3265 2344 3373 2391 tota
3398 2351 3532 2408 gens
3564 2349 3775 2406 pereat.

2191 2426 2305 2482 Hoc
2348 2436 2525 2482 autem
2555 2443 2585 2482 a
2633 2428 2925 2498 semetipso
2956 2444 3062 2483 non
3103 2428 3277 2486 dixit:
3309 2430 3401 2485 sed
3450 2444 3575 2484 cum
3631 2438 3779 2483 esset

2194 2519 2435 2588 pontifex
2478 2519 2605 2575 anni
2643 2519 2815 2584 illius,
2850 2520 3187 2590 prophetavit
3226 2521 3347 2591 quia
3385 2521 3543 2576 Iesus
3591 2523 3779 2575 mori-

2194 2619 2345 2665 turus
2375 2619 2492 2664 crat
2526 2626 2624 2680 pro
2653 2620 2810 2681 gente
2835 2629 2850 2667 :
2880 2621 2937 2667 et
2966 2628 3070 2667 non
3103 2622 3305 2668 tantum
3334 2628 3431 2684 pro
3458 2624 3653 2681 gente,
3684 2615 3776 2669 sed

2196 2711 2257 2755 ut
2301 2712 2358 2756 et
2400 2700 2538 2756 ltlios
2571 2702 2664 2758 Dei
2695 2703 2786 2771 qui
2832 2711 2988 2759 erant
3031 2705 3291 2773 dispersi,
3334 2716 3696 2776 congregaret
3729 2706 3780 2760 in

2201 2808 2386 2849 unum.
2417 2794 2501 2851 Ab
2536 2793 2628 2848 illo
2656 2809 2784 2863 ergo
2812 2793 2900 2849 die
2926 2795 3291 2864 cegitaverunt
3322 2804 3378 2849 ut
3408 2796 3785 2851 interficerent

2192 2898 2341 2940 eum.
2372 2884 2529 2940 Iesus
2574 2899 2702 2954 ergo
2746 2884 2856 2954 jam
2908 2902 3015 2939 non
3064 2886 3238 2955 palam
3288 2886 3597 2941 ambulabat
3640 2888 3782 2956 apud

2194 2976 2428 3039 Iudaeos,
2461 2975 2556 3030 sed
2590 2975 2769 3045 (abiit)
2802 2976 2852 3030 in
2898 2976 3171 3047 regionem
3199 2977 3349 3047 juxta
3381 2979 3697 3043 desertum,
3732 2982 3784 3034 in

2193 3067 2460 3121 civitatem
2501 3080 2621 3136 qua
2667 3068 2861 3122 dicitur
2908 3067 3193 3136 Ephrem:
3241 3080 3294 3123 et
3338 3070 3411 3124 ibi
3458 3072 3786 3126 morabatur

516 3159 870 3223 surrectione,
903 3158 953 3210 in
988 3158 1279 3212 novissimo
1304 3157 1411 3212 die.
1444 3157 1581 3212 Dicit
1611 3156 1703 3226 (ei)
1748 3157 1941 3212 Iesus:
1976 3160 2087 3228 Ego
2116 3143 2163 3208 C
2192 3170 2310 3209 cum
2352 3156 2628 3227 discipulis
2655 3156 2787 3210 suis.
2816 3157 3126 3212 Proximum
3174 3168 3351 3214 autem
3400 3169 3516 3214 erat
3567 3160 3784 3218 Pascha

517 3267 632 3305 sum
683 3266 739 3305 re
771 3249 1003 3303 ttrrcrtio
1032 3258 1087 3303 et
1118 3248 1242 3303 vita.
1286 3248 1387 3315 Qui
1431 3248 1603 3304 credit
1653 3250 1723 3321 in,
1743 3263 1849 3315 me,
1877 3248 2089 3305 etiamsi

517 3348 756 3394 mortuus
789 3340 979 3404 fuerit,
1013 3340 1178 3395 vivet.
1215 3342 1283 3395 Et
1312 3340 1485 3395 omnis
1513 3340 1602 3412 qui
1646 3342 1801 3406 vivit,
1836 3351 1889 3397 et
1917 3341 2089 3397 credit

514 3434 566 3488 in
607 3448 712 3499 me,
747 3448 850 3486 non
891 3433 1146 3487 mo:~ietur
1179 3435 1231 3488 in
1272 3443 1549 3489 :cternum.
1596 3434 1785 3489 Credis
1816 3433 1952 3487 hac?
1997 3433 2090 3488 Ait

517 3523 588 3575 illi
615 3540 627 3573 :
663 3522 874 3591 Utique,
905 3521 1163 3577 Domine:
1188 3536 1285 3592 ego
1306 3522 1509 3577 credidi
1537 3524 1656 3592 quia
1683 3533 1736 3577 tu
1758 3538 1817 3579 es
1845 3521 2089 3578 Christus

519 3612 680 3665 Filius
715 3613 806 3667 Dei
856 3613 989 3678 ιὶνί,
1036 3613 1126 3683 qui
1170 3613 1225 3667 in
1272 3612 1414 3668 hunc
1459 3616 1715 3668 mundum
1763 3615 1979 3669 venisti.
2024 3616 2089 3669 Et

515 3722 634 3759 cum
664 3706 777 3759 ha-c
798 3705 1051 3772 dixisset,
1081 3707 1246 3775 abiit,
1274 3717 1328 3762 et
1356 3707 1563 3763 vocavit
1594 3708 1811 3762 Mariam
1842 3723 2085 3766 sororem

515 3812 663 3850 suam
696 3797 931 3862 silentio,
960 3796 1185 3852 dicens:
1215 3798 1465 3867 Magister
1506 3799 1688 3862 adest,
1721 3807 1775 3853 et
1811 3809 1967 3854 vocat
2012 3810 2087 3855 te.

514 3886 603 3942 Illa
635 3898 687 3941 ut
716 3888 941 3954 audivit,
968 3890 1139 3961 surgit
1164 3891 1293 3955 cito,
1316 3900 1370 3943 et
1398 3890 1543 3945 venit
1568 3888 1631 3944 ad
1664 3904 1810 3945 eum.
1840 3889 2086 3946 Nondum

513 3980 653 4034 enim
684 3990 899 4035 venerat
926 3980 1082 4036 Iesus
1123 3981 1176 4035 in
1207 3980 1520 4047 castellum,
1548 3981 1640 4038 sed
1676 3992 1793 4037 erat
1829 3983 2002 4037 adhuc
2033 3985 2087 4037 in

516 4068 608 4123 illo
636 4070 752 4124 loco
791 4071 877 4125 tibi
922 4081 1228 4127 occurrerat
1254 4073 1304 4127 ci
1354 4073 1582 4127 Martha.
1615 4072 1787 4128 Iudaei
1831 4088 1959 4144 ergo
1998 4075 2087 4144 qui

514 4170 665 4213 erant
699 4176 816 4215 cum
848 4161 934 4215 illa
964 4162 1013 4214 in
1046 4161 1229 4225 domo,
1257 4170 1312 4217 et
1335 4163 1754 4217 consolabantur
1782 4178 1928 4226 eam,
1960 4178 2083 4217 cum

516 4248 772 4303 \itIisscnt
805 4248 1018 4303 Mariam
1039 4290 1055 4316 ,
1083 4250 1208 4319 quia
1236 4251 1343 4306 cito
1374 4252 1605 4306 surrexit
1634 4259 1688 4306 ct
1727 4252 1889 4317 exiit,
1917 4253 2085 4306 secuti

515 4347 637 4390 sunt
677 4353 825 4402 eam,
869 4338 1147 4392 dicentes:
1180 4340 1316 4404 Quia
1348 4341 1492 4395 vadit
1530 4341 1595 4393 ad
1643 4350 2080 4406 monumentum,

518 4438 574 4480 ut
605 4428 775 4494 ploret
806 4428 895 4482 ibi.
940 4429 1099 4482 Mat-ia
1129 4445 1255 4498 ergo
1295 4446 1414 4484 cum
1462 4432 1699 4486 venisset
1727 4433 1811 4486 ubi
1841 4441 1956 4487 erat
1998 4434 2087 4488 Ie-

2190 3246 2536 3302 Iudteorum:
2568 3257 2621 3301 et
2656 3249 3012 3303 a-ccndernnt
3042 3250 3191 3303 mu‘ti
3244 3250 3682 3321 Hierosolymam
3717 3254 3787 3307 de

2191 3338 2415 3407 regione
2442 3348 2566 3393 ante
2592 3338 2827 3405 Pascha,
2860 3349 2916 3393 ιιι
2943 3342 3339 3395 sanctificarcnt
3363 3343 3589 3412 seipsos.
3619 3344 3788 3409 Quaa-
3806 3363 3818 3376 -

2193 3428 2385 3482 rebant
2426 3443 2555 3498 ergo
2572 3429 2802 3496 .Iesum,
2835 3438 2889 3483 et
2927 3431 3366 3499 colloquchantur
3394 3433 3459 3487 ad
3502 3433 3784 3499 invicem,

2192 3518 2245 3572 in
2281 3519 2480 3585 templo
2522 3528 2770 3575 stantes:
2804 3521 2937 3588 Quid
2973 3522 3187 3588 tutatis,
3218 3524 3338 3592 quia
3380 3539 3481 3578 non
3528 3527 3689 3580 venit
3717 3525 3786 3580 ad

2189 3608 2328 3662 diem
2361 3609 2595 3663 festum?
2640 3610 2908 3665 Dederuut
2940 3627 3067 3681 ergo
3108 3614 3384 3681 pontifices
3413 3623 3470 3669 et
3511 3613 3786 3672 Phariszcl

2191 3700 2531 3764 mandatum,
2557 3713 2610 3753 ut
2642 3702 2684 3755 si
2715 3703 2834 3770 quis
2854 3705 3168 3773 cognoverit
3195 3706 3281 3759 ubi
3315 3710 3412 3770 sit,
3442 3704 3694 3774 iudicet,
3725 3719 3785 3763 ut

2188 3805 2236 3857 ει
2256 3791 2588 3860 prelteudant
2614 3807 2733 3846 cum
2749 3822 2779 3845 ,λ

2698 3903 2933 3960 CAPUT
2969 3904 3253 3961 CXXXVI.

2192 3971 2315 4027 Non
2351 3982 2582 4041 receptus
2609 3973 2761 4027 Jews
2802 3979 2852 4027 in
2890 3977 3093 4029 civitate
3134 3976 3500 4031 Samaritana:
3536 3978 3787 4035 Joannes

2259 4053 2306 4097 et
2335 4041 2557 4096 Iacobus
2585 4043 2759 4115 dicunt
2794 4046 2861 4097 ad
2888 4062 3001 4099 eum
3024 4061 3042 4098 :
3076 4047 3135 4101 Si
3171 4048 3263 4113 vis,
3298 4047 3535 4115 dicmtus,
3580 4059 3645 4102 ut
3693 4055 3786 4104 de-

2257 4117 2462 4167 scendat
2490 4114 2620 4183 ignis
2648 4114 2711 4166 de
2736 4114 2879 4168 caelo.

2256 4222 2388 4279 Luc.
2423 4240 2472 4278 tx
2495 4268 2509 4293 ,
2542 4224 2729 4282 51-56.
2766 4226 2983 4281 Factum
3028 4238 3110 4282 est
3150 4237 3326 4283 autem
3371 4229 3496 4283 dum
3528 4232 3784 4300 comple-

2189 4326 2378 4370 rentur
2407 4316 2521 4370 dies
2551 4317 2929 4385 assumptionis
2972 4317 3106 4385 ejus,
3139 4329 3190 4373 et
3223 4321 3335 4387 ipse
3379 4319 3565 4375 faciem
3608 4337 3780 4377 Suam

2192 4405 2456 4471 firmavit,
2505 4415 2562 4458 ut
2612 4406 2713 4459 iret
2764 4406 3117 4462 Hierusalem.
3172 4408 3235 4461 Et
3286 4410 3428 4463 misit
3459 4412 3477 4429 °
3520 4414 3784 4467 nuntium

517 4532 628 4579 sus,
661 4516 847 4569 videns
880 4532 1032 4584 eum,
1065 4521 1261 4572 cecidit
1298 4522 1363 4574 ad
1397 4521 1559 4589 pedes
1590 4521 1722 4589 ejus,
1754 4530 1808 4575 et
1832 4522 1965 4576 dixit
1992 4524 2040 4577 ei
2068 4542 2083 4579 :
2117 4508 2163 4568 ί)
2190 4506 2314 4589 “me
2354 4507 2700 4589 “ﬁspecufm
2730 4512 2907 4552 ⁸⁸¹¹¹¹¹¹⁶
2942 4499 3007 4553 Et
3036 4510 3221 4554 eum“
3253 4501 3582 4555 ί¹¹¹τ³ν⁰¹³¹¹¹¹ί
3615 4504 3675 4557 ί¹⁸
3707 4506 3787 4558 οῖ’

519 4602 766 4668 Domine,
808 4604 852 4658 si
900 4604 1093 4660 fuis~es
1135 4606 1251 4666 hic,
1302 4624 1405 4662 non
1450 4619 1593 4664 esset
1640 4620 1877 4664 mortuus
1926 4612 2086 4666 frater

516 4688 682 4751 incus.
709 4695 859 4751 Iesus
888 4712 1016 4767 ergo
1047 4706 1102 4751 ut
1132 4697 1262 4752 vidit
1285 4713 1401 4753 eam
1429 4700 1724 4769 plorantem
1743 4741 1758 4765 ,
1786 4711 1839 4754 et
1867 4699 2085 4755 Iudaeos

513 4791 600 4858 qui
631 4804 749 4842 cum
779 4804 840 4843 ea
872 4797 1129 4843 venerant
1159 4790 1450 4859 plorantes,
1484 4796 1500 4815 ‘
1534 4790 1743 4846 fremuit
1776 4793 1999 4862 Spiritu,
2029 4805 2083 4848 et

515 4879 742 4932 tmhavit
790 4894 849 4934 se
897 4877 1103 4946 ipsum,
1145 4893 1199 4934 et
1246 4880 1424 4934 dixit:
1478 4880 1574 4937 Ubi
1624 4883 1877 4950 posuistis
1921 4880 2084 4937 eum?

515 4967 705 5023 Dcunt
743 4968 790 5022 ei
820 4986 831 5021 ι
866 4969 1110 5039 Domine,
1142 4971 1259 5024 veni
1288 4979 1343 5024 et
1374 4971 1512 5026 viile.
1556 4971 1621 5025 Et
1652 4971 1969 5042 lecrymatus
1999 4984 2081 5028 est

512 5061 685 5116 Iesus.
717 5063 975 5119 Dixerunt
1000 5078 1130 5134 ergo
1168 5064 1379 5121 Iudmi:
1416 5065 1552 5119 Etce
1577 5066 1843 5134 quomodo
1874 5069 2084 5121 amabat

512 5166 654 5204 eum.
680 5151 903 5218 Quidam
932 5165 1108 5208 autem
1137 5155 1385 5211 dixerunt
1421 5171 1485 5210 cx
1526 5156 1694 5225 ipsis:
1729 5155 1841 5209 Non
1875 5165 2085 5225 poterat

514 5243 596 5295 hic
622 5244 710 5310 qui
740 5245 944 5308 aperuit
974 5246 1155 5299 orulos
1184 5248 1311 5304 caeci
1340 5250 1381 5312 ‘,
1417 5246 1592 5302 facere
1621 5257 1675 5301 ut
1707 5246 1792 5301 hic
1835 5264 1938 5301 non
1972 5263 2086 5302 tuo-

511 5330 755 5384 reretur?
785 5329 937 5383 Iesus
966 5346 1093 5400 ergo
1134 5350 1340 5389 rursum
1392 5334 1628 5391 fremens
1675 5337 1726 5390 in
1768 5338 2079 5406 semetipso,

514 5421 661 5475 venit
704 5419 769 5475 ad
823 5434 1248 5478 monumentum.
1298 5427 1424 5479 Erat
1469 5438 1642 5481 autem
1690 5429 1987 5497 spelunca:
2029 5437 2084 5483 et

515 5513 647 5583 ιψίε
678 5512 1042 5581 superpositus
1065 5517 1082 5536 '
1111 5514 1179 5567 ei.
1215 5515 1301 5568 Ait
1343 5515 1501 5571 Iesus
1534 5535 1547 5570 :
1589 5516 1784 5573 Tollite
1829 5519 2079 5587 lapidem.

516 5603 651 5658 Dicit
699 5605 747 5658 ei
797 5603 1029 5669 Martha,
1084 5620 1238 5659 soror
1285 5607 1398 5671 ejus
1443 5609 1531 5677 qui
1581 5620 1822 5665 mortuus
1866 5610 2079 5667 fuerat:

516 5692 761 5757 Domine,
792 5693 896 5760 jam
931 5698 1085 5760 fetet,
1122 5695 1504 5766 quatriduauus
1541 5700 1680 5751 enim
1712 5709 1810 5753 cst.
1868 5699 2001 5754 Dicit
2030 5702 2078 5755 ei

2191 4586 2407 4640 vitatem
2435 4586 2891 4642 Samaritanorum
2911 4633 2925 4655 ,
2955 4599 3011 4641 ut
3041 4599 3289 4657 pararent
3320 4592 3413 4645 illi.
3444 4591 3507 4645 Et
3541 4607 3654 4645 non
3694 4611 3787 4649 re.

2187 4685 2440 4743 ceperunt
2486 4691 2606 4730 eum
2625 4716 2639 4741 ,
2669 4677 2790 4747 quia
2833 4677 2993 4731 facies
3022 4680 3135 4746 ejus
3164 4688 3278 4733 erat
3307 4680 3477 4733 cuntis
3512 4680 3627 4735 "in
3649 4698 3783 4735 usa-

2188 4764 2315 4822 lem.
2347 4767 2476 4821 Cum
2507 4767 2767 4821 vidissent
2795 4779 2970 4821 autem
3003 4768 3115 4822 disc
3140 4771 3243 4837 pttli
3275 4770 3411 4839 ejus,
3441 4770 3684 4825 Iacobus
3721 4782 3783 4827 et

2186 4857 2447 4923 Joannes,
2493 4858 2791 4913 dixerunt:
2839 4859 3084 4925 Domine,
3134 4861 3211 4915 vis
3258 4862 3482 4913 dicimus
3530 4870 3587 4913 ut
3632 4864 3783 4930 ignis

2188 4950 2481 5004 descendat
2522 4950 2589 5004 de
2618 4952 2779 5014 cmlo,
2804 4962 2858 5005 et
2886 4962 3163 5005 eunsumat
3194 4953 3352 5005 il'os?
3381 4954 3441 5005 Et
3469 4968 3783 5008 conversus

2188 5040 2482 5107 increpavit
2513 5039 2653 5104 illes,
2678 5041 2862 5095 dicens
2887 5057 2902 5094 :
2937 5042 3164 5095 Nescitis
3191 5044 3341 5107 cujus
3370 5042 3587 5111 spiritus
3610 5046 3780 5098 estis.

2190 5127 2353 5181 Filius
2387 5129 2611 5182 hominis
2643 5146 2746 5184 non
2792 5133 2935 5184 venit
2976 5132 3181 5184 animas
3230 5133 3473 5201 perdere,
3502 5136 3600 5188 Sed
3654 5140 3776 5189 sa!-

2188 5233 2333 5273 vare.
2365 5219 2431 5274 Et
2455 5220 2699 5273 abierunt
2724 5220 2773 5274 in
2796 5220 2939 5274 aliud
2964 5221 3260 5277 castellum.

2693 5359 2916 5415 CAPUT
2952 5359 3261 5415 CXXXVII.

2186 5426 2337 5482 Iesus
2367 5428 2498 5482 venit
2528 5428 2580 5482 in
2613 5428 2914 5483 Bel/mnium
2938 5446 2957 5496 ;
2983 5440 3030 5482 et
3058 5430 3163 5482 mal
3188 5432 3204 5484 i
3227 5430 3529 5486 Judtzortmt
3562 5443 3775 5499 euntes,

2440 5510 2645 5566 propter
2673 5500 2929 5552 Lazarum
2958 5500 3281 5555 crediderunt
3303 5502 3353 5553 in
3380 5518 3511 5554 eum.

2258 5608 2411 5664 Ioan.
2442 5625 2537 5673 χιι,
2573 5610 2773 5675 l-9-l9;
2807 5611 3022 5665 Mum.
3054 5628 3207 5676 xxvi,
3233 5614 3284 5666 6.
3313 5613 3466 5667 Iesus
3490 5627 3619 5679 ergo
3640 5622 3776 5667 ante

2188 5717 2281 5756 sex
2312 5703 2428 5755 dies
2464 5702 2677 5756 l’aschw
2713 5704 2857 5756 venit
2890 5704 3233 5769 Bethaniaui,
3269 5705 3356 5759 ubi
3390 5704 3563 5759 fuerat
3594 5703 3772 5758 Lata-
