4026 6196
329 191 427 247 ωε)

1062 172 1641 234 EVANGELICARUM
1717 170 2221 230 HARMONIARUM
2260 154 2825 224 INTERPRETATIO.

3471 167 3626 227 530.

329 317 418 359 rus
447 307 687 355 mortuus
720 309 877 364 quem
908 290 1185 346 suscitavit
1214 290 1391 345 Jesus.
1434 289 1497 342 Et
1525 302 1643 342 cum
1675 285 1898 342 essetin
1930 291 1974 348 Α
2008 283 2151 336 Dixit
2173 291 2351 337 autem
2378 280 2443 333 ad
2476 280 2751 334 mulierem
2780 296 2790 329 :
2825 276 2978 331 Fides
3002 286 3085 330 tua
3111 284 3160 331 te
3187 275 3384 330 salvam
3414 277 3578 334 fecit:

330 394 487 450 domo
513 389 753 447 Simonis
791 387 1023 454 Ieprosi,
1058 381 1309 450 cognovit
1339 378 1489 431 turba
1523 378 1686 430 multa
1716 391 1779 429 ex
1810 375 1899 427 .Iu-

331 483 480 546 dicis,
510 482 632 550 quia
663 479 775 534 illic
803 484 890 531 est
921 490 935 525 :
969 482 1023 527 et
1054 478 1315 525 venerunt
1341 484 1447 522 non
1478 477 1696 536 propter
1722 454 1901 519 Jesnm

332 585 536 628 tantum
556 609 570 635 ,
612 568 705 623 sed
751 575 809 620 ut
839 565 1098 618 Lazarum
1130 559 1403 618 viderent,
1443 570 1601 624 quem
1631 553 1904 607 suscitavit

331 679 360 717 a
393 661 637 717 mortuis.
670 654 927 711 Pharisaei
972 666 1101 719 ergo
1141 650 1396 703 dixerunt
1430 647 1495 700 ad
1542 645 1900 713 semetipsos:

332 754 537 807 Videtis
577 749 698 819 quia
744 745 875 799 nihil
923 738 1263 815 proficimus?
1302 737 1440 791 Ecce
1485 736 1721 788 mundus
1765 742 1904 787 totus

330 853 443 915 post
479 855 600 896 cum
626 837 774 893 abiit.
811 835 1192 904 Cogitaveruut
1219 838 1396 885 autem
1420 827 1701 896 principes
1730 840 1909 880 sacer—

330 936 551 997 domm,
591 939 654 985 ut
698 938 753 982 et
800 926 1060 980 Lazarum
1119 920 1519 983 interficerent;
1570 918 1694 986 quia
1751 915 1904 968 multi

330 1032 552 1094 propter
580 1020 729 1076 illum
759 1017 976 1070 abibant
1003 1027 1070 1066 ex
1102 1004 1324 1073 tudinis,
1347 1016 1401 1061 et
1426 1012 1442 1029 ·
1471 1006 1815 1061 crediderunt
1855 1006 1906 1057 in

329 1114 539 1169 Iesum.
582 1109 849 1164 Fecerunt
890 1112 1067 1157 autem
1112 1101 1163 1154 ei
1204 1113 1413 1153 caenam
1463 1096 1533 1150 ibi
1563 1113 1574 1147 :
1606 1102 1661 1149 et
1703 1094 1906 1148 Martha

330 1201 706 1257 ministrabat:
741 1197 973 1251 Lazarus
1004 1205 1135 1245 vero
1164 1197 1275 1243 erat
1308 1201 1441 1240 unus
1469 1201 1535 1240 ex
1568 1184 1908 1241 discumben-

331 1295 475 1349 tibus
503 1305 628 1347 cum
656 1304 740 1344 eo.

823 1374 1051 1431 CAPUT
1085 1370 1417 1427 CXXXVIII.

334 1474 509 1529 Maria
548 1472 680 1539 fudit
720 1469 1030 1539 alabastrum
1064 1462 1393 1539 unguentis}:
1436 1460 1598 1529 capite
1642 1457 1791 1517 Jcstt.
1844 1455 1910 1508 Et

734 1539 767 1592 ,Ι
774 1553 887 1592 esus
916 1537 1141 1600 increpat
1171 1531 1509 1585 Plurimum.

2005 376 2137 429 vade
2176 376 2226 428 in
2258 368 2408 441 pace.
2433 402 2503 412 —
2532 373 2662 427 Luc.
2707 386 2822 433 XIX,
2851 370 2940 423 28.
2992 371 3051 422 Et
3097 370 3178 423 his
3217 370 3373 424 dictis
3410 371 3580 426 abiit»

2004 465 2297 519 ascendens
2327 464 2680 518 Hierusalem.

2515 572 2741 627 CAPUT
2781 569 3064 623 CXXXIX.

2211 667 2257 719 11
2266 667 2582 736 ierosolymis
2607 663 2774 717 (Ζηνί-ἱ
2796 662 2962 714 videre
2989 662 3163 713 volunt
3189 660 3387 715 Jesum.

2077 760 2228 814 Josu.
2257 774 2357 822 xu,
2390 758 2578 811 20-56.
2611 756 2775 809 Erant
2804 764 2981 807 autem
3009 753 3239 822 gentiles
3272 750 3486 819 quidam
3513 767 3579 805 ex

2008 850 2093 903 his
2122 850 2208 917 qui
2254 848 2631 909 ascenderant,
2667 855 2726 897 ut
2770 844 3055 897 adorarent
3094 843 3146 894 in
3188 841 3275 895 die
3319 840 3481 895 festo.
3521 842 3585 895 Ili

2009 954 2135 1009 ergo
2165 947 2508 993 accesserunt
2532 937 2595 989 ad
2628 935 2925 1002 Philippum
2944 976 2956 995 ,
2990 935 3075 1002 qui
3105 932 3220 987 erat
3248 948 3275 984 a
3307 932 3415 986 Bet‘i
3441 934 3585 986 saida

2009 1030 2260 1091 Galilasaa,
2286 1042 2338 1083 et
2368 1029 2627 1098 rogabant
2658 1043 2777 1081 eum
2800 1071 2813 1092 ,
2854 1026 3090 1078 dicentes
3118 1043 3128 1076 :
3166 1026 3407 1089 Domine,
3439 1027 3589 1077 volu-

2012 1131 2130 1171 mus
2156 1117 2334 1171 Jesum
2362 1118 2565 1170 videre.
2592 1114 2750 1169 Venit
2781 1112 3073 1181 Philippus,
3099 1122 3150 1166 et
3178 1112 3309 1165 dicit
3338 1112 3584 1166 Andreae.

2012 1208 2254 1262 Andreas
2296 1220 2506 1259 rursum
2546 1214 2601 1259 et
2644 1203 2915 1270 Philippus
2948 1205 2965 1222 ⁸
3010 1203 3192 1256 dicunt
3235 1202 3385 1256 Jisu.
3431 1202 3587 1255 Jesus

2011 1308 2185 1352 autem
2214 1296 2488 1363 respondit
2516 1296 2612 1358 eis,
2646 1294 2869 1347 dicens:
2906 1293 3064 1347 Venit
3106 1282 3235 1346 hora
3265 1302 3321 1346 ut
3347 1296 3367 1313 ⁴
3390 1293 3591 1362 ginrili-

2010 1400 2161 1443 detur
2206 1386 2368 1440 Filius
2415 1386 2660 1438 hominis.
2696 1386 2892 1445 Amen,
2922 1398 3076 1436 amcn
3118 1384 3236 1437 dico
3280 1383 3452 1445 vobis,
3487 1384 3587 1433 ui-i

2011 1496 2231 1551 granum
2264 1481 2508 1533 frumenti
2540 1478 2734 1531 cadens
2766 1477 2814 1528 in
2860 1485 3051 1528 terram
3094 1484 3356 1527 montium
3396 1474 3588 1535 lue-rit,

2015 1574 2184 1641 ipsum
2215 1572 2384 1624 solum
2417 1579 2592 1623 manet
2619 1583 2633 1620 :
2664 1570 2706 1621 si
2733 1577 2907 1619 autem
2936 1574 3204 1618 mortuum
3238 1563 3421 1625 l'neiit,
3455 1564 3593 1615 mul-

399 1656 557 1710 JOAN.
585 1667 679 1716 xu,
709 1651 823 1713 3-8;
857 1649 1027 1703 Mane.
1054 1661 1161 1709 xiv,
1187 1642 1312 1708 5-9;
1345 1642 1561 1697 ΜΑττιι.
1588 1654 1733 1705 xxvi,
1757 1641 1907 1696 643.

2028 1674 2124 1717 ium
2158 1662 2383 1715 [ru-ctum
2415 1659 2585 1713 affert.
2612 1657 2720 1723 Qui
2746 1666 2886 1709 amat
2917 1656 3145 1708 animam
3188 1668 3369 1719 suam,
3404 1653 3592 1722 perdet

331 1748 505 1804 Maria
533 1759 662 1815 ergo
707 1742 909 1796 habens
951 1738 1275 1791 alabastrum
1321 1732 1572 1801 unguenti
1605 1732 1754 1784 nardi
1797 1731 1908 1797 spi-

331 1838 441 1893 cati
486 1833 736 1905 pretiosi,
781 1830 953 1884 fracto
995 1827 1283 1888 alabastro,
1330 1822 1515 1876 effudit
1557 1835 1718 1890 super
1754 1829 1914 1888 caput

328 1929 454 1999 ejus
495 1923 879 1987 recumbentis,
920 1930 973 1975 et
1016 1918 1168 1971 unxit
1207 1914 1373 1985 pedes
1419 1913 1558 1982 ejus,
1596 1921 1650 1966 et
1688 1912 1913 1966 extersit

331 2017 545 2088 capillis
576 2014 731 2070 suis:
774 2021 827 2067 et
871 2011 1064 2065 domus
1106 2007 1321 2075 impleta
1371 2015 1456 2058 est
1496 2017 1562 2055 ex
1603 2001 1771 2056 odore
1819 2017 1916 2053 nu-

332 2108 544 2178 guenti.
578 2105 721 2163 Dixit
766 2116 897 2172 ergo
942 2114 1079 2154 unus
1123 2112 1187 2151 ex
1233 2092 1507 2163 discipulis
1544 2092 1662 2160 ejus
1703 2091 1868 2145 Judas
1897 2090 1915 2111 °

334 2198 622 2269 Scariotis,
656 2195 748 2265 qui
785 2199 901 2249 erat
939 2189 1232 2245 traditurus
1261 2200 1381 2240 eum
1409 2202 1422 2235 :
1456 2184 1633 2247 Quare
1679 2196 1918 2251 unguen-

333 2300 453 2345 tum
482 2289 587 2343 hoc
629 2301 735 2341 non
765 2284 929 2341 veniit
976 2280 1231 2336 trecentis
1259 2276 1513 2340 denariis,
1542 2290 1593 2329 et
1624 2274 1804 2328 datum
1832 2282 1916 2327 est

334 2377 560 2449 egenis?
593 2376 730 2430 Dixit
756 2382 931 2427 autem
964 2371 1083 2434 hoc,
1119 2382 1223 2422 non
1267 2366 1387 2435 quia
1417 2364 1483 2418 de
1523 2365 1708 2433 egenis
1754 2362 1918 2430 perii-

336 2469 507 2525 nebat
531 2466 596 2521 ad
623 2479 776 2528 eum,
804 2461 897 2517 sed
930 2460 1052 2528 quia
1085 2458 1168 2511 l‘ur
1191 2465 1336 2517 erat,
1368 2461 1422 2509 et
1450 2454 1649 2506 loculos
1692 2451 1915 2513 habens,

336 2576 405 2615 ea
435 2573 557 2629 qua:
585 2555 927 2609 mittebantur
955 2548 1219 2619 portabat.
1267 2545 1435 2599 Erant
1479 2551 1654 2597 autem
1702 2540 1916 2610 quidam

338 2652 569 2723 indigne
597 2649 825 2706 fcrentes
865 2645 1000 2698 intra
1032 2641 1370 2708 semetipsos,
1412 2644 1465 2691 et
1498 2635 1737 2691 dicentes
1770 2651 1783 2686 :
1826 2634 1937 2715 υιτο

339 2710 494 2811 ηυῐὰυ
510 2739 740 2812 perditio
770 2739 884 2790 hare
911 2732 1166 2804 unguenti
1198 2730 1331 2783 facta
1362 2727 1477 2783 est?
1516 2726 1705 2780 Sciens
1745 2710 1920 2779 autem

342 2810 531 2897 testis,
573 2832 649 2883 ait
699 2828 854 2881 illis:
899 2824 1033 2891 Quid
1080 2820 1287 2876 molesti
1339 2817 1466 2872 estis
1511 2817 1632 2871 huic
1678 2810 1923 2869 mulieri?

341 2925 498 2991 Opus
524 2920 722 2975 bonum
751 2924 967 2985 operata
995 2920 1074 2967 est
1104 2912 1154 2965 in
1186 2923 1292 2963 me.
1322 2908 1450 2961 Nam
1490 2921 1701 2974 semper
1727 2919 1924 2974 paupe.

2016 1767 2164 1816 eam;
2199 1762 2252 1806 et
2278 1751 2366 1818 qui
2395 1751 2505 1804 odit
2534 1750 2765 1802 animam
2794 1761 2941 1800 suam
2973 1746 3025 1798 in
3057 1747 3155 1798 hoc
3184 1744 3405 1811 mundo,
3436 1745 3486 1796 in
3518 1744 3593 1796 vi-

2018 1854 2123 1895 tam
2168 1849 2425 1895 a-ternam
2467 1839 2696 1893 custodit
2734 1852 2872 1891 eain.
2908 1838 2961 1891 Si
2992 1836 3109 1903 quis
3140 1836 3266 1888 mihi
3299 1835 3594 1899 ministrat,

2018 1949 2104 1987 me
2144 1945 2418 2002 sequatur.
2448 1933 2513 1985 Et
2544 1931 2629 1985 ubi
2662 1946 2781 1983 sum
2810 1943 2929 1997 ego,
2958 1928 3063 1980 illic
3089 1936 3141 1981 et
3173 1942 3221 1979 m
3248 1927 3417 1980 nister
3445 1942 3592 1980 mens

2019 2025 2139 2077 erit.
2181 2023 2238 2078 Si
2269 2025 2387 2091 quis
2428 2021 2557 2074 mihi
2610 2019 3023 2079 ministraverit,
3073 2016 3443 2069 honoriiivabit
3471 2030 3595 2069 eum
3621 2071 3635 2085 ,

2023 2114 2179 2167 Pater
2206 2128 2379 2167 meus.
2418 2111 2567 2165 Nunc
2610 2113 2783 2162 anima
2825 2123 2938 2161 mea
2982 2108 3318 2160 turbataiest.
3364 2105 3428 2157 Et
3470 2105 3593 2172 quid

2020 2204 2224 2257 dicam?
2251 2203 2429 2268 Pater,
2457 2200 2690 2254 salviiica
2719 2214 2806 2252 me
2827 2213 2890 2252 ex
2923 2198 3019 2249 hac
3050 2200 3197 2249 hora.
3216 2195 3321 2250 Sed
3352 2202 3596 2262 propter-

2025 2312 2087 2351 ea
2121 2296 2238 2350 veui
2279 2295 2329 2348 in
2356 2294 2536 2346 horam
2563 2293 2718 2345 hanc.
2752 2290 2930 2353 Pater,
2949 2288 3182 2341 clarlllca
3206 2301 3399 2340 nomen
3422 2296 3590 2338 tuum.

2023 2387 2182 2441 Venit
2219 2401 2347 2456 ergo
2391 2398 2489 2438 vox
2535 2383 2602 2438 de
2640 2382 2814 2437 ccclo:
2852 2381 2919 2434 Et
2962 2378 3279 2445 clariﬁcavi,
3310 2386 3366 2431 et
3405 2377 3596 2431 iterum

2022 2476 2351 2533 clarlicabo.
2382 2472 2557 2527 Turba
2595 2486 2722 2539 ergo
2754 2485 2872 2539 qua:
2914 2469 3087 2523 stabat
3116 2476 3170 2521 et
3210 2465 3602 2531 audiebat,-di-

2023 2567 2214 2630 cebat,
2240 2570 2258 2587 '
2289 2565 2543 2619 tonitrum
2576 2561 2768 2615 factum
2800 2573 2939 2613 esse.
2966 2557 3068 2611 Alii
3106 2556 3353 2611 dicebant
3379 2572 3394 2611 :
3428 2557 3601 2623 Auge-

2024 2658 2108 2711 Ius
2150 2656 2198 2711 ei
2229 2656 2436 2709 loeutus
2473 2660 2576 2706 est.
2625 2648 2919 2717 Respondit
2958 2646 3133 2715 .lesus,
3174 2656 3231 2700 et
3266 2645 3439 2699 dixit:
3481 2644 3597 2697 Non

2027 2758 2245 2818 propter
2273 2761 2359 2801 me
2402 2745 2515 2798 haec
2556 2757 2658 2797 vox
2703 2742 2876 2807 venit,
2909 2740 3001 2795 scd
3049 2750 3265 2808 prepier
3295 2752 3411 2791 vos.
3455 2737 3603 2792 Nunc

2023 2837 2279 2908 judicium
2308 2828 2599 2889 est‘niundi
2626 2848 2639 2884 :
2669 2845 2809 2885 nunc
2839 2830 3084 2900 princeps
3114 2827 3270 2895 hujus
3296 2827 3476 2881 mundi
3506 2827 3606 2894 eji-

2029 2931 2202 2984 cietur
2230 2927 2391 2981 foras.
2423 2926 2489 2978 Et
2514 2938 2612 2992 ego
2638 2923 2683 2976 si
2710 2922 2970 2977 exaltatus
3002 2920 3150 2973 luero
3170 2922 3199 2972 a
3231 2929 3394 2983 terra,
3425 2920 3602 2969 omnia

341 3028 434 3069 res
462 3016 483 3035 ’
516 3009 782 3064 habebitis
820 3004 1130 3064 "Obiscumi
1176 3009 1232 3054 ει
1271 3014 1391 3055 cum
1438 2999 1735 3062 ν⁰¹¹¹θ¹ίιί⁹ν
1776 3009 1925 3065 pom’
1952 2997 1998 3061 Ο
2036 3021 2241 3076 traham
2270 3018 2335 3071 ad
2360 3032 2445 3071 me
2477 3017 2668 3085 ipsum.
2696 3014 2805 3067 lloc
2831 3021 3006 3067 autem
3034 3009 3270 3071 dicebat,
3301 3008 3607 3077 significans

343 3107 448 3162 stis
480 3102 587 3156 illis
615 3098 968 3154 benefacere:
1003 3108 1089 3147 me
1116 3101 1293 3145 autem
1326 3104 1430 3143 non
1472 3102 1681 3156 semper
1703 3090 1721 3111 ‘
1755 3087 1921 3140 habe-

347 3197 500 3251 bitis.
532 3194 744 3248 Mittens
771 3188 913 3244 enim
956 3188 1068 3239 huic
1115 3193 1442 3253 unguentum
1489 3182 1590 3233 hoc
1631 3180 1683 3232 in
1730 3192 1927 3247 corpus

347 3300 565 3350 meum,
598 3282 664 3336 ad
692 3276 1051 3345 sepeliendum
1083 3288 1168 3327 me
1196 3272 1340 3327 fecit.
1380 3273 1546 3324 Amen
1575 3268 1696 3322 dico
1736 3268 1923 3321 vobis:

349 3379 674 3444 Ubicunque
723 3368 1066 3441 praedicatum
1126 3364 1286 3417 fuerit
1335 3359 1677 3427 Evangelium
1729 3358 1831 3411 hoc
1877 3360 1929 3410 in

350 3479 469 3523 toto
500 3464 720 3527 mundo,
749 3462 956 3516 dicetur
977 3468 1028 3511 et
1056 3455 1197 3529 quod
1230 3456 1343 3507 hmc
1388 3451 1511 3506 fecit
1540 3453 1590 3504 in
1618 3449 1932 3503 memoriam

351 3561 590 3627 eius.—-
616 3555 750 3608 Luc.
792 3567 891 3615 vu,
933 3548 1120 3604 59-50.
1164 3545 1359 3599 Videtis
1406 3551 1582 3595 autem
1630 3540 1933 3594 Pbarismus
2003 3542 2021 3556 '

354 3651 447 3720 qui
487 3652 767 3700 vocaverat
794 3655 915 3696 eum
936 3680 950 3705 ,
978 3637 1049 3691 ait
1079 3639 1215 3690 intra
1241 3649 1321 3699 se,
1354 3632 1539 3687 dicens
1564 3648 1577 3683 :
1612 3630 1707 3683 Hic
1727 3628 1771 3682 si
1794 3637 1935 3682 esset

354 3718 644 3809 propheta,
670 3734 832 3788 sciret
868 3730 1048 3797 utique
1089 3741 1207 3795 qute
1236 3733 1290 3779 et
1323 3722 1490 3791 qualis
1521 3724 1538 3745 θ
1560 3728 1705 3774 esset
1747 3718 1935 3771 mulier

356 3808 483 3898 qua:
516 3826 681 3894 tangit
722 3836 874 3889 cum,
918 3818 1037 3888 quia
1069 3814 1335 3886 peccatrix
1368 3820 1466 3866 est.
1511 3809 1579 3865 Et
1609 3808 1937 3878 respondens

355 3921 541 3983 Jesus,
594 3916 727 3970 dixit
769 3914 832 3967 ad
879 3911 1075 3966 illum:
1117 3908 1335 3969 Simon,
1386 3906 1554 3957 habeo
1596 3903 1687 3957 tibi
1739 3900 1937 3968 aliquid

356 4010 562 4064 dicere.
588 4007 656 4059 At
682 4005 767 4058 ille
794 4004 867 4055 ait
890 4019 905 4056 :
932 3999 1197 4067 Magister,
1222 3996 1327 4049 dic.
1354 3995 1468 4047 Duo
1493 3992 1762 4046 debitores
1785 3997 1939 4043 erant

359 4101 575 4156 cuidam
607 4095 927 4153 feneratori:
961 4108 1096 4147 unus
1140 4091 1365 4145 debebat
1395 4088 1643 4142 denarios
1680 4087 1942 4156 quingen-

361 4203 474 4255 tos,
501 4194 519 4211 ⁹
549 4191 686 4244 alius
730 4185 1131 4257 quinquaginta.
1164 4183 1279 4237 Non
1312 4178 1627 4234 habentibus
1659 4178 1759 4230 illis
1801 4177 1943 4231 unde

362 4281 683 4345 redderent,
724 4278 942 4333 donavit
990 4274 1247 4343 utrisque.
1282 4271 1410 4335 Quis
1448 4283 1576 4337 ergo
1616 4283 1739 4321 eum
1783 4268 1900 4333 plus
1924 4272 1942 4290 '

2030 3127 2132 3180 qua
2166 3120 2338 3163 morte
2363 3118 2507 3162 esset
2535 3106 2845 3158 mmiturus.
2875 3100 3165 3169 Respondit
3193 3100 3240 3153 ei
3272 3100 3423 3151 turba
3450 3116 3461 3151 :
3497 3098 3604 3150 Nos

2030 3201 2329 3254 audivimus
2359 3212 2421 3251 ex
2457 3197 2589 3265 lege,
2622 3195 2742 3262 quia
2775 3193 3019 3246 Christus
3049 3199 3227 3244 manet
3262 3190 3314 3242 in
3353 3197 3608 3242 :eternum

2031 3292 2205 3361 (Psal.
2230 3306 2352 3353 etx,
2386 3289 2445 3353 4;
2479 3301 2629 3348 cui,
2667 3285 2778 3349 25;
2816 3282 2924 3337 Isa.
2953 3299 3042 3343 χι..
3077 3284 3141 3341 8;
3176 3280 3365 3333 Ezech.
3388 3292 3610 3340 xxxvii,

2033 3384 2146 3454 2").
2179 3383 2243 3436 Et
2280 3381 2549 3448 quomodo
2590 3390 2643 3430 tu
2693 3378 2848 3438 dicis,
2876 3378 3099 3444 Oportet
3146 3374 3367 3427 exaltari
3419 3372 3606 3425 Filium

2036 3471 2305 3526 hominis?
2338 3471 2478 3524 Dixit
2505 3483 2634 3539 ergo
2662 3471 2741 3531 eis
2774 3467 2963 3521 Iesus:
2997 3466 3183 3520 Adhuc
3227 3465 3493 3518 modicum
3535 3464 3608 3516 Iu-

2038 3578 2158 3617 men
2200 3565 2251 3616 in
2284 3562 2437 3615 vobis
2464 3569 2565 3614 est.
2613 3557 2896 3613 Ambulate
2927 3558 3049 3609 dum
3083 3557 3252 3609 lucem
3301 3556 3529 3618 habetis,
3557 3563 3616 3607 ut

2038 3669 2141 3708 non
2178 3654 2413 3708 tenebras
2438 3666 2531 3703 vos
2568 3647 3048 3721 comprehendant.
3072 3646 3139 3697 Et
3167 3645 3255 3712 qui
3287 3644 3523 3696 ambulat
3562 3643 3613 3695 iu

2040 3745 2293 3801 tenebris,
2327 3742 2495 3794 nescit
2528 3754 2633 3806 quo
2660 3738 2836 3790 vadat.
2874 3737 3002 3789 Dum
3032 3739 3203 3799 lucem
3238 3734 3461 3795 habetis,
3500 3747 3620 3786 cre-

2041 3834 2148 3887 dite
2171 3835 2222 3885 in
2255 3828 2426 3885 lucem
2445 3869 2459 3890 ,
2485 3839 2540 3881 ut
2570 3828 2659 3882 lilii
2690 3828 2821 3879 lucis
2847 3826 2983 3879 sitis.

2617 3960 2840 4015 CAPUT
2882 3958 3044 4013 CXL.

2084 4059 2332 4114 Phariswi
2362 4059 2674 4125 interrogant
2716 4044 2893 4175 legi}:
2918 4095 2931 4117 ,
2975 4050 3183 4121 quando
3214 4051 3342 4102 venit
3375 4065 3584 4119 regnum

2829 4138 2891 4175 ei.

2829 4138 2891 4176 ει.

2118 4245 2249 4298 Lt'c.
2291 4257 2393 4294 xvu
2415 4283 2428 4307 ,
2467 4239 2663 4301 9.0-9.1;
2695 4252 2814 4299 xxi,
2843 4234 3026 4290 57-38.
3061 4234 3419 4302 Interrogatus
3447 4240 3621 4283 autem

363 4373 585 4442 diliget?
628 4324 975 4437 Respondens
1021 4324 1202 4419 Simon
1252 4361 1419 4415 dixit:
1451 4358 1679 4412 (Estinio
1727 4356 1852 4425 quia
1898 4357 1928 4409 is

2048 4352 2076 4389 a
2113 4333 2416 4396 l‘harismis,
2474 4329 2687 4397 quando
2728 4328 2869 4381 venit
2908 4340 3124 4395 regnum
3171 4325 3301 4389 Dei,
3352 4324 3627 4391 respondit

2084 4429 2092 4438 -
2188 4432 2224 4442 _.
2276 4423 2389 4442 ιεμε.
2419 4440 2426 4442 .
2463 4419 2575 4442 tu-..
2609 4418 2748 4442 -.....:.
2794 4431 3015 4442 _.-.......
3067 4414 3155 4442 Πηζ
3204 4429 3323 4442 ,ηυη
3373 4413 3592 4442 ,ιιιοιηηιη

365 4464 451 4517 cui
484 4462 601 4532 plus
631 4458 865 4513 donavit.
894 4461 961 4509 At
985 4454 1073 4508 ille
1103 4454 1237 4506 dixit
1265 4451 1353 4505 ei:
1389 4448 1550 4502 Recte
1577 4447 1843 4517 judicasti.
1878 4447 1942 4500 Et

365 4564 666 4606 conversus
692 4546 756 4601 ad
788 4546 1092 4608 mulierem,
1128 4540 1298 4594 dixit:
1329 4543 1347 4561 ⁶
1378 4539 1558 4593 Simon
1579 4578 1594 4603 ,
1626 4536 1774 4599 vides
1808 4538 1943 4589 hanc

369 4637 687 4695 mulierem?
718 4622 912 4689 intravi
943 4635 996 4688 in
1040 4633 1254 4686 domum
1288 4638 1428 4683 tuam
1454 4669 1466 4691 ,
1498 4642 1687 4696 aquam
1720 4627 1943 4694 pedibus

369 4730 509 4783 meis
539 4742 643 4780 non
673 4725 864 4780 dedisti
897 4742 907 4775 :
943 4725 1056 4775 hmo
1082 4728 1257 4774 autem
1285 4719 1535 4787 lacrymis
1566 4716 1752 4785 rigavit
1784 4716 1942 4783 pedes

371 4834 544 4883 uicos,
573 4830 624 4872 et
652 4818 860 4887 capillis
891 4816 1000 4870 suis
1041 4814 1211 4867 tersit.
1254 4809 1503 4865 Osculum
1540 4809 1668 4863 mihi
1710 4823 1813 4861 non
1857 4808 1943 4860 de-

371 4915 496 4967 disti
525 4930 537 4963 :
575 4912 689 4965 haec
718 4919 893 4964 autem
924 4924 987 4962 ex
1029 4922 1135 4975 quo
1166 4910 1181 4929 '
1212 4905 1430 4971 intravi,
1465 4918 1568 4958 non
1599 4902 1827 4957 cessavit
1857 4916 1945 4953 os-

374 5002 547 5056 culari
580 5000 742 5069 pedes
786 5013 957 5053 meos.
1000 4997 1129 5051 Oleo
1155 5004 1312 5063 caput
1341 5008 1513 5047 meum
1553 5007 1658 5049 non
1707 4990 1902 5045 unxisti
1932 5008 1945 5044 ι

377 5094 494 5145 haec
543 5099 718 5144 autem
768 5096 1036 5157 unguento
1086 5085 1235 5139 unxit
1284 5083 1446 5153 pedes
1497 5097 1666 5138 meos.
1728 5082 1950 5150 Propter

380 5182 523 5250 quod
554 5180 675 5235 dico
698 5180 791 5233 tibi
818 5196 834 5232 :
859 5183 877 5201 ‘
909 5177 1263 5231 Remittentur
1289 5175 1342 5250 ei
1368 5183 1583 5244 peccata
1615 5171 1799 5237 multa,
1828 5172 1950 5241 quia

376 5272 569 5326 dilexit
600 5269 845 5323 multum.
868 5267 965 5322 Cui
1006 5276 1182 5320 autem
1215 5265 1389 5318 minus
1433 5261 1734 5329 dimittitur,
1775 5263 1948 5313 minus

380 5364 576 5431 diligit.
610 5360 751 5413 Dixit
789 5368 963 5413 autem
991 5357 1056 5411 ad
1090 5358 1274 5410 illam:
1317 5355 1660 5408 Dimittuntur
1699 5352 1788 5405 tibi
1833 5364 1952 5418 pec-

382 5463 520 5508 cata.
558 5453 623 5506 Et
670 5458 948 5520 C(‘Bperuut
988 5450 1075 5517 qui
1127 5448 1284 5501 simul
1334 5444 1750 5505 accumbebant,
1779 5442 1955 5494 dicere

382 5537 516 5596 intra
549 5559 645 5598 se:
679 5543 806 5608 Quis
848 5549 930 5596 est
979 5541 1087 5603 hic,
1116 5542 1202 5609 qui
1244 5541 1401 5593 etiam
1451 5545 1662 5605 peccata
1708 5531 1957 5588 dimittit?

665 5657 933 5714 Pnaon.
982 5648 1259 5711 LXVIII.

2050 4429 2145 4489 eis,
2178 4432 2224 4477 el
2259 4423 2427 4476 dixit:
2463 4419 2579 4475 Non
2609 4418 2754 4471 venit
2794 4431 3016 4483 regnum
3067 4414 3159 4467 Dei
3203 4429 3324 4467 cum
3372 4413 3627 4465 observa-

2050 4519 2219 4579 tione;
2254 4528 2429 4581 ncipc
2460 4513 2673 4564 dicent:
2714 4509 2847 4561 Ecce
2882 4508 2989 4573 hic,
3036 4518 3123 4559 aut
3166 4522 3294 4560 ecce
3325 4506 3452 4559 illic.
3495 4505 3630 4557 Et‘m

2048 4608 2185 4660 enim
2231 4620 2450 4672 regnum
2487 4603 2576 4655 Dei
2612 4604 2744 4654 intra
2778 4616 2870 4651 vos
2911 4610 3013 4651 est.
3060 4598 3187 4650 Erat
3219 4604 3395 4648 autem
3439 4594 3629 4646 diebus-

2049 4702 2245 4752 (lucens
2275 4696 2324 4747 in
2356 4695 2553 4760 templo
2579 4710 2589 4743 :
2617 4691 2859 4744 noctibus
2886 4703 3012 4741 vero
3035 4688 3215 4751 exibat
3238 4693 3291 4737 et
3323 4684 3630 4735 mombitttti'

2053 4792 2103 4842 iu
2145 4800 2323 4841 monte
2362 4785 2573 4838 Oliveti.
2627 4784 2690 4834 Iit
2726 4782 2894 4832 omnis
2928 4780 3152 4846 pupillus
3186 4778 3197 4792 ‘
3232 4782 3355 4826 vent
3380 4773 3523 4824 tal‘iat
3566 4779 3628 4821 :i.l

2051 4896 2172 4933 eum
2205 4881 2256 4930 in
2287 4878 2503 4943 templo,
2529 4873 2709 4925 audire
2733 4886 2877 4923 eum.

2617 4981 2845 5037 CAPUT
2886 4979 3062 5033 CXLI.

2051 5081 2199 5135 Iesus
2250 5077 2582 5148 loquimrtad
2626 5074 2801 5148 turbas
2831 5082 2875 5123 rt
2905 5072 3218 5138 discipulos,
3267 5072 3331 5124 de
3369 5072 3545 5124 scribis
3585 5081 3635 5123 et

2471 5145 2749 5198 Phariswis
2790 5160 2807 5198 :
2839 5154 2884 5195 et
2921 5160 3089 5195 eorum
3120 5158 3212 5194 ναν.

2126 5262 2334 5314 ΜΑττιι.
2384 5273 2537 5319 xviii,
2599 5255 2751 5309 1-56.
2796 5255 2947 5309 Tunc
2992 5254 3148 5319 Jesus
3188 5240 3407 5305 locutus
3442 5259 3524 5303 est
3570 5250 3633 5298 ad

2056 5352 2238 5406 turbas
2258 5362 2310 5404 et
2333 5350 2396 5401 ad
2415 5348 2700 5414 discipulos
2722 5361 2868 5407 suos,
2889 5348 3073 5399 dicens
3099 5364 3110 5397 :
3136 5345 3307 5411 Super
3326 5340 3633 5393 cathedram

2064 5441 2226 5513 Moysi
2284 5440 2541 5494 sederunt
2592 5438 2781 5491 scrib-e
2841 5447 2894 5491 et
2939 5437 3215 5507 Pliarisrci.
3266 5432 3457 5483 Omnia
3508 5444 3636 5483 ergo

2073 5546 2399 5601 quiscunque
2430 5529 2663 5583 dixerint
2693 5530 2865 5594 vehis,
2897 5536 3102 5579 servate
3133 5535 3183 5576 et
3223 5524 3404 5583 facile;
3452 5534 3641 5572 secum

3119 5633 3189 5691 11
