4026 6196
346 196 451 229 δελ)

1127 131 1703 227 ιενλέοιιλςλιιυιι
1743 166 2247 223 usuuounnuu
2289 162 2856 221 txtttnrutzrarto.

3496 165 3597 218 331

349 284 425 333 tui
474 287 681 345 n-tslrn,
721 292 772 333 ct
821 283 1091 335 brachium
1136 284 1342 338 Domini
1376 284 1457 337 cui
1505 283 1794 336 revelatum
1840 292 1923 336 est
1951 288 2001 345 Λ
2029 281 2218 346 captivi
2265 281 2526 333 ducentur
2574 283 2622 333 in
2677 297 2862 335 omnes
2900 290 3121 353 gentes;
3177 288 3230 334 et
3270 280 3596 335 Hierusalem

354 372 486 436 (Isa.
523 390 630 435 Lill,
667 374 753 442 t)?
784 374 903 427 ll:ec
928 374 1060 427 dixit
1094 376 1284 439 Isaias,
1317 376 1529 444 quando
1553 376 1681 430 vidit
1708 374 1931 443 gloriam

355 463 473 529 ejus
494 503 505 520 ,
536 472 589 516 et
622 464 825 515 locutus
853 475 933 515 est
962 462 1029 516 de
1061 478 1147 517 eo.

894 572 1119 627 CAPUT
1160 573 1384 627 CXLIV.

504 659 790 716 Ostciidunt
822 664 1058 732 discipuli
1085 663 1210 717 Iesu
1254 674 1563 717 structuram
1597 665 1786 734 templi.

432 774 648 828 Murri.
671 788 818 840 xxiv,
852 774 972 836 1-2;
1002 773 1171 826 Mane.
1200 788 1323 836 xm,
1358 772 1478 835 1-2;
1508 773 1637 826 Luc.
1669 787 1788 835 ut,
1815 772 1928 825 5-6.

357 863 425 915 Et
472 878 592 916 cum
623 863 966 930 egrederetur
1004 862 1162 917 Jesus
1203 862 1269 915 de
1315 864 1543 929 templo,
1589 852 1934 914 accesserunt

357 956 604 1024 discipuli
630 954 778 1022 ejus,
812 966 868 1007 ut
898 955 1241 1009 ostenderent
1272 953 1319 1009 ei
1350 950 1755 1031 aediﬁcationem
1799 962 1937 1006 tem-

361 1047 431 1113 pli
461 1087 476 1109 ,
530 1047 768 1101 dicentes
815 1064 827 1097 :
876 1046 1160 1114 Magister,
1191 1045 1370 1113 aspice
1409 1044 1591 1112 quales
1639 1043 1841 1109 lapides
1880 1051 1936 1096 et

358 1136 543 1202 quales
565 1144 868 1188 structuraa.
906 1134 969 1187 Et
991 1132 1321 1200 respondens
1344 1131 1530 1197 Jesus,
1578 1131 1652 1184 ait
1684 1148 1696 1183 :
1731 1130 1934 1184 Videtis

361 1227 455 1276 lius
486 1240 672 1277 omnes
699 1223 1108 1277 :edilicationes?
1128 1224 1301 1275 .Amen
1332 1222 1451 1274 dico
1476 1219 1627 1274 vobis
1670 1236 1684 1272 :
1715 1223 1931 1273 venient

358 1314 476 1366 dies
502 1316 553 1367 in
594 1315 785 1383 quibus
816 1330 917 1368 nou
946 1315 1272 1382 relinquetur
1303 1312 1388 1366 hic
1418 1314 1553 1382 lapis
1596 1326 1757 1373 supra
1797 1313 1931 1380 lapi-

358 1404 503 1470 dem,
540 1405 627 1472 qui
660 1420 763 1458 non
797 1406 1121 1458 destruatur.

908 1516 1133 1571 CAPUT
1171 1514 1373 1570 CXLV.

362 1606 586 1661 Si‘deute
618 1604 743 1659 Iesu
785 1606 839 1658 in
862 1614 1029 1658 monte
1060 1605 1242 1658 Olireti
1280 1607 1592 1674 interrogant
1624 1622 1736 1659 eum
1776 1606 1927 1658 disci-

434 1677 545 1741 puli
578 1693 595 1726 :
628 1676 774 1739 Quod
803 1678 1004 1741 signum
1049 1674 1142 1727 erit
1181 1677 1425 1728 adventus
1468 1662 1587 1728 Fui?
1630 1677 1705 1729 vel
1752 1690 1926 1727 eoum
1959 1662 2005 1719 Β

430 1764 461 1811 q
500 1762 545 1798 te
574 1745 791 1798 dixisti?
840 1743 900 1796 Et
928 1745 1171 1812 prwdicat
1202 1747 1264 1796 de
1306 1746 1556 1797 eversione
1600 1743 1925 1799 Hierusalem

430 1827 476 1866 et
502 1817 659 1883 signis
686 1827 730 1867 et
759 1815 1025 1884 prodigiis.

433 1926 647 1980 Mum.
669 1941 812 1990 xxrv,
831 1925 988 1992 5-51;
1013 1925 1185 1979 Marc.
1209 1942 1317 1988 xm,
1334 1926 1460 1981 5-27
1477 1943 1490 1991 ;
1509 1925 1637 1981 Luc.
1661 1926 1923 1994 xxt,7-28.

361 2019 427 2072 Et
454 2034 571 2071 cum
601 2018 813 2071 sederet
842 2017 893 2072 in
936 2026 1116 2070 monte
1142 2018 1412 2071 Olivarum
1442 2027 1625 2071 contra
1647 2018 1922 2086 templum,

357 2120 701 2163 accesserunt
724 2109 966 2176 discipuli
988 2119 1214 2173 secreto,
1230 2118 1284 2161 et
1307 2109 1763 2178 interrogaverunt
1783 2123 1925 2171 eum,

356 2205 598 2256 dicentes
624 2218 637 2254 :
661 2201 979 2268 Praeceptor,
1012 2201 1096 2254 dic
1120 2201 1270 2255 nobis
1293 2200 1505 2268 quando
1529 2201 1641 2255 hmc
1662 2200 1849 2253 erunt?
1877 2210 1930 2252 et

357 2294 502 2360 quod
533 2295 738 2362 signum
764 2291 1023 2346 adventus
1055 2292 1148 2357 tui,
1177 2307 1297 2346 cum
1331 2292 1445 2346 lucc
1468 2291 1647 2359 omnia
1678 2291 1937 2361 incipient

360 2383 767 2437 consuuunari‘l
813 2383 878 2436 Et
926 2384 997 2435 ait
1036 2382 1099 2434 ad
1144 2383 1435 2451 discipulos
1476 2400 1487 2433 :
1546 2382 1769 2437 Venient
1820 2381 1933 2436 dies

359 2476 578 2542 quando
608 2473 921 2527 desideretis
944 2471 1126 2525 videre
1156 2487 1317 2524 unum
1349 2472 1488 2525 diem
1521 2471 1641 2524 Filii
1676 2472 1930 2535 hominis,

358 2578 415 2618 et
458 2582 563 2619 non
598 2565 865 2618 videbitis.
908 2563 1097 2617 Videte
1127 2578 1191 2615 ne
1221 2563 1339 2631 quis
1371 2578 1462 2616 vos
1507 2562 1743 2616 seducat.
1787 2562 1934 2614 Μιιιιί

359 2660 508 2717 enim
541 2658 756 2711 venient
810 2657 859 2711 in
907 2658 1121 2709 nomine
1163 2669 1301 2716 meo,
1334 2655 1571 2709 dicentes
1604 2670 1618 2708 :
1670 2655 1777 2723 Ego
1818 2655 1949 2708 sum"

359 2750 612 2802 Christus
632 2787 647 2811 ,
682 2758 733 2801 et
763 2747 954 2800 multos
983 2748 1257 2800 scducent.
1289 2746 1418 2799 Cum
1448 2745 1723 2798 audieritis
1757 2745 1935 2812 prtelia

359 2852 408 2895 et
440 2842 730 2910 opiniones
759 2841 1017 2893 bellorum
1056 2848 1108 2892 et
1139 2838 1429 2892 seditiones
1454 2881 1468 2903 ,
1513 2838 1677 2892 nolite
1705 2838 1894 2892 terreri
1922 2854 1935 2889 :

358 2940 578 3005 oportet
608 2930 749 2983 enim
784 2932 897 2983 bace
929 2929 1073 2992 ﬁeri,
1115 2930 1206 2983 sed
1239 2928 1469 2981 nondum
1499 2937 1582 2981 est
1626 2928 1768 2982 linis.
1797 2927 1937 2981 Cons

2033 369 2327 421 calcabitur
2377 381 2405 420 a
2452 370 2733 435 gentibus,
2780 370 2961 424 donec
2993 370 3311 439 impleantur
3360 382 3598 441 tempoia

2035 458 2329 511 nationum.
2360 459 2519 511 Orate
2544 471 2742 522 autem,
2772 471 2825 511 ut
2858 475 2960 513 non
2986 461 3076 513 ﬁat
3105 462 3125 481 ⁶
3154 462 3269 529 fuga
3302 461 3477 519 hieme
3518 461 3600 514 vel

2033 548 2271 599 sabbato.
2300 547 2414 600 Erit
2440 548 2579 601 enim
2614 559 2739 602 tunc
2763 550 3033 603 tribulatio
3066 564 3273 617 magna,
3298 552 3471 619 qualis
3496 566 3599 603 non

2035 637 2126 690 fuit
2158 638 2223 691 ab
2255 638 2400 692 initio
2421 639 2602 691 mundi
2626 654 2791 708 usque
2824 638 3003 704 modo,
3029 654 3202 705 neque
3227 640 3333 693 fiet.
3362 641 3423 693 Et
3445 649 3604 705 erunt

2033 727 2179 794 signa
2208 726 2260 778 in
2293 728 2427 790 sole,
2456 739 2508 780 et
2538 728 2688 791 luna,
2717 739 2771 782 et
2794 729 2993 794 stellis,
3017 738 3073 783 et
3100 730 3148 781 in
3174 731 3327 783 terris
3356 746 3602 800 pressura

2032 818 2271 883 gentium
2302 831 2412 884 prie
2444 817 2757 872 confusione
2783 820 2989 871 sonitus
3018 819 3179 872 maris
3225 829 3275 871 et
3319 819 3601 882 ﬂuctuum,

2033 908 2396 962 arescentibus
2423 908 2724 963 hominibus
2752 924 2861 973 pra:
2886 910 3079 964 timore
3105 919 3158 963 et
3184 912 3601 977 exspectatione,

2034 1009 2149 1062 qua:
2170 998 2543 1064 supervenient
2570 998 2821 1052 universo
2843 1000 2977 1051 orbi.
3013 998 3195 1051 Etnisi
3222 999 3439 1053 breviatt
3472 998 3604 1051 fuis-

2034 1097 2149 1138 sent
2176 1089 2287 1139 dies
2306 1089 2403 1153 illi,
2426 1104 2529 1141 non
2557 1089 2703 1144 lieret
2724 1091 2869 1142 salva
2894 1090 3069 1143 omnis
3090 1103 3249 1143 caro:
3275 1089 3365 1142 sed
3390 1103 3607 1158 propter

2034 1180 2236 1233 electos
2266 1179 2649 1234 breviabuntur
2678 1180 2794 1235 dies
2824 1180 2921 1234 illi.
2958 1211 3027 1221 -—
3075 1180 3207 1236 Luc.
3239 1196 3374 1245 xvtt,
3414 1180 3603 1235 23-25.

2034 1269 2182 1322 Tunc
2214 1269 2258 1321 si
2294 1270 2413 1338 quis
2441 1271 2592 1323 vobis
2621 1269 2815 1324 dixerit
2848 1286 2861 1322 :
2896 1270 3034 1324 Ecce
3064 1269 3150 1323 hic
3194 1279 3277 1323 est
3324 1270 3603 1334 Christus,

2036 1359 2170 1435 Ecce
2193 1359 2331 1413 illic:
2356 1359 2519 1413 nolite
2540 1361 2780 1414 credere.
2806 1359 3034 1429 Surgent
3051 1358 3190 1414 e‘nim
3215 1358 3605 1427 pseudochristi

2033 1459 2083 1499 et
2116 1438 2592 1517 pseudoproplteta:
2619 1465 2631 1502 :
2656 1458 2709 1503 et
2731 1449 2926 1501 dabunt
2958 1449 3107 1517 signa
3136 1460 3324 1517 magna
3348 1457 3396 1500 et
3426 1446 3604 1514 prodi-

2031 1538 2138 1606 gia,
2170 1538 2240 1591 ita
2266 1547 2321 1591 ut
2352 1539 2402 1591 in
2432 1553 2668 1593 errorem
2697 1538 2979 1602 ducantur,
3007 1539 3049 1591 si
3075 1537 3185 1591 ﬁeri
3218 1545 3409 1604 potest,
3440 1537 3601 1591 etiam

2032 1629 2211 1681 electi.
2259 1630 2394 1682 Ecce
2436 1628 2657 1695 przedixi
2696 1628 2867 1681 vobis.
2905 1628 2961 1681 Si
3004 1640 3133 1696 ergo
3161 1627 3389 1680 dixerint
3418 1627 3597 1690 vobis,

2032 1731 2159 1773 ecce
2185 1718 2237 1770 in
2270 1718 2483 1772 deserto
2512 1726 2612 1783 est,
2649 1717 2812 1771 nolite
2838 1717 2984 1771 exire
3033 1732 3046 1769 :
3076 1731 3201 1771 ecce
3230 1718 3280 1769 in
3319 1716 3603 1784 penetrali-

2032 1809 2149 1872 bus,
2169 1808 2336 1862 nolite
2359 1808 2598 1862 credere.
2620 1806 2768 1861 Sicut
2788 1808 2927 1861 enim
2948 1806 3123 1875 fulgur
3144 1806 3251 1860 exit
3285 1806 3351 1859 ab
3372 1806 3598 1869 oriente.

2030 1910 2084 1954 et
2110 1910 2263 1968 paret
2287 1914 2458 1969 usque
2485 1900 2536 1954 in
2576 1898 2941 1964 occidentem,
2998 1898 3067 1952 ita
3108 1898 3211 1952 erit
3248 1906 3302 1952 et
3345 1898 3601 1951 adventus

2032 1992 2147 2044 Filii
2167 1991 2421 2045 hominis.
2444 1990 2633 2045 Statim
2654 2000 2827 2045 autem
2850 1997 2967 2058 post
2984 1990 3373 2059 tribulationem
3398 1990 3601 2043 dierum
3664 2014 3675 2027 ι

2033 2082 2264 2145 illorum,
2297 2082 2376 2135 sol
2406 2083 2801 2146 obscurabitnr,
2848 2092 2902 2134 et
2943 2083 3062 2133 luna
3103 2095 3206 2133 non
3238 2081 3385 2133 dabit
3425 2081 3600 2133 lumen

2031 2187 2209 2231 suum,
2237 2181 2290 2225 et
2318 2173 2486 2226 stellae
2514 2172 2705 2225 cadent
2730 2172 2794 2224 de
2825 2170 2984 2234 etelo,
3015 2180 3065 2223 et
3098 2172 3316 2223 virtutes
3345 2170 3601 2223 ctelorum

2034 2261 2407 2314 movebuntur.
2444 2261 2510 2314 Et
2533 2270 2657 2314 tunc
2681 2260 2886 2327 parebit
2907 2260 3113 2328 signum
3148 2260 3265 2313 Filii
3292 2260 3520 2313 hominis
3551 2261 3603 2313 iu

2032 2353 2206 2420 ctelo,
2235 2362 2288 2406 et
2336 2363 2460 2406 tunc
2492 2352 2741 2418 plangent
2769 2367 2829 2406 se
2870 2365 3057 2405 omnes
3101 2353 3269 2405 tribus
3316 2359 3490 2405 terra).
3541 2351 3608 2405 Et

2035 2456 2159 2498 tunc
2188 2443 2446 2499 videbunt
2475 2444 2667 2498 Filium
2695 2443 2923 2498 hominis
2953 2446 3250 2498 venientem
3297 2444 3347 2497 in
3381 2443 3609 2498 nubibus

2034 2541 2154 2594 coeli
2182 2553 2300 2593 cum
2326 2538 2521 2593 virtute
2548 2539 2711 2592 multa
2740 2547 2796 2592 et
2824 2538 3119 2607 majestate.
3169 2539 3233 2591 Et
3266 2548 3389 2591 tunc
3433 2540 3608 2592 mittet

2036 2633 2253 2698 angelos
2275 2647 2400 2687 suos
2420 2647 2539 2685 cum
2569 2632 2690 2685 tuba
2724 2641 2775 2685 et
2807 2646 2937 2686 voce
2966 2646 3151 2700 magna
3178 2672 3192 2696 ,
3232 2641 3286 2684 et
3315 2646 3607 2701 congrega-

2040 2725 2171 2777 bunt
2199 2724 2399 2777 electos
2430 2721 2548 2791 ejus
2588 2736 2616 2773 a
2641 2731 2868 2791 quamor
2894 2723 3096 2785 ventis,
3135 2737 3163 2774 a
3196 2722 3416 2775 summis
3444 2726 3610 2776 caelo-

2039 2830 2153 2868 rum
2186 2830 2353 2881 usque
2379 2812 2445 2867 ad
2479 2814 2630 2867 ιρι-ιιιί
2673 2828 2733 2866 os
2766 2828 2971 2867 eorum.
3003 2814 3096 2867 I'Is
3123 2823 3299 2867 autem
3334 2813 3444 2867 ﬁeri
3474 2815 3609 2865 inci-

2042 2906 2308 2975 pientibus
2337 2947 2349 2966 ,
2394 2906 2646 2973 respicite
2691 2883 2744 2957 et
2789 2906 2959 2959 levate
3009 2908 3178 2973 capita
3223 2917 3431 2972 vestra,
3481 2918 3613 2975 quo;

358 3002 549 3088 surget
589 3022 730 3072 enim
759 3034 887 3087 gens
916 3018 966 3070 in
1012 3028 1252 3085 gentem,
1285 3026 1338 3071 et
1366 3031 1581 3087 regnum
1628 3026 1813 3073 contra
1855 3032 1938 3071 re-

2044 2998 2183 3050 niam
2215 3001 2231 3018 ⁶
2264 2996 2706 3066 appropinquabit
2737 2997 3032 3065 redemptio
3064 3004 3257 3050 vestra.

356 3126 562 3180 gnum;
593 3120 646 3164 et
677 3118 830 3163 erunt
861 3108 1194 3178 pestilentim,
1224 3117 1278 3161 et
1308 3111 1492 3187 tantes,
1525 3121 1576 3162 et
1609 3119 1939 3167 terrazntotus

361 3218 462 3269 per
513 3203 649 3266 loca,
686 3211 1019 3271 terroresque
1042 3194 1109 3256 de
1132 3203 1298 3266 caelo,
1328 3214 1381 3256 et
1404 3205 1550 3271 signa
1577 3219 1786 3273 magna.
1818 3205 1940 3259 [late

360 3304 547 3347 autem
580 3295 758 3346 omnia
790 3293 936 3346 initia
974 3302 1096 3346 sunt
1134 3294 1398 3346 dolorum.
1433 3294 1579 3349 Tunc
1611 3296 1820 3348 tradent
1846 3310 1940 3350 vos

362 3385 414 3437 in
453 3382 874 3446 tribulationem,
907 3392 958 3435 et
980 3382 1220 3435 occident
1243 3397 1336 3437 vos
1369 3401 1383 3435 :
1416 3394 1469 3437 et
1497 3385 1644 3437 eritis
1671 3384 1794 3437 odio
1827 3399 1940 3439 om-

362 3476 528 3528 nibus
554 3474 798 3543 gentibus
829 3484 1042 3541 propter
1072 3458 1263 3528 nomen
1295 3490 1491 3529 meum.
1523 3476 1588 3529 Et
1628 3477 1849 3544 capillus
1873 3477 1941 3532 de

360 3565 545 3634 capite
570 3576 743 3617 vestro
767 3581 870 3618 non
903 3565 1111 3633 peribit.
1148 3565 1199 3617 In
1230 3565 1476 3633 patientia
1502 3576 1673 3619 vestra
1704 3567 1940 3634 posside-

360 3656 496 3708 biiis
529 3656 732 3707 animas
763 3665 980 3708 vestras.
1014 3654 1199 3707 Ponite
1230 3670 1355 3723 ergo
1391 3654 1442 3707 in
1471 3656 1720 3709 cordibus
1750 3657 1941 3711 vestris

364 3756 475 3795 ton
514 3742 866 3810 prrrmcditari
899 3741 1163 3809 quomodo
1190 3743 1560 3809 respondeatis
1596 3762 1607 3794 :
1640 3758 1739 3812 ego
1764 3754 1938 3798 autem

360 3835 510 3887 dabo
546 3835 699 3887 vobis
740 3845 879 3887 os-et
912 3832 1221 3900 sapientiam
1254 3834 1337 3886 cui
1382 3849 1485 3888 non
1518 3843 1764 3902 poterunt
1805 3834 1939 3888 resi-

360 3942 513 3979 Stere
570 3938 619 3979 et
650 3928 1011 3981 contradicere
1042 3943 1230 3981 omnes
1251 3926 1537 3980 adversarii
1570 3927 1754 3980 vestri.
1794 3927 1943 3980 Tune

360 4018 870 4073 scandalizibuntur
899 4020 1072 4083 multi,
1118 4028 1167 4072 et
1218 4018 1445 4071 invicem
1476 4018 1707 4081 tradent,
1736 4025 1790 4071 et
1819 4018 1942 4072 odio

362 4111 641 4163 habebunt
668 4110 914 4163 invicem.
941 4110 1007 4163 Et
1029 4111 1172 4163 multi
1199 4107 1673 4176 pseudoprophetis
1699 4117 1960 4178 surgent,

357 4215 411 4253 et
436 4201 701 4254 seduccnt
724 4200 935 4254 multos.
961 4200 1021 4254 Et
1044 4200 1295 4267 quoniam
1324 4203 1338 4221 ‘
1361 4198 1651 4252 abundabit
1672 4198 1940 4267 iniquitas,

359 4291 545 4359 reti-ig:
569 4302 677 4342 seet
699 4289 931 4343 cbaritas
960 4290 1262 4343 multorum.
1294 4289 1390 4353 Qui
1423 4298 1598 4342 autem
1635 4301 1942 4355 persevera-

2580 3108 2807 3164 carur
2845 3094 3069 3164 CXLVI.

2504 3200 2577 3253 De
2618 3201 2862 3273 puraltola
2908 3200 3152 3268 ﬁculum’.

2114 3295 2329 3349 ΜΑττιι.
2364 3308 2513 3359 xxrv,
2543 3294 2740 3356 52-56;
2774 3293 2944 3347 Manc.
2982 3309 3087 3351 χιτι,
3112 3293 3311 3358 223-52;
3343 3292 3468 3348 luc.
3503 3309 3611 3359 ut,

2042 3388 2234 3442 29-35.
2268 3387 2345 3440 Ab
2366 3386 2555 3440 arbore.
2578 3374 2751 3439 autem
2784 3385 2864 3438 lici
2894 3386 3082 3439 disr'ite
3113 3387 3416 3455 parabolam
3451 3404 3463 3438 :
3492 3402 3614 3440 cum

2038 3479 2148 3546 jam
2175 3491 2354 3531 ramus
2378 3466 2669 3545 ejus‘tcncr
2699 3476 2881 3540 fuerit,
2910 3486 2962 3529 ct
2992 3476 3114 3528 folia
3144 3488 3261 3530 nata
3284 3520 3298 3544 ,
3350 3488 3402 3531 et
3429 3492 3616 3531 omnes

2042 3572 2263 3625 arbores
2313 3584 2432 3623 cum
2482 3568 2589 3637 jam
2623 3585 2683 3621 ex
2714 3582 2771 3621 se
2811 3568 3108 3634 producunt
3153 3568 3380 3621 l'rttctum
3410 3608 3424 3631 ,
3469 3571 3617 3622 scitis

2044 3661 2293 3730 quoniam
2327 3674 2491 3727 prope
2524 3668 2605 3712 est
2652 3669 2806 3711 testas
2842 3677 2852 3712 :
2889 3658 2955 3711 ita
2994 3670 3045 3712 et
3093 3675 3186 3713 vos
3226 3676 3342 3713 cum
3375 3660 3618 3714 videritis

2046 3755 2157 3809 lucc
2175 3757 2351 3809 omnia
2373 3754 2508 3820 ﬁeri,
2533 3754 2723 3808 scitote
2741 3754 2860 3823 quia
2877 3769 3042 3823 prope
3064 3765 3143 3807 est
3164 3756 3213 3806 in
3232 3754 3277 3822 j»
3292 3755 3426 3805 uui<.
3449 3759 3615 3808 Amen

2046 3846 2165 3898 dico
2186 3846 2335 3897 vobis
2367 3863 2377 3897 :
2408 3845 2527 3913 quia
2558 3860 2660 3897 non
2687 3860 2777 3912 pra
2800 3846 2977 3896 teribit
2998 3847 3108 3896 tirec
3132 3847 3422 3912 generatio,
3448 3846 3618 3898 donec

2046 3935 2222 3987 Omnia
2252 3935 2364 3987 lucc
2411 3934 2555 3985 fiant.
2587 3932 2787 3985 C(eluiu
2823 3942 2873 3983 et
2906 3940 3043 3986 terra
3089 3932 3422 3995 transibunt,
3458 3935 3615 3984 verba

2047 4037 2175 4075 vero
2206 4038 2322 4074 mea
2350 4037 2452 4073 non
2480 4019 2797 4073 transibunt.
2828 4016 3094 4072 Attcn‘dite
3121 4027 3296 4073 autem
3331 4022 3475 4073 vobis
3494 4060 3508 4083 ,
3552 4024 3620 4072 ne

2049 4116 2189 4168 forte
2216 4125 2501 4184 graventur
2531 4117 2690 4165 corda
2723 4124 2893 4165 testia
2920 4115 2968 4164 in
2998 4113 3232 4179 crapula,
3258 4122 3311 4166 et
3337 4111 3617 4173 ebrietate,

2047 4217 2099 4259 et
2126 4207 2266 4258 curis
2298 4203 2630 4273 hujus-vitae;
2683 4213 2736 4257 et
2766 4204 2943 4255 veniat
2988 4218 3149 4270 super
3190 4218 3286 4257 vos
3338 4206 3616 4271 repentina

2049 4298 2164 4350 dies
2221 4297 2331 4349 illa.
2390 4295 2661 4365 Tanquam
2712 4296 2929 4363 laqueus
2979 4295 3119 4351 enim
3173 4297 3513 4359 superveniet
3563 4295 3614 4348 in

359 4379 505 4432 verit
527 4394 694 4446 usque
716 4380 767 4431 in
797 4379 977 4443 tinem,
1012 4380 1094 4433 bic
1117 4382 1291 4433 salvus
1320 4381 1438 4434 erit.
1474 4380 1540 4432 Et
1571 4378 1943 4446 prazdiCabitur
1974 4394 2027 4454 Ι)
2051 4401 2239 4441 omnes
2261 4387 2348 4455 qui
2374 4387 2559 4441 sedent
2580 4400 2738 4453 super
2770 4386 2955 4439 faciem
2983 4388 3157 4439 omnis
3184 4394 3359 4439 terrm.
3395 4386 3619 4454 Vigilate

359 4470 468 4521 boc
493 4469 833 4540 Evangelium
855 4471 998 4538 regni
1020 4472 1068 4525 in
1088 4471 1339 4524 universo
1362 4471 1488 4524 orbe
1513 4470 1564 4523 in
1582 4470 1938 4531 testimonium

356 4562 617 4613 omnibus
638 4561 919 4627 gentibus:
944 4571 997 4614 et
1020 4574 1141 4616 tunc
1165 4562 1343 4615 veniet
1364 4563 1771 4615 consummatio.
1803 4562 1936 4616 Cum

355 4665 493 4715 ergo
527 4649 768 4702 videritis
797 4649 1245 4705 abominationem
1278 4653 1623 4707 desolationis
1655 4669 1773 4722 qua:
1799 4655 1939 4708 dicta

356 4746 445 4789 est
470 4753 498 4787 a
536 4738 750 4792 Danicle
784 4741 1035 4808 prOpbeta
1056 4782 1070 4804 ,
1103 4750 1330 4795 stantem
1363 4744 1411 4795 in
1448 4742 1564 4796 loco
1586 4754 1770 4796 sancto
1805 4761 1815 4794 :
1847 4746 1938 4811 qui

359 4826 491 4893 legit
528 4818 800 4896 intelligat.
829 4859 899 4868 —
929 4829 1053 4883 Luc.
1079 4846 1191 4895 xxi,
1218 4832 1396 4884 20-24.
1426 4833 1558 4885 Cum
1590 4845 1763 4885 autem
1792 4833 1938 4886 vidc-

359 4917 484 4967 titts
506 4917 822 4970 Cil'CllllldJrl
855 4918 919 4971 ab
945 4920 1179 4972 exercitu
1212 4920 1566 4986 Hierusalem,
1606 4933 1727 4975 tunc
1750 4922 1941 4976 scitote

357 5006 489 5070 quia
524 5008 541 5026 °
578 5008 1015 5077 appropinquabit
1052 5010 1311 5065 desolatio
1357 5011 1493 5081 ejus.
1544 5013 1691 5067 Tune
1736 5015 1825 5081 qui
1884 5014 1970 5067 in'
2042 5037 2145 5090 hs,

356 5098 549 5149 Juda‘a
574 5107 719 5163 sunt,
750 5099 951 5166 fugiant
976 5101 1024 5153 in
1053 5113 1259 5156 montes
1285 5119 1298 5155 :
1323 5114 1376 5157 et
1404 5105 1493 5171 qui
1519 5105 1568 5158 in
1601 5105 1776 5158 medio
1800 5105 1935 5175 ejus,

358 5189 641 5241 discedant
675 5208 687 5241 :
721 5199 774 5243 et
802 5191 886 5259 qui
918 5192 967 5246 in
990 5194 1312 5261 regionibus,
1345 5212 1450 5249 non
1480 5198 1679 5251 intrent
1708 5200 1757 5252 in
1787 5214 1934 5263 eam;

356 5278 490 5343 quia
521 5279 634 5341 dies
661 5280 876 5335 ultionis
909 5282 956 5335 bi
988 5293 1141 5348 sunt,
1175 5295 1228 5337 ut
1263 5287 1582 5353 impleantur
1613 5291 1789 5341 omnia
1821 5306 1937 5358 quae

358 5369 562 5433 scripta
592 5379 738 5424 sunt.
768 5370 853 5423 Vm
883 5384 1057 5427 autem
1083 5378 1475 5443 pmgnantibus
1504 5386 1559 5432 et
1583 5381 1940 5434 nutrientibus

361 5460 416 5509 in
444 5459 550 5512 illis
581 5460 765 5515 diebus
800 5464 811 5514 !
845 5464 946 5518 erit
976 5466 1115 5519 enim
1147 5481 1391 5531 pressura
1426 5485 1613 5537 magna
1644 5486 1803 5540 supra
1835 5483 1942 5525 ter-

362 5566 514 5613 ram,
543 5565 595 5607 et
633 5554 709 5607 ira
748 5556 938 5625 populo
968 5559 1108 5613 huic.
1145 5560 1208 5615 Et
1240 5562 1433 5617 cadent
1463 5564 1515 5618 in
1545 5577 1640 5618 ore
1664 5565 1821 5633 gladii
1841 5603 1854 5627 ,
1885 5574 1940 5619 et

2051 4479 2228 4544 itaque
2273 4476 2708 4542 omnitempore,
2766 4486 3001 4539 orantes,
3036 4487 3087 4528 ut
3137 4476 3278 4543 digni
3321 4477 3619 4530 liabeamini

2050 4570 2231 4637 fugere
2280 4570 2380 4623 ista
2423 4568 2599 4621 omnia
2645 4583 2763 4635 qua:
2806 4569 2974 4622 futura
3025 4579 3189 4632 sunt,
3221 4578 3273 4622 et
3318 4580 3457 4623 stare
3492 4580 3616 4623 ante

2052 4660 2242 4712 Filium
2274 4659 2526 4714 bominis.
2578 4660 2802 4714 Nescitis
2840 4663 2979 4713 enim
3019 4661 3233 4728 quando
3280 4672 3484 4727 tempus
3526 4662 3619 4713 sit.

2052 4750 2124 4803 De
2154 4750 2241 4804 die
2270 4759 2444 4804 autem
2479 4752 2566 4803 illo
2592 4763 2646 4804 et
2674 4752 2800 4803 hora
2833 4766 2989 4804 nemo
3017 4751 3117 4809 scit
3147 4766 3161 4804 :
3204 4765 3373 4816 neque
3418 4749 3616 4812 Filius,

2051 4857 2219 4909 neque
2241 4856 2355 4909 angi
2379 4842 2411 4893 li
2438 4843 2487 4894 in
2514 4842 2681 4905 cmlo,
2711 4843 2811 4894 nisi
2840 4844 2986 4895 solus
3010 4841 3182 4893 Pater.

2576 4951 2800 5006 CAPUT
2837 4950 2923 5005 CX
2936 4950 3087 5003 LVII.

2150 5057 2189 5090 ιδ
2217 5040 2349 5091 diem
2372 5041 2560 5109 judic'i
2590 5040 2891 5108 temporibus
2925 5039 3037 5092 Noe
3063 5051 3105 5093 et
3134 5041 3259 5093 Loth
3289 5044 3613 5097 assimilarit.

2310 5122 2354 5161 et
2383 5113 2446 5161 de
2472 5113 2614 5178 ﬁdeli
2643 5122 2687 5162 et
2719 5112 2951 5173 prudenti
2979 5113 3345 5181 dispensatore.

2117 5220 2326 5273 Mar-ru.
2359 5238 2495 5283 uiv,
2517 5221 2681 5276 57-5!
2708 5238 2720 5283 ;
2744 5222 2868 5275 Iit'c.
2903 5240 3026 5287 xvu,
3060 5225 3248 5279 26-57.
3271 5227 3414 5281 Sicut
3435 5238 3609 5280 autem

2044 5308 2095 5360 in
2126 5308 2310 5360 diebus
2352 5312 2481 5369 Nate,
2531 5315 2603 5365 ita
2634 5315 2731 5367 erit
2786 5324 2838 5366 et
2888 5316 3143 5369 advcn'us
3184 5318 3294 5370 Filii
3351 5319 3600 5373 hominis.

2044 5394 2191 5448 Sient
2240 5404 2378 5450 enim
2437 5410 2589 5451 erant
2634 5401 2683 5453 in
2716 5399 2902 5455 diebus
2950 5417 3072 5455 ante
3111 5404 3392 5467 diluvium,
3424 5421 3609 5460 conte-

2047 5486 2231 5539 deutcs
2282 5496 2335 5541 ct.
2378 5489 2638 5553 bibentes,
2693 5494 2954 5547 nubentes
2996 5505 3045 5545 et
3099 5496 3279 5562 uuptui
3315 5498 3610 5559 tradentes,

2050 5589 2214 5642 usque
2244 5579 2306 5631 ad
2337 5593 2457 5632 eum
2490 5580 2629 5634 diem
2672 5596 2776 5649 quo
2824 5585 3033 5637 intravit
3063 5586 3114 5637 in
3142 5589 3316 5640 meam
3368 5587 3505 5652 Noe;
3554 5600 3616 5644 ct

2478 5776 2496 5801 ο
