4026 6196
441 282 543 335 3.35

1575 291 1880 348 VlCTURlS
1921 294 2220 349 EPiSCOPl
2261 296 2555 351 CAPUANI

3574 311 3670 363 37,6

441 408 546 447 non
602 404 965 463 cognoverunt
1020 397 1195 455 donec
1252 400 1512 461 dituxium
1561 408 1725 488 venit,
1783 418 1837 463 et
1889 409 2007 462 tulit
2042 415 2083 471 Α
2115 409 2233 463 oleo
2278 420 2474 474 vestro,
2529 415 2647 480 quia
2704 413 2976 482 lampades
3018 428 3213 473 nostra:
3251 424 3671 493 exstinguuntur.

437 498 619 537 omnes
646 502 658 537 :
692 486 761 538 ita
791 486 893 540 erit
920 497 971 540 et
990 489 1250 547 adventus
1282 493 1397 548 Filii
1454 480 1724 554 hominis;
1751 500 2007 555 Similiter

440 576 637 628 factum
681 581 764 631 est
812 575 864 629 in
914 576 1101 635 diebus
1130 580 1263 657 Loth
1295 599 1308 634 :
1345 583 1572 640 edebant
1619 597 1673 640 et
1730 588 2007 655 bibebant,

436 668 686 720 eme‘~ant
738 674 792 721 et
844 668 1166 735 vendebant,
1196 672 1505 741 plantabaut
1538 685 1592 733 et
1624 678 1958 734 aedificabant
1992 696 2005 733 :

437 772 538 827 qua
566 756 649 811 die
681 766 856 811 autem
891 758 1022 814 exiit
1052 759 1186 819 Lotb
1217 779 1245 818 a
1269 764 1536 832 Sodomis,
1580 768 1714 837 pluit
1753 770 1930 840 ignem
1956 779 2010 826 et

434 853 660 920 sulphur
687 850 754 905 de
778 851 939 914 caelo,
962 861 1015 909 et
1044 869 1231 912 omnes
1268 859 1534 926 perdidit:
1574 862 1865 917 secundum
1896 863 2008 919 haec

437 947 542 1000 erit
568 961 669 1015 qua
709 944 795 1000 die
826 945 992 1004 Filius
1034 948 1265 1005 hominis
1306 952 1642 1008 revelabitur.
1684 984 1753 996 —
1789 956 2004 1011 Mum.

442 1053 598 1102 μιν,
622 1036 830 1108 16-18ς
865 1036 1036 1092 ΜΑΜ.
1071 1044 1186 1103 xui,
1219 1039 1403 1095 14-16.
1434 1043 1583 1097 Tunc
1610 1045 1697 1112 qui
1742 1046 1793 1099 in
1824 1046 2008 1101 Judzea

435 1142 579 1192 sunt.
612 1133 813 1202 fugiant
837 1133 901 1187 ad
932 1141 1163 1197 montes,
1194 1142 1248 1188 et
1274 1135 1365 1201 qui
1404 1133 1457 1187 in
1490 1142 1630 1189 tecto
1656 1145 1755 1202 est,
1786 1152 1887 1191 non
1915 1137 2008 1192 dc-

434 1223 652 1277 scendat
681 1224 869 1279 tollere
897 1221 1095 1290 aliquid
1127 1221 1195 1276 de
1220 1223 1379 1277 domo
1407 1238 1502 1279 sua
1526 1240 1541 1289 ;
1568 1233 1622 1281 et
1646 1227 1733 1294 qui
1769 1226 1821 1279 in
1852 1242 2005 1298 agro,

437 1330 541 1368 non
582 1325 880 1371 revertatur
924 1313 1111 1369 tollere
1148 1315 1522 1372 vestimentum
1565 1333 1740 1373 suum.
1770 1349 1838 1360 --
1871 1320 2001 1376 Luc.

438 1420 567 1469 xvzt,
600 1403 791 1461 52-57.
815 1405 1083 1463 Memores
1109 1414 1280 1460 estote
1322 1408 1502 1462 uxoris
1542 1408 1697 1464 Loth.
1722 1408 1871 1464 Tunc
1898 1411 2006 1466 duo

431 1506 585 1549 erunt
611 1498 663 1549 in
687 1514 816 1564 agro
850 1514 866 1550 :
898 1514 1035 1551 unus
1062 1507 1387 1563 assumetur,
1412 1510 1464 1554 et
1488 1501 1625 1557 alter
1650 1501 2000 1571 relinquetur.

432 1583 560 1636 Duzc
590 1584 849 1639 molentes
872 1584 923 1638 in
943 1601 1137 1639 unum:
1166 1602 1266 1640 una
1289 1600 1610 1656 assumctur,
1642 1600 1695 1645 et
1723 1599 1886 1646 altera
1918 1608 2002 1645 re-

434 1675 720 1742 linquetur.
748 1675 863 1729 Duo
884 1675 936 1730 in
960 1676 1101 1730 lecto
1122 1693 1255 1731 uno:
1281 1694 1418 1733 unus
1438 1692 1754 1745 assumetur,
1789 1692 1844 1737 et
1865 1684 2002 1738 alter

2119 497 2527 567 Restiondcrunt
2554 501 2863 570 prudentes,
2890 508 3155 561 dicentes:
3184 510 3257 563 Ne
3279 511 3412 565 forte
3442 530 3541 567 non
3573 518 3678 569 sui.

2114 589 2255 643 ficiat
2289 591 2442 643 nobis
2496 602 2550 644 et
2607 593 2777 657 vobis,
2828 595 2901 649 ite
2952 599 3131 667 potius
3170 600 3235 654 ad
3286 602 3594 667 vendentcs,
3626 614 3677 660 et

2115 677 2276 731 emite
2305 679 2475 732 vobis.
2505 680 2635 733 Dum
2658 692 2832 736 autem
2858 685 2995 739 irent
3016 702 3217 752 emere,
3246 692 3392 756 venit
3419 706 3674 761 sponsus:

2116 774 2170 819 et
2197 780 2316 835 qua:
2332 780 2530 835 parata:
2557 780 2729 835 erant,
2748 774 3075 829 intraverunt
3105 793 3225 831 cum
3247 795 3311 833 eo
3341 782 3410 834 ad
3438 786 3680 853 nuptias:

2108 863 2163 907 et
2193 855 2373 910 clausa
2416 867 2498 912 est
2519 858 2703 926 janua.
2735 862 3030 921 Novissime
3058 877 3236 922 autem
3266 872 3489 926 veniunt
3513 886 3566 928 et
3595 888 3675 929 re-

2110 944 2271 1010 liqua:
2312 935 2563 1015 virgines,
2624 950 2861 1010 dicentes
2900 974 2913 1008 :
2957 958 3200 1023 Domine,
3251 962 3502 1028 Domine,
3534 967 3674 1035 aperi

2112 1037 2291 1091 nobis.
2328 1036 2395 1091 At
2426 1040 2518 1094 ille
2544 1045 2873 1112 respondens
2910 1048 2982 1101 ait
3011 1065 3025 1101 :
3052 1051 3219 1106 Amen
3247 1053 3368 1107 dico
3395 1056 3567 1124 vobis,
3592 1051 3676 1111 ne-

2108 1127 2220 1180 scio
2242 1141 2357 1182 vos.
2417 1129 2644 1198 Vigilate
2674 1134 2869 1203 itaque,
2921 1138 3042 1205 quia
3076 1143 3293 1197 nescitis
3322 1144 3466 1199 diem
3509 1162 3678 1214 neque

2109 1216 2316 1270 horam.

2636 1314 2862 1372 CAPUT
2915 1319 3143 1377 CXLIX.

2108 1394 2186 1451 De
2203 1412 2262 1451 eo
2290 1399 2377 1465 qui
2397 1416 2603 1472 peregre
2628 1407 2954 1530 proﬁcisgents
2974 1412 3164 1467 talenta
3192 1414 3344 1470 servis
3371 1419 3478 1472 suis
3507 1420 3678 1474 distri-

2483 1489 2505 1511 ⁰
2859 1495 2907 1530 ιιι
2933 1519 2948 1530 .
3028 1528 3037 1530 _

2483 1489 2505 1511 θ
2825 1489 2948 1532 οιιιτ.
3025 1528 3039 1540 ,

2180 1583 2390 1639 simu.
2421 1601 2546 1654 xxv,
2576 1587 2758 1644 “.50.
2788 1590 2934 1648 Sicut
2963 1595 3104 1651 enim
3136 1598 3294 1653 homo
3314 1616 3537 1671 peregre
3563 1620 3676 1673 pro-

2107 1673 2377 1743 ficiscens,
2430 1681 2637 1735 vocavit
2666 1698 2853 1739 servos
2888 1702 3037 1756 suos,
3070 1701 3123 1745 et
3154 1694 3368 1749 tradidit
3406 1697 3511 1750 illis
3542 1700 3673 1753 bona

434 1763 785 1832 relinquetur.
819 1766 1224 1833 llespondcntes
1255 1769 1441 1823 dicunt
1463 1771 1574 1827 illi:
1603 1772 1725 1840 Ubi,
1746 1774 1989 1828 Dominci

2107 1779 2222 1818 sua.
2257 1766 2325 1819 Et
2352 1768 2441 1821 uni
2465 1769 2611 1824 dedit
2635 1774 2870 1843 quinque
2902 1777 3118 1845 talenta,
3170 1784 3258 1836 alii
3315 1794 3493 1841 autem
3552 1790 3672 1851 duo.

429 1856 530 1921 Qui
556 1855 685 1908 dicit
711 1854 826 1907 ris:
862 1884 931 1896 —
952 1856 1166 1911 Mnru.
1205 1874 1345 1924 xstv,
1374 1860 1466 1915 ‘18.
1504 1861 1812 1931 Ubicunque
1843 1862 2004 1919 fuerit

427 1961 640 2013 corpus,
683 1945 713 1998 il
741 1944 789 1999 ie
827 1948 1289 2017 congregabuntur
1334 1958 1388 2004 et
1435 1952 1648 2019 aquilae.
1707 1982 1777 1994 —-
1824 1955 1998 2008 Mane.

429 2053 547 2101 xui,
576 2036 770 2091 35-57.
818 2037 969 2091 Sicut
1006 2037 1166 2093 homo
1214 2040 1300 2107 qui
1358 2056 1576 2109 peregre
1606 2043 1875 2111 profectus
1898 2053 1997 2110 est,

429 2127 648 2194 reliquit
679 2130 894 2180 domum
918 2143 1089 2191 suam,
1134 2138 1189 2183 et
1223 2130 1368 2184 dedit
1417 2133 1586 2186 servis
1617 2135 1729 2189 suis
1770 2119 2002 2203 potesta-

428 2227 532 2270 tem
560 2217 818 2287 cujusque
848 2220 1048 2285 Operis,
1074 2228 1128 2274 ct
1152 2220 1365 2288 janitori
1411 2214 1664 2293 prtecepit
1712 2235 1768 2280 ut
1796 2226 1997 2296 vigilet.

425 2306 653 2375 Vigi'ate
684 2324 811 2377 ergo
856 2308 1101 2378 (nescitis
1122 2310 1268 2364 enim
1292 2313 1505 2381 quando
1528 2315 1775 2371 dominus
1804 2316 1997 2374 domus

424 2407 621 2470 veniat,
647 2419 767 2461 sero
798 2405 1071 2479 animedia
1098 2416 1274 2474 nocte,
1320 2422 1385 2462 an
1413 2407 1538 2477 galli
1566 2416 1745 2471 cantu,
1777 2422 1843 2462 an
1885 2422 1998 2463 ma-

424 2495 538 2563 ne),
583 2512 649 2550 ne
678 2510 797 2550 cum
825 2496 1034 2553 venerit
1063 2508 1307 2567 repente,
1334 2498 1566 2554 inveniat
1596 2514 1637 2550 vo
1662 2512 1688 2551 s
1720 2498 1993 2553 dormien-

426 2596 525 2639 tes.
557 2588 686 2642 lllud
716 2597 891 2643 autem
939 2590 1155 2656 scitete,
1200 2591 1448 2657 quoniam
1479 2592 1522 2644 si
1564 2590 1726 2644 sciret
1766 2590 1995 2659 paterfa-

425 2679 513 2731 mil
540 2695 597 2733 as
623 2694 724 2749 qua
758 2679 884 2732 liora
913 2679 993 2735 fur
1028 2681 1255 2746 venit-et,
1290 2681 1536 2750 vigilaret
1558 2680 1758 2749 utique,
1792 2689 1846 2735 et
1885 2696 1991 2736 non

420 2772 621 2824 sineret
653 2769 855 2839 perfodi
881 2769 1096 2825 domum
1128 2785 1301 2825 suam.
1347 2771 1579 2839 Ideoque
1607 2780 1660 2825 et
1694 2786 1787 2825 vos
1817 2780 1993 2826 estote

421 2864 610 2931 parati,
642 2864 761 2932 quia
786 2878 890 2931 qua
922 2862 1050 2917 hora
1084 2862 1302 2916 nescitis
1337 2862 1503 2916 Filius
1545 2863 1772 2917 bominis
1801 2870 1990 2915 ventu-

418 2969 512 3008 rus
554 2963 656 3007 est.
682 2981 752 2995 -——
781 2953 910 3008 Luc.
963 2968 1061 3017 xu,
1112 2953 1305 3009 41-46.
1338 2954 1425 3007 Ait
1452 2962 1629 3007 autem
1677 2956 1726 3007 ei
1767 2951 1987 3007 Petrus:

423 3047 662 3114 Domine,
686 3046 749 3101 ad
783 3062 880 3101 nos
908 3046 1044 3101 dicis
1069 3046 1202 3101 lianc
1224 3045 1556 3115 pauabolam,
1584 3059 1651 3099 an
1679 3045 1742 3098 ad
1765 3043 1988 3099 omnes?

2106 1855 2196 1910 alii
2225 1872 2353 1912 vero
2397 1876 2590 1915 unum:
2617 1865 2901 1936 unicuique
2937 1872 3231 1927 secundum
3274 1878 3544 1945 propriam
3578 1882 3674 1935 vir-

2106 1955 2272 2003 tutem
2296 1966 2309 2015 ;
2341 1960 2393 2005 et
2414 1952 2683 2020 profectus
2702 1965 2788 2010 est
2809 1959 3013 2014 statim.
3041 1962 3181 2018 Abiit
3206 1975 3379 2021 autem
3412 1973 3500 2036 qui
3525 1975 3673 2039 quin-

2103 2052 2206 2105 que
2223 2040 2420 2094 talenta
2442 2054 2742 2112 acceperat,
2774 2058 2826 2100 et
2856 2063 3110 2117 operatus
3152 2068 3232 2109 εει
3265 2057 3315 2109 in
3346 2064 3447 2124 eis,
3488 2074 3545 2116 et
3602 2066 3675 2119 lu-

2101 2139 2284 2184 oratus
2307 2140 2390 2185 est
2425 2133 2526 2187 alia
2570 2136 2825 2205 quinque.
2857 2138 3113 2198 Similiter
3136 2148 3150 2167 ‘
3182 2147 3272 2215 qui
3317 2148 3424 2204 duo
3455 2166 3673 2224 accepe-

2101 2227 2203 2284 rat,
2229 2218 2464 2287 lucratus
2486 2232 2566 2279 est
2587 2222 2688 2279 alia
2712 2226 2838 2283 duo.
2867 2230 2965 2295 Qui
2988 2243 3163 2289 autem
3188 2253 3348 2293 unum
3372 2218 3672 2312 acceperat,

2098 2308 2281 2363 abiens
2311 2310 2443 2365 fudit
2470 2312 2528 2398 in
2544 2325 2759 2382 terram,
2782 2327 2837 2373 et
2858 2320 3137 2379 abscondit
3162 2331 3437 2395 pecuniam
3469 2308 3668 2407 domini

2098 2401 2200 2454 sui.
2237 2401 2361 2456 Post
2390 2404 2612 2460 multum
2646 2423 2773 2464 vero
2811 2415 3068 2482 temporis
3095 2419 3238 2473 venit
3277 2401 3671 2481 dominus‘ser-

2098 2503 2285 2543 vorum
2319 2492 2550 2559 illorum,
2583 2506 2635 2550 et
2683 2501 2858 2564 posuit
2899 2504 3160 2561 rationem
3192 2506 3311 2563 cum
3339 2512 3436 2570 eis.
3482 2514 3553 2568 Et
3584 2531 3668 2571 ac-

2095 2577 2289 2633 cedens
2328 2580 2415 2649 qui
2467 2584 2698 2654 quinque
2751 2587 2943 2644 talenta
2988 2606 3287 2664 acceperat,
3338 2600 3528 2657 obtulit
3575 2605 3669 2659 alLa

2095 2667 2327 2737 quinque
2376 2671 2608 2738 talenta,
2658 2675 3146 2751 dicenszbomine,
3193 2688 3423 2759 quinque
3474 2695 3667 2750 talenta

2094 2756 2222 2811 mihi
2255 2760 2515 2816 tradidisti
2542 2780 2555 2815 :
2582 2779 2707 2820 ecce
2733 2767 2833 2821 alia
2856 2772 3089 2844 quinque
3109 2756 3503 2847 supetlueratus
3528 2801 3667 2842 sum.

2095 2849 2182 2901 Ait
2213 2848 2289 2902 illi
2320 2848 2567 2907 dominus
2590 2857 2743 2921 ejus:
2778 2859 2941 2930 Euge,
2992 2878 3144 2920 serve
3187 2868 3325 2925 bene
3369 2883 3425 2927 et
3454 2874 3663 2931 ﬁdelis:

2093 2936 2211 3004 quia
2242 2952 2403 3007 super
2434 2957 2599 3011 pauca
2643 2944 2784 3000 fuisti
2838 2949 3031 3016 fidelis,
3080 2969 3236 3024 supra
3268 2964 3432 3015 multa
3461 2974 3511 3018 te
3544 2981 3670 3021 con-

2095 3031 2342 3083 stituam:
2375 3033 2506 3086 intra
2522 3035 2575 3099 in
2599 3039 2845 3105 gaudium
2874 3042 3073 3098 domini
3104 3050 3200 3101 tui.
3226 3050 3468 3108 AcreSsit
3489 3069 3666 3113 autem

418 3164 487 3174 ——
517 3136 688 3189 illanc.
719 3150 831 3199 snt,
856 3134 943 3189 57.
968 3134 1118 3202 Quod
1150 3145 1326 3190 autem
1358 3134 1479 3188 dico
1514 3134 1686 3197 vobis,
1739 3133 1989 3188 omnibus

2094 3131 2149 3175 ct
2198 3123 2286 3191 qui
2317 3122 2421 3179 duo
2461 3126 2657 3181 talenta
2712 3143 3007 3201 acceperat,
3043 3150 3094 3192 et
3126 3140 3200 3195 ait
3231 3159 3245 3194 :
3278 3143 3525 3215 Domine,
3563 3150 3665 3204 duo

417 3228 566 3281 dico:
608 3227 846 3296 Vzgilate.
890 3225 1029 3280 Dixit
1056 3235 1232 3281 autem
1253 3225 1542 3278 Dominus:
1578 3224 1706 3291 Quis
1733 3232 1886 3292 putas
1905 3231 1989 3275 est

416 3320 591 3373 fidelis
614 3334 800 3372 servus
832 3327 885 3371 et
916 3318 1152 3385 prudens
1179 3318 1536 3386 dispensator,
1579 3331 1735 3385 quem
1786 3315 1987 3369 consti-

417 3412 511 3461 tuit
545 3409 791 3462 dominus
811 3422 966 3476 supra
997 3406 1246 3461 familiam
1278 3420 1450 3471 suam,
1485 3413 1543 3459 ut
1570 3406 1659 3459 det
1681 3404 1781 3458 illis
1808 3404 1985 3457 cibum

416 3501 467 3553 in
502 3510 743 3565 tempore
764 3499 785 3550 ’ἒ
819 3498 1008 3553 Beatus
1049 3497 1140 3551 ille
1169 3510 1361 3552 servus
1408 3510 1587 3565 quem,
1624 3508 1743 3548 cum
1781 3491 1988 3547 venerit

414 3591 659 3647 dominus
687 3590 822 3660 ejus,
857 3588 1121 3645 invenerit
1148 3587 1225 3642 sic
1248 3588 1552 3641 facientem.
1582 3585 1721 3640 Vere
1744 3585 1865 3639 dico
1893 3597 1986 3638 vo-

412 3685 514 3752 bis,
548 3685 797 3754 quuniam
827 3697 988 3753 super
1017 3681 1193 3737 omnia
1225 3684 1361 3735 bona
1391 3693 1484 3733 sua
1510 3678 1804 3733 constituet
1839 3692 1981 3731 eum.

409 3779 467 3831 Si
510 3787 686 3830 autem
740 3775 933 3829 dixerit
963 3774 1131 3828 malus
1175 3772 1265 3827 ille
1294 3781 1478 3826 servus
1528 3770 1579 3823 in
1633 3768 1795 3823 corde
1838 3782 1979 3821 suo:

413 3869 609 3921 illorum
640 3866 764 3921 facit
793 3865 1046 3919 dominus
1071 3877 1222 3919 meus
1251 3862 1459 3926 venire;
1510 3868 1565 3915 et
1602 3857 1824 3927 coeperit
1862 3873 1983 3927 per-

408 3968 591 4014 cutere
611 3971 899 4012 conservos
929 3972 1077 4020 suos,
1110 3954 1394 4010 manducet
1414 3962 1588 4008 autem
1612 3960 1665 4007 et
1691 3950 1837 4029 bibat
1860 3963 1980 4003 cum

407 4049 599 4105 ebriis:
654 4049 829 4103 veniet
871 4047 1121 4102 dominus
1162 4047 1302 4103 servi
1352 4045 1494 4100 illius
1523 4045 1575 4097 in
1623 4042 1709 4097 dic
1741 4055 1842 4110 qna
1875 4056 1978 4093 non

410 4153 609 4210 sperat,
642 4118 695 4196 et
721 4144 850 4196 liora
875 4156 973 4210 qua
1006 4141 1232 4210 ignorat,
1254 4148 1311 4193 et
1351 4137 1551 4191 dividet
1576 4151 1719 4198 eum,
1750 4142 1983 4203 partem-

405 4247 511 4298 que
556 4232 671 4300 cjus
725 4241 884 4301 punet
931 4244 1053 4286 cum
1094 4228 1387 4301 bypocritis
1410 4237 1464 4282 et
1494 4224 1839 4283 infidelibus:
1875 4224 1981 4277 illic

406 4321 509 4373 erit
537 4320 692 4374 ﬂetus
718 4331 771 4374 et
801 4320 1000 4374 stridor
1030 4317 1288 4372 dentium.

925 4404 1149 4485 CAPUT
1189 4427 1457 4483 CXLVIII.

874 4519 953 4574 De
986 4520 1158 4573 decem
1204 4518 1501 4589 virginibus.

476 4633 691 4686 illurn.
728 4646 853 4693 χκν,
886 4630 1029 4683 HS.
1062 4628 1213 4683 Tunc
1236 4628 1409 4684 simile
1434 4627 1536 4683 erit
1562 4641 1782 4698 regnum
1812 4625 1976 4681 caelo-

403 4741 520 4779 rum
545 4724 731 4777 decem
773 4720 1083 4791 virginibus,
1121 4735 1239 4788 qua:
1277 4720 1293 4738 ‘
1334 4717 1665 4788 accipitbant
1704 4719 1974 4787 lampades

400 4831 544 4880 suas,
576 4824 628 4869 et
652 4814 898 4867 exierunt
923 4811 1134 4867 obviam
1176 4825 1373 4878 sponso
1406 4811 1422 4829 ‘
1452 4819 1507 4864 et
1546 4821 1776 4877 sponsae.
1808 4811 1972 4875 Quin-

398 4924 503 4977 que
529 4917 703 4961 autcm
732 4922 795 4960 ex
828 4905 910 4961 eis
937 4913 1092 4959 erant
1122 4902 1300 4968 fatuae,
1324 4912 1376 4956 et
1396 4901 1633 4971 quinque
1661 4903 1967 4968 prudentes.

399 4996 505 5050 Sed
537 4995 767 5064 quinque
790 4994 963 5057 fatuae,
979 4993 1212 5060 acoeptis
1236 4990 1589 5060 lampadibus,
1607 5005 1709 5044 non
1732 5005 1969 5059 sumpse-

302 5100 310 5108 ·
399 5092 524 5137 runt
595 5082 771 5136 oleum
830 5098 1033 5137 secum.
1116 5082 1405 5137 Prndentes
1461 5094 1587 5135 vero
1653 5091 1975 5147 acceperunt

398 5176 573 5226 oleum
601 5172 650 5223 in
684 5171 823 5223 vasis
849 5172 955 5224 suis
1003 5186 1124 5225 cum
1167 5171 1519 5241 lampadibus.
1553 5170 1750 5229 Moram
1794 5183 1970 5226 autem

399 5267 628 5324 faciente
675 5278 896 5333 sponso,
941 5264 1597 5328 dormitaveruntomncs,
1641 5277 1694 5320 et.
1741 5266 1973 5322 dormie-

398 5369 541 5413 runt.
573 5357 739 5413 Media
792 5364 967 5408 autem
1023 5362 1174 5407 nocte
1222 5356 1423 5409 clamor
1474 5356 1641 5413 factus
1681 5367 1800 5413 est:
1837 5359 1970 5414 Ecce

398 5462 629 5519 sponsus
659 5448 835 5510 venit;
881 5444 1025 5498 exite
1070 5444 1280 5497 obviam
1322 5446 1393 5499 ei.
1425 5446 1572 5501 Tunc
1617 5458 1969 5505 surrexerunt

398 5556 582 5596 omnes
632 5540 862 5610 virgines
907 5537 1030 5601 illaa,
1080 5544 1133 5591 et
1159 5547 1483 5591 ornaverunt
1511 5539 1782 5608 lampades
1820 5556 1961 5597 suas.

400 5639 578 5694 Fatua:
618 5644 794 5691 autem
844 5630 1175 5703 sapientibus
1222 5630 1504 5686 dixerunt:
1537 5632 1665 5688 Date
1718 5634 1871 5692 nobis
1899 5636 1967 5692 de

2095 3212 2291 3266 t..lenta
2324 3215 2582 3271 tradidisti
2614 3220 2764 3285 milii,
2795 3238 2919 3279 ecce
2959 3227 3059 3280 alia
3113 3229 3218 3285 duo
3262 3212 3667 3306 superlucratus

2090 3317 2225 3355 sum.
2255 3303 2343 3358 Ait
2370 3305 2443 3360 illi
2468 3306 2713 3364 dominus
2738 3311 2885 3380 ejus:
2914 3310 3078 3387 Euge,
3109 3335 3261 3377 serve
3287 3303 3427 3383 bone
3453 3341 3506 3383 et
3540 3331 3669 3387 ﬁde-

2092 3393 2192 3448 lis:
2225 3396 2347 3464 quia
2378 3412 2541 3466 super
2573 3416 2734 3469 pauca
2784 3404 2927 3460 fuisti
2977 3409 3171 3479 fidelis,
3202 3429 3362 3484 supra
3395 3420 3565 3477 multa
3616 3435 3665 3478 te

2089 3487 2412 3541 constituam
2433 3529 2448 3554 ,
2480 3489 2615 3544 intra
2658 3494 2711 3546 in
2738 3498 2985 3567 gaudium
3028 3502 3229 3558 domini
3261 3508 3355 3563 tui.
3387 3510 3665 3571 Accedens

2088 3582 2262 3627 autem
2294 3577 2381 3644 qui
2415 3591 2575 3631 unum
2610 3581 2865 3639 talentum
2891 3602 3195 3659 acceperat,
3252 3597 3325 3650 ait
3359 3616 3373 3651 :
3409 3599 3659 3670 Domine,

2087 3664 2199 3717 scio
2226 3666 2347 3733 quia
2377 3666 2536 3722 homo
2554 3667 2719 3725 durus
2746 3689 2805 3728 es
2833 3693 2845 3727 :
2887 3680 3044 3734 metis
3083 3681 3174 3736 ubi
3208 3699 3312 3740 non
3358 3664 3661 3756 seminasti.

2087 3763 2140 3807 et
2172 3766 2466 3825 Congregas
2525 3758 2610 3811 ubi
2664 3776 2767 3815 non
2818 3768 3106 3833 SparsiSli;
3140 3780 3197 3826 et
3222 3777 3413 3831 timens
3442 3781 3579 3846 abii,
3612 3794 3665 3838 et

2085 3841 2336 3896 abscondi
2369 3847 2619 3901 talentum
2653 3858 2797 3905 tuum
2832 3854 2883 3907 in
2916 3864 3055 3912 terra
3088 3875 3251 3918 :ecce
3296 3866 3460 3922 habes
3513 3841 3660 3941 quod

2087 3942 2231 3987 tuum
2256 3944 2357 3989 est.
2385 3937 2730 4007 ReSpondens
2758 3954 2934 4002 autem
2966 3950 3213 4009 dominus
3240 3958 3373 4026 ejus,
3406 3937 3547 4018 dixit
3572 3968 3657 4021 ei:

2087 4022 2251 4080 Serve
2276 4028 2413 4081 male
2445 4037 2497 4083 et
2528 4032 2695 4101 piger,
2729 4037 2940 4091 sciebas
2979 4042 3103 4109 quia
3144 4022 3286 4101 meto
3318 4051 3403 4105 ubi
3434 4070 3541 4109 non
3576 4072 3660 4110 80-
3748 4070 3751 4073 ‘

2085 4117 2249 4184 mino,
2277 4127 2329 4172 et
2364 4133 2630 4192 congrege
2657 4126 2744 4179 ubi
2792 4143 2893 4182 non
2925 4136 3098 4200 sparsi
3125 4154 3137 4188 :
3167 4144 3403 4206 oportuit
3428 4148 3446 4166 '
3477 4158 3660 4202 autem

2086 4216 2136 4261 te
2165 4210 2502 4266 committere
2540 4217 2816 4281 pecuniam
2841 4235 3011 4278 meam
3041 4231 3441 4295 nummulariis;
3475 4244 3532 4289 et
3573 4254 3663 4291 ve-

2084 4301 2235 4354 niens
2264 4316 2363 4371 ego
2402 4306 2720 4372 recepiSsem
2766 4311 2946 4379 utique
2974 4319 3114 4383 quod
3163 4335 3338 4375 meum
3382 4336 3485 4387 est,
3536 4342 3659 4382 cum

2084 4403 2265 4443 usura.
2295 4392 2490 4447 Tollite
2518 4394 2696 4462 itaque
2726 4400 2791 4451 ab
2816 4416 2880 4454 eo
2907 4404 3183 4472 talentum,
3224 4419 3280 4465 et
3318 4412 3367 4467 ei
3416 4413 3543 4470 date
3571 4419 3660 4487 qni

2006 4488 2057 4547 ι)
2087 4478 2245 4533 habet
2276 4482 2459 4538 decem
2495 4488 2708 4544 talenta.
2735 4494 2991 4553 —M.tnc.
3020 4513 3093 4568 tv,
3122 4502 3193 4556 25
3218 4520 3231 4568 ;
3259 4504 3385 4559 Luc.
3428 4523 3541 4573 vtn,
3572 4478 3658 4562 i8.

2082 4568 2235 4624 Omni
2262 4576 2401 4628 enim
2434 4576 2648 4633 babenti
2680 4582 2909 4650 dabitur,
2954 4598 3008 4642 et
3043 4591 3365 4656 abundabit;
3399 4597 3449 4649 ei
3480 4568 3658 4653 autem

2083 4662 2173 4729 qui
2197 4678 2303 4717 non
2326 4664 2502 4733 habet,
2534 4680 2585 4724 et
2611 4673 2747 4739 quod
2787 4676 2996 4731 videtur
3026 4678 3247 4748 habere,
3281 4685 3551 4740 auferetur
3590 4690 3659 4741 ab

2082 4767 2165 4806 eo.
2198 4751 2263 4807 Et
2285 4756 2522 4813 inutilem
2568 4774 2780 4818 servum
2829 4767 3007 4835 ejicite
3039 4771 3091 4825 in
3127 4774 3373 4831 tenebras
3420 4779 3650 4834 exterio-

2083 4859 2199 4899 res:
2234 4846 2341 4899 illic
2363 4849 2464 4902 erit
2492 4849 2646 4907 fletus
2673 4867 2723 4908 et
2746 4859 2944 4914 stridor
2964 4862 3225 4920 dentium.

2688 4988 2915 5048 CAPUT
2945 4994 3048 5050 CL.

2042 5100 2068 5123 ο
2103 5071 2167 5125 Ut
2200 5072 2358 5129 lumbi
2385 5054 2582 5149 δρύψεν
2604 5082 2705 5135 sint
2733 5087 3013 5153 prtecinctt',
3043 5098 3093 5144 et
3122 5091 3342 5147 lucerna:
3369 5097 3622 5152 ardentes.

2152 5185 2281 5241 Luc.
2321 5204 2411 5254 xtl,
2454 5190 2639 5247 55-38.
2676 5195 2795 5250 Sint
2840 5197 3003 5254 lumbi
3054 5203 3216 5258 vestri
3266 5207 3556 5276 praecincti,
3594 5218 3651 5262 ct

2077 5276 2308 5333 lucernae
2356 5282 2647 5338 ardentes‘
2693 5298 2787 5342 :et
2813 5305 2906 5344 vos
2948 5293 3151 5349 similes
3199 5295 3507 5355 hominibus
3551 5315 3649 5355 ex-

2075 5370 2436 5437 spectantibus
2483 5372 2755 5430 dominum
2795 5393 2972 5447 suum,
3014 5385 3226 5453 quando
3281 5396 3581 5444 revertatur
3616 5405 3647 5443 a

1999 5516 2007 5524 _
2075 5460 2307 5526 nuptiis:
2342 5471 2393 5514 ut
2451 5478 2571 5517 cum
2620 5471 2849 5535 venerit,
2905 5482 2957 5527 et
3012 5475 3317 5543 pulsaverit,
3370 5479 3647 5535 confestim

2072 5551 2315 5617 aperiant
2337 5553 2407 5606 ci.
2442 5554 2593 5609 Beati
2622 5558 2696 5612 illi
2726 5564 2868 5615 servi
2896 5554 3055 5631 quos,
3084 5581 3205 5621 cum
3236 5572 3448 5627 venerit
3475 5571 3645 5627 donti-

2073 5653 2191 5734 nus,
2224 5640 2488 5700 invenerit
2517 5647 2818 5717 vigilantes.
2882 5654 3053 5712 Amen
3101 5657 3223 5716 dico
3277 5663 3451 5731 vobis,
3501 5664 3643 5735 quod
