4026 6196
482 417 583 471 539

1614 411 1916 466 VICTORIS
1956 412 2256 466 ﬁl‘iSCOPl
2298 413 2337 465 (Ι
2350 421 2376 463 οὶ
2388 412 2469 466 PU
2488 414 2516 464 ti
2528 411 2591 465 Μ

3615 408 3709 461 510

483 531 795 585 vestimenta
843 544 934 582 sua
965 545 980 593 ;
1022 537 1079 582 et
1107 541 1227 580 cum
1275 526 1605 581 recubuisset
1651 524 1840 576 iterum
1865 564 1878 585 ,
1911 526 2045 576 dixit
2075 528 2125 585 Α
2148 524 2278 576 dicit
2301 526 2348 576 ei
2381 524 2536 577 Jestts
2563 543 2574 575 :
2604 526 2735 578 Eme
2764 541 2821 575 ea
2856 538 2971 590 quae
2999 536 3129 589 opus
3158 530 3283 574 sunt
3313 521 3462 573 nobis
3483 520 3546 573 ad
3577 521 3708 572 diem

485 624 563 673 eis
590 638 601 669 :
637 620 794 675 Scitis
818 619 943 685 quid
977 618 1191 671 fecerim
1224 615 1405 685 vobis?
1436 613 1540 666 Vos
1574 613 1773 666 vocatis
1808 627 1912 674 me,
1942 614 2049 665 fil..-

481 712 643 780 gistcr
668 724 719 763 et
748 710 968 762 Domine
1000 724 1015 761 :
1048 718 1100 761 et
1149 707 1284 761 bene
1331 706 1505 765 dicitis
1546 718 1698 756 :s'am
1746 704 1963 756 etenim.
1995 704 2048 757 Si

481 816 609 868 ergo
640 814 737 864 ego
762 798 858 849 lavi
886 796 1046 861 pedes
1069 807 1295 855 vesti-os,
1332 794 1582 846 Dominus
1607 804 1660 847 et
1688 794 1967 860 Magister:
1997 804 2053 848 et

481 905 578 941 vos
606 889 808 942 debetis~
847 889 984 940 alter
1013 888 1229 940 alterius
1279 888 1455 939 lavare
1504 885 1685 952 pedes.
1738 886 2047 953 Ettemplum

482 982 626 1034 cuitu
656 982 775 1038 dedi
825 981 993 1042 vobis,
1024 991 1079 1031 ιιι
1110 979 1554 1046 quemadmodum
1593 993 1692 1045 ego
1722 977 1822 1030 feci
1876 977 2046 1039 vobis,

484 1074 556 1125 ita
590 1082 641 1124 et
673 1086 765 1121 Vtts
792 1070 1014 1122 faciatis.
1052 1070 1241 1132 Amen,
1271 1084 1423 1120 amen
1460 1067 1579 1120 dico
1610 1069 1798 1119 vobis:
1837 1067 1947 1119 Non
1970 1078 2051 1119 est

491 1176 678 1215 serius
711 1161 879 1223 major
904 1159 1119 1210 domino
1163 1173 1277 1223 suo,
1314 1174 1484 1225 neque
1513 1157 1784 1224 apostolus
1829 1173 1893 1209 eo
1940 1174 2051 1208 ma-

476 1250 567 1317 jor
591 1251 675 1317 qui
710 1249 855 1300 tttlSit
884 1249 1054 1301 illum.
1080 1248 1135 1301 Si
1168 1248 1230 1299 llu
1251 1262 1280 1302 C
1308 1248 1476 1309 Scitis,
1508 1248 1651 1299 beati
1671 1248 1821 1300 eritis
1846 1248 1886 1299 Si
1913 1246 2051 1300 fece-

483 1340 600 1393 ritis
631 1354 711 1390 ea.
745 1339 857 1392 Non
895 1339 961 1391 de
999 1339 1245 1392 omnibus
1290 1337 1438 1388 vobis
1463 1337 1622 1389 dico:
1653 1351 1751 1404 ego
1780 1322 1889 1388 scio
1919 1352 2051 1402 quos

485 1431 758 1497 elegerim,
793 1431 887 1483 sed
911 1440 965 1483 ut
992 1430 1274 1496 impleatur
1305 1427 1579 1496 Scriptura
1605 1445 1617 1482 :
1649 1428 1744 1494 Qui
1773 1428 2054 1480 manducet

485 1534 691 1571 mecum
718 1534 925 1585 panem,
959 1519 1154 1571 levabit
1201 1528 1385 1583 contra
1432 1533 1518 1571 me
1546 1519 1856 1571 ealcaneum
1900 1531 2052 1570 suum

491 1607 660 1669 (Part.
690 1623 775 1671 χι..
812 1608 919 1675 10).
954 1608 1158 1660 Amndo
1180 1606 1300 1660 dico
1323 1607 1472 1660 vobis
1499 1608 1802 1677 priusquam
1846 1609 1968 1661 fiat:
2003 1617 2055 1661 ut

487 1696 717 1750 credatis
744 1713 863 1749 cum
904 1698 1100 1751 factum
1157 1696 1340 1764 fuerit,
1371 1698 1492 1764 quia
1542 1712 1641 1766 ego
1688 1714 1825 1752 sum.
1863 1702 2053 1760 Amen,

489 1803 643 1841 amen
696 1788 816 1841 dico
863 1788 1174 1854 vobiszgui
1221 1788 1413 1855 accipit
1456 1789 1498 1841 si
1527 1803 1681 1855 quem
1724 1790 1940 1853 misero,
1973 1803 2057 1842 me

489 1876 682 1942 accipit
728 1894 740 1927 :

489 1967 633 2023 tnisit
667 1979 771 2020 me.

680 2150 685 2155 λ
1064 2078 1287 2135 ωριιί
1322 2080 1474 2133 CLV.

492 2167 652 2224 Mittit
682 2171 962 2241 disipufos
990 2189 1284 2240 prwparare
1316 2174 1410 2223 sibi
1445 2172 1661 2226 Pascha.
1705 2173 1767 2225 Et
1792 2175 1913 2225 dicit
1943 2175 2012 2225 eis
2041 2189 2058 2225 .'

837 2241 967 2306 Quia
1000 2259 1128 2294 unus
1155 2259 1217 2297 ea:
1250 2243 1382 2294 tabis
1413 2244 1578 2295 tradet
1609 2260 1705 2296 me.

566 2351 780 2405 Manu.
834 2365 975 2415 xxvi,
1036 2350 1227 2413 “#24;
1293 2351 1463 2405 MARC.
1524 2367 1633 2415 xiv,
1685 2353 1884 2417 12-21;
1930 2353 2055 2407 Luc.

493 2457 625 2507 uti,
656 2442 808 2495 7-23.
840 2441 1015 2495 Prima
1042 2452 1221 2495 autem
1249 2442 1337 2495 die
1360 2456 1691 2512 azymorum,
1721 2454 2061 2497 accesserunt

493 2532 739 2600 discipuli
768 2528 851 2584 ad
874 2530 1077 2595 Jesum,
1124 2530 1407 2584 dicentes:
1438 2531 1535 2584 Ubi
1567 2532 1647 2584 vis
1686 2545 1932 2599 paremus
1968 2532 2062 2585 tibi

494 2621 779 2675 comedere
818 2621 1058 2675 Pascha?
1089 2621 1157 2674 At
1198 2621 1347 2674 Jesus
1376 2620 1548 2673 dixit:
1584 2621 1659 2675 Ite
1701 2622 1753 2675 in
1795 2624 2061 2675 civitatem

494 2712 561 2765 ad
590 2712 872 2780 quemdam
909 2730 920 2763 :
950 2711 1415 2783 etintror‘ttntibus
1440 2712 1609 2775 vobis,
1640 2724 1881 2764 occurret
1907 2712 2064 2766 homo

497 2803 809 2869 amphoram
841 2819 991 2868 aqua:
1021 2812 1239 2869 portans
1271 2819 1282 2852 :
1310 2801 1590 2869 sequimini
1627 2816 1747 2853 eum
1775 2802 1824 2854 in
1849 2802 2062 2855 domum

495 2892 549 2947 iu
580 2906 737 2961 quam
783 2892 964 2958 intrat,
1012 2902 1065 2945 et
1096 2890 1284 2945 dicetis
1313 2890 1530 2943 domino
1560 2890 1748 2943 doiuus
1779 2908 1790 2941 :
1819 2891 2063 2960 Magister

495 2985 619 3038 dicit
645 3002 659 3039 :
686 2985 914 3049 Tempus
938 2999 1113 3037 incum
1140 2999 1304 3051 prope
1326 2996 1435 3047 est;
1465 2984 1599 3053 apud
1631 2992 1680 3036 tu
1703 2984 1844 3037 facio
1868 2984 2067 3038 Pascha

497 3090 617 3143 cum
646 3076 1101 3143 discipulis-meis.
1141 3077 1203 3128 Et
1229 3076 1341 3144 ipse
1372 3074 1758 3129 demonstrabit
1788 3076 1936 3127 vobis
1960 3091 2068 3129 ca:-

501 3169 748 3221 naculum
796 3169 995 3235 grande
1043 3177 1285 3231 stratum,
1326 3178 1381 3221 et
1421 3169 1525 3221 illic
1562 3180 1744 3235 parate
1784 3167 1957 3220 nobis.
2004 3168 2069 3221 Et

2155 614 2344 667 festum
2378 631 2389 667 :
2421 624 2510 667 aut
2535 618 2715 681 egenis
2750 626 2802 665 ut
2840 613 3037 676 aliquid
3067 613 3236 663 daret.
3268 611 3605 675 Respondens
3628 627 3714 663 au-

2156 718 2260 760 tem
2311 706 2475 759 Judas
2529 707 2616 772 qui
2671 706 2885 757 traddit
2936 720 3077 767 eum,
3128 702 3572 768 dixitzNunqnid
3624 717 3713 767 ego

2153 810 2295 859 διιιιι,
2330 796 2539 848 Rabbi?
2572 798 2658 848 Ait
2691 796 2763 846 illi
2798 795 2913 845 :Tu
2945 793 3149 845 dix‘Sti.
3178 793 3307 844 Cum
3338 806 3463 859 ergo
3493 791 3716 858 accepis-

2154 896 2237 939 set
2277 888 2367 940 ille
2396 886 2711 949 buccellam,
2744 886 2877 938 exiit
2925 885 3202 936 continuo.
3237 882 3360 933 Erat
3389 893 3560 932 autem
3598 898 3713 933 nox.

2154 976 2285 1028 Cum
2312 991 2439 1045 ergo
2468 977 2708 1038 exiisset,
2737 976 2863 1029 dicit
2890 976 3045 1028 Jcsus
3077 992 3086 1024 :
3122 973 3266 1026 Nunc
3303 970 3617 1024 clarificatus
3645 982 3719 1024 est

2156 1064 2321 1119 Filius
2343 1064 2587 1127 hominis,
2614 1076 2665 1117 et
2692 1065 2827 1115 Deus
2849 1064 3168 1116 clarificatus
3198 1071 3275 1113 est
3301 1060 3350 1111 iu
3394 1075 3474 1112 eo.
3504 1059 3556 1112 Si
3590 1058 3719 1112 Deus

2154 1155 2470 1208 clarificatus
2497 1166 2577 1209 est
2605 1156 2655 1208 in
2686 1172 2772 1218 eo,
2794 1166 2845 1207 et
2874 1157 3043 1208 Deus‘
3072 1152 3379 1207 clarificavit
3407 1168 3526 1207 eum
3555 1153 3604 1204 in
3645 1167 3720 1204 se-

2157 1248 2401 1315 metipso,
2430 1257 2483 1299 ct
2511 1248 2761 1299 continuo
2792 1247 3099 1299 clarificabit
3134 1262 3275 1300 cum.

2720 1400 2941 1454 CAPUT
2980 1399 3154 1453 CLVI.

2157 1489 2305 1542 Jews
2333 1492 2543 1543 tradidit
2574 1492 2836 1553 discipulis
2865 1500 3239 1542 sacramentum
3270 1504 3496 1546 roruorts
3528 1498 3577 1540 et
3616 1506 3724 1539 san-

2229 1561 2396 1627 guinis
2415 1563 2514 1613 sui.
2552 1560 2615 1612 Et
2658 1562 2783 1613 dicit
2811 1563 2877 1611 ad
2920 1560 3173 1613 Petrum:
3198 1559 3448 1626 Expetitttt
3484 1558 3720 1620 Stt’taims,

2229 1641 2282 1749 Et
2312 1646 2402 1710 vos
2422 1632 2641 1684 ventilet.
2674 1629 2739 1682 Et
2768 1646 2784 1682 :
2817 1630 3001 1683 Omnes
3032 1630 3185 1683 hodie
3214 1631 3265 1681 in
3306 1644 3381 1681 rue
3406 1630 3723 1681 scandamu-

2262 1715 2422 1749 ruunt.

2262 1715 2422 1751 ιηιιηι.

2240 1810 2451 1863 Μιιττιι.
2477 1826 2620 1874 xxvr,
2650 1810 2811 1865 26-35
2838 1828 2852 1875 ;
2886 1810 3057 1865 Mane.
3088 1824 3198 1872 xiv,
3220 1807 3376 1863 26-51
3402 1823 3417 1872 ;
3450 1807 3581 1861 Luc.
3606 1822 3724 1871 nu,

795 1875 880 1943 qui
924 1888 1096 1931 autem
1147 1892 1230 1931 me
1280 1877 1505 1944 accipit,
1557 1877 1747 1945 accipit
1800 1893 1919 1931 cum
1968 1881 2055 1947 qui

2169 1900 2348 1954 iii-20.
2390 1900 2737 1956 Gmnantibus
2763 1911 2937 1956 autem
2966 1903 3062 1965 eis,
3101 1902 3305 1968 accepit
3323 1899 3477 1953 Jesus
3522 1914 3725 1965 panem,

2163 2002 2214 2043 et
2245 1991 2536 2055 benedixit,
2580 2007 2642 2045 ac
2684 1991 2856 2061 fregit,
2889 1992 3137 2060 deditque
3184 1991 3460 2058 discipulis
3485 1990 3621 2051 suis,
3651 1990 3728 2041 di-

2163 2098 2288 2137 Ccns
2324 2100 2335 2133 :
2366 2084 2599 2150 Accipite
2644 2092 2699 2137 et
2737 2085 2999 2138 comeditc
3025 2102 3038 2137 :
3065 2084 3163 2136 hoc
3200 2093 3279 2136 est
3320 2097 3516 2150 corpus
3567 2097 3727 2133 meum

2163 2175 2300 2243 quod
2333 2190 2426 2242 pro
2468 2176 2620 2229 vobis
2656 2176 2836 2229 datur.
2872 2176 2937 2228 Et
2966 2176 3232 2243 accipiens
3260 2174 3506 2230 calicem.
3543 2174 3730 2239 gratias

2164 2267 2291 2334 egit,
2322 2276 2376 2321 et
2404 2268 2694 2332 benedixit,
2728 2280 2782 2322 et
2819 2268 2994 2335 fregit,
3017 2276 3070 2321 et
3096 2266 3241 2320 dedit
3271 2266 3370 2323 eis.
3408 2265 3633 2317 dicens:
3660 2263 3731 2313 lti-

2164 2356 2271 2410 bite
2303 2373 2369 2410 ex
2396 2361 2493 2412 hoc
2524 2373 2710 2411 omnes
2737 2376 2747 2409 :
2780 2358 2863 2411 hic
2902 2365 2985 2411 est
3012 2359 3152 2411 enim
3183 2357 3396 2415 sanguis
3428 2370 3583 2407 mvus
3612 2353 3727 2423 Novi

2164 2447 2515 2513 Testamenti,
2539 2450 2626 2520 qui
2658 2465 2751 2518 pro
2773 2450 2923 2507 vobis
2948 2461 2997 2505 et
3031 2464 3124 2516 pro
3146 2450 3323 2501 multis
3352 2447 3656 2501 cffundctur
3687 2448 3731 2495 in

2168 2539 2535 2593 remissionem
2596 2549 2956 2607 peccatorum.
3008 2541 3133 2593 Dico
3175 2549 3351 2593 autem
3401 2538 3552 2590 vobis
3589 2537 3733 2591 :Nuu

2166 2630 2342 2684 bibam
2374 2630 2566 2684 amodo
2606 2631 2673 2684 de
2713 2630 2814 2685 hoc
2840 2630 3109 2697 genimine
3139 2630 3277 2694 vitis,
3313 2644 3479 2695 usque
3508 2630 3562 2680 in
3603 2628 3732 2679 diem

2167 2721 2314 2774 illum
2344 2735 2463 2774 eum
2490 2720 2615 2774 illud
2642 2720 2821 2774 bibant
2847 2720 3119 2775 vobiscum
3150 2734 3341 2772 novum
3374 2718 3425 2771 in
3457 2732 3623 2783 regno
3647 2716 3733 2769 l‘a-

2168 2812 2266 2864 tris
2316 2812 2440 2865 mei.
2495 2811 2607 2865 floc
2646 2813 2801 2865 facite
2838 2812 2892 2866 in
2945 2825 3116 2864 meam
3158 2807 3732 2862 commemorationem.

2170 2930 2231 2940 —-
2258 2900 2385 2954 Luc.
2426 2916 2553 2965 xxii,
2590 2902 2680 2966 51,
2717 2902 2806 2955 52.
2861 2901 2949 2954 Ait
2980 2910 3156 2954 autem
3195 2898 3450 2952 Domin
3496 2896 3733 2951 Simoni:

2167 2992 2395 3058 Simon,‘
2421 3006 2547 3047 ecce
2574 2991 2796 3047 Satanas
2818 2991 3070 3059 expetivit
3100 3006 3217 3055 vos,
3246 2998 3301 3042 ut
3325 2989 3589 3041 cribraret
3611 2987 3736 3038 sicut

2174 3081 2407 3134 triticum
2440 3098 2451 3133 :
2486 3096 2583 3151 ego
2612 3090 2787 3137 autem
2825 3081 3009 3150 rogavi
3051 3096 3143 3147 pro
3173 3089 3245 3143 te,
3298 3089 3352 3131 ut
3398 3093 3499 3131 non
3532 3076 3737 3130 deficiat

2172 3170 2300 3223 fides
2334 3180 2417 3222 tua
2445 3188 2458 3223 :
2487 3180 2537 3224 et
2588 3181 2641 3245 tu
2671 3169 2959 3239 aliquando
2985 3184 3293 3230 conversus,
3331 3168 3592 3222 confirma
3636 3166 3735 3218 fra-

498 3259 746 3313 abierunt
777 3260 1019 3326 discipuli
1049 3260 1184 3327 ejus,
1218 3269 1270 3314 et
1301 3270 1561 3313 vent-runt
1594 3262 1642 3311 in
1678 3259 1966 3322 civitatem,
2013 3269 2067 3314 et
2095 3247 2139 3307 C
2174 3270 2281 3314 tres
2311 3272 2451 3317 tuos.
2477 3292 2545 3301 —
2567 3262 2719 3317 low.
2761 3278 2876 3328 xm,
2906 3262 3094 3316 33-58.
3130 3259 3322 3325 Filioli,
3355 3260 3525 3315 adhuc
3577 3258 3738 3310 modi-

500 3350 816 3404 invenerunt
838 3350 973 3403 sicut
1003 3350 1141 3403 dixit
1170 3352 1267 3415 eis,
1288 3362 1333 3403 et
1364 3361 1686 3417 paraverunt
1710 3349 1929 3402 Pascha.
1959 3349 2057 3404 V’e-‘

499 3455 661 3507 opere
680 3450 855 3493 autem
890 3441 1047 3501 facto,
1077 3441 1238 3503 venit,
1279 3450 1332 3492 et
1376 3440 1741 3493 discumbebat
1773 3456 1891 3493 cum
1933 3441 2064 3493 duo-

498 3531 670 3585 decim
718 3530 993 3597 discipulis
1039 3532 1167 3582 suis.
1242 3530 1305 3583 Et
1349 3530 1624 3582 edentibus
1674 3531 1816 3592 illis,
1879 3529 2006 3583 dixit
2050 3548 2063 3583 :

501 3624 777 3677 Desiderio
825 3621 1123 3676 desideravi
1167 3620 1266 3675 hoc
1301 3620 1500 3675 Pascha
1547 3621 1868 3673 manducare
1901 3623 2072 3673 Vobis-

500 3729 643 3779 cum,
668 3723 947 3780 antequam
977 3712 1165 3779 patiar.
1197 3711 1325 3764 Dico
1352 3710 1492 3763 enim
1525 3709 1695 3773 vobis,
1727 3711 1848 3773 quia
1875 3726 1937 3762 ex
1970 3709 2069 3762 hoc

504 3817 608 3855 non
643 3801 974 3855 mandttcabo
1002 3800 1152 3866 illud,
1188 3799 1357 3853 donec
1381 3800 1539 3865 imple
1560 3809 1659 3850 itur
1681 3800 1731 3851 in
1761 3815 1923 3863 regno
1952 3799 2066 3851 Dei.

497 3893 740 3949 —-Joax.
776 3909 890 3949 xm.
922 3893 1113 3953 2l-52.
1146 3892 1278 3947 Cum
1312 3891 1423 3944 lucc
1453 3890 1694 3954 dixisset,
1723 3890 1962 3944 turbatus
1991 3901 2070 3943 est

498 3983 710 4048 spiritu,
759 3994 809 4035 et
852 3991 1171 4052 protestatus
1222 3991 1321 4039 est.
1377 3989 1428 4034 et
1471 3980 1639 4032 dxit:
1671 3982 1859 4037 Amen.
1913 3994 2067 4034 amen

500 4075 621 4127 dico
643 4075 813 4137 vobis,
842 4073 961 4141 quia
988 4090 1123 4127 unus
1145 4088 1209 4127 ex
1243 4072 1389 4125 vobis
1418 4070 1590 4124 tradet
1621 4086 1723 4125 me.
1760 4069 1825 4122 At
1855 4069 1924 4121 illi
1953 4085 2068 4123 coe-

505 4177 697 4233 perunt
744 4165 1084 4231 contristari,
1123 4174 1176 4219 et
1215 4165 1394 4219 dicere
1442 4162 1743 4230 singulatim
1778 4179 1788 4213 :
1825 4161 2067 4229 Nunquid

500 4276 598 4327 ego
642 4274 781 4319 sum,
821 4255 1076 4314 Domine?
1106 4255 1305 4321 Quibus
1333 4253 1406 4307 ait
1439 4272 1450 4305 :
1481 4253 1577 4318 Qui
1618 4251 1825 4319 intingit
1859 4266 2067 4304 mecum

506 4364 719 4402 manum
755 4350 805 4400 in
835 4348 1031 4410 catino,
1064 4347 1148 4400 hic
1191 4361 1275 4398 tne
1307 4344 1500 4399 tradet.
1535 4343 1697 4396 Filius
1726 4342 1941 4410 quidem
1980 4328 2073 4394 hoc
2118 4400 2121 4403 _

504 4437 662 4489 minis
705 4437 865 4496 vadit,
911 4436 1048 4489 sicut
1096 4435 1350 4498 scriptum
1382 4444 1464 4491 est
1494 4435 1560 4489 de
1609 4433 1718 4487 illo.
1756 4433 1853 4485 Va:
1895 4442 2071 4485 autem

506 4527 702 4579 homini
737 4527 809 4579 illi
853 4540 944 4593 per
974 4539 1133 4593 quem
1185 4523 1351 4579 Filius
1396 4523 1623 4578 hvminis
1656 4523 1931 4576 tradetur!
1970 4523 2069 4574 Bo-

2170 3365 2289 3402 cum
2330 3361 2536 3418 tempus
2567 3352 2837 3406 vobiscum
2881 3365 3021 3404 sum.
3066 3350 3324 3416 Quaeretis
3365 3357 3573 3401 mezet
3613 3348 3739 3399 sicut

2172 3440 2279 3492 dixi
2312 3439 2507 3494 Judazis
2533 3460 2542 3493 :
2577 3442 2692 3508 Quo
2719 3457 2817 3510 ego
2844 3443 3001 3502 vado,
3026 3456 3119 3495 vos
3142 3456 3245 3494 nou
3276 3442 3494 3508 potestis
3526 3442 3733 3494 venire;

2171 3542 2221 3582 et
2254 3530 2401 3584 vobis
2430 3532 2546 3583 dico
2588 3532 2767 3585 modo.
2802 3531 3104 3584 Mandatum
3138 3545 3328 3583 novum
3357 3529 3425 3582 do
3470 3529 3645 3589 vobis,
3687 3539 3738 3579 ut

2172 3622 2409 3689 dilgatis
2443 3623 2664 3677 invicem
2697 3623 2835 3675 sicut
2861 3622 3021 3675 dilexi
3052 3637 3165 3681 vos,
3210 3630 3266 3673 ιιι
3306 3629 3359 3672 et
3388 3635 3479 3671 vos
3510 3620 3738 3687 diligatis

2175 3712 2418 3766 invicem.
2456 3710 2508 3764 lu
2541 3713 2640 3765 hoc
2667 3718 2992 3781 c0gnoscent
3014 3725 3199 3765 omnes
3219 3712 3339 3779 quia
3378 3712 3478 3763 mei
3506 3713 3644 3763 estis
3669 3711 3739 3760 di-

2175 3802 2385 3867 scipuli,
2419 3803 2463 3855 si
2493 3802 2829 3856 dilectionem
2878 3803 3170 3857 habueritis
3200 3803 3267 3855 ad
3312 3802 3563 3855 invicem.
3614 3801 3741 3852 Dic.t

2174 3893 2222 3945 ei
2252 3892 2432 3947 Simon
2466 3895 2687 3947 Petrus:
2722 3894 2962 3959 Domine,
3002 3909 3107 3963 quo
3141 3893 3326 3946 vadis?
3375 3891 3668 3959 Respondit
3692 3891 3737 3943 ei

2173 3981 2326 4036 Jesus
2351 4001 2361 4033 :
2388 3984 2501 4049 Quo
2529 3998 2626 4051 ego
2653 3984 2805 4047 vado,
2836 4000 2938 4039 non
2977 3996 3123 4050 potes
3153 4000 3237 4038 me
3265 3985 3418 4037 modo
3448 3986 3601 4051 sequi
3627 3990 3743 4039 :‘seo

2174 4075 2353 4143 quer‘s
2383 4089 2559 4129 autem
2593 4085 2791 4144 postea.
2836 4076 2985 4130 Tunc
3029 4075 3157 4129 dicit
3191 4076 3294 4129 illis
3334 4074 3484 4127 Jesus
3511 4091 3525 4124 :
3550 4079 3740 4127 Umnes

2178 4179 2274 4217 vos
2304 4164 2607 4219 scandalum
2642 4167 2908 4235 patiemini
2938 4168 2987 4219 in
3043 4182 3127 4219 tne
3156 4166 3205 4217 in
3248 4167 3346 4219 ista
3379 4174 3556 4217 nocte.
3606 4166 3744 4217 Scri-

2178 4269 2320 4324 ptum
2350 4267 2433 4310 est
2460 4260 2602 4311 enim
2631 4276 2643 4311 :
2671 4258 2966 4312 l‘ercutium
3014 4267 3300 4325 pastorem,
3340 4265 3395 4309 et
3433 4255 3744 4323 dispergen-

2179 4357 2261 4401 tur
2296 4362 2422 4401 oves
2468 4350 2641 4419 gregis
2682 4347 2926 4417 (Zachar.
2973 4364 3082 4410 xm,
3112 4348 3182 4417 7).
3236 4346 3522 4414 Postquam
3565 4356 3740 4399 autem

2178 4453 2542 4504 resurrexero,
2597 4441 2888 4507 praecedam
2934 4456 3028 4493 vos
3066 4441 3116 4493 iu
3159 4440 3448 4493 Galilaeam.
3507 4436 3744 4504 Respon-

2177 4525 2307 4579 dens
2347 4537 2520 4581 autem
2555 4529 2740 4582 Petrus
2771 4529 2902 4582 dixit
2932 4528 3005 4582 illi
3047 4546 3058 4579 :
3118 4528 3224 4581 Etsi
3253 4541 3437 4578 omnes
3483 4525 3739 4577 scandali-

500 4632 627 4670 uum
655 4626 768 4677 erat
795 4615 842 4667 ei
873 4616 917 4669 si
946 4624 1100 4668 natus
1132 4631 1235 4670 non
1270 4615 1456 4668 fuisset
1489 4615 1647 4667 homo
1679 4614 1785 4666 ille.
1829 4614 2071 4680 Astiicie-
2099 4607 2146 4665 Ι)
2174 4619 2275 4672 zati
2304 4618 2495 4674 fuerint
2527 4621 2577 4673 iu
2617 4630 2686 4682 te,
2721 4636 2819 4690 ego
2857 4634 3119 4687 nunquam
3152 4617 3364 4671 seandal
3390 4617 3592 4669 zubor:
3625 4615 3740 4681 quia

502 4707 628 4761 bant
658 4716 834 4773 antem
864 4705 926 4757 ad
958 4705 1191 4769 invicem
1224 4704 1488 4771 discipuli,
1524 4705 1829 4758 luesitantes
1870 4703 1935 4757 de
1961 4720 2067 4773 quo

498 4800 723 4854 diceret.
759 4800 824 4853 Et
853 4808 1157 4868 quaerentes
1188 4796 1327 4861 inter
1360 4809 1423 4847 se
1458 4795 1578 4861 quis
1606 4804 1747 4847 esset
1776 4810 1838 4848 ex
1878 4796 1956 4849 eis
1982 4797 2070 4862 qui

499 4893 600 4944 hoc
631 4889 865 4953 facturus
895 4897 1057 4944 esset.
1092 4887 1217 4941 Erat
1251 4892 1429 4939 autem
1476 4884 1790 4940 recumbens
1835 4902 1972 4938 unus
2003 4902 2069 4940 ex

498 4980 772 5046 discipulis
799 4980 914 5048 ejus
964 4978 1016 5033 in
1048 4978 1166 5031 sinu
1212 4975 1360 5038 Jesu,
1405 4990 1562 5043 quem
1601 4973 1854 5043 diligebat
1884 4974 2063 5031 Iesus.

510 5068 686 5122 lunuit
713 5086 839 5136 etgo
871 5070 995 5124 huic
1023 5069 1207 5124 Simon
1231 5068 1437 5127 Petrus,
1464 5075 1519 5119 et
1548 5065 1684 5120 dixit
1712 5066 1760 5119 ei
1794 5082 1810 5121 :
1834 5067 1961 5133 Quis
1985 5078 2069 5125 est

499 5160 566 5213 de
598 5173 702 5225 quo
729 5160 893 5210 dicit?
925 5158 1103 5227 Itaque
1138 5175 1257 5216 cum
1291 5158 1622 5213 recubuisset
1653 5157 1741 5211 ille
1778 5170 1937 5225 supra
1975 5173 2068 5226 pe-

499 5263 614 5303 rtus
646 5249 792 5308 Jesn,
824 5249 950 5302 dicit
973 5250 1021 5302 ci
1045 5266 1058 5300 :
1084 5251 1325 5313 Domine,
1376 5252 1494 5318 quis
1525 5251 1636 5304 est?
1666 5248 1762 5303 Cui
1796 5250 2069 5318 respondit

498 5342 655 5395 Jesus
686 5357 701 5393 :
738 5340 829 5391 Ille
856 5348 936 5392 est
972 5339 1052 5397 cui
1086 5354 1183 5405 ego
1215 5343 1492 5393 intinctam
1528 5355 1717 5408 panem
1755 5356 2064 5408 porrexerit.

501 5435 709 5487 Etcum
738 5430 1038 5484 inlinxisset
1062 5444 1271 5495 panem,
1293 5431 1436 5483 dedit
1460 5431 1609 5485 Juda:
1634 5431 1872 5486 Simonis
1891 5432 1907 5449 ⁶
1938 5431 2068 5484 Sca-

502 5528 605 5581 riot
629 5542 673 5580 s.
710 5525 772 5580 Et
810 5532 929 5594 post
953 5520 1242 5576 buccellam
1268 5521 1503 5574 introivit
1533 5525 1580 5573 iu
1625 5524 1772 5575 illum
1818 5524 2065 5578 Satanas.

503 5618 709 5675 Etdieit
739 5619 785 5671 ei
817 5616 975 5671 Jcsus
1004 5630 1015 5666 :
1047 5613 1198 5679 Quod
1242 5610 1389 5675 facis,
1432 5611 1511 5662 foe
1543 5613 1718 5665 citius.
1755 5612 1863 5665 Hoc
1889 5623 2065 5666 autem

506 5722 663 5761 nemo
693 5706 845 5758 scivit
884 5703 1332 5756 discumbentium
1357 5702 1420 5752 ad
1452 5703 1575 5767 quid
1622 5704 1811 5756 dixerit
1842 5703 1914 5756 ei.
1943 5682 2071 5767 Qui-

506 5799 627 5857 dam
654 5799 791 5852 enim
825 5797 1075 5866 putabant
1106 5796 1223 5867 quit
1254 5795 1451 5848 loculus
1479 5795 1701 5850 bibebat
1733 5796 1913 5860 Judts,
1950 5798 2068 5867 quia

2178 4719 2348 4763 tecum
2394 4722 2604 4773 paratus
2651 4728 2789 4773 smn,
2820 4722 2875 4765 ct
2914 4712 2966 4764 in
2998 4725 3290 4772 carcerem,
3333 4716 3390 4761 et
3433 4708 3485 4759 in
3517 4718 3741 4757 mortem

2178 4799 2274 4852 ire.
2308 4800 2553 4852 Animam
2602 4815 2771 4853 meam
2803 4814 2896 4866 pro
2924 4808 2974 4853 te
3012 4814 3223 4866 ponant.
3254 4796 3545 4864 Respondit
3572 4796 3622 4848 ei
3655 4795 3738 4846 Je—

2175 4891 2558 4944 sus:Animam
2591 4901 2730 4943 tuam
2763 4905 2857 4958 pro
2889 4905 2973 4944 me
2996 4889 3194 4957 pones?
3225 4888 3418 4951 Amen,
3445 4902 3599 4938 amen
3625 4885 3741 4937 dico

2174 4981 2285 5044 tibi,
2310 4982 2431 5048 quia
2462 4981 2560 5035 hac
2591 4994 2769 5047 nocte,
2802 4990 3081 5050 antequam
3122 4981 3291 5049 gallus
3317 4990 3513 5041 cantet,
3551 4991 3629 5030 ter
3661 4990 3744 5029 me

2174 5075 2410 5142 negabis.
2490 5075 2577 5128 Ait
2634 5075 2703 5128 illi
2761 5075 2944 5127 Petrus
2991 5073 3258 5126 :Etiamsi
3309 5070 3605 5139 oportuerit
3658 5083 3742 5119 me

2176 5165 2309 5217 muri
2340 5175 2532 5228 tecum,
2567 5180 2669 5221 non
2711 5174 2759 5217 te
2806 5165 3026 5233 negabo.
3065 5163 3320 5218 Similiter
3361 5172 3410 5215 et
3450 5174 3635 5215 oumes
3665 5160 3743 5212 di-

2174 5254 2359 5322 scipuli
2390 5255 2655 5307 dixerunt.

2720 5410 2945 5466 CAPUT
2985 5408 3185 5463 CLVII.

2178 5500 2432 5554 Hortatur
2463 5502 2737 5570 discipulos
2767 5517 2906 5565 suos,
2956 5510 3009 5553 ut
3054 5515 3153 5553 non
3181 5498 3399 5567 paveﬁat
3430 5512 3514 5549 cor
3541 5511 3739 5549 eorum.

2248 5614 2400 5667 Joas.
2448 5631 2553 5682 xtv,
2593 5614 2729 5666 f-ISI.
2774 5614 2885 5665 Non
2920 5612 3158 5665 turbetur
3200 5625 3294 5663 cor
3321 5622 3568 5663 vestrum.
3612 5606 3743 5679 Cre-

2180 5704 2302 5757 ditis
2334 5706 2383 5757 in
2410 5706 2591 5769 Deum,
2623 5715 2675 5758 et
2717 5707 2763 5757 in
2801 5721 2885 5758 me
2915 5705 3133 5756 credite.
3156 5702 3208 5754 lu
3240 5702 3400 5754 dumo
3435 5701 3597 5753 l‘alris
3642 5701 3743 5752 inci

2183 5797 2483 5852 mansiones
2529 5798 2707 5851 multa:
2754 5804 2897 5850 sunt.
2944 5795 2995 5849 Si
3026 5796 3325 5862 (μιυιιιὶιιιιδ,
3361 5792 3603 5883 (ιὶξίεεθιιι
3655 5806 3745 5841 vo-
