3980 6196
819 263 936 282 -κ.ν,,

397 315 486 371 διι

398 452 508 506 bis:
541 452 663 522 quia
689 448 825 503 vado
857 459 1046 514 parare
1073 443 1226 499 vobis
1258 443 1450 503 locum.
1494 441 1556 494 Et
1601 440 1644 494 si
1677 438 1876 499 abiero,
1910 446 1964 490 et
1995 423 2042 479 Λ

401 556 763 612 pmparavero
781 539 932 593 vobis
961 537 1158 601 locum,
1191 535 1382 589 iterum
1407 532 1614 587 veniam
1637 541 1690 584 et
1713 529 1965 595 accipiam

401 649 490 688 vos
510 634 576 687 ad
595 647 679 687 me
706 633 901 700 ipsum,
933 638 990 681 ut
1015 628 1100 680 tibi
1127 641 1241 678 sum
1265 639 1383 692 ego,
1407 633 1460 677 et
1485 637 1579 675 vos
1605 621 1740 674 sitis.
1777 619 1842 672 Et
1862 634 1968 684 quo

400 741 494 795 ego
524 724 660 778 vado
691 724 863 786 scitis,
890 731 944 775 et
975 721 1110 772 viam
1143 718 1306 771 scitis.
1343 715 1474 769 Dicit
1497 717 1545 768 ei
1577 712 1968 767 'fliomaszDo-

401 819 560 882 mine,
607 819 876 872 nescimus
914 827 1018 882 quo
1067 811 1238 873 vadis,
1285 817 1340 862 et
1379 805 1645 874 quomodo
1687 818 1968 873 possumus

399 911 532 962 viam
561 908 738 962 scire?
781 907 917 958 Dicit
935 905 982 958 ei
1014 903 1170 956 .Iesus
1200 918 1214 951 τ
1246 901 1356 966 Ego
1388 915 1500 951 sum
1531 898 1636 956 via,
1669 905 1722 949 et
1749 896 1965 956 veritas,
2022 941 2030 948 _

400 1011 450 1054 et
478 1000 603 1051 vita.
645 998 816 1050 Nemo
835 995 986 1048 venit
1027 995 1092 1045 ad
1124 993 1358 1052 Patrem,
1394 989 1491 1040 nisi
1523 1003 1616 1055 per
1649 1001 1755 1038 me.
1787 984 1843 1036 Si
1871 998 1963 1035 eo-

399 1089 712 1160 gnovissctis
736 1102 842 1152 me,
869 1094 921 1138 et
950 1087 1156 1137 Patrem
1205 1090 1378 1134 meum
1421 1080 1492 1130 uti
1518 1091 1600 1140 ,ue
1628 1074 1966 1146 cognovisse-

400 1185 465 1236 Iis
489 1201 503 1235 :
531 1183 547 1200 '
581 1181 747 1234 Etiam
781 1178 940 1231 modo
968 1175 1302 1244 cognoscetis
1331 1187 1472 1236 eum,
1505 1179 1558 1223 et
1590 1167 1792 1220 vidistis
1822 1181 1964 1218 eum.

400 1273 530 1326 Dicit
571 1272 618 1323 ci
667 1270 942 1337 Philippus
969 1284 980 1321 :
1004 1266 1242 1325 Domino,
1292 1264 1514 1316 ostende
1548 1263 1697 1315 nobis
1736 1259 1964 1318 Patrein,

397 1375 448 1418 et
493 1363 695 1416 suffic‘t
739 1362 911 1414 nobis.
957 1359 1090 1412 Dicit
1117 1357 1166 1411 ei
1191 1357 1383 1410 .iesus:
1414 1356 1582 1407 'l‘anto
1614 1361 1849 1420 tempore
1883 1365 1968 1400 vo-

398 1458 598 1509 biscum
630 1470 772 1518 sum,
811 1461 866 1506 et
895 1466 998 1504 non
1037 1447 1361 1517 cognovistis
1389 1447 1508 1498 me?
1544 1444 1804 1510 Philippe,
1829 1447 1844 1460 '
1874 1439 1962 1505 qui

393 1548 523 1600 vidit
547 1561 652 1604 me,
677 1545 806 1597 vidit
829 1553 880 1596 et
913 1541 1143 1594 Patrem.
1170 1539 1447 1604 Quomodo
1475 1545 1528 1588 tu
1557 1534 1714 1587 dicis:
1735 1531 1965 1586 Oszendu

395 1643 478 1693 no'.
501 1641 546 1692 is
576 1637 824 1692 Patrem?
855 1635 969 1689 Non
992 1639 1005 1657 ’
1027 1633 1200 1688 credis
1232 1633 1348 1701 quia
1373 1645 1473 1700 ego
1505 1630 1556 1682 iu
1581 1627 1756 1692 Patre,
1784 1638 1838 1681 et
1864 1628 1962 1680 Pa-

395 1743 474 1783 ter
523 1731 573 1781 in
607 1743 691 1780 me
737 1726 856 1780 est?
890 1724 1060 1779 Verba
1106 1739 1224 1791 qua:
1262 1735 1360 1789 ego
1400 1721 1588 1786 loquor
1619 1717 1787 1780 vobis,
1819 1731 1846 1770 a
1881 1732 1964 1768 me

391 1823 507 1890 ipso
537 1833 640 1872 non
672 1818 880 1886 loquor.
935 1816 1088 1868 Pater
1139 1823 1312 1865 autem
1357 1813 1409 1864 in
1441 1825 1525 1863 me
1566 1822 1804 1871 manens,
1851 1807 1963 1874 ipse

393 1913 518 1965 facit
551 1923 736 1978 Opera.
765 1907 878 1961 Non
907 1906 1122 1960 creditis
1155 1905 1279 1973 quia
1311 1918 1409 1972 ego
1438 1903 1488 1956 in
1519 1901 1698 1963 Patre,
1727 1907 1781 1953 et
1808 1899 1962 1953 Pater

389 2003 442 2056 in
495 2015 583 2054 me
633 1998 754 2053 est?
804 1997 1051 2066 Alioquin
1095 2004 1310 2064 propter
1356 2009 1517 2060 spera
1573 1992 1684 2060 ipsa
1740 1989 1958 2044 credite.

393 2097 584 2153 Arnen,
617 2104 770 2142 amen
797 2088 916 2141 dico
940 2086 1229 2152 vobiszQui
1255 2083 1422 2138 credit
1445 2085 1494 2136 in
1521 2099 1626 2144 me,
1659 2096 1819 2150 opera
1841 2096 1961 2148 qua:

393 2198 492 2251 ego
520 2181 680 2243 facio,
727 2189 778 2233 et
811 2179 924 2247 ipse
967 2177 1142 2240 faciet,
1194 2186 1247 2230 et
1291 2175 1490 2241 majora
1536 2173 1722 2226 horum
1756 2169 1956 2224 faciet:

391 2275 514 2340 quia
543 2285 645 2340 ego
672 2270 737 2322 ad
771 2269 977 2322 Patrem
1009 2268 1163 2320 vado.
1208 2266 1272 2319 Et
1309 2265 1664 2333 quodcunque
1707 2260 1962 2330 petieritis

391 2363 602 2418 Patrem
641 2363 692 2414 in
723 2361 936 2415 nomine
985 2374 1123 2422 meo,
1165 2358 1266 2411 hoc
1297 2357 1507 2419 faciam,
1546 2366 1601 2408 ut
1638 2353 1963 2423 gloriﬁcetur

394 2455 548 2508 Pater
579 2453 632 2504 in
667 2452 817 2504 Filio.
852 2450 906 2503 Si
931 2448 1058 2518 quid
1085 2447 1352 2516 petieritis
1374 2461 1457 2499 me
1488 2447 1539 2499 in
1576 2444 1790 2496 nomine
1820 2455 1960 2505 meo,

395 2545 492 2598 hoc
521 2542 731 2597 iaciam.
764 2542 819 2596 Si
846 2541 1064 2609 diligitis
1087 2556 1192 2604 me,
1231 2538 1477 2592 mandata
1502 2551 1614 2590 mea
1641 2543 1867 2588 servate.
1903 2535 1964 2586 Et

397 2652 490 2704 ego
514 2637 717 2705 rogabo
740 2635 970 2695 Patrem,
999 2644 1050 2687 et
1073 2634 1234 2686 alium
1267 2630 1595 2684 Paraeletum
1618 2626 1762 2680 dabit
1789 2625 1961 2690 vobis,

402 2737 453 2782 ut
479 2735 692 2781 maneat
726 2725 994 2778 vobismtm
1027 2724 1076 2775 in
1108 2732 1390 2782 internum,
1419 2718 1669 2786 Spiritum
1695 2715 1959 2776 veritatis;

403 2837 550 2889 quem
584 2817 814 2872 mundus
851 2832 956 2868 non
999 2823 1175 2881 potest
1221 2813 1485 2878 accipere,
1525 2809 1647 2877 quia
1690 2821 1792 2859 non
1821 2803 1965 2857 vid.t

405 2926 537 2972 eum,
567 2923 664 2963 nec
686 2909 780 2961 scit
811 2921 956 2960 eum.
985 2904 1085 2958 Vos
1106 2910 1283 2955 autem
1305 2897 1638 2966 cognoscetis
1667 2910 1810 2960 eum,
1841 2893 1962 2961 quia

406 3003 532 3070 apud
563 3015 659 3053 vos
706 2998 958 3059 manebit,
994 3004 1048 3049 et
1088 2995 1140 3048 in
1177 2992 1328 3046 vobis
1371 2991 1491 3042 erit.
1525 2988 1637 3042 Non
1666 2987 1961 3054 relinquam

407 3106 491 3144 vos
532 3092 801 3158 orpltanos
828 3105 841 3138 :
868 3073 1070 3140 veniam
1101 3085 1162 3136 ad
1195 3097 1312 3136 vos.
1343 3081 1529 3134 Adhuc
1571 3077 1836 3132 modicum
1865 3093 1875 3127 :
1907 3081 1962 3127 et

407 3183 618 3235 mundus
645 3182 755 3249 jam
793 3194 876 3231 me
916 3192 1020 3230 non
1059 3175 1222 3228 videt.
1271 3173 1375 3225 Vos
1405 3181 1582 3223 autem
1624 3166 1816 3222 videtis
1852 3179 1959 3229 me,
1989 3164 2032 3224 C

403 3276 512 3342 quia
541 3287 638 3341 ego
670 3271 814 3332 vivo,
845 3278 898 3322 et
921 3281 1017 3320 vos
1045 3265 1251 3319 vivetis.
1289 3262 1343 3316 In
1375 3263 1460 3315 die
1499 3261 1589 3314 illo
1627 3255 1962 3328 cognoscetis

403 3367 514 3432 quia
544 3378 644 3431 ego
674 3377 792 3414 sum
821 3361 872 3413 in
903 3359 1056 3412 Patre
1098 3370 1237 3417 meo,
1267 3362 1320 3407 et
1361 3366 1454 3406 vis
1483 3351 1533 3404 in
1569 3364 1672 3414 me,
1703 3357 1756 3402 et
1777 3362 1877 3415 ego
1907 3345 1960 3398 in

405 3455 560 3506 vobis.
594 3453 694 3518 Qui
731 3449 888 3503 habet
917 3447 1160 3502 mandata
1189 3459 1326 3505 mea,
1366 3453 1416 3497 et
1445 3452 1620 3496 servat
1646 3456 1728 3504 ea,
1759 3440 1850 3493 ille
1877 3446 1961 3493 est

405 3545 484 3610 qui
508 3543 676 3611 diligit
714 3555 820 3595 me.
849 3539 948 3606 Qui
979 3547 1154 3590 autem
1187 3534 1356 3602 diligit
1392 3547 1498 3595 me,
1530 3531 1779 3598 diligetur
1806 3542 1836 3580 a
1867 3528 1958 3580 Pa-

408 3643 479 3685 tre
505 3649 616 3687 meo
643 3649 655 3682 :
686 3641 741 3684 et
771 3645 872 3696 ego
908 3628 1122 3696 diligam
1151 3640 1294 3688 eum,
1327 3633 1382 3676 et
1420 3620 1772 3675 manifestaho
1795 3619 1957 3672 cime

407 3725 584 3790 ipsum.
615 3723 746 3776 Dicit
771 3722 821 3774 ei
853 3720 1037 3783 .Iudas,
1067 3733 1172 3771 non
1220 3717 1311 3770 ille
1334 3720 1350 3737 '
1381 3714 1638 3770 Scariotis
1666 3732 1678 3767 :
1713 3713 1952 3776 Domine;

405 3817 553 3882 quid'
578 3818 810 3870 facturus
849 3828 929 3876 es,
961 3812 1080 3880 quia
1133 3810 1286 3864 nobis
1333 3808 1762 3862 manifestaturus
1800 3820 1858 3860 es
1903 3815 1953 3858 te

405 3907 583 3973 ipsum,
621 3917 675 3960 et
705 3921 810 3960 non
835 3903 1065 3958 mundo?
1093 3901 1388 3970 Respondit
1417 3900 1595 3960 Jesus,
1624 3909 1679 3953 et
1705 3899 1840 3952 dixit
1865 3898 1950 3952 ei:

409 3998 587 4066 Siquis
607 3997 772 4065 diligit
798 4011 904 4060 me,
937 4008 1238 4048 sermonem
1271 4007 1444 4046 meum
1483 3990 1736 4054 servabit,
1763 3997 1816 4042 et
1847 3989 1949 4042 Pa-

409 4095 482 4139 ter
513 4104 653 4142 meus
680 4088 866 4156 diliget
889 4101 1042 4151 eum;
1074 4095 1126 4137 et
1155 4084 1222 4137 ad
1252 4099 1372 4137 eum
1405 4082 1697 4140 veniemus.
1729 4091 1783 4134 et
1806 4093 1950 4132 man-

408 4180 590 4234 sionem
613 4181 750 4249 apud
773 4194 894 4234 eum
928 4179 1203 4232 faciemus.
1237 4177 1335 4240 Qui
1368 4192 1472 4229 nun
1501 4175 1671 4244 diligit
1699 4189 1802 4242 me,
1831 4188 1948 4227 ser-

407 4283 576 4323 mones
602 4285 748 4324 meos
793 4285 895 4322 non
923 4277 1121 4322 servat.
1165 4268 1230 4320 Et
1269 4280 1570 4321 sermonem
1602 4281 1758 4333 quem
1801 4265 1950 4318 audi-

405 4360 511 4420 stis,
551 4376 650 4414 non
692 4369 776 4413 est
819 4373 988 4422 meus,
1034 4338 1128 4413 seti
1165 4358 1281 4421 ejus
1310 4357 1400 4425 qui
1452 4356 1598 4411 misit
1639 4371 1722 4409 me
1755 4356 1946 4410 Patris.

404 4445 516 4502 Haec
541 4450 738 4505 locutus
767 4465 882 4503 sum
925 4449 1096 4512 vobis,
1127 4450 1264 4512 apud
1293 4463 1386 4502 vos
1415 4462 1654 4500 manens.
1702 4445 1945 4500 Paracle-

1175 301 1752 362 EVANCEUCARUM
1793 299 2289 354 liARMONiAliL‘M
2331 297 2622 352 L‘iTEliPKi
2635 298 2897 352 ETATlU.

3549 297 3578 350 ὗ

3593 300 3663 350 2r

2611 415 2780 466 CAN.
2795 413 2836 465 Τ
2877 414 3095 466 CLVI”.

2203 505 2338 557 Dicit
2369 505 2632 572 discipulis
2663 505 2767 556 suis
2801 521 2817 556 :
2849 505 2946 566 Qui
2973 507 3092 572 quid
3123 506 3286 568 habet,
3315 505 3526 576 hujuli'l.

2145 595 2276 651 Luc.
2306 611 2433 660 χιιι,
2475 597 2656 649 55-58.
2704 597 2764 647 lit
2808 594 2940 648 dixit
2975 598 3055 648 eis
3089 616 3100 649 :
3131 597 3351 661 Quando
3393 598 3511 649 misi
3554 611 3648 648 vos

2073 687 2189 740 sine
2215 688 2426 739 sacculo
2474 696 2526 738 et
2560 700 2678 752 pera
2731 695 2784 738 et
2827 685 3223 749 calceamentis,
3268 686 3507 753 nunquid
3551 687 3651 738 ali-

2072 775 2199 842 quid
2227 775 2394 828 defuit
2416 774 2604 827 vobis'i
2640 775 2708 828 At
2733 775 2804 826 illi
2844 776 3094 828 dixerunt
3119 791 3134 830 :
3161 775 3319 828 Nihil.
3354 776 3493 828 Dixit
3521 791 3649 842 ergo

2073 867 2188 919 eis:
2223 866 2324 920 Sed
2353 880 2490 917 nunc
2521 867 2605 930 qui
2657 865 2814 918 habet
2853 866 3144 927 sacculum,
3190 866 3369 929 tollat;
3401 865 3649 918 similiter

2072 964 2125 1008 et
2153 971 2332 1024 peram
2360 972 2370 1007 :
2397 964 2450 1008 et
2493 956 2584 1022 qui
2621 971 2721 1006 non
2755 957 2931 1016 habet,
2959 955 3154 1007 vendat
3194 955 3426 1006 tunicam
3473 969 3646 1015 suam,

2072 1055 2128 1100 et
2152 1056 2292 1100 emat
2324 1044 2580 1112 gladium.
2617 1044 2742 1096 Dico
2768 1049 2782 1066 ‘
2806 1055 2982 1097 autem
3015 1047 3167 1099 vobis
3189 1045 3438 1114 quoniam
3474 1044 3648 1096 adhuc

2072 1138 2241 1206 ‘quod
2273 1139 2525 1204 seriptutu
2556 1148 2655 1198 est,
2684 1149 2893 1205 oportet
2918 1140 3122 1208 itltpieri
3151 1141 3202 1192 in
3236 1153 3351 1192 me:
3379 1139 3476 1190 ΕΓ
3507 1139 3645 1207 quod

2071 1244 2190 1283 eum
2221 1229 2428 1296 injustis
2451 1229 2734 1297 deputatus
2768 1231 3002 1301 est(lsa.
3038 1219 3166 1292 Llll;
3191 1229 3297 1298 i2).
3335 1229 3541 1282 Etenim
3583 1245 3646 1283 ea

2070 1337 2186 1392 qua:
2215 1331 2336 1375 sunt
2356 1321 2423 1373 de
2446 1337 2546 1386 me,
2576 1323 2733 1373 linem
2773 1323 2986 1376 habent.
3019 1322 3087 1375 At
3114 1323 3186 1376 illi
3217 1323 3506 1376 dixerunt:
3539 1323 3642 1374 Do-

2071 1411 2232 1474 mine,
2268 1428 2389 1465 ecce
2421 1414 2523 1463 duo
2546 1414 2704 1482 gladii
2731 1413 2833 1464 hic.
2861 1419 2927 1465 At
2951 1413 3041 1464 ille
3065 1412 3193 1466 dixit
3229 1413 3305 1466 eis
3333 1430 3344 1464 :
3372 1413 3515 1466 Satis
3537 1422 3641 1464 est.

2070 1503 2312 1557 —-J0x.v.
2364 1518 2467 1564 xiv,
2507 1504 2592 1556 5|.
2650 1504 2881 1571 Surgite,
2919 1518 3103 1555 eamus
3143 1502 3286 1555 hinc.
3326 1530 3395 1542 --
3427 1503 3640 1556 MATTII.

2071 1608 2216 1655 xxvr,
2249 1595 2348 1655 30;
2385 1591 2511 1645 Luc.
2553 1607 2682 1656 xxtt,
2723 1593 2811 1647 59.
2862 1593 2923 1644 Et
2966 1597 3165 1661 hymno
3196 1593 3358 1656 dicto,
3397 1591 3644 1646 exierunt

2069 1683 2360 1738 secundum
2395 1684 2928 1757 consuetudinemth
2961 1693 3196 1737 montem
3235 1682 3446 1749 Oliveti,
3486 1693 3644 1737 etse-

1995 1788 2042 1845 Β
2069 1775 2172 1828 cuti
2210 1781 2330 1827 sunt
2358 1772 2501 1825 iilum
2526 1772 2794 1840 discipuli.

2635 1910 2863 1966 CAPUT
2900 1911 3079 1966 CLIX.

2208 1999 2358 2054 Iesus
2400 2001 2563 2054 dicit:
2591 2003 2700 2073 Ego
2729 2020 2840 2056 sum
2871 2005 3009 2068 vitis,
3049 2013 3097 2057 et
3129 2019 3216 2057 vos
3236 2003 3490 2073 palmites.

2135 2115 2285 2167 Jun.
2317 2131 2404 2179 xv,
2437 2116 2576 2169 l-27.
2624 2117 2757 2169 Dicit
2789 2119 3037 2187 eiergo
3079 2134 3193 2171 sum
3235 2118 3354 2170 vitis
3386 2132 3531 2181 vera,
3579 2126 3637 2168 et

2068 2203 2221 2256 Pater
2243 2219 2390 2256 meus
2414 2207 2642 2273 agricnla
2665 2215 2765 2258 est.
2798 2209 3021 2262 Omnem
3049 2209 3319 2274 palmitem
3347 2208 3395 2259 in
3421 2223 3504 2258 me
3531 2220 3638 2258 non

2067 2292 2321 2346 ferentem
2374 2294 2622 2355 fructum,
2669 2295 2814 2347 tollet
2859 2311 2978 2348 eum
3015 2308 3108 2349 ενι
3149 2311 3359 2347 omnem
3408 2295 3492 2357 qui
3537 2295 3641 2346 fort

2068 2380 2315 2449 fructum,
2349 2384 2592 2453 purgabit
2615 2388 2653 2447 ',
2687 2395 2740 2436 ut
2772 2385 2995 2437 fructmn
3035 2387 3149 2453 plus
3176 2385 3378 2439 ali‘erat.
3406 2384 3520 2437 Jam
3545 2400 3639 2435 vos

2066 2471 2247 2524 mundi
2272 2473 2402 2524 estis
2425 2483 2639 2540 propter
2668 2485 2968 2528 sermonem
2995 2491 3152 2542 quem
3179 2478 3382 2528 locutus
3405 2491 3520 2528 sum
3547 2489 3640 2527 vo-

2068 2559 2169 2614 bis.
2201 2562 2404 2615 Manete
2429 2561 2478 2614 in
2509 2577 2614 2625 me,
2653 2573 2704 2617 et
2728 2578 2825 2632 ego
2851 2564 2903 2618 in
2939 2567 3109 2619 vobis.
3136 2567 3280 2618 Sicut
3306 2565 3506 2632 palmes
3534 2580 3639 2617 non

2068 2659 2242 2720 potest
2285 2654 2421 2708 ferre
2452 2653 2675 2708 fructum
2723 2672 2749 2707 a
2793 2659 3101 2724 seme'ipso,
3143 2657 3245 2711 nisi
3265 2657 3543 2738 .manserit
3587 2656 3641 2709 in

2067 2749 2194 2809 vit",
2238 2744 2311 2796 sic
2342 2757 2438 2797 nec
2467 2760 2579 2809 vos,
2611 2746 2709 2798 nisi
2733 2746 2784 2799 in
2814 2762 2898 2800 me
2929 2748 3248 2802 manseritis.
3281 2747 3389 2816 Ego
3414 2762 3532 2802 sum
3563 2747 3644 2799 vi—

2067 2835 2154 2897 tis,
2193 2850 2286 2887 vos
2314 2837 2577 2904 palmites.
2607 2837 2704 2901 Qui
2735 2848 2911 2891 manet
2945 2839 2995 2891 in
3025 2854 3131 2902 me,
3155 2849 3208 2891 et
3235 2853 3332 2908 ego
3363 2839 3412 2891 in
3445 2853 3528 2898 eo,
3554 2836 3641 2890 hic

2067 2925 2167 2980 t'ert
2197 2927 2424 2981 fructum
2459 2932 2680 2982 multum
2710 2945 2724 2983 ξ
2757 2930 2877 2995 quia
2907 2931 3021 2984 sine
3052 2945 3136 2984 me
3164 2930 3292 2983 nihil
3320 2930 3537 2998 poreStis
3561 2928 3640 2983 fa-

2065 3030 2208 3090 cere.
2251 3019 2304 3072 Si
2355 3020 2474 3087 quis
2521 3021 2571 3072 in
2618 3035 2702 3074 me
2747 3037 2850 3072 non
2901 3022 3174 3087 manserit,
3224 3023 3464 3074 mittetur
3494 3021 3638 3074 foras

2067 3109 2202 3161 sicut
2247 3112 2470 3178 palmes,
2522 3120 2575 3163 et
2621 3122 2844 3174 arescet,
2889 3122 2943 3166 et
2989 3115 3242 3183 colligent
3288 3130 3432 3179 eum,
3485 3124 3538 3168 et
3581 3115 3636 3167 in

2067 3201 2240 3268 ignem
2286 3203 2516 3264 mittent,
2548 3213 2600 3255 et
2623 3204 2640 3222 ‘
2679 3205 2908 3260 ardebit.
2939 3205 2991 3258 Si
3035 3206 3336 3259 manseritis
3369 3205 3420 3258 in
3452 3220 3555 3269 ine,
3584 3214 3639 3256 et

2065 3294 2224 3347 verba
2259 3310 2371 3346 mea
2403 3296 2451 3346 in
2489 3295 2638 3350 vobis
2678 3299 2988 3360 manserint,
3017 3299 3367 3366 quodcunque
3400 3295 3635 3352 volueri-

2067 3383 2153 3446 tis,
2187 3386 2398 3451 ρειυῑίς,
2430 3395 2482 3438 et
2513 3385 2602 3438 fiet
2642 3387 2812 3439 vobis.
2851 3389 2902 3440 in
2929 3388 3028 3441 hoc
3066 3389 3386 3443 clarificatus
3426 3399 3506 3442 est
3536 3389 3633 3441 Pa-

2063 3481 2145 3527 ter
2171 3489 2340 3538 meus,
2384 3486 2440 3528 ut
2471 3476 2697 3528 fructum
2736 3478 3019 3545 plurimmn
3059 3478 3310 3539 ati‘eratis,
3354 3489 3406 3532 et
3437 3479 3636 3532 efficia-

2062 3565 2189 3642 ηιίμί
2223 3567 2322 3617 mei
2352 3564 2615 3634 discipuli.
2644 3566 2790 3619 Sicut
2818 3567 3004 3620 dilexit
3033 3583 3116 3621 me
3141 3568 3316 3632 Pater,
3348 3576 3402 3620 et
3429 3583 3527 3637 ego
3545 3568 3629 3619 di-

2060 3653 2165 3708 lexi
2194 3669 2308 3706 vos.
2342 3656 2553 3710 Manete
2580 3657 2630 3709 in
2655 3657 2942 3710 dilectione
2965 3673 3102 3712 mea.
3137 3657 3191 3710 Si
3218 3668 3484 3725 pra-cepta
3514 3670 3630 3709 mea

2057 3746 2424 3811 servaveritis,
2471 3747 2752 3804 manebitis
2799 3748 2851 3799 in
2894 3748 3182 3801 dilectiOne
3213 3762 3326 3800 mea
3361 3747 3536 3799 :sicut
3578 3756 3634 3800 et

2055 3849 2156 3904 ego
2181 3847 2442 3901 prtccepta
2490 3835 2658 3887 Patris
2695 3838 2794 3889 mei
2837 3836 3069 3899 SCTVJVi,
3110 3845 3163 3889 ct
3204 3849 3393 3888 maneo
3427 3835 3476 3886 in
3512 3834 3630 3902 ejus

2055 3923 2360 3976 dilectione.
2387 3923 2511 3978 lltcc
2537 3925 2741 3976 locutus
2768 3940 2882 3977 sum
2900 3925 3020 3978 vobi
3056 3964 3072 3990 ,
3097 3933 3153 3977 ut
3175 3924 3418 3989 gaudium
3450 3939 3624 3976 meum
3698 3954 3706 3960 -

2057 4013 2108 4066 in
2141 4012 2288 4065 vobis
2315 4012 2403 4075 sit,
2427 4022 2479 4065 et
2519 4012 2765 4080 gaudium
2796 4023 3025 4067 vestrum
3057 4015 3359 4082 impleatur.
3406 4014 3512 4065 Hoc
3545 4022 3631 4065 est

2055 4111 2376 4170 praeceptum
2393 4117 2588 4165 mrum,
2603 4115 2656 4155 ut
2674 4103 2904 4173 diligatis
2919 4104 3164 4164 invicem,
3185 4102 3622 4156 sicutdilexivos.

2054 4192 2305 4260 Majorem
2351 4193 2448 4245 hac
2478 4192 2816 4247 dilectionem
2860 4186 3016 4247 nemo
3063 4194 3248 4259 habet,
3295 4202 3348 4246 ut
3389 4194 3622 4245 animum

2052 4299 2200 4338 suam
2220 4294 2380 4350 ponat
2401 4285 2518 4352 quis
2551 4299 2644 4352 pro
2665 4285 2854 4358 amicis
2875 4287 3004 4340 suis.
3031 4286 3137 4340 Vos
3160 4286 3314 4339 amici
3345 4284 3448 4338 mei
3471 4285 3624 4345 estis,

2051 4376 2093 4427 si
2120 4373 2346 4428 feceritis
2362 4390 2480 4442 qua:
2501 4390 2601 4443 ego
2621 4377 2870 4444 praccipio
2885 4379 3057 4430 vobis.
3076 4377 3190 4432 Jam
3213 4393 3316 4430 nun
3339 4377 3512 4429 dicam
3529 4391 3624 4428 vos

2051 4479 2254 4529 servos,
2288 4469 2406 4534 quia
2435 4481 2623 4520 servus
2652 4469 2820 4522 nescit
2849 4470 2974 4538 quid
3014 4470 3168 4524 faciat
3199 4470 3446 4524 dominus
3481 4453 3618 4536 ejus.

404 4543 481 4588 tus
506 4549 669 4592 autem
715 4538 948 4607 Spiritus
991 4548 1226 4602 sanctus,
1269 4553 1427 4604 quem
1475 4537 1646 4589 mittet
1695 4538 1852 4590 Pater
1893 4537 1944 4588 in

2064 4554 2160 4606 Vos
2201 4565 2374 4608 autem
2404 4555 2510 4608 dixi
2555 4556 2778 4622 amicos,
2811 4559 2932 4625 quia
2963 4559 3141 4612 omnia
3169 4574 3494 4626 qua-cunque
3529 4573 3627 4610 au-

399 4627 596 4684 nomine
623 4643 764 4694 meo,
793 4628 881 4682 ille
908 4643 1002 4681 vos
1028 4627 1241 4682 docebit
1272 4627 1473 4692 omnia,
1502 4636 1557 4680 et
1579 4633 1829 4695 suggeret
1856 4640 1949 4677 vo-

396 4715 472 4772 bis
494 4723 657 4774 omnia
689 4733 1022 4789 quatcunque
1058 4719 1243 4772 dixero
1281 4717 1448 4771 vobis.
1484 4718 1672 4770 Pacem
1709 4714 1948 4784 relinquo

392 4811 551 4874 vobis,
587 4829 766 4880 pacem
810 4825 982 4866 meam
1024 4809 1286 4864 do-vobis
1313 4826 1326 4863 :
1354 4823 1460 4862 non
1506 4807 1774 4876 quomodo
1803 4823 1948 4859 mun-

391 4901 484 4952 dus
509 4901 611 4966 dat,
644 4918 742 4972 ego
789 4902 860 4955 do
905 4901 1073 4955 vobis.
1126 4900 1238 4953 Non
1291 4899 1532 4952 turbetur
1574 4913 1665 4952 cor
1688 4906 1946 4961 vestrum,

393 5002 552 5057 neque
581 4992 846 5045 formidet.
887 4990 1123 5045 Audistis
1149 4992 1271 5059 quia
1301 5003 1405 5059 ego
1429 4988 1539 5041 dixi
1561 4988 1708 5042 Vobis
1739 5005 1751 5041 :
1779 4987 1946 5050 Vado,

390 5089 444 5131 et
473 5085 621 5134 venio
649 5085 716 5136 ad
758 5100 872 5136 vos.
921 5085 976 5137 Si
1001 5083 1258 5150 'diligitis
1310 5098 1417 5145 me,
1454 5082 1696 5150 gaudetis
1744 5081 1944 5148 utique,

391 5175 502 5236 quia
532 5175 661 5228 vado
687 5174 750 5227 ad
783 5174 992 5227 Patrem
1021 5192 1033 5227 :
1065 5178 1184 5244 quia
1231 5177 1386 5230 Pater
1429 5174 1596 5242 major
1623 5188 1709 5227 me
1749 5184 1850 5227 esu
1885 5174 1947 5225 [ut

393 5279 522 5316 nunc
549 5267 652 5319 dixi
681 5267 832 5320 vobis
853 5270 1156 5337 priusquam
1181 5270 1293 5335 liat,
1315 5279 1371 5323 ut
1392 5284 1511 5323 cum
1537 5269 1730 5322 factum
1766 5267 1944 5338 fuerit,
1983 5259 2002 5272 °

391 5355 624 5410 credatis.
677 5357 794 5411 Jam
849 5374 952 5411 non
999 5363 1158 5413 multa
1211 5361 1392 5428 loquar
1441 5361 1710 5414 vobiscum
1757 5363 1944 5415 :venit

387 5445 518 5497 enim
567 5453 814 5517 princeps
864 5448 1020 5518 hujus
1056 5453 1260 5514 rnuudi,
1305 5464 1359 5505 et
1401 5453 1454 5506 in
1498 5466 1583 5506 me
1632 5467 1736 5504 non
1781 5454 1941 5506 habet

390 5537 659 5604 quidquam
703 5555 717 5592 :
759 5540 853 5592 sed
899 5552 954 5592 ut.
1001 5552 1286 5611 cognoscat
1334 5544 1564 5597 mundus
1610 5544 1728 5612 quia
1771 5545 1940 5613 diligo

391 5628 607 5692 Patrem,
651 5647 702 5684 et
747 5634 884 5686 sicut
930 5635 1231 5687 mandatum
1275 5635 1424 5688 dedit
1464 5636 1588 5688 mihi
1638 5637 1810 5700 Pater,
1864 5637 1942 5691 sic

391 5718 458 5770 {at
468 5736 529 5772 to.

2031 4641 2154 4715 ‘divi
2184 4657 2212 4695 a
2243 4644 2398 4697 Patre
2427 4658 2568 4708 meo,
2599 4655 2721 4698 nota
2750 4646 2849 4700 feci
2891 4648 3058 4702 vobis.
3085 4649 3199 4700 Non
3228 4664 3320 4701 vos
3352 4664 3436 4700 me
3460 4649 3624 4714 elegi-

2050 4733 2168 4797 stis,
2205 4734 2294 4787 sed
2342 4749 2441 4802 ego
2481 4735 2614 4799 elegi
2647 4749 2774 4798 vos;
2844 4743 2898 4789 et
2929 4737 3078 4802 posui
3107 4751 3220 4801 vos,
3278 4749 3333 4789 ut
3373 4739 3525 4798 eatis,
3568 4748 3623 4789 et

2052 4824 2279 4877 fruetum
2333 4827 2604 4890 aii'eratis,
2671 4835 2724 4880 et
2775 4827 2971 4880 fruetus
3027 4838 3205 4882 venter
3257 4839 3469 4881 maneat
3517 4840 3622 4883 :ttt

2051 4915 2402 4984 quodcunque
2435 4919 2694 4985 petieritis
2741 4918 2947 4973 Patrem
2976 4920 3026 4972 in
3072 4919 3288 4973 nomine
3337 4935 3488 4984 meo,
3534 4921 3625 4973 det

2055 5007 2227 5060 vobis.
2263 5006 2385 5061 litec
2434 5011 2628 5063 mando
2672 5011 2854 5077 vobis,
2901 5020 2970 5064 ιιι·
2993 5011 3226 5080 diligatis
3279 5012 3523 5065 invicem.
3567 5013 3622 5066 Si

2060 5100 2286 5152 mundus
2316 5117 2408 5154 vos
2438 5105 2578 5168 odit,
2609 5107 2798 5159 scitote
2817 5108 2936 5175 quia
2960 5122 3043 5160 me
3067 5105 3298 5177 priorem
3327 5105 3476 5158 vobis
3499 5104 3624 5157 odio

2055 5191 2255 5244 habuit.
2300 5193 2354 5248 Si
2399 5195 2466 5248 de
2513 5197 2709 5249 mundo
2753 5199 3006 5267 fuissetis,
3041 5199 3269 5254 mundus
3298 5197 3436 5266 quod
3468 5211 3622 5248 suum

2051 5290 2182 5344 erat,
2217 5281 2496 5350 diligeret:
2527 5286 2665 5352 qui.
2684 5303 2810 5342 vero
2839 5293 2906 5343 de
2937 5291 3137 5344 mundo
3188 5306 3289 5343 non
3337 5289 3497 5348 e-iiS.
3530 5289 3622 5339 sed

2053 5385 2150 5438 ego
2180 5371 2313 5438 elegi
2348 5385 2439 5424 vos
2467 5373 2533 5426 de
2561 5376 2781 5440 mundo,
2813 5391 3091 5448 propterea
3116 5381 3228 5434 odit
3256 5395 3348 5432 vos
3371 5377 3620 5430 mundus.

2053 5463 2370 5516 Mementote
2389 5465 2654 5520 sermonis
2687 5468 2812 5532 mei,
2845 5486 3002 5537 quem
3025 5488 3124 5540 ego
3152 5474 3258 5527 dixi
3292 5473 3476 5524 vobis:
3504 5469 3620 5522 Non

2049 5565 2129 5607 est
2157 5568 2344 5607 servus
2374 5553 2544 5623 major
2573 5556 2792 5611 domino
2819 5575 2936 5614 suo.
2970 5562 3023 5616 Si
3056 5578 3140 5615 me
3168 5568 3429 5631 persecuti
3472 5573 3617 5630 sunt,

2051 5655 2107 5700 ct
2138 5658 2230 5697 vos
2261 5657 2669 5714 persequentur:
2724 5650 2766 5720 si
2817 5665 3119 5706 sermonem
3167 5672 3339 5709 meum
3372 5672 3618 5710 servaveo

2058 5747 2200 5801 runt,
2227 5741 2280 5790 et
2309 5749 2542 5792 vestrum
2576 5743 2881 5797 servabunt.
2916 5745 3014 5797 Sed
3068 5757 3075 5794 ‘.
3102 5761 3177 5800 acc
3221 5765 3287 5799 on
3312 5751 3394 5802 nia
3426 5752 3488 5803 fa:
3510 5753 3618 5804 ient
