4026 6196
343 220 444 272 3ιῦ

1472 214 1779 291 VICTORIS
1822 216 2120 273 EPZSCUPl
2161 215 2453 270 CAPUANI

3489 215 3594 268 5H

343 333 493 385 vobis
538 341 744 399 promer
780 344 971 382 nomen
1001 344 1204 383 meum:
1242 328 1359 395 quia
1411 329 1650 381 nesciunt
1680 343 1798 380 eum
1822 327 1907 393 qui
1939 330 1989 385 Α
2018 326 2157 378 dabit
2190 326 2358 378 vobis.
2391 327 2571 395 Usque
2610 324 2765 378 modo
2800 340 2902 377 non
2954 326 3188 391 petiistis
3220 324 3503 393 quidquam
3547 329 3598 380 in

348 424 486 475 misit
518 438 622 473 me.
662 420 717 473 Si
757 436 860 472 non
893 420 1179 482 venissem,
1229 428 1284 474 et
1328 420 1535 471 locutus
1567 419 1778 472 fuissem
1806 434 1910 479 es,

347 523 619 577 percuti-nt
663 530 766 565 non
808 512 1096 567 biberent:
1130 528 1267 566 nime
1306 523 1480 565 autem
1512 512 1911 565 excusationem

346 621 448 657 non
483 604 676 657 habent
706 605 771 656 de
803 615 1020 670 peccato
1048 619 1166 657 suo.
1200 603 1297 669 Qui
1330 619 1413 655 me
1443 604 1587 667 odit,
1620 612 1674 656 et
1704 601 1914 655 Patrem

348 712 521 750 tm-um
550 697 677 748 odit.
714 695 767 748 Si
798 711 960 762 opera
1004 709 1108 747 non
1136 694 1376 748 fecissem
1408 696 1456 745 in
1483 694 1562 747 eis
1591 708 1707 757 qua:
1759 709 1917 745 nemo

347 789 481 841 alius
528 788 671 854 fecit,
727 796 999 854 peccatum
1034 802 1138 839 non
1168 785 1460 838 haberem:
1493 800 1629 838 nunc
1657 794 1831 838 autem
1859 796 1913 835 et

349 876 628 942 viderunt,
661 886 715 932 et
740 879 972 933 oderunt
1017 887 1070 931 et
1112 892 1199 931 me
1248 887 1303 930 et
1331 877 1540 930 Patrem
1580 892 1778 930 meum.
1808 878 1912 931 Sed

346 984 398 1023 ut
434 972 715 1033 impleatur
748 985 925 1025 sermo
971 970 1058 1038 qui
1103 970 1153 1023 in
1184 969 1298 1038 lege
1327 984 1510 1023 eorum
1541 969 1767 1035 scriptus
1792 978 1870 1020 est
1897 986 1909 1020 :

344 1061 474 1126 Quia
505 1063 626 1114 odio
651 1062 949 1114 habuerunt
980 1075 1062 1114 me
1084 1053 1909 1129 gratis(Psat.xxxrv,i9).Cum

344 1162 517 1205 autem
554 1154 756 1205 venerit
786 1152 1115 1213 Paracletus,
1148 1167 1301 1219 quem
1344 1166 1443 1219 ego
1472 1150 1675 1202 mittam
1708 1148 1854 1202 vobis
1882 1163 1911 1200 a

346 1244 522 1307 Patre,
558 1244 811 1312 Spiritum
863 1243 1102 1296 veritatis
1149 1243 1236 1309 qui
1276 1257 1303 1294 a
1349 1244 1502 1295 Patre
1534 1239 1793 1309 procedit,
1827 1241 1914 1294 ille

346 1334 703 1387 test‘mmiium
739 1332 1037 1401 perhibehit
1064 1332 1131 1386 de
1184 1347 1269 1384 me
1301 1348 1313 1383 :
1355 1341 1407 1384 et
1438 1346 1532 1385 ves
1555 1330 1914 1385 testimonium

346 1428 689 1497 [ιονι-Ιιίὺρὶιῐιίε
708 1467 723 1491 ,
752 1426 871 1495 quia
893 1426 961 1480 ab
984 1425 1131 1480 initio
1154 1442 1356 1481 mecum
1379 1426 1768 1481 estis—10m.
1794 1442 1879 1479 xvi
1902 1466 1915 1488 ,

348 1520 514 1573 1-55.
542 1518 664 1572 llaec
686 1518 894 1572 locutus
919 1532 1034 1571 sum
1060 1519 1230 1585 vobis,
1258 1528 1312 1572 ut
1335 1535 1438 1572 non
1467 1520 1917 1574 scaudalizemini.

352 1610 568 1678 Absque
582 1611 863 1679 synagogis
882 1611 1076 1667 facient
1095 1625 1207 1665 vos.
1226 1611 1328 1665 Sed
1349 1611 1491 1665 venit
1508 1612 1658 1674 hora,
1676 1620 1731 1665 ut
1749 1626 1831 1664 cm
1843 1612 1922 1664 nis

2026 418 2239 470 nomine
2268 434 2407 470 meo.
2446 417 2611 471 l’etite
2640 430 2689 470 et
2715 416 3007 483 accipietis,
3028 418 3347 486 utgaudium
3367 430 3597 472 vestrum

2026 510 2237 573 pleumn
2272 510 2361 562 sit.
2394 510 2517 564 llaec
2564 510 2616 563 in
2669 511 2961 577 proverbiis
3005 510 3211 564 loculus
3259 526 3376 564 smn
3428 514 3596 565 νυιιὶ-.

2029 600 2183 653 Velut
2212 603 2340 653 hora
2374 614 2493 653 cum
2521 601 2631 667 jam
2663 617 2766 655 non
2799 602 2849 654 in
2883 602 3178 670 proverbiis
3209 604 3393 669 loquar
3423 607 3598 669 vobis,

2022 691 2116 742 sed
2147 690 2315 754 palam
2348 690 2417 743 de
2448 692 2604 743 Patre
2630 692 2956 745 annuntiaho
2989 694 3163 745 vobis.
3197 693 3290 746 lllo
3319 693 3406 748 die
3433 713 3479 748 ιιι
3505 714 3597 750 no—

2025 781 2165 833 mine
2191 798 2309 836 meo
2337 784 2548 848 potetis.
2583 783 2647 836 Et
2677 797 2780 836 non
2804 788 2923 836 dico
2954 784 3101 839 vobis
3121 786 3246 853 quia
3286 802 3383 855 ego
3408 790 3601 855 ιλιιςεώυ

2025 874 2233 927 Patrem
2258 874 2325 927 de
2349 874 2500 927 vobis
2525 891 2539 925 :
2576 877 2687 941 ipse
2715 874 2855 926 enim
2880 874 3037 928 Pater
3063 886 3207 929 amat
3229 891 3341 939 vos,
3368 879 3487 945 quia
3510 893 3603 931 vos

2025 981 2110 1021 tne
2159 966 2397 1029 amastis,
2450 976 2501 1019 et
2549 966 2856 1018 credidistis
2904 965 3026 1033 quia
3082 981 3182 1033 ego
3219 981 3248 1018 a
3291 967 3398 1020 Deo
3437 967 3598 1020 exivi.

2027 1057 2171 1110 Exivi
2199 1070 2227 1108 a
2258 1056 2436 1119 Patre,
2466 1065 2522 1110 et
2553 1057 2670 1110 veni
2700 1056 2755 1109 in
2792 1054 3048 1109 mundum
3077 1073 3089 1108 :
3122 1057 3311 1111 iterum
3362 1058 3604 1125 relinquo

2023 1149 2299 1212 mundum,
2339 1156 2394 1203 et
2425 1148 2559 1201 vado
2613 1149 2679 1202 ad
2735 1149 2967 1203 Patrem.
3018 1148 3211 1203 Dicunt
3236 1151 3285 1204 ei
3317 1149 3600 1216 discipuli:

2025 1239 2166 1293 Ecce
2209 1255 2349 1293 nunc
2401 1240 2570 1306 palam
2615 1240 2870 1308 loqueris,
2913 1248 2970 1294 et
3015 1243 3353 1308 proverbium
3398 1245 3599 1296 nullout

2026 1329 2181 1381 dicis.
2216 1329 2363 1383 Nunc
2388 1331 2586 1383 scimus
2617 1330 2741 1398 quia
2769 1330 2874 1384 scis
2903 1335 3104 1396 omnia,
3136 1343 3191 1387 et
3225 1349 3330 1387 non
3359 1345 3444 1388 est
3470 1350 3601 1399 eius

2026 1419 2141 1485 tibi,
2176 1428 2233 1473 ut
2275 1420 2396 1487 quis
2440 1430 2490 1473 te
2522 1421 2843 1490 interroget:
2872 1423 2928 1476 in
2960 1423 3062 1477 hoc
3089 1423 3359 1478 credimus
3381 1465 3395 1488 ,
3421 1425 3541 1493 quia
3571 1442 3601 1479 ι

2026 1512 2136 1566 Deo
2164 1512 2361 1566 exiisti.
2384 1512 2673 1580 Respondit
2700 1515 2778 1569 eis
2801 1514 2953 1570 .lesus
2981 1534 2992 1569 :
3020 1517 3173 1572 Modo
3192 1519 3446 1574 creditis?
3467 1520 3603 1575 Ecce

2025 1602 2170 1657 venit
2193 1604 2344 1668 hora,
2367 1611 2423 1658 et
2440 1603 2549 1672 jam
2568 1606 2733 1672 venit,
2754 1616 2811 1659 ut
2832 1606 3213 1677 dispergamini
3237 1611 3599 1678 unusquisque

346 1701 435 1768 qui
462 1700 709 1755 interﬁcit
736 1716 829 1754 vos
851 1743 864 1764 ,
911 1702 1200 1756 arbitretur
1227 1702 1542 1772 obsequium
1571 1717 1630 1757 se
1665 1712 1918 1770 praeSIare
1950 1693 1994 1750 B
2023 1694 2073 1748 in
2106 1698 2315 1764 propria
2336 1737 2349 1760 ,
2395 1705 2451 1751 et
2480 1712 2565 1752 me
2617 1697 2796 1753 solum
2843 1700 3169 1771 relinquatis
3198 1716 3212 1752 :
3247 1709 3304 1755 et
3346 1715 3450 1755 non
3482 1717 3600 1755 sum

352 1790 482 1844 Deo.
510 1789 576 1843 Et
600 1790 714 1845 haec
740 1791 934 1845 facient
957 1792 1124 1855 vobis,
1145 1793 1267 1859 quia
1288 1808 1391 1846 non
1412 1802 1671 1847 noverunt
1688 1792 1913 1857 Patrem,

352 1896 525 1950 neque
545 1896 648 1936 me.
667 1881 770 1939 Sed
790 1884 901 1937 haac
931 1882 1137 1937 locutus
1167 1897 1282 1937 sum
1305 1882 1408 1937 vob
1431 1896 1475 1943 s.
1502 1891 1688 1937 utcum
1714 1882 1919 1935 venerit

350 1974 505 2039 hora,
522 1988 707 2028 eorum
731 1973 1165 2039 reminiscamini,
1200 1974 1321 2042 quia
1343 1987 1442 2042 ego
1458 1972 1563 2027 dixi
1593 1972 1760 2028 vobis.
1795 1973 1918 2027 llaec

343 2074 524 2118 autem
553 2064 704 2118 vobis
734 2064 801 2119 ab
831 2063 984 2118 initio
1012 2079 1116 2119 non
1145 2063 1284 2130 dixi,
1308 2064 1431 2132 quia
1450 2063 1721 2125 vobiscum
1746 2077 1910 2117 eram.

347 2156 459 2208 ‘At
507 2168 647 2209 nunc
695 2155 831 2210 vado
873 2155 940 2209 ad
980 2170 1100 2209 eum
1132 2156 1220 2223 qui
1252 2170 1335 2209 me
1382 2154 1560 2208 misit:
1596 2162 1649 2208 et
1675 2169 1831 2209 nemo
1852 2168 1917 2208 ex

343 2243 495 2297 vobis
517 2244 805 2310 interrogat
835 2260 941 2312 me,
965 2244 1079 2310 Quo
1101 2244 1283 2298 vadis?
1310 2244 1412 2298 Sed
1430 2245 1549 2312 quia
1574 2244 1686 2297 IILBC
1708 2244 1916 2298 locutus

348 2349 467 2389 sum
501 2333 684 2399 vobis,
715 2334 923 2388 tristitia
974 2334 1214 2403 implevit
1243 2349 1335 2387 cor
1383 2346 1635 2388 vestrum.
1676 2334 1778 2388 Sed
1818 2348 1915 2403 ego

345 2424 624 2478 veritatem
655 2425 773 2478 dico
803 2424 981 2489 vobis,
1012 2425 1228 2494 expedit
1256 2426 1405 2479 vobis
1461 2436 1519 2480 ut
1568 2441 1667 2495 ego
1705 2426 1914 2479 vadam.

346 2514 401 2567 Si
432 2513 575 2568 enim
606 2530 711 2566 nun
743 2513 947 2578 abiero,
992 2513 1300 2568 Paracletus
1347 2529 1449 2568 non
1481 2516 1656 2568 veniet
1687 2513 1752 2567 ad
1787 2526 1913 2569 vos:

339 2602 383 2656 si
414 2612 586 2664 autem
618 2604 835 2671 abiero,
872 2603 1075 2658 mittam
1102 2620 1221 2659 eum
1244 2604 1309 2657 ad
1341 2618 1451 2659 vos.
1480 2604 1541 2659 Et
1568 2618 1686 2659 cum
1714 2603 1920 2658 venerit

343 2696 473 2764 ille,
519 2706 704 2766 arguet
748 2696 1004 2751 mundum
1033 2698 1099 2752 de
1129 2707 1377 2766 peccato,
1418 2705 1472 2751 et
1510 2696 1577 2751 de
1609 2697 1836 2766 justitia,
1864 2705 1918 2751 et

339 2785 406 2839 de
430 2785 653 2855 judicio.
688 2786 765 2841 De
828 2795 1046 2855 peccato
1095 2787 1334 2857 quidem,
1382 2788 1503 2856 quia
1563 2803 1667 2840 non
1702 2787 1716 2806 ‘
1748 2787 1919 2841 credit

343 2881 396 2932 in
424 2895 538 2934 me:
573 2880 638 2932 de
664 2879 867 2947 justitia
896 2895 1043 2945 vero,
1066 2881 1188 2951 quia
1217 2880 1282 2935 ad
1310 2879 1519 2934 Patrem
1546 2878 1681 2933 vado
1702 2920 1716 2945 ,
1741 2888 1792 2933 et
1804 2877 1915 2947 jam

256 3020 261 3023 .
340 2985 443 3023 non
490 2970 732 3024 videbitis
763 2985 877 3035 nte;
913 2971 981 3025 de
1021 2970 1222 3040 judicio
1249 2973 1287 3034 ',
1312 2970 1433 3038 quia
1484 2969 1728 3037 princeps
1760 2967 1915 3037 hujus

2019 1787 2193 1853 solus,
2216 1789 2338 1856 quia
2363 1788 2524 1843 Pater
2544 1804 2753 1844 mecum
2776 1799 2878 1845 est.
2897 1791 3024 1846 llaec
3051 1792 3257 1846 locutus
3283 1806 3401 1846 sum
3426 1792 3600 1857 vobis,

2021 1887 2076 1931 ut
2135 1878 2186 1931 in
2238 1894 2324 1933 me
2378 1894 2564 1947 pacem
2619 1879 2881 1936 habeatis.
2929 1881 2986 1936 ln
3043 1882 3245 1937 mundo
3295 1897 3597 1949 presserant

2020 1966 2285 2021 habebitis
2311 1984 2325 2019 :
2355 1967 2449 2021 sed
2478 1968 2732 2023 conﬁdite
2754 1984 2768 2023 :
2792 1982 2891 2035 ego
2922 1970 3023 2023 vici
3057 1970 3598 2025 mundum—Jour.

2018 2073 2149 2121 xvu,
2182 2058 2354 2113 1-26.
2391 2058 2517 2113 Haec
2546 2058 2753 2113 locutus
2783 2069 2867 2114 est
2909 2060 3095 2124 Jesus,
3129 2073 3182 2116 et
3222 2063 3512 2116 suhlevatis
3543 2064 3596 2117 in
3634 2062 3637 2065 ’

2017 2149 2210 2203 caelum
2233 2150 2424 2213 oculis,
2444 2149 2609 2203 dixit:
2628 2149 2806 2216 Pater,
2823 2152 2969 2205 venit
2991 2150 3141 2217 hora,
3158 2152 3389 2206 clarilica
3410 2153 3598 2207 Filium

2021 2248 2201 2304 tuum,
2251 2251 2307 2295 ut
2352 2241 2519 2296 Filius
2551 2250 2670 2295 tuus
2719 2242 2976 2297 clariﬁcet
3026 2254 3113 2297 te:
3164 2244 3298 2297 sicut
3327 2243 3519 2297 dedisti
3549 2247 3598 2299 ei

2020 2340 2334 2400 potestatem
2379 2332 2556 2386 omnis
2586 2334 2784 2394 ezrnis,
2822 2343 2878 2386 ut
2919 2348 3080 2388 omne
3109 2334 3248 2402 quod
3281 2334 3469 2388 dedisti
3512 2336 3595 2400 ei,

2017 2423 2109 2475 det
2146 2422 2222 2476 eis
2253 2423 2413 2475 vitam
2444 2432 2722 2491 αξιοι-ωιτη.
2764 2424 2887 2477 ΙΙωο
2913 2434 2992 2478 est
3023 2433 3199 2478 autem
3232 2426 3334 2477 vita
3364 2438 3563 2479 acterna
3583 2469 3597 2489 ,

2022 2522 2076 2563 ut
2105 2520 2434 2579 cognoscant
2460 2522 2511 2567 te
2539 2513 2709 2567 solum
2740 2513 2904 2567 Deum
2933 2523 3210 2577 verum,et
3230 2529 3385 2583 quem
3409 2516 3599 2569 misisti

2019 2601 2200 2656 Jesum
2219 2600 2514 2657 Christum.
2532 2604 2641 2673 Ego
2664 2614 2714 2658 te
2734 2604 3018 2658 clariﬁcavi
3041 2620 3200 2674 super
3220 2616 3413 2659 terram
3436 2626 3447 2656 :
3467 2622 3599 2675 opus

2019 2696 2385 2749 consummavi
2433 2696 2575 2765 quod
2624 2695 2815 2750 dedisti
2850 2696 2981 2750 mihi
3028 2706 3086 2750 ut
3122 2697 3332 2752 faciam.
3369 2697 3433 2752 Et
3460 2714 3599 2753 iiuuc

2019 2783 2258 2838 clariﬁca
2297 2799 2401 2850 me,
2447 2794 2499 2839 tu
2547 2785 2724 2853 Pater,
2769 2787 2905 2855 apud
2953 2788 3312 2857 temetipsum.
3354 2788 3598 2845 claritate

2019 2891 2179 2946 quam
2224 2878 2380 2933 habui
2410 2880 2715 2949 priusquam
2747 2882 2977 2936 mundus
3006 2894 3171 2948 esset,
3201 2884 3339 2952 apud
3372 2895 3444 2937 te.
3478 2885 3590 2938 Ma-

2021 2968 2267 3024 uifestavi
2300 2986 2493 3025 nomen
2548 2984 2692 3028 tuum
2724 2974 3048 3038 hominibus,
3082 2990 3215 3045 quos
3243 2976 3436 3029 dedisti
3468 2976 3595 3029 mihi

341 3061 525 3114 mundi
551 3065 567 3082 ‘
595 3062 862 3129 judicatus
888 3074 988 3116 eS'.
1023 3060 1212 3116 Adhuc
1243 3061 1404 3114 multa
1448 3059 1618 3112 habeo
1650 3059 1800 3113 vobis
1826 3059 1906 3111 di-
1942 3045 1987 3108 C
2018 3059 2084 3115 de
2108 3061 2328 3116 mundo.
2356 3062 2454 3117 Tui
2482 3075 2659 3129 erant,
2685 3076 2739 3119 et
2768 3066 2897 3120 mihi
2919 3080 3013 3131 eos
3033 3064 3262 3121 dedisti:
3294 3077 3347 3120 et
3387 3081 3595 3120 sermo-

339 3168 463 3207 ccre
497 3171 509 3205 :
539 3154 633 3207 sed
672 3169 777 3208 non
835 3155 1054 3222 potestis
1101 3164 1314 3221 portare
1357 3151 1534 3206 modo.
1560 3152 1689 3205 Cum
1736 3162 1911 3204 autem

340 3242 545 3297 venerit
585 3243 813 3312 Spiritus
861 3243 950 3297 ille
998 3241 1256 3308 veritatis,
1305 3240 1516 3295 docebit
1557 3255 1650 3294 vos
1701 3254 1911 3292 omnem

340 3333 634 3386 veritatem.
664 3332 777 3386 Non
807 3331 948 3386 enim
978 3333 1226 3400 loquetur
1250 3348 1279 3386 a
1300 3331 1625 3400 semetipso;
1652 3330 1744 3384 sed
1772 3347 1914 3400 qua:-

343 3438 556 3491 cunque
593 3422 775 3478 audiet
801 3424 1068 3493 loquetur,
1099 3434 1151 3478 et
1175 3437 1294 3490 qua:
1317 3430 1538 3481 ventura
1565 3432 1914 3474 suntaunun-

341 3513 493 3571 liabil
519 3512 689 3570 vobis.
718 3515 811 3569 llle
843 3529 926 3569 me
946 3512 1278 3578 clariiicabit,
1306 3512 1423 3579 quia
1445 3511 1510 3566 de
1528 3526 1647 3565 meo
1668 3512 1911 3579 accipiet,

338 3614 392 3659 et
412 3606 746 3662 annuntiabit
769 3607 939 3661 vobis.
980 3606 1169 3660 Omnia
1197 3619 1524 3675 quincunqu
1548 3602 1708 3658 habet
1736 3603 1910 3667 Pater,

341 3716 455 3752 mea
493 3710 638 3754 sunt.
680 3699 967 3768 Propterea
997 3698 1145 3752 dixi:
1177 3696 1297 3768 quia
1328 3697 1397 3751 do
1428 3713 1547 3749 meo
1578 3694 1832 3765 accipiet,
1861 3708 1913 3748 et

338 3788 675 3845 annuntiabit
702 3789 871 3842 vohi-.
904 3788 1189 3853 Modicum,
1218 3796 1270 3841 et
1285 3786 1392 3855 jam
1419 3800 1522 3838 non
1544 3784 1787 3839 videbitis
1806 3799 1910 3848 me;

249 3937 255 3943 ,
336 3888 390 3931 et
437 3881 627 3941 iterum
679 3878 977 3945 modicum,
1010 3890 1061 3932 et
1092 3876 1338 3933 videbitis
1377 3891 1463 3930 mc
1489 3892 1499 3927 :
1530 3875 1652 3943 quia
1683 3874 1818 3929 vado
1848 3874 1913 3933 ad

338 3968 570 4025 Patrem.
588 3969 982 4040 Dixeruntergo
999 3968 1240 4039 discipuli
1263 3968 1374 4038 ejus
1402 3966 1466 4020 ad
1484 3966 1708 4020 invicem
1739 3983 1751 4017 :
1776 3964 1912 4031 Quid

336 4068 421 4113 est
446 4060 566 4126 hoe,
597 4061 740 4129 quod
765 4060 893 4121 dicit
924 4060 1113 4121 nobis:
1150 4059 1434 4125 Modicum,
1466 4070 1644 4112 etnon
1670 4057 1913 4111 videbitis

335 4168 450 4219 me,
498 4164 550 4207 et
602 4155 791 4207 iterum
841 4154 1136 4216 modicum,
1186 4163 1239 4207 et
1292 4151 1537 4205 videbitis
1595 4165 1710 4213 me,
1742 4154 1757 4171 '
1789 4152 1911 4218 quia

339 4246 477 4297 vado
514 4247 578 4297 ad
611 4245 854 4299 Patrem?
887 4243 1139 4298 Dicebant
1167 4259 1318 4312 ergo:
1347 4243 1484 4308 Quid
1513 4250 1595 4294 est
1623 4242 1741 4306 hoc,
1770 4240 1911 4306 quod

336 4333 486 4397 dicit,
535 4332 838 4397 Modicum?
866 4332 1146 4386 Nescimus
1193 4326 1319 4399 quid
1370 4332 1621 4397 lo,uitur.
1657 4330 1913 4398 Ciguovit

2020 3166 2143 3206 nem
2172 3161 2317 3206 tuum
2349 3167 2717 3209 servaverunt.
2746 3155 2895 3211 Nunc
2924 3167 3290 3226 cognoverunt
3319 3157 3439 3226 quia
3483 3173 3598 3211 om-

2020 3242 2105 3293 nia
2135 3256 2255 3309 qum
2292 3243 2489 3299 dedisti
2546 3244 2672 3298 mihi
2717 3246 2813 3300 abs
2857 3256 2906 3301 te
2948 3258 3107 3300 sunt:
3138 3247 3260 3315 quia
3289 3248 3450 3301 verba
3478 3263 3596 3316 qua:

2016 3327 2212 3383 dedisti
2242 3331 2403 3395 mihi,
2434 3332 2555 3387 dedi
2585 3335 2664 3388 eis
2692 3350 2705 3387 :
2738 3343 2793 3388 et
2820 3335 2919 3402 ipsi
2947 3346 3293 3404 acceperunt,
3321 3347 3375 3390 et
3399 3353 3597 3407 cogno-

2018 3432 2206 3476 verunt
2233 3437 2359 3477 vere
2387 3424 2511 3491 quia
2538 3438 2567 3477 a
2620 3434 2670 3479 te
2716 3426 2855 3480 exivi
2885 3444 2897 3479 :
2931 3437 2985 3480 et
3018 3427 3363 3482 crediderunt
3391 3428 3510 3497 quia
3541 3440 3592 3482 tu

2018 3527 2103 3567 me
2132 3516 2343 3569 misisti.
2375 3515 2485 3584 Ego
2516 3530 2611 3584 pro
2640 3518 2717 3571 eis
2746 3533 2906 3588 rogo,
2937 3535 3042 3573 non
3074 3535 3172 3588 pro
3196 3521 3393 3575 mundo
3414 3526 3462 3576 ’ζ
3496 3522 3588 3575 sed

2019 3620 2115 3671 pro
2167 3605 2249 3659 his
2290 3620 2425 3676 quos
2465 3607 2658 3662 dedisti
2709 3609 2872 3673 mihi,
2928 3610 3053 3678 quia
3088 3611 3160 3663 tui
3191 3622 3333 3664 sunt.
3385 3612 3452 3665 Et
3479 3627 3592 3665 mea

2017 3698 2193 3748 oumia
2230 3705 2313 3750 tua
2345 3708 2488 3763 sunt,
2519 3709 2575 3754 et
2599 3712 2683 3753 tua
2712 3715 2827 3755 mea
2856 3711 2981 3755 sunt
3006 3719 3019 3755 :
3051 3713 3105 3756 et
3133 3703 3455 3757 clarificatus
3473 3719 3590 3757 sum

2018 3786 2068 3839 in
2099 3788 2197 3842 eis.
2233 3789 2296 3841 Et
2323 3788 2430 3857 jam
2464 3805 2566 3843 non
2599 3806 2716 3844 sum
2742 3792 2796 3846 in
2828 3792 3050 3859 mundo,
3091 3804 3145 3847 et
3199 3792 3250 3846 hi
3298 3794 3350 3847 in
3394 3795 3592 3848 mundo

2014 3887 2162 3937 sunt,
2193 3887 2247 3932 et
2273 3893 2370 3947 ego
2401 3880 2465 3932 ad
2496 3890 2549 3935 te
2582 3883 2755 3937 venio.
2792 3882 2948 3937 Pater
2979 3894 3197 3947 sancte,
3228 3899 3379 3937 serva
3421 3899 3516 3943 eos
3545 3886 3593 3938 in

2017 3966 2233 4020 nomine
2264 3977 2354 4020 tuo
2387 3984 2522 4037 quos
2553 3970 2749 4024 dedisti
2788 3970 2917 4024 mihi
2952 3988 2966 4025 :
2999 3981 3056 4025 ut
3103 3973 3213 4025 sint
3244 3987 3431 4034 unum,
3460 3973 3597 4027 sicut

2014 4065 2066 4108 et
2112 4072 2211 4110 nos
2233 4062 2247 4078 ‘
2279 4073 2439 4111 unum
2469 4073 2675 4112 smnus.
2704 4058 2835 4114 Cum
2864 4074 3041 4115 essem
3071 4075 3192 4115 cum
3224 4060 3332 4124 eis,
3365 4076 3465 4130 ego
3487 4077 3597 4115 scr-

2016 4148 2202 4203 vabam
2245 4163 2338 4202 eos
2384 4150 2437 4202 in
2466 4151 2678 4203 nomine
2704 4162 2815 4205 tuo.
2842 4150 2987 4223 Quos
3017 4150 3211 4205 dedisti
3237 4150 3396 4213 mihi,
3422 4160 3599 4204 custo—

2017 4239 2145 4301 divi,
2179 4250 2230 4293 et
2254 4256 2411 4293 neruo
2441 4256 2504 4294 ex
2540 4240 2621 4293 his
2654 4241 2833 4309 periit,
2867 4240 2968 4293 nisi
3002 4240 3144 4295 ﬁlius
3176 4240 3512 4306 perditionis,
3541 4249 3598 4293 ιιι.

2013 4328 2285 4396 Scriptura
2317 4331 2490 4399 (l’sal.
2520 4347 2667 4394 cvm,
2696 4330 2753 4400 8)
2784 4330 3085 4400 impleatur.
3138 4329 3287 4384 Nunc
3309 4341 3488 4384 autem
3531 4328 3594 4383 ad

336 4430 513 4475 autem
543 4421 698 4477 Jesus
729 4423 852 4490 quia
879 4422 1130 4475 volebant
1155 4436 1278 4475 eum
1305 4422 1658 4488 interrogare,
1691 4436 1743 4473 et
1775 4420 1911 4472 dixit
1938 4424 1991 4483 1)
2019 4430 2068 4474 te
2113 4422 2299 4475 venio:
2333 4430 2385 4475 et
2418 4421 2531 4475 hazc
2562 4422 2753 4490 loquor
2784 4422 2835 4475 in
2869 4421 3093 4484 mundo,
3126 4430 3184 4474 ut
3212 4419 3446 4473 habeant
3469 4426 3596 4488 gau4

337 4511 416 4565 eis
435 4495 458 4562 ε’
477 4509 552 4564 De
574 4511 675 4566 hoc
698 4511 936 4579 quaeritis
963 4511 1102 4563 inter
1129 4525 1252 4574 vos,
1280 4510 1419 4579 quod
1446 4510 1557 4563 dixi
1580 4527 1591 4561 :
1621 4509 1905 4573 Modicum,

334 4611 391 4658 et
419 4618 522 4656 non
548 4600 796 4657 videbitis
826 4616 909 4655 me
930 4642 946 4666 ,
970 4613 1022 4655 et
1044 4601 1236 4655 iterum
1261 4601 1563 4667 modicum,
1591 4610 1641 4655 et
1660 4599 1908 4653 videbitis

333 4712 441 4751 me.
474 4700 671 4762 Amen,
704 4708 859 4749 amen
894 4693 1015 4749 dtco
1048 4694 1231 4748 vobis:
1264 4693 1387 4762 quia
1428 4692 1701 4760 plorabitis
1734 4702 1785 4745 et
1816 4691 1910 4744 ﬂe-

334 4789 456 4843 hitis
490 4802 616 4851 vos,
651 4786 880 4843 mundus
924 4794 1100 4838 autem
1140 4782 1423 4854 gaudebit;
1457 4797 1552 4836 vos
1576 4791 1754 4835 autem
1782 4795 1911 4833 con-

334 4880 691 4944 tristahimini,
721 4879 815 4932 sed
843 4876 1058 4933 tristitia
1089 4885 1260 4930 vestra
1286 4883 1521 4929 vertetur
1548 4873 1600 4927 in
1630 4872 1906 4941 gaudium.

336 4971 523 5024 Mulier
549 4984 668 5024 eum
716 4972 884 5038 parit,
917 4968 1183 5029 tristitiam
1216 4966 1393 5029 habet,
1427 4966 1547 5033 quia
1588 4964 1733 5020 venit
1779 4964 1908 5017 hora

334 5060 450 5127 ejus
476 5077 487 5111 :
519 5074 639 5114 cum
669 5070 843 5115 autem
864 5062 881 5080 ‘
910 5060 1115 5129 peperit
1143 5074 1364 5127 puerum
1388 5098 1401 5120 ,
1442 5056 1551 5126 jam
1586 5072 1690 5123 non
1724 5057 1909 5110 memi-

336 5154 415 5207 nit
458 5167 751 5222 pressurm,
785 5162 999 5221 propter
1027 5153 1274 5222 gaudium
1307 5152 1430 5219 quia
1462 5160 1616 5203 natus
1643 5158 1725 5202 est
1751 5150 1909 5203 homo

333 5248 387 5301 in
422 5246 697 5301 mundum.
737 5246 803 5299 Et
832 5260 925 5298 vos
947 5244 1101 5312 igitur
1123 5260 1262 5299 nunc
1282 5245 1497 5318 quidem
1518 5244 1785 5298 tristitiam
1814 5245 1906 5297 ha-
1956 5244 1963 5249 ”

335 5342 470 5397 hetis
490 5358 504 5395 :
528 5342 717 5394 iterum
762 5348 938 5395 autem
968 5336 1157 5391 videbo
1187 5352 1303 5403 vos,
1335 5347 1384 5390 et
1416 5336 1663 5404 gaudebit
1700 5350 1793 5389 cor
1823 5351 1908 5388 ve-

333 5445 500 5487 strum
523 5450 535 5488 :
558 5442 614 5487 et
634 5432 879 5501 gaudium
904 5439 1141 5490 vestrum,
1166 5444 1321 5482 netno
1350 5430 1501 5484 tollet
1524 5428 1737 5483 avobis.
1765 5429 1829 5481 Et
1854 5430 1908 5482 in

336 5529 430 5583 illo
457 5529 657 5583 dicatus
703 5543 808 5582 non
856 5524 1110 5596 rog.bitis
1154 5523 1460 5593 quidquam.
1504 5530 1709 5588 Amen,
1751 5540 1907 5578 auten

339 5621 458 5676 dico
484 5622 634 5675 vobis
658 5638 669 5674 :
699 5621 741 5675 si
765 5620 888 5692 quid
920 5617 1180 5689 petieritis
1206 5616 1414 5671 Patrem
1441 5618 1493 5671 in
1526 5617 1739 5672 nomine
1763 5631 1905 5683 meo,

2012 4511 2158 4565 dium
2200 4526 2376 4565 meum
2424 4511 2699 4579 impletum
2743 4511 2797 4565 in
2838 4510 3165 4578 semetipsis.
3198 4510 3309 4578 Ego
3351 4508 3475 4563 dedi
3516 4509 3592 4563 eis

2012 4617 2316 4657 sermonem
2348 4611 2517 4667 tuum,
2549 4612 2603 4658 et
2630 4603 2860 4657 mundus
2891 4602 3015 4657 odio
3046 4615 3142 4657 cos
3192 4602 3376 4655 habuit
3406 4619 3420 4652 :
3472 4601 3592 4671 quia

2013 4719 2119 4757 non
2141 4713 2261 4757 sunt
2288 4704 2356 4757 de
2385 4703 2616 4768 mundo,
2642 4703 2783 4757 sicut
2806 4711 2862 4757 et
2883 4716 2984 4772 ego
3007 4718 3111 4756 non
3138 4716 3255 4755 sum
3276 4700 3346 4754 de
3370 4700 3591 4755 mundo.

2011 4793 2126 4848 Non
2168 4809 2297 4864 rogo
2328 4803 2385 4849 ut
2406 4794 2561 4848 tollas
2585 4808 2678 4848 eos
2707 4794 2775 4848 de
2804 4792 3000 4847 mundo
3021 4836 3034 4859 ,
3066 4792 3160 4846 sed
3194 4802 3252 4845 ut
3275 4807 3462 4846 serves
3491 4807 3585 4845 eos

2013 4899 2043 4937 a
2077 4885 2239 4938 malo.
2274 4884 2347 4938 De
2401 4884 2601 4938 mundo
2628 4900 2732 4937 non
2774 4892 2918 4948 sunt,
2967 4883 3105 4936 sicut
3129 4891 3183 4935 et
3211 4896 3310 4957 ego
3341 4896 3449 4934 non
3477 4896 3588 4934 sum

2011 4978 2078 5031 de
2110 4976 2329 5030 mundo.
2376 4975 2658 5032 Sanctiﬁea
2689 4991 2785 5031 eos
2827 4978 2877 5028 iu
2936 4976 3179 5030 veritate.
3228 4974 3422 5028 Sermo
3474 4986 3591 5027 tuus

2014 5065 2209 5121 veritas
2239 5078 2340 5122 est.
2390 5068 2539 5123 Sicut
2571 5077 2626 5122 tu
2670 5082 2755 5121 me
2788 5066 2981 5120 misisti
3024 5066 3074 5119 in
3120 5065 3399 5127 mundum,
3434 5066 3502 5117 ita
3540 5073 3595 5118 et

2013 5175 2113 5226 ego
2142 5160 2259 5213 misi
2291 5175 2385 5214 eos
2436 5160 2488 5214 in
2538 5160 2815 5225 mundum,
2848 5168 2903 5213 et
2954 5173 3048 5225 pro
3095 5157 3173 5210 eis
3203 5155 3478 5210 sanctiﬁco
3510 5170 3593 5207 me

2016 5254 2223 5322 ipsum,
2256 5263 2311 5304 ut
2361 5252 2469 5305 sint
2515 5262 2569 5305 et
2624 5252 2722 5319 ipsi
2754 5249 3068 5306 sanctificati
3107 5240 3157 5301 in
3201 5247 3446 5302 veritate.
3480 5246 3589 5299 Non

2018 5360 2113 5412 pro
2151 5345 2232 5397 his
2266 5359 2392 5413 rogo
2425 5351 2629 5396 tantum
2655 5380 2669 5406 ,
2708 5340 2803 5394 sed
2837 5340 2933 5408 (et)
2970 5354 3062 5407 pro
3093 5338 3172 5391 eis
3212 5337 3302 5401 qui
3332 5335 3589 5390 credituri

2016 5444 2140 5487 sunt
2172 5448 2264 5501 per
2291 5433 2510 5486 verbum
2542 5446 2723 5485 eorum
2750 5431 2799 5483 iu
2832 5446 2948 5483 me:
2981 5438 3035 5482 ut
3057 5441 3245 5481 omnes
3268 5442 3428 5479 unum
3458 5427 3585 5488 sint,

2016 5526 2152 5575 sicut
2185 5532 2263 5585 tu,
2290 5522 2463 5585 Pater,
2491 5522 2541 5574 in
2574 5536 2679 5584 me,
2704 5530 2759 5574 et
2784 5535 2881 5587 ego
2904 5520 2954 5571 in
2980 5529 3053 5582 te,
3083 5525 3139 5569 ut
3162 5525 3218 5570 et
3244 5516 3344 5584 ipsi
3363 5515 3415 5567 in
3441 5514 3592 5568 nobis

2019 5630 2176 5668 unum
2210 5614 2353 5668 sint:
2390 5622 2445 5667 ut
2472 5612 2701 5668 mundus
2753 5609 2939 5665 credat
2969 5609 3090 5679 quia
3122 5618 3180 5663 tu
3235 5622 3321 5663 me
3370 5605 3588 5662 misisti.
