4026 6196
313 255 414 310 345
1093 261 1669 322 EVANGELICARUM
1707 264 1844 320 ΗΑΒ

1947 265 2209 324 NIARUM
2251 265 2815 328 ΙΝἸἘΒΡΒΕΤΑΤΙΟ.
3455 280 3556 336 5-ιὺ

313 375 374 428 Ei
401 388 499 443 ego
529 373 826 432 claritatem
858 392 1013 444 quam
1045 378 1240 434 dedisti
1287 381 1440 446 mihi,
1492 382 1614 438 dedi
1663 384 1779 438 eis:
1817 394 1880 439 ut
1907 385 1956 442 Α
1985 383 2286 451 duodecim,
2316 399 2441 440 cum
2472 385 2764 454 accepisset
2794 386 3100 450 cohortem,
3148 391 3321 454 venit,
3353 401 3404 446 et
3432 407 3554 447 cum

309 469 413 520 s’nt
443 481 604 519 unum
626 506 640 529 ,
690 467 826 522 sicut
872 479 927 522 et
977 485 1074 524 nos
1104 486 1264 525 unum
1294 487 1499 528 sumus.
1535 474 1646 544 Ego
1677 475 1727 529 in
1756 475 1832 530 eis
1857 518 1872 542 ,

304 568 353 610 et
383 557 508 612 tuin
545 573 647 621 me,
681 569 738 613 ut
763 561 868 614 sint
897 563 1249 617 consummati
1280 563 1331 618 in
1361 581 1520 618 unum
1543 584 1556 619 :
1581 577 1634 620 et
1673 582 1875 636 cogno-

299 657 416 702 scat
435 649 660 704 mundus
693 651 815 718 quia
839 655 856 673 ‘
891 667 974 706 me
1002 652 1225 719 misisti,
1253 666 1305 708 et
1329 657 1560 712 dilexisti
1591 673 1710 726 eos,
1739 663 1876 716 sicut

287 749 348 792 ἐι
378 755 460 793 n-e
489 739 744 794 dilexisti.
775 740 949 805 Pater,
983 757 1118 811 quos
1146 743 1338 799 dedisti
1369 746 1519 811 mihi,
1558 747 1678 802 volo
1709 759 1764 804 ut
1786 753 1870 806 ubi

293 845 392 897 ego
422 846 557 893 sum,
591 842 641 884 et
670 830 748 884 illi
779 832 886 885 sint
918 847 1159 900 mecum;
1213 845 1269 889 ut
1317 837 1529 892 videant
1575 839 1871 897 claritatem

247 927 253 940 "
291 937 466 973 meam
517 937 672 988 quam
727 922 921 978 dedisti
963 925 1131 979 mihi:
1173 927 1293 996 quia
1346 929 1574 985 dilexisti
1620 947 1706 987 me
1747 945 1871 989 ante

287 1013 722 1068 constitutionem
755 1016 959 1071 mundi.
1009 1018 1168 1073 Pater
1209 1021 1382 1089 juste,
1424 1025 1650 1078 mundus
1682 1034 1735 1081 te
1764 1043 1867 1080 non

286 1105 569 1173 cognovit;
601 1121 700 1176 ego
731 1120 907 1162 autem
940 1119 991 1164 te
1023 1113 1246 1179 cognovi
1275 1131 1288 1167 :
1323 1125 1375 1168 et
1407 1116 1460 1170 hi
1505 1131 1870 1187 cognoverunt
1913 1157 1917 1162 ι

283 1200 412 1270 quia
445 1209 499 1255 ιιι
532 1218 615 1256 me
645 1203 860 1259 misisti.
891 1204 956 1259 Et
1001 1215 1185 1260 notum
1225 1207 1328 1263 feci
1357 1211 1434 1264 eis
1463 1226 1654 1267 nomen
1697 1226 1864 1285 tuum,

279 1302 332 1346 ct
354 1303 541 1347 notum
562 1294 748 1348 faciam
778 1314 792 1351 :
821 1306 878 1350 ut
899 1296 1120 1354 dilectio
1141 1313 1243 1364 qua
1272 1301 1502 1358 dilexisti
1527 1321 1632 1374 me,
1664 1308 1712 1362 in
1739 1308 1866 1377 ipsis

277 1382 372 1448 sit,
404 1393 458 1439 et
485 1399 582 1454 ego
613 1386 664 1440 in
696 1386 845 1456 ipsis.

873 1503 1101 1561 CAPUT
1137 1505 1293 1562 CLX.

279 1586 435 1642 Venit
458 1587 609 1645 Jews
635 1593 688 1645 in
711 1591 1058 1674 Gel/riemanr}
1087 1609 1133 1650 et
1155 1607 1265 1674 ornt
1286 1598 1491 1655 Patrem
1517 1613 1570 1656 ut
1591 1606 1865 1674 transferat

773 1664 984 1719 calicem
1015 1667 1148 1720 hunc
1174 1670 1236 1722 ab
1260 1685 1340 1724 eo.

1980 488 2043 526 eo
2077 475 2227 529 turba
2259 477 2420 530 multa
2471 491 2591 530 cum
2646 477 2867 532 laternis
2913 489 2965 533 et
3012 480 3209 536 lacibus
3239 493 3291 537 et
3314 484 3478 538 armis
3503 495 3556 540 et

1980 563 2168 630 gladiis
2200 575 2252 619 et
2283 565 2536 630 lus-titius,
2570 567 2715 622 missi
2741 581 2768 619 a
2797 568 3119 635 principibus
3141 574 3478 628 sacerdotum
3501 586 3556 630 et

1977 653 2167 707 scribis
2185 657 2556 711 etscnioribus
2582 658 2780 725 pupuli.
2805 657 2901 724 Qui
2921 670 3097 712 autem
3136 664 3349 717 tradidit
3380 667 3549 734 (eum)

1979 731 2202 800 dederat
2231 748 2334 801 illis
2363 749 2592 817 signum,
2627 750 2846 802 dicens:
2873 751 3255 819 Quemcunque
3280 756 3550 810 osculatus

1977 836 2125 888 lucro
2145 877 2159 899 ,
2193 837 2308 900 ipse
2338 849 2411 891 est
2442 856 2456 892 :
2485 849 2661 893 tenete
2680 856 2825 906 cum,
2850 849 2903 893 et
2928 841 3104 894 ducite
3131 855 3302 897 caute.
3339 847 3551 900 Eteon-

1975 924 2152 978 l'cstim
2207 928 2466 982 accedens
2510 930 2574 982 ad
2623 929 2826 995 Jcsum,
2858 932 3028 985 dixit:
3068 936 3210 997 Ave,
3246 935 3452 992 llahbi:
3498 950 3555 993 et

1975 1017 2577 1084 appmpinquavitJesu,
2599 1028 2655 1072 ut
2674 1021 3002 1074 oscularetur
3029 1039 3170 1077 enin.
3195 1024 3351 1080 Jesns
3372 1037 3550 1084 autem

1973 1103 2107 1156 divit
2136 1105 2181 1157 ci
2204 1103 2395 1171 :Juda,
2427 1108 2614 1161 osculo
2641 1107 2715 1160 Fil
2745 1113 2830 1163 itm
2857 1111 3090 1166 hominis
3119 1117 3314 1168 tradis?
3341 1119 3548 1185 Amice,

1971 1193 2036 1245 ad
2053 1193 2178 1262 quid
2195 1195 2423 1249 venisti?
2444 1195 2506 1249 Et
2529 1198 2797 1260 osculatus
2814 1209 2893 1253 est
2910 1217 3126 1254 cum.—-
3149 1203 3300 1257 Josn.
3330 1222 3473 1272 svnt,
3487 1209 3549 1262 4-

1971 1288 2202 1344 9.Jesus
2221 1290 2398 1359 itaqre
2417 1293 2792 1346 sciensomnia
2824 1311 2940 1362 qua:
2963 1307 3180 1350 ventura
3207 1315 3238 1354 e
3269 1311 3359 1353 ant
3384 1317 3546 1370 super

1970 1394 2112 1444 eum,
2145 1383 2406 1448 processit
2435 1394 2487 1436 et
2511 1383 2641 1436 dixit
2668 1385 2744 1438 eis
2771 1403 2782 1436 :
2817 1387 2981 1451 Quem
3007 1404 3104 1454 qui
3126 1390 3276 1443 ritis?
3308 1393 3545 1462 lle-pou-

1969 1472 2160 1526 dcrunt
2183 1473 2232 1527 ei
2258 1490 2272 1527 :
2300 1473 2477 1528 Jesum
2509 1475 2854 1531 Naznrcnum.
2882 1479 3248 1555 Dicit'Jesus:
3279 1483 3385 1553 Ego
3401 1500 3542 1540 sum.

1969 1563 2155 1616 Stabat
2185 1577 2360 1636 autem
2391 1576 2445 1620 et
2488 1567 2650 1620 Judas
2683 1571 2767 1635 qui
2802 1572 3041 1624 tradebat
3068 1588 3212 1638 eum,
3245 1590 3364 1628 cum
3391 1577 3537 1644 ipsis.

1967 1653 2037 1708 Ut
2067 1670 2194 1724 ergo
2220 1656 2352 1710 dixit
2394 1657 2504 1710 eis:
2540 1658 2646 1727 ligo
2671 1675 2787 1712 sum
2809 1700 2824 1725 ,
2857 1661 3102 1714 abierunt
3133 1677 3420 1720 retrorsum
3446 1711 3462 1734 ,
3490 1679 3544 1725 et

338 1771 539 1827 Mum
588 1790 708 1828 ην,
754 1775 818 1832 56
867 1777 936 1833 ‘6
983 1780 1136 1836 Mum
1195 1797 1283 1836 xw
1336 1784 1403 1838 ὃς,
1439 1784 1508 1837 μ
1559 1787 1667 1842 [uc
1716 1806 1826 1844 xx”
1893 1750 1932 1807 Β
1965 1745 2278 1800 ceciderunt
2310 1747 2360 1799 in
2397 1756 2617 1801 terram.
2653 1751 2844 1802 lterum
2877 1767 3004 1822 ergo
3032 1769 3125 1807 eos
3157 1755 3536 1826 interrogavit:

546 1812 560 1826 ⁸
715 1817 730 1839 9
829 1808 854 1818 "
943 1817 956 1831 ο
1155 1823 1171 1844 ν
1289 1816 1688 1840 .-·.ι.ι.
1837 1834 1848 1844 ,
1965 1841 1991 1844 ,μ
2790 1841 2800 1844 _

546 1812 560 1826 ο
589 1808 730 1839 nava,
754 1808 956 1833 υυ·’¹1υο
983 1808 1171 1846 ιιιλιιυ,
1200 1808 1301 1838 MV.
1336 1808 1528 1838 (DZ-4'3.
1559 1808 1688 1842 LUC.
1716 1808 1848 1850 XXII.

266 1859 464 1914 59-46.
495 1860 642 1916 Tunc
669 1864 810 1918 venit
853 1866 1007 1920 Jesus
1034 1883 1154 1922 cum
1189 1871 1290 1924 illis
1323 1873 1373 1926 in
1406 1875 1583 1927 villam
1615 1893 1731 1944 qua:
1771 1877 1853 1930 di-

266 1950 412 2008 citur
445 1950 809 2020 Gethscmani,
843 1987 911 1996 —
939 1956 1092 2012 Josn.
1125 1976 1271 2026 xvnt,
1306 1961 1431 2026 1-2,
1467 1974 1610 2018 trans
1640 1977 1844 2020 torren-

266 2052 376 2096 tem
422 2044 650 2108 Cedron,
697 2047 786 2100 ubi
815 2058 928 2101 crat
957 2049 1142 2106 hortus
1174 2054 1221 2104 in
1254 2069 1412 2121 quem
1469 2057 1704 2112 introivit
1737 2063 1847 2127 ipso

263 2140 314 2184 et
339 2129 594 2199 discipuli
625 2134 761 2203 ejus.
792 2136 1005 2192 Sciebat
1031 2149 1208 2194 autem
1231 2153 1284 2195 et
1305 2142 1466 2195 Judas
1490 2148 1574 2212 qui
1607 2149 1849 2202 tradrbat

262 2236 415 2284 cum,
452 2224 647 2290 locum,
682 2227 802 2294 quia
837 2230 1144 2297 frequenter
1169 2232 1325 2287 Jesus
1372 2248 1695 2291 convenerat
1724 2241 1846 2295 illnc

261 2326 389 2366 cum
440 2313 714 2380 discipulis
761 2319 892 2370 suis.
929 2320 995 2372 Et
1037 2337 1158 2375 cum
1191 2327 1524 2392 pervenisset
1552 2330 1616 2382 ad
1648 2330 1870 2396 locum,-

261 2403 403 2456 dixit
431 2405 713 2474 discipulis
741 2409 850 2462 suis
881 2427 893 2464 :
925 2410 1117 2467 Sedete
1150 2414 1264 2481 hic,
1313 2426 1367 2470 et
1415 2429 1591 2485 orate,
1637 2431 1694 2473 ut
1739 2438 1846 2475 tznn

260 2493 480 2548 intretis
514 2495 564 2548 in
593 2499 960 2566 tentationem,
994 2502 1164 2573 donec
1197 2506 1562 2573 vadam'illuc,
1590 2521 1644 2565 et
1669 2525 1842 2582 orem.

260 2583 323 2636 Et
351 2595 634 2654 assumpto
667 2587 822 2642 Petro
867 2601 918 2644 et
959 2591 1166 2647 duobus
1191 2595 1310 2650 ﬁliis
1337 2597 1605 2666 Zcbedzei,
1641 2601 1841 2655 Jaco'o

257 2681 311 2727 et
346 2673 588 2741 Joanne,
622 2679 783 2747 coepit
809 2683 1122 2736 contrismri
1155 2697 1206 2738 ct
1259 2699 1482 2742 inmstus
1515 2705 1656 2747 esse.
1698 2693 1844 2750 Tunc

255 2764 332 2817 ait
361 2763 472 2818 illis
504 2781 515 2816 :
549 2766 739 2821 Tristis
788 2781 870 2823 est
912 2773 1086 2827 anima
1137 2767 1253 2830 mea
1285 2795 1450 2848 usque
1480 2782 1544 2834 ad
1575 2795 1839 2840 mortem:

256 2855 524 2908 sustinete
555 2857 660 2918 hic,
694 2868 747 2911 et
775 2861 988 2927 vigilate
1019 2879 1248 2918 nucum.
1288 2868 1350 2922 Et
1390 2870 1502 2936 ipse
1529 2887 1840 2942 progressus

255 2954 340 2998 est
365 2947 438 3000 ab
472 2949 550 3001 eis
592 2964 848 3017 quantuni
880 2957 1050 3022 jactus
1079 2965 1160 3011 est
1191 2958 1403 3027 lapidis.
1439 2961 1502 3016 Et
1533 2966 1720 3033 positis
1747 2983 1839 3032 ge-

254 3035 410 3088 nibus
436 3039 666 3105 procidit
697 3041 748 3094 iu
773 3044 957 3097 faciem
985 3062 1158 3112 suam,
1187 3057 1241 3102 et
1270 3053 1474 3118 orabat,
1506 3063 1581 3119 ut,
1630 3057 1673 3110 si
1726 3058 1854 3124 lieri'

251 3136 464 3194 posset,
499 3133 748 3185 transiret
776 3135 842 3188 ab
871 3150 935 3190 eo
975 3138 1129 3206 hora,
1181 3140 1397 3198 dicens:
1429 3145 1604 3214 Pater,
1640 3150 1683 3203 si
1714 3166 1841 3220 pos-

249 3218 408 3272 sibile
437 3231 520 3273 est
544 3237 559 3274 :
591 3221 739 3277 Abba
768 3225 941 3291 Pater,
967 3231 1143 3285 omnia
1167 3233 1260 3286 tibi
1287 3237 1554 3302 possibilia
1583 3218 1744 3295 sunt:
1769 3242 1837 3296 Mi

251 3305 436 3371 Pater,
472 3310 514 3363 si
548 3313 803 3378 possible
832 3326 934 3383 est,
967 3320 1193 3374 transfer
1219 3323 1442 3378 calicem
1475 3327 1612 3384 hunc
1641 3347 1668 3383 a
1717 3348 1834 3386 me:

252 3412 623 3458 verumtamen
657 3421 761 3461 non
799 3411 938 3478 quod
964 3427 1063 3482 ego
1088 3415 1226 3482 volo,
1254 3417 1346 3470 sed
1371 3420 1511 3488 quod
1539 3429 1612 3474 tu.
1641 3423 1836 3479 Etcom

249 3490 575 3552 surrexisset
600 3495 668 3549 ab
705 3499 974 3566 oiationc,
1009 3503 1154 3556 venit
1189 3507 1252 3558 ad
1297 3506 1588 3577 discipulos
1615 3527 1760 3576 suos,
1783 3525 1833 3568 et

251 3583 463 3637 invenit
487 3598 580 3640 eos
607 3586 936 3644 dormientes
996 3593 1061 3645 Et
1105 3595 1179 3648 ait
1211 3597 1314 3651 illis
1343 3613 1359 3651 :
1391 3601 1527 3666 Quid
1557 3602 1838 3659 dormi:is?

246 3671 338 3727 Sic
384 3690 496 3727 non
543 3677 786 3743 potuistis
820 3696 918 3735 una
947 3681 1074 3737 hora
1098 3685 1319 3754 vigilare
1349 3676 1594 3747 mecum?
1617 3695 1837 3766 V’Igilate

242 3771 301 3816 et
329 3773 506 3830 orate,
539 3777 593 3819 ut
615 3783 720 3823 non
746 3769 958 3827 intret‘s
989 3773 1040 3832 in
1071 3777 1435 3834 tenta'iunem.
1462 3782 1692 3852 Spiritus
1719 3789 1835 3857 qui-

249 3855 372 3908 dem
424 3870 704 3926 promptus
747 3871 850 3930 est,
883 3877 1009 3918 caro
1039 3878 1215 3922 autem
1248 3869 1479 3928 inﬁrma.
1511 3874 1706 3931 lterum
1737 3855 1835 3933 ise-

249 3947 432 4000 cundu
465 3949 614 4015 abiit,
642 3959 698 4006 et
740 3955 928 4010 oravit.
948 3957 1161 4015 —-Luc.
1182 3977 1314 4028 xxn,
1343 3963 1548 4021 45-45.
1577 3968 1834 4036 Apparuit

247 4049 428 4093 alitem
462 4041 539 4095 ili
566 4045 787 4113 angelus
813 4045 880 4101 de
907 4049 1046 4104 cmlo
1067 4090 1082 4115 ,
1114 4054 1424 4108 confortans
1462 4072 1604 4111 eum.
1639 4058 1833 4118 Factus

245 4142 328 4184 est
361 4133 416 4186 in
445 4137 655 4203 agonia,
688 4148 742 4192 et
774 4140 1029 4207 prolixius
1055 4143 1262 4210 orabat,
1294 4145 1510 4201 dicens:
1537 4149 1696 4207 Pater
1719 4155 1789 4208 mi
1814 4197 1829 4222 ,

246 4222 292 4276 si
325 4241 434 4278 non
467 4237 633 4294 potest
661 4230 797 4284 calix
831 4231 915 4285 hic
951 4237 1176 4291 transire
1209 4237 1308 4291 nisi
1338 4238 1512 4294 bibam
1540 4241 1718 4310 illam,
1742 4245 1832 4299 ﬂat

249 4315 498 4372 voluntas
549 4333 654 4374 tua.
695 4321 760 4376 Et
798 4323 969 4379 lactus
1011 4335 1094 4382 est
1141 4329 1306 4383 sudor
1334 4333 1453 4400 ejus
1490 4334 1628 4389 sicut
1665 4345 1830 4405 guttae

243 4409 524 4476 sanguinis
553 4411 886 4470 decurrentis
919 4416 974 4470 in
1008 4429 1225 4473 terram.
1256 4421 1320 4476 Et
1349 4438 1468 4478 cum
1500 4428 1830 4484 surrexisset

241 4499 312 4552 ab
338 4502 616 4568 oratione,
645 4505 790 4560 venit
812 4507 1001 4563 iterum
1032 4509 1098 4564 ad
1128 4512 1416 4583 discipulos
1443 4531 1660 4584 suos,et
1684 4523 1830 4576 inve-

244 4591 326 4642 nit
363 4606 462 4646 eos
506 4593 837 4653 dormientes
882 4614 993 4668 pra:
1039 4602 1266 4660 tristitia.
1297 4636 1366 4645 —
1388 4607 1561 4664 MARC.
1593 4626 1701 4680 xiv,
1731 4611 1823 4669 40.

244 4679 416 4735 Erant
450 4682 592 4738 enim
636 4688 774 4740 oculi
804 4704 988 4744 eorum
1017 4695 1243 4760 gravati,
1277 4705 1329 4748 et
1358 4679 1824 4772 ignorabantquid

242 4771 530 4837 responde.
545 4785 636 4826 ent
651 4774 721 4829 ei.
750 4777 811 4829 Et
839 4781 1034 4833 relictis
1053 4782 1177 4850 illis,
1199 4783 1393 4839 iterum
1413 4789 1564 4854 abiit,
1585 4800 1638 4845 et
1653 4771 1825 4848 oravit

239 4862 408 4914 tertio
438 4865 681 4919 eumdem
710 4860 1010 4926 sermonem
1041 4873 1245 4930 dicens.
1276 4878 1425 4934 Tunc
1457 4883 1602 4938 venit
1639 4887 1702 4940 ad
1745 4889 1825 4942 di-

236 4950 480 5018 sdpulos
505 4967 656 5018 suos,
683 4965 736 5008 et
757 4960 830 5012 ait
853 4959 983 5014 illis:
1012 4962 1385 5036 Dnrtnitejam,
1413 4975 1818 5041 ριτιιιμιίεερῑιε.

237 5040 384 5095 Ecce
415 5045 855 5116 apprOpinquavit
884 5051 1049 5106 hora:
1078 5065 1131 5108 et
1153 5057 1317 5111 Filius
1337 5060 1568 5118 hominis
1589 5066 1824 5122 tradetur

233 5147 284 5182 ni
324 5146 517 5187 manus
549 5148 905 5202 peccatorum.
941 5142 1174 5214 Surgite,
1206 5164 1423 5203 camus:
1466 5169 1596 5212 ecce
1622 5171 1818 5225 appro-

240 5225 522 5292 pinquavit
548 5229 636 5297 qui
661 5245 744 5285 me
772 5233 965 5290 tradet.

806 5345 1032 5401 canar
1071 5351 1247 5426 CLXI.

382 5426 546 5486 ludas
570 5435 701 5488 venit
724 5452 832 5490 cum
858 5441 1014 5494 turbis
1030 5446 1451 5514 conlprehendere
1475 5448 1672 5504 Jcstun.

306 5542 524 5597 alarm.
559 5562 702 5613 nvi,
732 5551 938 5616 47-56;
973 5561 1146 5610 Illinc.
1174 5574 1280 5618 inv,
1308 5561 1652 5626 ὦδ-δθςιυε.
1688 5580 1815 5629 un,

254 5630 452 5688 57-51.
489 5635 546 5690 Et
576 5637 746 5694 adhuc
778 5643 888 5713 ipSu
931 5645 1198 5716 liqut-ulc,
1237 5667 1356 5707 cecc
1387 5653 1546 5708 ludus
1574 5666 1710 5705 unus
1754 5659 1817 5711 de

1957 1841 2126 1902 Quem
2152 1839 2427 1906 qna-ritis?
2460 1839 2535 1892 Illi
2558 1849 2737 1894 autem
2771 1841 3018 1896 dixerunt
3045 1862 3056 1896 :
3090 1844 3270 1900 Jesum
3297 1847 3535 1904 Nazare-

1962 1943 2112 1982 uum.
2142 1927 2438 1996 Respondit
2462 1927 2647 1983 Jesus:
2684 1930 2796 1982 Dixi
2833 1933 3009 1997 vobis,
3039 1935 3159 2002 quia
3185 1951 3283 2004 ego
3308 1952 3426 1990 sum
3455 1957 3466 1991 :
3491 1941 3537 1994 si

1956 2035 2084 2087 ergo
2139 2037 2224 2074 me
2273 2021 2552 2089 qumritis,
2601 2022 2760 2076 sinite
2793 2024 2888 2076 hos
2920 2024 3089 2078 abire.
3131 2023 3192 2081 Ut
3229 2029 3538 2094 impleretur

1950 2127 2131 2166 sermo
2161 2128 2314 2178 quem
2339 2114 2507 2166 dsit:
2540 2115 2661 2182 quia
2693 2131 2824 2180 quos
2855 2116 3048 2170 dedisti
3084 2121 3210 2173 mihi
3234 2161 3248 2182 ,
3281 2138 3383 2175 non
3415 2138 3534 2190 pcr-

1945 2197 2054 2252 didi
2079 2216 2143 2255 ex
2172 2201 2299 2268 ipsis
2321 2219 2642 2271 quemquam
2670 2203 2844 2273 (Joan.
2877 2222 3001 2270 ιιι-ιι,
3037 2207 3144 2276 1‘2).
3176 2210 3321 2264 Tunc
3353 2228 3532 2267 acces—

1946 2303 2154 2356 serunt,
2181 2303 2234 2346 et
2264 2309 2454 2347 manus
2487 2294 2789 2362 iniecerunt
2847 2297 2898 2348 in
2929 2297 3130 2360 Jesum,
3165 2309 3216 2352 et
3251 2295 3534 2356 tenuerunt

1946 2399 2088 2434 curn.
2125 2383 2381 2438 Videntes
2412 2379 2600 2439 autem
2628 2387 2677 2437 hi
2699 2371 2792 2454 qui
2818 2386 2958 2440 circa
2989 2387 3157 2455 ipsum
3182 2402 3358 2458 erant,
3388 2410 3470 2462 qm
3494 2395 3529 2449 tl

1949 2475 2178 2527 futurum
2229 2484 2372 2539 erat,
2415 2475 2664 2530 dixerunt
2689 2475 2773 2530 ei:
2809 2476 3067 2543 Domine,
3101 2481 3143 2534 si
3199 2485 3526 2548 percutimus

1946 2565 1997 2617 in
2029 2564 2240 2633 gladio?
2263 2594 2330 2604 ——
2353 2565 2506 2620 JOAN.
2539 2581 2688 2632 xvm,
2723 2569 2809 2632 10,
2847 2569 2930 2622 11.
2964 2569 3149 2624 Simon
3180 2587 3307 2640 ergo
3340 2573 3530 2629 Petrus

1947 2656 2148 2711 hibcns
2168 2658 2420 2726 g'adium,
2452 2659 2638 2712 eduxit
2684 2676 2828 2726 cum,
2870 2670 2924 2714 et
2967 2665 3224 2730 percussit
3258 2655 3527 2733 pontiﬁtﬁs

1943 2746 2179 2815 serv'tun,
2209 2761 2260 2804 et
2289 2753 2590 2820 amputavit
2614 2752 2906 2806 auriculam
2932 2755 3050 2823 ejus
3071 2757 3370 2816 dexteram.
3401 2762 3528 2816 Erat

1944 2850 2123 2894 autem
2157 2857 2347 2896 nomen
2378 2857 2570 2909 servo,
2599 2844 2853 2898 Malchus.
2879 2846 3027 2900 Tunc
3053 2849 3120 2902 ait
3147 2849 3302 2905 Jesus
3334 2851 3524 2907 Petro:

1944 2930 2179 2985 Calicem
2213 2947 2368 3000 (ptem
2401 2933 2548 2987 dedit
2594 2933 2722 2986 mihi
2755 2933 2930 3002 Pater,
2966 2951 3070 2989 non
3119 2937 3294 2992 bibam
3335 2940 3521 2994 illum?

1947 3023 2098 3078 Mitte
2129 3025 2362 3094 gladium
2398 3026 2450 3078 in
2481 3026 2751 3095 vaginam.
2779 3028 2975 3105 Omnes
3008 3029 3152 3084 enim
3183 3030 3270 3100 qui
3301 3047 3524 3100 accepe-

1865 3103 1912 3164 C
1944 3113 2050 3168 rint
2096 3116 2362 3182 gladium,
2413 3117 2592 3186 gladio
2647 3103 2912 3186 peribunt.
2959 3122 3040 3173 An
3092 3131 3248 3190 putas
3281 3124 3523 3188 quianon

1943 3220 2160 3272 possunt
2219 3222 2408 3276 rogare
2465 3206 2675 3262 Patrem
2735 3226 2943 3272 meum,
2977 3222 3028 3265 et
3077 3213 3346 3267 exhibebit
3395 3216 3522 3270 tuibi

1941 3296 2058 3362 plus
2098 3311 2257 3363 quant
2288 3297 2563 3352 duodecim
2597 3299 2834 3367 legiones
2871 3304 3214 3369 angelorum?
3241 3303 3519 3369 Quomodo

1939 3399 2068 3453 ergo
2097 3385 2458 3453 implebantur
2480 3390 2792 3458 Scripturre,
2838 3393 2964 3460 quia
3009 3393 3088 3448 sic
3117 3405 3327 3463 Oportet
3361 3395 3519 3451 ﬁeri?

1939 3465 2110 3531 Sinite
2141 3494 2306 3547 usque
2339 3479 2460 3534 huc.
2490 3481 2557 3535 Et
2598 3497 2717 3536 cum
2747 3485 3006 3553 tetigisset
3032 3488 3324 3542 auriculam
3370 3488 3520 3559 ejus,

1936 3555 2146 3620 sanavit
2173 3583 2314 3623 eum.
2339 3569 2396 3623 ln
2429 3571 2516 3624 illa
2542 3571 2670 3625 hora
2695 3573 2826 3627 dixit
2851 3573 3002 3628 Jesus
3028 3573 3226 3630 turbis:
3246 3555 3517 3648 Tanquam

1936 3657 2004 3710 ad
2029 3658 2291 3714 latronem
2321 3661 2532 3715 exiistis
2575 3678 2695 3716 cum
2750 3665 2945 3733 gladiis
2991 3677 3045 3720 et
3094 3665 3322 3720 fustibus
3371 3682 3519 3722 com-

1938 3748 2272 3816 prehendere
2313 3765 2420 3804 me.
2445 3751 2695 3816 Quotidie
2733 3753 2871 3821 apud
2906 3769 2996 3809 vos
3026 3771 3193 3820 cram,
3225 3757 3422 3812 docens
3463 3760 3516 3812 in

1939 3837 2156 3904 templo,
2182 3848 2233 3892 et
2257 3855 2360 3892 non
2388 3855 2473 3894 me
2497 3843 2762 3895 tenuistis.
2784 3843 2887 3898 Sed
2916 3844 3028 3898 hare
3056 3855 3137 3898 est
3167 3845 3292 3898 hora
3318 3857 3514 3915 vestra,

1936 3936 1990 3980 ct
2019 3938 2260 3996 potestas
2293 3930 2656 3985 tenebrarum.
2711 3933 2820 3988 lloc
2875 3945 3051 3989 autem
3108 3945 3274 3990 totum
3324 3939 3517 3993 iactum

1942 4026 2053 4083 cst,
2107 4029 2165 4072 ut
2212 4020 2562 4088 implerentur
2607 4022 2898 4092 Scripturae
2935 4026 3337 4094 prophetarum.
3367 4023 3518 4084 Tunc

1910 4106 2180 4176 discipuli
2215 4124 2441 4174 on'incs,
2475 4110 2664 4165 relicto
2706 4127 2794 4178 eo,
2828 4112 3095 4180 fugerunt.
3117 4115 3344 4170 ~—JOAN.
3368 4133 3515 4186 avni,l

1937 4197 2138 4253 H-M.
2167 4195 2376 4255 Cohors
2404 4213 2580 4255 autem
2610 4212 2663 4256 et
2688 4202 2949 4269 tribunus,
2978 4213 3031 4259 ct
3054 4206 3278 4260 ministri
3307 4207 3516 4262 iudico-

1935 4303 2050 4341 rum
2080 4290 2609 4359 comprehenderunt
2637 4291 2845 4360 Jesum,
2877 4278 3265 4366 etdigavcrunt
3288 4314 3432 4362 eum,
3462 4309 3516 4355 et

1933 4379 2266 4436 adduxerunt
2313 4395 2437 4435 eum
2493 4383 2558 4435 ad
2613 4389 2818 4438 Annam
2854 4387 3078 4454 primum
3109 4405 3120 4440 :
3155 4393 3309 4442 ciat‘
3340 4400 3517 4442 autem

1862 4462 2090 4528 Dsocer
2120 4471 2357 4541 Caiphae,
2414 4475 2503 4541 qui
2549 4487 2666 4528 crat
2715 4478 2954 4544 pontifex
3008 4479 3132 4532 anni
3189 4479 3353 4533 ilius.
3388 4480 3517 4534 Erat

1931 4571 2109 4614 autem
2142 4561 2372 4631 Caiphas
2416 4565 2506 4632 qui
2536 4566 2822 4621 consilium
2856 4569 3076 4623 dederat
3119 4569 3348 4625 Judwis:
3379 4570 3515 4638 Quia

1931 4653 2148 4722 expedit
2180 4671 2342 4710 unum
2379 4657 2646 4713 hominem
2680 4661 2815 4714 mori
2847 4676 2944 4728 pro
2967 4662 3185 4730 papula.

2491 4806 2720 4861 CAPUT
2758 4807 2961 4867 CLXII.

1933 4892 2240 4948 Adolescens
2265 4895 2473 4964 quidam
2502 4898 2716 4951 indutus
2747 4899 2963 4951 sindone
2989 4898 3291 4966 sequebatur
3308 4897 3509 4958 Jesum.

1998 5026 2170 5082 Mane.
2215 5044 2324 5098 xtv,
2359 5031 2449 5094 51,
2475 5031 2566 5086 52.
2599 5032 2925 5090 Adolescens
2953 5043 3130 5087 autem
3176 5034 3390 5104 quidam
3425 5051 3512 5092 se-

1930 5120 2192 5182 quebatur
2211 5134 2355 5184 eun],
2377 5122 2602 5174 amictus
2623 5122 2847 5176 sindone
2875 5139 3038 5193 super
3061 5127 3232 5192 nudo;
3256 5135 3310 5180 et
3333 5138 3510 5182 tenue.

1935 5219 2057 5262 runt
2082 5216 2309 5264 eum.At
2339 5212 2450 5274 ille,
2480 5215 2678 5278 rejecta
2710 5215 2956 5282 sindone,
2990 5220 3161 5272 nudus
3193 5219 3418 5287 profugit
3442 5223 3510 5273 ab
3596 5259 3600 5262 -

1923 5296 2026 5353 eis.
2057 5329 2125 5340 -—-
2154 5301 2306 5357 Jun.
2348 5318 2502 5370 svnt,
2539 5304 2722 5371 15-18;
2759 5305 2972 5362 Ms'r'rn.
3017 5327 3159 5376 xxvi,
3200 5309 3503 5373 58—69,?0;

1927 5391 2099 5446 ΜΑιιε.
2131 5409 2237 5456 xw.
2266 5394 2368 5452 54:
2406 5395 2534 5450 Luc.
2561 5413 2690 5461 nn,
2721 5400 2914 5453 Eii-.37.
2950 5402 3283 5469 Srqttel-atttr
3321 5413 3501 5452 autem

1922 5481 2103 5537 Jcsunt
2131 5486 2310 5540 Simon
2372 5489 2562 5542 Petrus
2606 5507 2632 5541 ει
2666 5491 2853 5559 longe,
2887 5503 2941 5546 et
2989 5494 3126 5545 alius
3173 5491 3499 5559 discipulus,

1925 5586 2090 5639 usque
2115 5591 2163 5626 ιιι
2195 5577 2390 5630 atrium
2418 5577 2670 5645 principis
2698 5584 3056 5633 sacerdotum.
3095 5580 3392 5646 Di~ci|-tt'us
3410 5596 3502 5632 au-

1927 5668 2032 5716 tem
2064 5664 2150 5720 ille
2181 5679 2336 5724 notus
2364 5678 2479 5724 erat
2514 5670 2772 5736 puntitici,
2802 5681 2850 5724 ιι
2884 5672 3122 5727 ιιιιιυίιιι
3154 5689 3271 5729 tum
3302 5673 3425 5730 .Icsu
3452 5687 3504 5724 in
