3980 6196
403 386 502 441 34⁸1

1535 377 1848 436 VICTORIS
1887 375 2191 432 EI‘ISCUPI
2229 377 2526 433 CAPUANI

3546 382 3650 436 528

400 500 592 556 atrium
621 497 904 565 pontificis.
939 496 1127 552 Petrus
1158 504 1335 551 autem
1367 496 1540 551 stabat
1579 497 1644 551 ad
1675 497 1868 549 ostium
1896 494 1972 548 fo-
2003 493 2051 552 A
2078 491 2258 545 Jesum
2289 493 2469 545 diecns
2502 508 2514 544 ;
2548 490 2684 545 Nihil
2715 491 3007 560 respondes
3028 493 3094 547 a1
3117 509 3177 548 ea
3207 510 3324 564 qua:
3357 495 3441 550 isti
3469 497 3653 552 adver-

403 593 496 646 ris.
531 591 705 644 Exivit
736 605 862 655 ergo
895 589 1185 660 discipulus
1215 589 1350 660 alius
1381 589 1468 657 qui
1501 599 1615 642 erat
1653 597 1808 641 notus
1840 603 1970 651 pon-

401 683 548 747 tifici,
597 693 648 736 et
677 679 812 734 dixit
839 679 1100 741 Ostiarim,
1134 689 1188 734 et
1216 679 1507 733 introduxit
1541 680 1773 732 l’etrum.
1805 677 1971 741 Quem

399 789 518 827 cum
555 773 772 825 vidisset
818 787 915 823 aue
941 772 1002 823 Ila
1031 771 1246 824 ostiaria
1282 771 1555 824 sedentem
1590 768 1654 822 ad
1689 769 1888 834 lumen,
1922 777 1976 820 et

398 880 517 918 eum
546 863 727 917 fuisset
749 865 956 926 inluita,
978 862 1108 916 dixit
1133 880 1145 915 :
1171 862 1418 931 Nunquid
1447 871 1502 916 et
1535 871 1584 914 tu
1610 877 1672 915 ex
1701 859 1972 926 discipulis

400 970 460 1008 es
494 955 724 1007 hominis
747 953 936 1005 istius?
959 952 1090 1005 Dicit
1117 953 1243 1006 ille:
1280 953 1488 1019 Mulier,
1519 968 1623 1005 non
1651 951 1771 1004 novi
1801 949 1968 1027 illum,

402 1059 573 1110 neque
599 1044 710 1096 scio
732 1043 855 1110 quid
877 1041 1041 1094 dicas.
1066 1041 1286 1097 Stabant
1309 1051 1486 1093 autem
1511 1041 1646 1094 servi
1675 1049 1727 1093 et
1745 1039 1970 1092 ministri

400 1131 465 1184 ad
503 1145 716 1198 prunas,
747 1130 867 1198 quia
896 1130 1062 1198 frigus
1084 1141 1223 1196 erat,
1251 1141 1304 1185 et
1334 1130 1716 1184 calefaciebant
1742 1144 1821 1184 se.
1846 1129 1972 1182 Erat

400 1231 575 1274 autem
600 1235 719 1273 cum
750 1221 828 1274 eis
859 1220 1050 1274 Petrus
1082 1230 1230 1274 stans
1258 1231 1312 1276 et
1340 1221 1660 1276 calefaciens
1699 1235 1779 1286 se,
1813 1229 1867 1272 ut
1897 1221 1976 1272 vi-

399 1312 549 1366 deret
582 1310 762 1365 finem.

946 1425 1172 1492 CAPUT
1211 1425 1433 1480 CLXIII.

402 1513 696 1586 Interroga!
721 1517 957 1587 princeps
990 1521 1311 1640 zrrcerdotum
1348 1517 1524 1572 Jesum
1552 1521 1615 1576 de
1640 1520 1902 1589 discipulis
1928 1529 1975 1575 et

895 1603 902 1610 '
1027 1600 1220 1640 octrrna
1244 1593 1374 1640 eius.

895 1603 902 1610 '
990 1593 1220 1642 doctrina
1244 1593 1374 1660 ejus.

475 1695 628 1754 Joan.
675 1711 834 1760 xvm,
875 1698 1066 1762 19-27;
1100 1679 1310 1752 ΜΑττῖι.
1356 1715 1518 1764 xxvr,
1559 1700 1751 1766 7I-75;
1796 1701 1970 1755 Mane.

404 1802 491 1840 xrv
511 1828 524 1852 ,
555 1786 750 1851 66-72;
781 1789 908 1842 ch.
941 1806 1069 1854 nn,
1099 1792 1299 1846 55-62.
1330 1792 1570 1847 Pontifex
1594 1809 1720 1862 ergo
1748 1795 1974 1848 interro-

2076 597 2166 635 sus
2198 593 2248 636 te
2283 583 2674 636 te~tilicanturt
2695 583 2849 637 JcSUS
2880 595 3054 638 autern
3081 585 3215 639 nihil
3245 589 3539 657 respondit.

2630 693 2852 749 CAPUT
2891 695 3095 752 CLXV.

2114 791 2360 858 Princeps
2388 791 2708 844 sacerdotum
2732 794 2939 861 udjurat
2965 791 3139 846 Jcsum
3169 794 3372 848 dicens.
3403 798 3462 850 ει
3486 805 3539 849 tu
3563 813 3615 849 cr

2569 861 2800 916 Christus
2822 904 2834 924 ,
2867 864 2948 915 dic
2987 865 3151 916 nobis.

2147 953 2358 1006 Illum.
2393 969 2532 1018 xxvi,
2559 954 2755 1017 05-68;
2789 955 2962 1007 illanc.
2997 970 3100 1016 xiv,
3131 953 3324 1018 (il-65;
3359 954 3484 1009 Ltrc.
3514 971 3650 1022 χχιι,

2079 1041 2264 1096 66-71.
2301 1043 2366 1095 Et
2393 1057 2603 1096 rursum
2636 1056 2878 1096 summus
2923 1043 3172 1096 sacrrdos
3201 1041 3274 1096 ait
3303 1042 3378 1096 illi
3405 1060 3417 1095 :
3447 1043 3655 1110 Adjuro

2075 1142 2126 1184 te
2151 1149 2242 1199 per
2272 1133 2434 1186 Deum
2465 1134 2663 1194 vivum,
2699 1143 2752 1186 ut
2781 1133 2927 1188 dicas
2957 1132 3110 1186 nobis
3154 1133 3198 1185 si
3239 1143 3290 1185 tu
3320 1149 3376 1186 es
3405 1130 3654 1186 Christus

2076 1221 2244 1276 Filius
2291 1223 2382 1276 Dei
2428 1222 2717 1277 benedicti.
2757 1223 2895 1276 Dicit
2928 1224 3002 1277 illi
3031 1223 3188 1277 .lesus
3212 1241 3224 1274 :
3249 1223 3326 1277 'I'u
3356 1224 3557 1277 dixisd.
3589 1224 3656 1276 Et

2075 1315 2150 1367 ait
2172 1316 2276 1368 illis
2301 1332 2313 1367 :
2339 1314 2393 1370 Si
2417 1315 2564 1368 vobis
2588 1315 2793 1381 dixero,
2825 1331 2926 1370 non
2952 1315 3182 1369 credetis
3207 1315 3332 1368 mihi
3358 1331 3372 1379 ;
3401 1317 3443 1369 si
3470 1326 3652 1367 autern

2075 1415 2124 1459 et
2158 1406 2577 1474 interrogavero,
2611 1419 2715 1458 non
2750 1405 3144 1472 reSpondebitis
3189 1405 3339 1468 mihi,
3369 1421 3538 1474 neque
3571 1406 3658 1458 di-

2075 1499 2324 1554 mittatis.
2362 1498 2736 1553 Verumtamen
2784 1497 2904 1552 dico
2931 1498 3123 1552 vobis:
3158 1499 3363 1552 Arnodo
3404 1498 3655 1552 videbit's

2075 1588 2266 1642 Filium
2314 1587 2546 1642 hominis
2575 1591 2854 1643 sedentem
2883 1604 2912 1640 a
2947 1587 3153 1642 dextris
3203 1588 3412 1641 virtutis
3452 1587 3568 1653 Dei,
3597 1596 3656 1641 ct

2077 1681 2381 1736 venientem
2413 1681 2462 1733 in
2497 1679 2724 1734 nubibus
2747 1679 2887 1734 caeli.
2921 1679 3070 1732 Tunc
3115 1680 3358 1747 princeps
3397 1679 3654 1732 sacerdo-

2078 1780 2186 1823 tum
2217 1769 2377 1823 scidit
2425 1771 2741 1822 veStiruenta
2798 1784 2922 1831 sua,
2957 1768 3140 1822 dicens
3175 1786 3186 1821 :
3225 1759 3651 1836 Blasltltemavit.

404 1882 546 1946 μνη
573 1881 751 1934 Jesum
786 1881 852 1935 de
891 1884 1168 1950 dscipulis
1198 1887 1309 1938 suis
1351 1896 1406 1939 ει
1448 1887 1514 1941 de
1543 1853 1788 1942 ἀοοῖνίηθ
1835 1889 1970 1957 eius.
2007 1853 2052 1910 B
2078 1860 2212 1925 Quid
2236 1861 2408 1914 adhuc
2437 1875 2652 1928 egemus
2678 1860 2931 1913 testibus?
2958 1860 3097 1914 Ecce
3127 1875 3264 1913 nunc
3289 1860 3511 1913 audistis
3540 1860 3654 1910 bla-

405 1967 700 2034 Ilespondit
727 1972 772 2022 ei
804 1970 994 2026 Jesus:
1028 1973 1135 2042 Ego
1165 1977 1336 2042 palam
1371 1977 1578 2029 locutus
1599 1994 1718 2031 sum
1741 1980 1971 2035 mundo:

405 2072 503 2125 ego
526 2075 739 2126 semper
767 2060 919 2114 docui
953 2061 1004 2114 in
1033 2078 1296 2131 synagoga
1319 2075 1372 2117 et
1401 2066 1450 2118 in
1477 2068 1694 2133 tetnplo,
1726 2085 1830 2136 quo
1856 2085 1975 2122 om-

403 2162 499 2201 nes
529 2148 697 2202 Judcei
744 2152 1091 2216 coitveniunt,
1145 2163 1199 2205 et
1246 2153 1296 2206 in
1347 2157 1557 2208 occulto
1616 2157 1820 2212 locutus
1857 2174 1973 2215 sum

406 2238 560 2292 nihil.
591 2240 727 2304 Quid
771 2257 800 2292 ιι
825 2257 857 2295 e
887 2243 1224 2310 interrogas?
1255 2244 1518 2312 inter-roga
1566 2261 1658 2300 eos
1685 2248 1772 2316 qui
1796 2249 1978 2304 audie-

405 2337 524 2381 runt
556 2329 678 2396 quid
709 2329 913 2383 locutus
941 2332 1038 2384 sint
1064 2333 1225 2398 ipsis:
1256 2347 1381 2386 ecce
1409 2334 1458 2387 hi
1488 2337 1660 2390 sciunt
1687 2353 1804 2406 qua:
1836 2317 1980 2394 dixe-

404 2418 506 2472 rim
559 2435 677 2488 ego.
718 2420 844 2474 IImc
884 2433 1058 2476 autem
1089 2440 1208 2477 curn
1241 2425 1482 2490 dixisset,
1535 2444 1670 2483 unus
1718 2431 1975 2487 assismns

407 2511 769 2563 ministrorum
796 2512 938 2566 dedit
969 2515 1180 2582 alapam
1213 2516 1360 2580 Jesu,
1393 2517 1610 2571 dicens:
1645 2519 1732 2573 Sic
1755 2536 1975 2590 reslton-

406 2599 502 2652 des
544 2602 780 2668 pontilici
808 2602 829 2653 ‘.’
873 2603 1166 2672 licSpondit
1195 2606 1242 2658 ei
1273 2605 1427 2661 Jesus
1455 2626 1467 2662 :
1496 2608 1550 2662 Si
1592 2609 1728 2662 male
1767 2611 1974 2665 locutus

402 2704 542 2756 sum,
573 2692 932 2746 testimonium
967 2694 1186 2762 perliibe
1223 2696 1291 2748 de
1322 2698 1460 2750 malo
1487 2716 1499 2760 ;
1535 2699 1576 2752 si
1609 2710 1785 2754 autem
1815 2701 1972 2766 bene,

409 2785 536 2853 quid
569 2801 651 2839 me
679 2787 838 2838 caulis
862 2787 884 2840 ?
908 2787 971 2839 Et
1002 2788 1144 2840 misit
1168 2804 1287 2842 eum
1319 2793 1497 2843 Aonas
1521 2791 1734 2860 ligatum
1765 2793 1828 2845 ad
1857 2794 1976 2846 Ca.-

417 2871 572 2938 pharn
613 2873 936 2940 ponlilicem.
970 2872 1094 2927 Erat
1119 2885 1294 2929 autern
1327 2874 1509 2929 Simon
1549 2878 1740 2932 Petrus
1771 2877 1896 2932 foris
1923 2879 1975 2932 in

407 2961 545 3013 atrio
571 2970 740 3027 stans,
784 2971 837 3014 et
875 2964 1192 3018 ca'et'aciens
1232 2981 1311 3018 se.
1354 2965 1583 3020 Rursum
1629 2977 1805 3021 autem
1845 2968 1973 3022 vidit

406 3066 526 3102 eum
559 3050 658 3104 alii
691 3053 906 3117 ancilla,
934 3061 988 3107 et.
1026 3054 1097 3107 ait
1126 3054 1623 3110 circumstantibus:
1657 3059 1717 3111 Et
1748 3057 1832 3111 hic
1863 3069 1978 3112 erat

406 3152 528 3192 cum
554 3134 679 3192 rem
718 3129 1015 3196 Nazareno.
1049 3145 1404 3198 llr-cesserunt
1436 3147 1522 3214 qui
1552 3146 1781 3210 stabunt,
1808 3158 1861 3201 et
1890 3148 1974 3201 di-

412 3237 609 3280 xerunt
633 3229 825 3284 Petro:
852 3231 989 3286 Vere
1019 3242 1073 3286 et
1100 3243 1154 3288 tu
1182 3250 1246 3288 ex
1277 3236 1382 3290 ills
1413 3252 1471 3291 es
1497 3257 1509 3291 :
1543 3254 1662 3292 nam
1695 3249 1746 3293 et
1768 3239 1796 3292 Ι·
1821 3239 1976 3309 quela

407 3325 492 3369 tua
527 3328 575 3370 te
598 3318 931 3375 manifestum
965 3321 1087 3376 facit
1114 3325 1257 3393 quod
1280 3326 1354 3380 sis
1385 3327 1653 3381 Galilteus.
1689 3329 1754 3382 Et
1781 3329 1975 3382 iterum
2055 3335 2061 3342 ‘

410 3410 620 3479 negavit
645 3426 762 3465 cum
784 3412 1089 3480 juramento
1113 3434 1125 3470 :
1153 3419 1282 3483 Quia
1311 3435 1412 3472 non
1439 3420 1560 3474 novi
1595 3423 1884 3476 hominem.
1913 3422 1978 3476 Et

410 3513 529 3570 post
557 3505 803 3568 pusillum
829 3508 981 3574 quasi
1009 3507 1154 3562 liora:
1205 3510 1378 3576 unius,
1408 3511 1536 3566 dicit
1565 3528 1698 3566 unus
1722 3528 1782 3567 ex
1806 3515 1976 3568 servis

411 3597 692 3662 pontificis,
723 3610 980 3666 Cogitatus
1025 3601 1141 3666 ejus
1170 3601 1317 3669 ctvjus
1357 3603 1582 3656 abscidit
1622 3603 1808 3657 Petrus
1835 3606 1978 3658 auri-

409 3685 615 3738 Culum:
652 3686 783 3742 Vere
804 3697 856 3741 et
885 3689 968 3743 hic
993 3706 1115 3744 cum
1143 3691 1234 3745 illo
1257 3704 1399 3746 erat:
1431 3710 1550 3747 nam
1580 3693 1830 3749 Galilaeus
1858 3709 1940 3754 est
1959 3734 1972 3746 .

410 3774 597 3829 Nonne
619 3792 717 3844 ego
741 3788 790 3832 te
821 3779 926 3832 vidi
953 3779 1005 3833 in
1035 3780 1188 3836 horto
1212 3797 1330 3836 cum
1363 3784 1490 3838 illo?
1520 3785 1665 3840 Tunc
1686 3786 1849 3853 cmpit
1877 3785 1977 3841 de-

413 3869 592 3920 testari
620 3868 888 3938 etjurare,
909 3882 961 3924 et
982 3873 1460 3929 anathematizare:
1481 3875 1664 3946 Neque
1689 3876 1807 3930 novi
1831 3893 1974 3946 eum,

409 3973 580 4026 neque
608 3962 720 4013 scio
737 3963 863 4030 quid
885 3963 1046 4018 dicis:
1074 3982 1175 4019 non
1195 3967 1318 4020 novi
1345 3966 1611 4021 hominem
1636 3968 1791 4021 istum
1821 3984 1867 4037 qi
1894 3984 1976 4022 em

405 4045 608 4115 dicitis.
641 4048 701 4101 Et
732 4052 909 4106 statim
949 4054 1119 4122 gallus
1157 4057 1408 4111 cantavit.
1444 4057 1507 4110 Et
1544 4073 1834 4113 conversus
1878 4059 1980 4111 Do-

411 4137 622 4203 minus,
665 4155 798 4210 resp'
823 4143 898 4196 xit
936 4143 1170 4198 Petrum.
1217 4145 1284 4200 Et
1320 4148 1634 4202 recordatus
1671 4156 1752 4202 est
1791 4148 1979 4203 Petrus

409 4226 555 4280 verbi
600 4229 805 4284 Domini
835 4231 866 4266 ’4‘
906 4234 1045 4300 quod
1087 4235 1295 4289 dixerat
1332 4237 1378 4289 ei
1415 4254 1427 4288 :
1462 4237 1772 4306 Priusquam
1812 4238 1980 4303 gallus

410 4331 618 4386 cantet,
663 4333 742 4376 ter
781 4338 866 4377 me
915 4325 1155 4394 negabis.
1199 4325 1264 4379 Et
1311 4342 1558 4396 egressus
1611 4329 1752 4383 foras
1779 4369 1793 4395 ,
1837 4329 1981 4383 licvit

413 4426 613 4466 amare.

937 4525 1160 4580 carur
1199 4505 1427 4592 cmirv.

589 4617 955 4680 Quaerebantur
983 4620 1104 4686 [nisi
1141 4629 1286 4672 testes
1323 4621 1563 4673 adversus
1601 4619 1796 4676 Jesum.

481 4728 690 4783 Manu.
732 4745 896 4793 xxvrr,
929 4731 984 4790 I;
1020 4745 1159 4794 xxvi,
1194 4729 1392 4792 59-65;
1431 4729 1600 4782 Mane.
1632 4743 1745 4792 ην,
1788 4728 1974 4783 55-61.

411 4821 564 4876 Mane
593 4835 768 4878 autem
800 4825 956 4885 facto,
987 4833 1353 4879 convenerunt
1383 4837 1567 4876 omnes
1607 4823 1875 4892 principes
1901 4837 1981 4877 sa-

410 4916 706 4983 cerdotum,
723 4935 842 4972 cum
865 4917 1169 4973 senioribus
1195 4917 1359 4987 plebis
1381 4926 1434 4970 et
1460 4915 1670 4978 scribis,
1692 4915 1976 4970 concilium

415 5007 686 5063 facientes.
717 5011 1034 5077 Quaerebam
1063 5011 1251 5065 falsum
1285 5010 1649 5064 testimonium
1677 5020 1861 5064 contra
1891 5010 1983 5066 de:

409 5112 552 5160 ειιιιι,
573 5111 624 5150 ιιι
646 5114 764 5152 eum
792 5100 946 5154 rnorti
969 5102 1272 5157 traderent:
1296 5113 1350 5156 et
1365 5115 1471 5154 non
1497 5100 1835 5166 invenerunt,
1861 5113 1984 5154 eum

361 5253 370 5258 π
416 5187 567 5240 multi
601 5187 716 5240 falsi
750 5200 910 5243 testes
947 5195 1334 5255 accessissent;
1369 5205 1466 5244 nec
1514 5189 1855 5243 inteniebattt
1887 5205 1901 5242 :
1933 5197 1989 5242 et

411 5278 780 5330 convenientia
807 5280 1012 5334 illorum
1039 5284 1337 5337 testimonia
1366 5298 1468 5337 non
1490 5290 1663 5336 erant.
1689 5279 1987 5334 Novissime

416 5380 591 5423 autem
628 5380 881 5423 venerunt
929 5369 1036 5422 duo
1067 5371 1180 5424 falsi
1240 5383 1425 5436 testes,
1477 5381 1531 5426 et
1559 5373 1849 5425 dixerunt:
1879 5367 1986 5422 Nos

413 5467 716 5522 audivimus
755 5482 876 5522 eum
909 5466 1173 5522 dicentem
1209 5481 1224 5520 :
1259 5467 1478 5521 Possum
1523 5468 1801 5520 destruere
1853 5473 1986 5517 tern-

416 5558 557 5625 plum
589 5560 677 5611 Dei
709 5561 806 5612 loc
829 5556 1210 5619 manufactum,
1235 5567 1289 5610 et
1313 5567 1428 5623 post
1452 5557 1680 5610 triduum
1712 5553 1853 5608 aliud
1881 5567 1988 5606 non

418 5647 779 5703 ruanufactuni
813 5651 1097 5703 :ed‘tlicare.
1132 5647 1283 5701 .lesus
1307 5656 1482 5699 autem
1515 5647 1744 5698 tacebat.
1781 5645 1843 5696 lit
1871 5658 1987 5696 sur-

419 5753 547 5807 gens
588 5754 832 5806 ιιιιιιι-ι-ιις
886 5742 1216 5795 saccrdutum
1253 5740 1302 5794 in
1339 5737 1589 5798 medium,
1646 5734 1990 5801 interrogavit

2009 4578 2061 4638 D

2079 1951 2376 2019 sphemiam
2408 1952 2474 2004 de
2502 1967 2595 2004 ore
2623 1953 2758 2018 ejus.
2813 1952 2948 2018 Quid
3003 1953 3154 2006 vobis
3196 1953 3446 2011 videtur?
3477 1953 3544 2004 At
3573 1952 3652 2004 illi

2078 2045 2482 2112 respondentes,
2514 2044 2798 2098 dixerunt:
2833 2045 2976 2099 Ileus
3005 2055 3086 2099 est
3132 2046 3338 2098 mortis.
3377 2042 3530 2097 'I‘unc
3559 2059 3655 2095 ex-

2077 2144 2331 2203 spuerunt
2363 2136 2415 2187 in
2450 2135 2633 2188 faciem
2658 2135 2774 2204 ejus
2802 2153 2814 2187 :
2849 2145 2902 2190 et
2933 2137 3018 2204 qui
3050 2137 3434 2189 tenebanteum
3469 2133 3656 2186 iltudc-

2079 2224 2204 2278 bant
2226 2226 2296 2289 ei,
2324 2235 2374 2277 et
2408 2225 2719 2278 velaverunt
2748 2223 2936 2278 faciem
2977 2224 3111 2292 ejus,
3146 2235 3198 2278 et
3225 2225 3466 2293 colaphis
3513 2226 3656 2274 cce”-

2078 2317 2274 2372 derunt
2318 2333 2459 2371 eum.
2492 2317 2592 2370 Alii
2621 2327 2798 2371 autem
2833 2316 3033 2385 palmas
3083 2317 3132 2369 irt
3175 2316 3362 2370 faciem
3391 2319 3436 2371 ei
3488 2320 3653 2382 dede-

2078 2422 2233 2475 runt,
2265 2411 2539 2464 dicentes:
2571 2409 2882 2481 Pg-ophetiaa
2929 2408 3109 2473 n‘obis,
3153 2404 3392 2476 Christe,
3423 2411 3540 2477 quis
3568 2420 3652 2462 est

2079 2502 2166 2570 qui
2219 2511 2270 2554 te
2304 2501 2604 2569 percussit?
2635 2502 2702 2553 Et
2728 2499 2830 2554 alia
2861 2501 3024 2556 multa
3058 2498 3483 2567 blasphemantcs
3515 2501 3692 2554 dice-0

2080 2592 2206 2645 baut
2235 2591 2285 2645 in
2319 2589 2464 2646 eum.

2617 2703 2844 2758 CAPUT
2879 2702 3103 2757 CLXVI.

2258 2797 2506 2850 Traditur
2537 2795 2709 2850 Pilato
2744 2795 2933 2850 Iesus:
2961 2804 3008 2850 et
3037 2798 3238 2865 paenitet
3277 2796 3463 2852 Judas.

2149 2911 2364 2964 Manu.
2398 2925 2567 2973 xxvii,
2598 2908 2756 2973 2-10;
2792 2908 2960 2962 illanc.
3016 2923 3107 2973 xv,
3153 2907 3210 2971 l;
3242 2907 3366 2962 Luc.
3410 2924 3558 2972 xxur,
3599 2911 3645 2961 l.

2082 3002 2148 3056 Et
2177 3000 2521 3054 adduxerunt
2547 3013 2668 3052 eum
2693 2999 2924 3052 vinctum
2955 3000 3004 3051 in
3039 2999 3367 3067 prmtorium,
3401 3009 3454 3052 et
3483 3001 3652 3051 tradi-

2080 3096 2270 3148 derunt
2302 3093 2489 3146 Pontio
2521 3089 2692 3144 Pilato
2731 3092 2961 3160 praesidi.
3003 3120 3072 3131 —
3101 3090 3252 3144 Joan.
3289 3107 3433 3154 xvru,
3461 3090 3548 3146 28.
3587 3093 3653 3143 Et

2081 3184 2180 3252 ipsi
2213 3199 2316 3236 non
2342 3183 2661 3235 introierunt
2685 3181 2737 3233 in
2763 3181 3095 3249 praetorium,
3122 3190 3179 3234 ut
3207 3196 3309 3233 non
3332 3182 3655 3234 contamina-

2082 3285 2284 3339 rentur,
2318 3271 2410 3326 sed
2439 3281 2494 3325 ut
2519 3272 2904 3324 manducarcnt
2933 3271 3155 3324 Pascha.
3181 3269 3329 3324 'I‘unc
3352 3269 3534 3323 videns
3559 3269 3658 3324 Ju—

2079 3367 2174 3420 das
2202 3369 2291 3435 qui
2322 3381 2440 3417 eum
2475 3363 2690 3417 tradidit
2727 3363 2868 3433 quod
2919 3363 3203 3417 damnatus
3251 3374 3415 3427 eSSet,
3461 3364 3658 3417 ductus

2083 3456 2415 3526 pmnitentia,
2447 3454 2631 3508 retulit
2663 3453 2874 3522 triginta
2907 3463 3189 3522 argenteos
3216 3452 3542 3522 principibus
3574 3469 3656 3505 sa-

2079 3549 2355 3603 cerdutum
2393 3559 2446 3603 et
2483 3546 2807 3610 senioribus,
2855 3535 3042 3601 dicens
3076 3563 3090 3597 :
3142 3545 3382 3609 Peccavi,
3437 3546 3658 3600 tradens

2080 3644 2388 3713 sanguinem
2408 3643 2634 3710 justum.
2661 3641 2728 3694 At
2758 3641 2834 3694 illi
2867 3641 3115 3696 dixerunt
3145 3658 3156 3691 :
3188 3640 3319 3707 Quid
3344 3640 3410 3692 ad
3434 3642 3568 3693 nos?
3599 3650 3656 3692 tu

2082 3735 2296 3790 videris.
2319 3736 2382 3790 Et
2412 3733 2663 3803 projectis
2694 3733 2960 3802 argenteis
2985 3732 3037 3786 in
3069 3733 3292 3801 templo,
3325 3731 3575 3786 receSsit:
3602 3741 3659 3784 ct

2081 3824 2285 3889 abiens,
2318 3824 2508 3890 laqueo
2537 3837 2595 3878 se
2635 3823 2932 3890 suSpendit.
2971 3823 3245 3891 Principes
3272 3832 3444 3875 autern
3476 3836 3656 3876 sacer-

2081 3914 2260 3968 dotum
2281 3954 2294 3979 ,
2326 3914 2559 3982 acceptis
2605 3914 2906 3984 argenteis,
2937 3915 3182 3969 dixerunt
3208 3914 3370 3980 :_Non
3406 3930 3498 3968 eos
3529 3915 3658 3968 licet

2082 4008 2292 4062 mittere
2322 4007 2374 4059 in
2421 4007 2742 4074 corbonam,
2782 4007 2901 4075 quia
2953 4008 3179 4075 pretium
3233 4007 3508 4076 sanguinis
3537 4017 3644 4060 est.

2081 4099 2315 4155 Consilio
2341 4109 2517 4153 autem
2544 4099 2696 4164 inito,
2721 4108 2967 4154 emerunt
2988 4115 3051 4152 ex
3079 4099 3180 4152 illis
3202 4115 3386 4168 agrum
3411 4098 3577 4166 ﬁguli,
3605 4100 3656 4152 in

2083 4193 2414 4258 sepulturam
2447 4193 2871 4261 peregrinorum.
2917 4193 3144 4259 Propter
3197 4193 3297 4244 hoc
3329 4200 3544 4244 vocatus
3572 4201 3661 4244 est

2083 4297 2208 4352 ager
2246 4283 2335 4336 ille
2357 4282 2376 4303 ‘
2413 4281 2826 4347 Acheldemach,
2861 4281 2961 4336 hoc
2981 4291 3064 4335 est
3088 4297 3214 4350 ager
3241 4282 3535 4350 sanguinis,
3570 4297 3662 4335 IIS-

2083 4389 2186 4443 que
2223 4375 2274 4428 in
2319 4374 2632 4427 bodiernurn
2671 4373 2835 4427 diem.
2880 4372 3030 4428 Tunc
3071 4373 3347 4442 impletum
3385 4382 3468 4427 est.
3511 4375 3654 4442 quod

2086 4465 2286 4520 dictum
2315 4476 2396 4520 eSt
2431 4479 2522 4534 per
2551 4464 2837 4518 Jeremiani
2869 4463 3204 4532 prophetarn,
3254 4465 3520 4518 dicentem
3547 4481 3558 4515 :
3597 4466 3662 4517 l-Zt

2085 4564 2411 4622 acceperunt
2466 4553 2676 4622 triginta
2730 4564 3012 4621 argenteos
3061 4554 3288 4621 pretium
3341 4555 3658 4620 apprctiati,

2087 4662 2244 4714 quem
2272 4647 2714 4714 appretiaverunt
2739 4661 2766 4696 a
2797 4643 2916 4698 filiis
2955 4645 3114 4699 Israel
3147 4663 3158 4696 :
3193 4657 3244 4699 et
3273 4645 3532 4699 dederunt
3565 4662 3664 4699 eos

2088 4735 2140 4789 in
2167 4750 2353 4803 agrum
2384 4735 2546 4806 figuli,
2574 4735 2712 4789 sicut
2733 4734 3009 4788 constituit
3037 4734 3164 4788 mihi
3197 4733 3448 4788 Dominus
3473 4733 3662 4803 (Z.;clr.

2087 4841 2159 4892 ιιι,
2197 4825 2302 4895 12).

2621 4915 2844 4971 CAPUT
2875 4915 3123 4971 CLXVII.

2093 5008 2294 5062 Pilatus
2320 5008 2466 5060 audit
2495 5008 2623 5060 inter
2645 5005 2854 5059 Juda'os
2882 5017 2927 5060 et
2955 5005 3234 5060 Dominum
3259 5017 3344 5061 :et
3369 5009 3518 5061 mittit
3550 5023 3668 5062 eum

2687 5078 2754 5129 ad
2795 5075 3075 5130 Herodem.

2162 5187 2316 5244 Joax.
2339 5204 2484 5254 xvrn,
2504 5187 2596 5252 ‘29,
2613 5189 2703 5244 50.
2728 5189 2902 5242 Exivit
2922 5205 3048 5258 ergo
3072 5188 3272 5243 Pilatus
3292 5189 3357 5242 ad
3381 5203 3473 5243 eos
3497 5187 3672 5251 foras.

2093 5289 2145 5335 et
2174 5280 2300 5334 dixit
2329 5297 2341 5332 :
2375 5278 2542 5345 Quam
2568 5280 2959 5333 accusationem
2980 5279 3182 5334 alienis
3205 5279 3461 5336 adversus
3492 5280 3670 5336 homi-

2096 5385 2214 5424 nem
2242 5370 2413 5423 ltunc?
2439 5369 2842 5438 Responderunt
2862 5379 2911 5423 et
2934 5369 3183 5423 dixerunt
3207 5371 3252 5423 ei
3280 5388 3291 5421 :
3316 5370 3370 5425 Si
3393 5387 3495 5422 non
3523 5382 3668 5424 esset

2094 5456 2180 5513 hic
2209 5459 2540 5523 rualefactor,
2569 5473 2672 5511 non
2705 5457 2796 5512 tibi
2827 5458 3225 5513 tradidissemus
3255 5475 3397 5514 eunt.
3426 5490 3493 5501 —
3534 5461 3665 5516 Luc.

2094 5569 2239 5614 xxtrt,
2279 5554 2357 5606 l2.
2396 5550 2544 5604 lIunc
2575 5550 2873 5604 invenimus
2899 5551 3294 5605 subvertentern
3328 5563 3538 5621 gentem
3573 5570 3662 5604 tto-

2095 5655 2278 5706 stram,
2311 5656 2363 5698 et
2397 5642 2760 5709 prohibentem
2795 5643 2986 5696 tributa
3010 5642 3135 5697 dare
3163 5641 3379 5707 Ctesari,
3413 5654 3460 5696 et
3487 5645 3664 5696 dicen-

2099 5751 2201 5792 tem
2235 5753 2292 5791 se
2320 5737 2584 5790 Christum
2617 5751 2789 5803 regem
2833 5749 2970 5790 esse.
3012 5766 3079 5776 --
3111 5735 3264 5790 iota.
3303 5751 3447 5800 xvut,
3481 5737 3661 5791 fil-33.
