4026 6196
393 376 488 432 εει

1534 373 1843 431 VICTORIS
1886 372 2186 429 EPISCUPI
2227 373 2308 428 CA
2322 371 2526 429 PUANI

3554 376 3651 433 55?.

394 502 723 558 Judmorum.
758 503 819 556 Et
846 510 1167 570 exspuentes
1198 501 1250 555 in
1281 516 1423 564 tum,
1454 506 1776 566 acceperunt
1806 511 1968 550 arun-
2004 497 2053 556 Α
2079 493 2267 547 liberet
2298 509 2434 546 nunc
2464 508 2604 553 eum,
2659 492 2700 545 si
2738 492 2845 547 vult
2879 510 2888 544 ;
2923 491 3055 547 dixit
3096 495 3236 548 enim
3285 512 3296 548 :
3340 494 3471 562 Quia
3501 498 3658 554 Filius

391 599 661 659 dinem,et
686 595 1049 665 percutiebant
1075 604 1233 663 caput
1253 593 1389 663 ejus.
1412 594 1476 645 Et
1499 602 1775 661 postquam
1802 590 1982 644 illuse-

392 698 513 741 ruut
548 689 620 752 ei,
660 698 923 742 exuerunt
949 702 1069 739 eum
1100 684 1434 753 chlamydem
1486 692 1540 737 et
1590 697 1897 750 purpuram,
1929 690 1983 735 ct

394 756 677 831 induerunt
699 795 818 831 eum
852 793 882 829 v
920 777 1183 829 stintentis
1208 776 1342 842 ejus,
1364 785 1415 828 ct
1447 774 1715 827 duxerunt
1744 788 1888 836 eum,
1924 780 1981 825 ut

391 872 765 936 crncitigerent
797 868 1114 933 bajulantcm
1141 867 1238 918 sibi
1259 880 1487 918 crucem.
1511 864 1776 916 Exeuntes
1804 871 1979 914 autem

396 963 587 1012 invene
620 972 714 1013 unt
747 959 1014 1010 ilulliillt'ln
1042 959 1357 1025 Cyrenaeum
1392 954 1688 1008 venientem
1717 952 1783 1006 de
1815 951 1937 1005 villa
1959 992 1975 1015 ,

397 1052 610 1103 notuine
655 1051 926 1103 Simonem
952 1091 964 1112 ,
1003 1058 1203 1114 patretn
1235 1045 1519 1099 Alexandri
1562 1052 1617 1097 et
1653 1043 1792 1097 ιιυιι.
1830 1042 1981 1096 Hunc

395 1141 801 1206 angariiveruat
833 1155 1042 1191 crucem
1078 1147 1289 1205 portare
1322 1145 1439 1199 post
1465 1132 1668 1188 Jesum.
1702 1134 1978 1202 Sequeba-

397 1244 481 1286 tur
506 1245 679 1286 autem
707 1235 849 1285 illum
881 1233 1028 1285 turba
1057 1233 1215 1284 multa
1242 1230 1445 1299 populi,
1470 1240 1523 1285 et
1551 1230 1831 1285 mulierum
1861 1243 1981 1299 qua:

396 1326 729 1392 plangebant,
762 1334 813 1377 et
842 1323 1271 1377 lamentabantur
1292 1338 1436 1377 eum.
1465 1321 1769 1377 Conversus
1803 1334 1978 1377 autem

390 1415 455 1467 ad
503 1416 618 1467 illas
647 1414 840 1478 Jesus,
890 1413 1020 1466 dixit
1047 1430 1061 1465 :
1087 1414 1233 1467 Filia:
1261 1412 1592 1478 Jerusalem,
1644 1414 1810 1467 nolite
1852 1412 1981 1467 ﬁere

390 1520 551 1574 super
575 1519 659 1557 me
682 1547 696 1571 ,
731 1505 825 1558 sed
853 1519 1016 1571 super
1046 1520 1141 1558 vos
1172 1504 1317 1571 ipsas
1347 1503 1503 1567 ﬂete,
1538 1512 1592 1558 et
1631 1518 1794 1570 super
1844 1503 1983 1557 ﬁlios

392 1607 619 1649 vestros.
645 1597 905 1661 Quoniam
930 1610 1055 1649 ecce
1083 1594 1298 1649 venient
1321 1595 1438 1649 dies
1462 1595 1513 1647 iu
1543 1593 1736 1664 quibus
1758 1593 1936 1648 dicent
1964 1610 1980 1647 ε

392 1688 569 1741 Beata:
596 1688 807 1742 steriles
829 1697 883 1742 et
910 1698 1122 1743 ventres
1146 1688 1234 1757 qui
1263 1704 1367 1742 non
1390 1698 1710 1757 genuerunt,
1742 1697 1792 1741 et
1817 1686 1983 1741 ubera

390 1793 511 1845 qua:
559 1794 662 1830 non
706 1778 1057 1833 lactaverunt.
1091 1779 1239 1834 Tunc
1270 1779 1522 1847 incipient
1562 1779 1747 1833 dicere
1789 1779 1984 1832 monti-

2090 585 2180 637 Dei
2212 601 2351 636 sum.
2384 585 2612 651 ldipsum
2642 595 2815 639 autem
2849 602 2984 639 unus
3017 586 3081 640 de
3114 586 3196 640 his
3241 587 3328 655 qui
3364 589 3657 654 pendebant

2086 675 2381 730 latronibus
2412 720 2424 741 ,
2481 677 2881 743 lliaspllcmttitﬂl
2920 693 3041 729 eum
3069 718 3085 742 ,
3132 678 3317 731 dicens
3350 696 3362 731 :
3398 680 3453 733 Si
3506 692 3557 732 ttt
3605 698 3659 734 cs

2084 768 2349 830 Christus,
2400 771 2602 821 salvum
2629 769 2706 820 tae
2731 777 3067 835 tetnettpsunt
3092 778 3141 821 et
3176 784 3288 820 nos.
3322 768 3661 838 Responde-ns

2085 873 2260 914 autem
2288 863 2444 925 alter,
2473 861 2780 927 increpabat
2810 862 2951 913 illum
2977 862 3158 915 dicens
3188 881 3199 914 :
3229 862 3408 931 Neque
3431 874 3482 915 tu
3512 866 3664 918 times

2088 951 2272 1017 Deum,
2300 953 2437 1018 quod
2459 953 2509 1004 in
2532 953 2718 1005 eadem
2748 953 3089 1007 damnatione
3116 954 3209 1008 es?
3244 955 3305 1008 Et
3338 971 3433 1009 nos
3454 959 3663 1026 quidem

2081 1042 2225 1107 juste
2258 1058 2271 1096 :
2307 1057 2426 1094 nam
2459 1042 2613 1109 digna
2649 1042 2800 1095 tactis
2845 1043 3132 1111 recipimus
3178 1060 3194 1097 :
3247 1045 3329 1098 hic
3377 1061 3504 1099 vero
3542 1049 3667 1101 nihil

2034 1160 2043 1165 ν
2086 1131 2209 1183 mali
2236 1134 2417 1199 gessit.
2454 1132 2513 1185 Et
2545 1133 2752 1185 dicebat
2778 1133 2843 1185 ad
2870 1133 3051 1188 desum
3086 1152 3096 1185 ε
3133 1135 3375 1201 Domine,
3406 1152 3671 1191 memento

2086 1222 2214 1284 mei,
2240 1222 2366 1275 dum
2398 1223 2611 1276 veneris
2636 1223 2688 1274 in
2714 1239 2932 1289 regnum
2961 1234 3128 1277 tuum.
3148 1224 3209 1278 Et
3229 1226 3362 1278 dixit
3385 1226 3459 1279 illi
3482 1227 3667 1282 Jesus:

2085 1314 2253 1366 Amen
2299 1314 2418 1368 dEco
2449 1314 2537 1366 tibi
2564 1331 2575 1364 :
2612 1314 2780 1368 llodie
2810 1331 3014 1368 mecum
3046 1318 3155 1370 eris
3204 1318 3256 1371 in
3310 1322 3574 1387 paradiso.
3607 1352 3671 1362 ~—

2084 1405 2237 1459 Joaa.
2274 1422 2384 1470 xix,
2414 1406 2613 1460 (ἑὸ-27.
2673 1407 2894 1461 Stabant
2924 1417 3101 1462 autem
3128 1408 3277 1479 juxta
3305 1427 3519 1467 erucem
3550 1415 3674 1470 Jesu

2086 1505 2257 1550 mater
2286 1497 2403 1564 ejus
2423 1538 2437 1561 ,
2470 1508 2524 1551 et
2552 1513 2706 1551 soror
2745 1499 2931 1552 matris
2961 1499 3078 1567 ejus
3099 1541 3113 1563 ,
3153 1501 3311 1555 Maria
3343 1502 3598 1574 Cit-opina:
3626 1518 3676 1561 et

2085 1586 2244 1642 Maria
2275 1589 2603 1658 Magdalene.
2648 1590 2780 1644 Cum
2814 1589 3034 1645 vidisset
3064 1607 3192 1661 ergo
3228 1593 3383 1649 Jesus
3414 1607 3673 1665 matrem,

2086 1693 2137 1733 et
2184 1682 2501 1748 discipulum
2550 1692 2776 1735 stantem
2819 1699 2978 1751 quem
3027 1684 3317 1750 diligebat,
3347 1686 3475 1740 dicit
3520 1698 3678 1753 matri

2086 1785 2195 1825 sua:
2223 1790 2233 1823 :
2269 1774 2475 1833 Mulier.
2506 1789 2631 1827 ecce
2660 1775 2794 1828 lilius
2818 1785 2956 1830 tuus.
2995 1777 3192 1831 Deinde
3214 1779 3340 1832 dicit
3368 1780 3633 1849 diScipulo
3661 1802 3672 1835 :

392 1871 494 1923 bus
525 1886 539 1922 :
571 1868 758 1923 Cadi'e
784 1885 945 1936 super
988 1885 1117 1934 nos;
1170 1881 1225 1925 et
1266 1871 1496 1925 collibus
1541 1888 1553 1922 :
1597 1872 1814 1939 Uperite
1866 1886 1981 1924 nos.
2018 1867 2065 1925 B
2095 1865 2231 1919 Ecce
2263 1876 2432 1919 mater
2465 1878 2571 1918 tua.
2601 1867 2662 1918 Et
2694 1884 2757 1920 ex
2793 1869 2876 1920 illa
2913 1871 3038 1920 hora
3069 1872 3272 1937 accepit
3300 1887 3417 1924 eam
3448 1872 3677 1939 discipzi.

391 1959 524 2023 Quia
570 1960 613 2013 si
656 1959 708 2013 in
754 1958 908 2014 viridi
956 1961 1101 2030 ligno
1147 1961 1277 2022 haec,
1313 1960 1555 2030 faciunt,
1607 1963 1660 2015 in
1687 1962 1835 2016 arido
1861 1962 1984 2032 quid

396 2052 519 2105 ﬁet?

959 2190 1185 2245 CAPUT
1218 2190 1426 2245 CLXX.

396 2277 513 2353 Duo
535 2279 758 2353 latrones
781 2296 892 2333 cum
923 2280 1126 2334 Christo
1164 2283 1233 2334 ad
1272 2283 1677 2353 cruciﬁgendum
1707 2285 1983 2336 ducuntur.

468 2347 534 2401 Et
562 2349 712 2401 Iesus
742 2352 791 2402 in
824 2367 972 2402 cruce
1004 2365 1216 2404 matrem
1254 2347 1526 2406 Joanni'et
1554 2353 1805 2407 Joannem
1836 2355 1989 2407 matri

469 2421 807 2472 commendet.
846 2425 997 2473 Ατειυ
1038 2432 1271 2491 potatus,
1312 2427 1676 2479 consummatis
1721 2426 1987 2491 omnibus,

467 2491 650 2543 emittit
672 2491 929 2558 spiritum.

468 2603 598 2657 Luc.
649 2620 773 2657 χχιιι
796 2645 810 2669 ,
862 2604 1045 2659 52-54.
1096 2596 1437 2662 Ducebantur
1471 2618 1647 2664 autem
1679 2620 1733 2665 et
1767 2610 1855 2665 alii
1885 2610 1991 2665 duo

398 2711 623 2765 nequam
662 2712 781 2750 cum
812 2712 906 2761 eo,
939 2706 996 2751 ut
1031 2698 1795 2758 interﬁcerentur.—Marrn.
1822 2719 1987 2768 xxvii,

398 2786 595 2851 53-37;
636 2787 805 2840 illane.
838 2804 927 2854 xv,
967 2787 1160 2843 22-26.
1206 2791 1272 2845 Et
1318 2782 1597 2862 postquam
1646 2803 1910 2849 venerunt
1938 2793 1990 2848 in

404 2882 576 2936 locum
607 2883 696 2950 qui
727 2882 920 2936 dicitur
949 2883 1245 2954 Golgotha,
1280 2888 1419 2955 quod
1464 2898 1547 2942 est
1584 2888 1992 2957 interpretatum

398 2972 660 3026 Calvaria:
693 2973 721 3025 ιι
745 2988 869 3041 cus,
911 2974 979 3028 ibi
1011 2975 1389 3030 cruciﬁxerunt
1430 2994 1574 3032 eum.
1629 2979 1693 3033 Et
1729 2978 1994 3033 dederunt

401 3065 452 3116 ci
489 3064 665 3116 vinum
698 3064 880 3120 bibere
904 3081 1023 3119 cum
1055 3067 1175 3122 felle
1201 3069 1419 3123 mixtum
1443 3086 1454 3121 :
1475 3079 1525 3124 et
1554 3086 1674 3124 cum
1705 3079 1991 3139 gusmsset,

404 3154 576 3208 noluit
618 3156 821 3210 bibere.
864 3157 1021 3211 Jesus
1064 3170 1241 3213 autem
1288 3160 1501 3215 dicebat
1536 3178 1550 3215 :
1581 3162 1754 3225 Pater,
1786 3162 1995 3217 dimitte

2093 1954 2173 2008 lus
2199 1956 2249 2009 in
2274 1971 2387 2008 sua.
2410 1956 2701 2009 ——Mar'rn.
2731 1972 2894 2019 xxvn,
2926 1956 3119 2022 45-50;
3154 1960 3325 2013 Mane.
3361 1978 3449 2023 xv,
3483 1963 3679 2028 5357;

2093 2044 2220 2100 Luc.
2262 2061 2416 2111 χχιιι,
2462 2047 2654 2101 44-46.
2708 2050 2748 2100 Λ
2803 2059 2950 2102 sexta
3001 2059 3181 2104 autem
3232 2052 3357 2105 hora
3386 2094 3401 2118 ,
3450 2058 3681 2109 tenebra:

2094 2136 2244 2192 iactat
2274 2149 2398 2191 sunt
2441 2154 2602 2205 super
2648 2140 2955 2195 univeréam
3000 2151 3240 2210 terram,
3274 2160 3441 2213 usque
3476 2146 3546 2198 ad
3594 2147 3683 2199 bn-

2092 2243 2206 2281 ratn
2239 2244 2454 2282 nonam.
2488 2230 2552 2283 Et
2602 2231 2743 2284 tirca
2787 2231 2968 2285 b-iram
3018 2249 3210 2286 nonam
3252 2236 3496 2288 clamavit
3529 2238 3684 2292 Je-‘us

2095 2333 2223 2372 voce
2255 2335 2465 2385 magna,
2494 2320 2714 2374 dicens:
2749 2322 2846 2383 Eli,
2880 2323 2978 2387 Eli,
3004 2325 3139 2377 lania
3172 2326 3487 2381 sahacthani
3514 2329 3685 2397 (Psat.

2095 2427 2207 2475 xxi,
2237 2411 2331 2479 9.)!
2366 2412 2515 2479 Quod
2564 2423 2644 2466 est
2689 2414 3091 2481 interpretatum
3124 2434 3137 2470 :
3174 2417 3311 2470 Deus
3340 2436 3511 2485 meus,
3551 2422 3685 2475 Deus

2095 2517 2267 2567 meus,
2305 2504 2489 2572 utquid
2521 2504 2849 2572 deri-liquiSti
2877 2507 2889 2558 ἵ
2922 2506 3148 2572 Quidam
3193 2523 3369 2563 autem
3394 2510 3503 2565 illic
3535 2521 3685 2566 stan-

2096 2603 2175 2648 tes
2198 2602 2251 2648 et
2276 2594 2569 2660 audientes,
2600 2595 2846 2649 dicebant
2874 2612 2888 2650 :
2923 2597 3095 2650 Eliam
3125 2611 3272 2652 vocat
3300 2601 3422 2656 iste.
3441 2634 3512 2642 —
3533 2604 3685 2659 Jnxat.

2096 2702 2205 2753 xix,
2236 2686 2423 2742 28-30.
2449 2686 2637 2743 Postea
2664 2690 2839 2744 scitus
2868 2689 3026 2771 Jeeus
3054 2690 3175 2758 quia
3214 2693 3324 2760 jam
3354 2697 3536 2750 omnia
3566 2712 3690 2751 con-

2096 2793 2549 2858 summatasunt,
2598 2795 2655 2838 ut
2693 2797 3157 2842 consummaretur
3203 2787 3475 2857 Scriptura
3513 2790 3688 2859 (Ρωι.

2098 2891 2285 2939 vatu,
2317 2875 2436 2945 ἐξ),
2467 2876 2597 2931 dicit
2628 2895 2639 2928 :
2670 2876 2826 2932 Sitio.
2860 2878 2961 2931 V'as
2988 2893 3117 2947 ergo
3148 2882 3371 2948 positum
3398 2894 3513 2935 erat
3542 2895 3693 2937 act-tu

2102 2970 2337 3038 plenum.
2373 2971 2437 3024 Et
2472 2971 2725 3024 continuo
2755 2986 2977 3026 currens
3011 2987 3148 3025 unus
3175 2988 3241 3028 ex
3265 2973 3345 3027 eis
3366 3014 3382 3037 ,
3413 2986 3691 3042 acceptam

2097 3061 2376 3131 spongiam
2424 3062 2656 3131 implevit
2698 3071 2851 3117 aceto
2878 3102 2893 3126 ,
2937 3071 2989 3116 rt
3028 3063 3279 3132 imposuit
3324 3066 3610 3125 aruudini,
3641 3077 3693 3120 ct

2099 3153 2259 3207 dabat
2283 3154 2329 3209 ei
2360 3153 2710 3209 bibere.Cum
2732 3170 2859 3224 ergo
2884 3156 3181 3223 accepisset.
3198 3156 3225 3190 "
3249 3168 3481 3219 acetum,
3507 3159 3651 3212 dixit
3678 3177 3689 3211 :

402 3245 660 3309 illis;nuu
688 3245 830 3300 enim
849 3250 1021 3303 sciunt
1048 3251 1174 3317 quid
1204 3251 1651 3306 faciunt.—.loa.v.
1671 3266 1779 3318 xix,
1805 3252 1990 3309 19-24.

2101 3243 2538 3299 Consummatum
2570 3256 2669 3300 est.
2706 3244 2898 3299 Cll‘lCl'i
2932 3262 3059 3300 vero
3102 3247 3348 3302 dicebant
3378 3267 3388 3300 :
3426 3250 3595 3309 Sine,
3625 3252 3698 3303 vi-

403 3337 690 3406 l’ostquam
723 3349 899 3392 autem
926 3340 1307 3395 cruciﬁxerunt
1333 3357 1454 3396 eum
1486 3384 1501 3407 ,
1547 3354 1868 3411 acceperunt
1898 3358 1989 3399 ve-

406 3430 660 3483 stimenta
690 3431 826 3498 ejus,
859 3441 913 3484 et
944 3431 1183 3486 fecerunt
1206 3442 1436 3501 quatuor
1468 3444 1676 3500 partes,
1708 3435 1992 3503 unicuique

404 3518 557 3572 mi‘iti
584 3531 820 3587 partem,
847 3531 902 3573 et
930 3522 1184 3575 tunicam.
1229 3522 1354 3575 Erat
1382 3531 1557 3575 autem
1602 3524 1776 3576 tunica
1808 3524 1990 3576 incon-

405 3609 610 3673 sutilis,
648 3611 880 3679 de~uper
915 3621 1166 3665 contexta
1201 3627 1292 3679 per
1324 3622 1512 3666 totum.
1564 3613 1821 3668 Dixerunt
1866 3630 1992 3685 ergo

405 3702 476 3757 ad
510 3704 733 3757 invicem
772 3722 785 3758 :
826 3704 940 3757 Non
972 3705 1281 3758 scindamus
1307 3718 1422 3759 eam
1444 3747 1458 3771 ,
1494 3706 1586 3759 sed
1619 3706 1903 3760 sortianmr
1926 3708 1995 3763 de

392 3799 521 3865 ’illa,
546 3800 697 3872 cujus
718 3802 807 3853 sit.
839 3799 905 3855 Ut
937 3801 1215 3868 Scriptura
1239 3801 1576 3870 impleretur,
1607 3801 1791 3856 dicens
1819 3820 1831 3857 :
1869 3787 1995 3857 Par—

405 3892 491 3947 titi
518 3902 639 3945 sunt
670 3892 988 3947 vestimenta
1017 3906 1135 3947 mea
1163 3892 1287 3956 sibi,
1316 3902 1369 3949 et
1402 3907 1563 3959 super
1593 3903 1793 3947 vestem
1822 3908 1993 3947 meam

408 3986 672 4038 miserunt
699 3994 899 4038 sortem
936 3984 1104 4052 (Paul.
1152 4000 1267 4049 χιιι,
1304 3984 1411 4052 19).
1445 3983 1511 4037 Ει
1548 3999 1596 4035 ιιι
1623 3984 1742 4037 lites
1781 3983 1995 4052 quidem

407 4076 526 4129 haec
568 4074 828 4130 fecerunt.
877 4078 939 4129 l-Zt
979 4076 1229 4129 sedentes
1269 4076 1552 4129 servabant
1587 4089 1732 4128 eum.
1773 4073 1999 4141 Scripsit

410 4177 589 4222 autem
619 4178 671 4221 et
694 4168 907 4222 titulum
941 4168 1140 4222 Pilatus
1169 4182 1345 4220 causa:
1374 4166 1519 4235 ejus,
1553 4177 1607 4221 et
1635 4166 1886 4234 imposuit
1909 4182 1999 4221 su-

412 4274 508 4326 per
534 4269 690 4325 caput
717 4258 831 4326 cjus
862 4274 877 4311 :
910 4257 1006 4310 llic
1028 4267 1110 4311 eat
1139 4252 1293 4312 Iesus
1314 4256 1620 4310 Nazarenus
1646 4255 1755 4309 Rex
1788 4256 1998 4310 Judaro-

406 4363 550 4401 ruat.
582 4346 737 4401 nunc
764 4363 893 4417 ergo
929 4347 1138 4401 titulum
1172 4347 1321 4399 multi
1357 4347 1601 4417 legerunt
1640 4347 1946 4400 Judienrum
1983 4364 1995 4398 :

405 4434 535 4502 quia
583 4451 748 4502 prope
795 4437 1062 4488 civitatem
1108 4443 1224 4488 erat
1271 4436 1420 4489 locus
1461 4436 1549 4489 ubi
1582 4436 1874 4488 cruciﬁxus
1918 4436 2003 4490 est

412 4525 590 4579 Iesus.
626 4524 689 4577 Et
721 4533 838 4577 erat
873 4525 1129 4590 scriptum
1163 4524 1452 4590 llebraice,
1487 4522 1671 4577 Graue
1712 4535 1761 4577 et
1793 4524 1997 4579 Latine.

411 4613 673 4667 Dicebant
714 4627 843 4681 ergo
893 4613 1064 4667 Pilato
1117 4613 1396 4682 pontiﬁces
1446 4613 1750 4668 Judaeorum

406 4705 678 4770 scribere,
706 4705 815 4759 Rex
841 4705 1144 4759 Judmurum
1180 4722 1191 4757 :
1222 4704 1313 4758 sed
1333 4746 1347 4769 ,
1377 4707 1499 4775 quia
1533 4707 1645 4774 ipse
1674 4706 1804 4760 dixit
1834 4724 1847 4760 :
1883 4707 1995 4762 Rex

406 4815 527 4851 sunt
553 4798 877 4850 Judzcorutn.
907 4795 1609 4864 liesponditPilatus:Quod
1636 4799 2000 4865 scripsi,scri-

408 4890 515 4957 ,ιιεί.
549 4919 617 4928 -—
652 4889 864 4942 Marru.
897 4904 1061 4955 xxvii,
1096 4889 1286 4951 384i;
1320 4888 1493 4943 Mane.
1524 4904 1612 4953 xv,
1638 4887 1832 4946 27-52.
1866 4888 1995 4943 ch.

410 4994 563 5043 mn,
590 4978 775 5033 55-45.
796 4978 946 5033 Tunc
966 4978 1343 5032 cruciﬁxerunt
1358 4994 1475 5031 cum
1498 4994 1563 5031 eo
1586 4978 1718 5031 ducs
1740 4978 1997 5045 latrones,

411 5085 575 5122 unum
606 5086 636 5119 a
664 5070 851 5122 dexter
872 5087 919 5134 s,
942 5079 994 5123 et
1023 5070 1246 5123 alterum
1289 5085 1318 5123 a
1349 5070 1579 5123 sinistris
1606 5070 1740 5137 ejus.
1773 5069 2001 5123 Pravlcr-

408 5171 602 5214 euntes
639 5166 813 5213 autem
848 5163 1281 5228 blasphemabant
1317 5178 1470 5227 eum,
1502 5172 1777 5215 moventes
1826 5162 1999 5229 capita

408 5268 531 5315 sua,
560 5260 617 5305 et
641 5251 879 5303 dicentes
908 5269 920 5302 :
956 5251 1065 5304 Vah
1094 5253 1105 5304 !
1139 5255 1224 5321 qui
1256 5256 1486 5307 des'truis
1521 5254 1772 5321 templum
1801 5253 1912 5318 Dei,
1950 5262 2003 5310 ct

413 5342 469 5394 iu
517 5341 700 5394 triduo
750 5337 879 5392 illud
927 5341 1218 5393 reaedilicas
1269 5360 1280 5393 :
1333 5344 1473 5395 salva
1526 5342 1861 5410 temetipsum
1905 5346 1997 5396 :si

418 5432 587 5485 l’ilius
616 5433 709 5486 Dei
740 5446 819 5494 es,
852 5430 1118 5483 descende
1142 5432 1207 5486 de
1234 5448 1411 5487 cruce.
1444 5434 1701 5487 Similiter
1723 5443 1777 5487 et
1807 5434 2000 5501 princi-

416 5540 511 5589 pes
532 5525 868 5577 sacerdotum
902 5522 1186 5577 illudeutes
1217 5540 1337 5577 cum
1369 5527 1560 5578 scribis
1588 5536 1641 5579 et
1674 5525 1997 5592 senioribus,

416 5615 665 5668 dicebant
710 5633 722 5669 :
769 5620 916 5669 Alios
962 5615 1140 5669 salvos
1184 5614 1301 5669 fecit
1331 5657 1345 5679 ,
1381 5630 1440 5669 se
1486 5617 1656 5684 ipsum
1690 5632 1796 5671 non
1830 5627 2000 5685 potest

414 5704 618 5757 salvum
648 5707 837 5760 facere.
874 5708 925 5762 Si
980 5724 1069 5761 rex
1108 5708 1264 5763 Israel
1295 5719 1373 5763 ρει
1396 5750 1410 5772 ,
1436 5708 1724 5762 descendat
1756 5726 1895 5763 nunc
1935 5711 1999 5764 de

417 5812 591 5855 l‘lllt'tf,
624 5812 670 5848 ut
708 5801 995 5861 vid-sanas,
1018 5812 1067 5851 et
1100 5802 1377 5855 credamus
1412 5804 1480 5857 ei.
1508 5802 1733 5854 (Touliilit
1766 5804 1816 5855 in
1845 5802 1949 5856 Deo
1986 5821 1996 5854 :

2094 3335 2313 3391 deamus
2359 3353 2426 3390 an
2456 3338 2625 3391 veniat
2667 3338 2809 3391 Elias
2856 3338 3089 3391 liberans
3124 3353 3267 3391 eum.
3315 3338 3471 3391 .Iesus
3514 3351 3694 3394 autem

2098 3428 2291 3483 iterum
2324 3430 2562 3484 clamans
2590 3444 2719 3482 voce
2769 3445 2978 3498 magna,
3011 3432 3086 3484 ait
3126 3450 3141 3485 :
3192 3432 3381 3493 l‘ater,
3416 3449 3467 3484 ιιι
3498 3448 3694 3485 manus

2101 3530 2217 3574 tuas
2238 3522 2557 3576 commendo
2587 3523 2831 3591 spiritum
2861 3537 3058 3576 meum.
3112 3523 3169 3576 Et
3213 3523 3465 3575 inclinato
3492 3527 3691 3593 capite,

2099 3611 2278 3666 emisit
2305 3611 2568 3681 spiritum.
2603 3643 2671 3652 --
2700 3614 2908 3667 \fnru.
2940 3628 3079 3666 xxvii
3104 3655 3118 3673 ,
3150 3612 3356 3678 διοειις
3389 3613 3565 3668 Mane.
3607 3632 3691 3673 xv.

2098 3700 2189 3764 58,
2232 3701 2333 3765 39;
2378 3701 2507 3755 Luc.
2560 3718 2711 3767 χλιιι,
2759 3702 2850 3764 47.
2884 3702 2973 3756 48.
3030 3702 3096 3756 Et
3135 3718 3261 3759 ecce
3304 3706 3479 3759 velum
3509 3709 3693 3776 templi

2100 3789 2325 3845 scissum
2350 3801 2429 3843 est
2459 3791 2510 3844 in
2536 3792 2668 3845 duas
2692 3801 2890 3858 partes,
2921 3810 2946 3841 a
2974 3807 3183 3846 summo
3214 3809 3380 3860 usque
3411 3796 3693 3851 deorsum.

2101 3878 2165 3932 Et
2189 3888 2326 3931 terra
2352 3890 2491 3931 mota
2515 3892 2617 3943 est,
2641 3894 2691 3932 et
2725 3892 2887 3947 petra:
2905 3881 3087 3934 seissze
3108 3892 3322 3945 sunt,et
3343 3896 3696 3939 monumenta

2102 3977 2284 4039 aperta
2314 3978 2458 4033 sunt,
2484 3979 2537 4024 et
2561 3971 2720 4023 multa
2749 3984 2974 4039 corpora
3006 3981 3314 4026 sanctorum
3344 3973 3433 4042 qui
3461 3973 3699 4028 dormie-

2101 4071 2254 4129 rant,
2302 4077 2606 4117 surrexere.
2659 4061 2725 4116 Et
2758 4070 3021 4117 exeuntes
3065 4061 3133 4116 de
3173 4064 3536 4117 monumentis
3567 4073 3695 4133 post

2104 4156 2550 4209 resurrectionem
2578 4153 2714 4221 ejus,
2759 4164 3023 4207 venerunt
3056 4156 3104 4206 in
3132 4164 3372 4208 sanctam
3400 4155 3699 4221 civitatem,

2101 4254 2157 4300 et
2201 4230 2566 4315 apparuerunt
2612 4245 2812 4298 multis.
2844 4244 3098 4299 Centurio
3132 4255 3334 4313 autem,
3366 4256 3416 4298 et
3446 4247 3538 4315 qui
3572 4261 3697 4301 cum

2104 4336 2193 4391 illo
2215 4346 2389 4401 erant,
2419 4336 2781 4392 custodientes
2803 4335 3013 4401 .lesum,
3040 4337 3152 4389 \iso
3195 4345 3507 4390 terramnotu
3536 4347 3594 4390 et
3618 4338 3703 4390 his

2104 4429 2190 4498 qui
2224 4428 2443 4495 ﬁebant,
2471 4429 2694 4483 timuere
2727 4429 2900 4492 valde,
2933 4429 3291 4497 gloriﬁcantes
3325 4431 3490 4484 Deum
3540 4442 3593 4484 et
3619 4431 3705 4483 di-

2102 4521 2454 4575 centeszllic
2506 4521 2665 4575 homo
2710 4521 2884 4589 justus
2929 4536 3052 4575 vere
3104 4522 3268 4576 Filius
3318 4521 3410 4576 Dei
3439 4531 3576 4575 erat.
3635 4522 3705 4575 Et

1807 4632 1822 4669 ε
1876 4613 1993 4669 Noli
2024 4603 2071 4660 D
2100 4611 2271 4663 omnis
2297 4612 2447 4665 turba
2477 4626 2662 4665 eorum
2685 4614 2770 4679 qui
2800 4612 2956 4665 simul
2981 4611 3206 4665 aderant
3234 4612 3299 4665 ad
3332 4612 3701 4681 spectaculum

2102 4701 2265 4767 istud,
2288 4713 2342 4757 et
2372 4702 2627 4756 videbant
2648 4720 2764 4772 qua:
2810 4704 3034 4767 ﬁebant,
3065 4704 3428 4771 percutientes
3481 4714 3703 4771 pectora

2104 4808 2201 4846 sua
2240 4794 2659 4847 revertebantur.
2688 4824 2760 4834 —
2789 4793 3000 4847 Μιιττιι.
3045 4809 3186 4846 xxvn
3208 4833 3223 4855 ,
3255 4793 3356 4861 55,
3388 4793 3490 4857 56;
3523 4793 3697 4849 Mane.

2107 4905 2195 4952 xv,
2226 4890 2311 4953 fit),
2347 4889 2448 4946 4|:
2500 4890 2627 4942 Ltfc.
2688 4904 2837 4952 χχιιι,
2872 4890 2964 4943 49.
3018 4888 3243 4944 Stabant
3290 4898 3467 4942 autem
3511 4902 3700 4944 omnes

2110 4982 2219 5035 noli
2246 4979 2363 5050 ejus
2389 4997 2417 5031 a
2443 4980 2628 5050 longe,
2659 4989 2712 5032 cl
2751 4981 3003 5034 mulieres
3032 4982 3213 5036 multa:
3242 4996 3362 5049 qua:
3388 4980 3549 5035 simul
3574 4996 3699 5034 cum

2104 5086 2169 5126 eo
2212 5070 2564 5125 ascenderant
2595 5087 2625 5125 a
2668 5072 2888 5126 Galilma
2921 5072 3364 5138 lliCI‘OaOiylllﬂlﬂo
3397 5071 3539 5126 inter
3566 5085 3705 5140 quas

2101 5174 2253 5218 erant
2278 5163 2442 5216 Maria
2472 5164 2798 5233 Magdalene,
2842 5172 2897 5219 ct
2930 5164 3091 5216 Maria
3137 5162 3323 5217 Jacobi
3369 5163 3614 5223 minoris,
3640 5173 3705 5216 et

2101 5251 2297 5320 Josepb
2318 5262 2506 5315 mater,
2524 5263 2576 5306 et
2591 5254 2804 5307 Salome
2826 5262 2996 5307 mater
3015 5253 3243 5306 ﬁliorum
3264 5252 3510 5306 Zebedmi
3529 5252 3697 5323 (qtae,

2102 5359 2222 5398 cum
2243 5356 2384 5400 esset
2416 5344 2465 5398 in
2497 5343 2735 5409 Galilaea,
2766 5346 3132 5411 sequebantur
3164 5343 3336 5414 eum),
3367 5344 3484 5397 bxc
3512 5345 3701 5399 viden-

2106 5447 2203 5490 tes.
2236 5468 2303 5477 --
2332 5436 2487 5490 Joax.
2518 5453 2605 5489 xix
2629 5477 2643 5501 ,
2674 5435 2860 5490 51-56.
2912 5435 3081 5491 Juda:i
3123 5451 3272 5504 ergo,
3298 5435 3553 5503 quoniam
3601 5433 3704 5487 Pa-

2106 5542 2326 5581 rasceve
2374 5537 2523 5593 erat,
2570 5537 2628 5579 ut
2672 5543 2776 5580 non
2818 5538 3158 5582 remanerent
3200 5529 3248 5579 in
3287 5540 3447 5578 cruce
3476 5540 3701 5590 corpora

2109 5618 2333 5672 sabbato
2364 5619 2513 5685 (erat
2540 5620 2683 5672 enim
2728 5634 2949 5686 magnus
2979 5618 3096 5672 dies
3126 5618 3212 5671 ille
3241 5616 3516 5681 sabbati),
3545 5627 3697 5682 roga-

2110 5716 2301 5761 verunt
2354 5707 2581 5760 l’ilatum
2630 5718 2686 5760 ut
2739 5707 3111 5776 frangerentur
3165 5721 3318 5761 crura
3363 5718 3593 5765 eorum,
3642 5711 3704 5754 et

2111 5802 2440 5853 tollerentur.
2474 5800 2736 5852 Venerunt
2772 5817 2895 5866 crgn
2927 5799 3119 5852 milites
3158 5818 3163 5847 ;
3202 5808 3247 5849 «ιι
3292 5797 3443 5864 primi
3481 5795 3691 5863 tjllitit’lll

3922 19 3923 93 ι

3924 224 3927 299 ι

3924 308 3933 657 l

3936 772 3937 847 ι

3938 882 3939 953 ι

3942 1100 3943 1169 ι

3944 1210 3945 1289 ι

3946 1320 3947 1399 ι
