4026 6196
244 218 348 273 5ᾮό
998 170 1575 276 EVANéI-JJCARUNI
1621 221 1822 274 l'iAlUlt

1935 221 2131 277 ARUM
2174 220 2748 279 INTERPRETAHO.
3396 224 3501 277 537.

246 333 521 399 fregerunt
540 344 712 397 crura,
742 339 790 384 ct
818 329 1035 385 alterius
1059 333 1144 400 qui
1170 348 1285 385 cum
1314 349 1377 387 co
1405 334 1695 388 cruciﬁt’tts
1724 343 1825 390 est.
1858 337 1906 394 Α
1938 345 2053 388 orto
2091 339 2201 406 jam
2252 337 2365 391 soie
2386 379 2398 403 ,
2426 338 2672 393 dicebant
2706 340 2768 391 ad
2817 338 3041 394 invicem
3077 356 3088 392 :
3117 340 3246 406 Quis
3273 341 3513 397 revolvet

246 425 328 475 Ad
350 423 529 476 .Iesnm
553 431 727 476 autem
752 437 870 474 cum
908 422 1197 485 Venissent,
1223 433 1279 476 ut
1304 425 1551 479 viderunt
1569 441 1688 478 cum
1717 427 1824 493 jam

246 525 537 577 iuni-tuum,
566 529 667 565 non
701 512 968 581 fregerunt
985 512 1103 581 ejus
1128 528 1306 578 crura,
1331 514 1422 568 sed
1449 529 1580 567 unus
1602 515 1826 568 militum

246 604 433 656 lancea
468 603 600 655 latus
628 604 745 667 ejus
774 604 980 666 aperuit
1014 619 1026 654 :
1058 611 1113 655 et
1140 604 1398 657 continuo
1420 604 1580 656 exivit
1613 604 1829 673 sanguis

241 704 300 744 et
330 708 485 762 aqua.
519 693 582 746 Et
609 691 698 761 qui
730 692 882 755 vidit,
912 694 1273 747 testimonium
1310 694 1579 761 perhibuit
1611 710 1623 748 :
1654 703 1707 747 et
1736 708 1829 749 ve-

242 799 364 837 rm
422 794 505 838 est
567 783 930 838 testimonium
978 785 1116 850 ejus.
1165 786 1229 840 Et
1275 785 1362 839 ille
1408 786 1506 837 scit
1545 785 1665 855 quia
1705 799 1830 839 vera

239 875 400 936 dicit,
432 884 492 929 ut
522 885 576 929 et
599 888 692 928 vos
734 875 984 931 credatis.
1021 874 1178 927 Facta
1224 884 1348 928 sunt
1395 876 1536 928 enim
1586 878 1731 940 hac,
1772 887 1829 930 ut

240 964 520 1029 Scrijtura
560 963 870 1029 impleretur
918 979 931 1015 :
968 964 1040 1017 0s
1082 978 1188 1016 non
1230 966 1604 1018 comminuetis
1647 981 1709 1020 ex
1762 979 1830 1019 eo

237 1053 446 1121 (Exod.
478 1070 565 1115 xit,
591 1056 700 1118 to;
732 1054 894 1107 Num.
925 1070 997 1117 Ix,
1029 1054 1135 1124 12).
1184 1054 1251 1108 Et
1289 1054 1481 1110 iterum
1513 1057 1614 1109 alia
1676 1055 1823 1110 Seri-

237 1156 399 1211 ptura
429 1146 557 1199 dicit
584 1164 597 1198 :
627 1146 890 1200 Videbunt
916 1146 969 1199 in
994 1159 1151 1214 quem
1185 1146 1824 1219 transﬁxerunt(Zacltar.

238 1252 344 1297 xu.
380 1236 486 1306 I0).
621 1240 629 1251 ·

786 1330 1011 1386 CAPUT
1048 1331 1275 1385 CLXXI.

174 1450 179 1453 -
232 1421 434 1475 Joscoh
472 1422 605 1494 petit
644 1437 827 1491 corpus
866 1422 991 1545 issu
1020 1440 1053 1543 2
1082 1423 1273 1485 Pilato,
1306 1430 1353 1476 et
1377 1422 1555 1494 sepelit
1582 1440 1683 1478 una
1713 1441 1829 1478 cum

940 1509 1015 1545 κο
1055 1509 1186 1545 enin.

940 1509 1186 1546 tcoaemo.

321 1600 528 1654 Manu.
560 1613 723 1663 xxvn,
750 1601 908 1656 57-6I
931 1619 944 1665 ;
971 1603 1141 1657 Mane.
1172 1619 1259 1671 xv,
1289 1603 1489 1671 42-47;
1521 1605 1649 1661 Lt'c.
1678 1623 1826 1672 xxm,

1932 426 2086 480 nobis
2146 428 2369 495 lapidem
2422 432 2487 481 a‘i
2537 430 2674 482 ostio
2729 432 3097 483 monumenti?
3147 432 3271 485 Erat
3317 432 3512 500 quippe

1931 532 2153 585 magnus
2196 519 2370 573 vald».
2420 521 2483 573 Et
2513 536 2640 575 ecce
2698 530 3032 575 terrremotus
3076 522 3241 577 factus
3283 534 3365 576 est
3396 538 3510 576 ina-

1929 623 2085 676 gnus.
2131 611 2362 673 Angelus
2393 621 2567 664 autem
2618 612 2825 666 Domini
2859 613 3136 667 descendit
3168 615 3234 667 de
3264 618 3424 679 cmlo,
3458 626 3513 670 et

1929 697 2189 750 accedens
2234 699 2456 752 revolvit
2496 700 2745 764 lapidem.
2785 701 2848 752 Et
2890 703 3238 770 respicientes
3268 706 3515 757 viderunt

1929 787 2229 839 rewilutum
2259 787 2484 854 lapidem
2513 803 2538 839 a
2571 801 2943 852 monumento,
2974 799 3025 842 ct
3050 792 3293 857 angeium
3323 794 3514 844 seden-
3546 801 3555 809 '

1932 881 2036 928 tem
2061 889 2220 942 super
2236 892 2373 930 eum.
2398 878 2522 931 Erat
2548 888 2723 933 autem
2748 888 2996 948 aspectus
3023 879 3138 947 ejus
3164 882 3293 931 sicut
3322 880 3516 945 fulgur,

1930 976 1981 1017 et
2015 964 2385 1018 vestimentum
2415 967 2526 1034 ejus
2550 970 2689 1019 sicut
2712 968 2820 1021 nix.
2847 968 2963 1021 Prae
2988 968 3177 1020 timore
3200 978 3374 1023 autem
3400 968 3518 1035 ejus

1932 1054 2171 1106 exterriti
2212 1062 2336 1106 sunt
2385 1056 2633 1107 custodes
2656 1096 2669 1117 ,
2703 1065 2755 1110 et
2787 1056 2909 1111 faeti
2939 1065 3064 1110 sunt
3106 1058 3267 1110 veluti
3295 1060 3514 1111 mortui.

1932 1141 2285 1211 Respondeas
2330 1154 2509 1198 autem
2540 1147 2759 1213 angelus
2786 1146 2919 1199 dixit
2955 1148 3268 1201 mulieribus
3300 1166 3313 1199 :
3341 1148 3521 1203 Nolite

1932 1235 2121 1288 timere
2148 1250 2240 1286 vos
2268 1251 2282 1286 τ
2307 1236 2421 1289 scio
2442 1237 2579 1289 enim
2607 1238 2744 1305 quod
2776 1239 2959 1291 .le5um
2983 1240 3071 1307 qui
3100 1240 3386 1292 cruciﬁxus
3408 1248 3515 1305 est,

1932 1322 2168 1394 qtitcrit's
2194 1344 2205 1378 :
2235 1342 2339 1379 non
2387 1337 2469 1380 est
2510 1328 2595 1381 hic
2624 1345 2636 1379 :
2669 1327 2901 1381 surrexit
2942 1328 3107 1390 enim,
3150 1330 3287 1382 sicut
3333 1329 3467 1381 dixit
3500 1346 3512 1381 :

1931 1418 2109 1471 venite
2138 1427 2191 1472 et
2238 1419 2413 1472 videte
2442 1419 2614 1472 locum
2648 1418 2734 1471 ubi
2766 1420 2968 1485 positus
2995 1430 3109 1473 erat
3140 1420 3417 1473 Dominus.
3450 1421 3516 1472 Et

1934 1506 2130 1562 factum
2163 1518 2268 1571 est,
2295 1510 2417 1562 dum
2457 1518 2634 1563 mente
2674 1518 3029 1563 consternatae
3065 1521 3245 1564 essent
3275 1511 3341 1565 de
3371 1511 3473 1565 isto
3497 1551 3515 1575 τ

1934 1614 2061 1654 ecce
2089 1601 2196 1653 duo
2227 1601 2323 1654 viri
2368 1609 2632 1656 steterunt
2664 1617 2819 1657 secus
2849 1603 2968 1656 illas
3006 1602 3056 1655 in
3086 1615 3231 1657 veste
3273 1603 3515 1671 fulgenti.

232 1689 443 1750 50-56;
475 1689 626 1744 Jun.
658 1706 769 1756 nx,
794 1691 987 1746 38-42.
1017 1692 1149 1746 Cum
1175 1708 1298 1747 sero
1327 1695 1523 1748 factum
1548 1708 1708 1760 esset,
1740 1713 1827 1753 ve-
1860 1692 1906 1752 B
1934 1692 2063 1744 Cum
2088 1692 2619 1755 timereutautem,et
2645 1692 3193 1747 declinarentvultum
3218 1692 3268 1745 in
3292 1702 3516 1759 terram,

234 1783 325 1835 uit
350 1782 564 1850 quidam
596 1782 755 1835 bomo
799 1782 969 1848 dives,
1002 1785 1192 1838 nobilis
1234 1785 1474 1850 decurio,
1519 1787 1587 1840 ab
1613 1787 1825 1843 Arima-

232 1872 387 1924 thzra
416 1872 627 1925 civitate
656 1871 853 1928 Iudaeae
880 1916 894 1939 ,
927 1874 1146 1928 nomine
1187 1875 1381 1944 .loseph
1411 1918 1427 1942 ,
1460 1878 1543 1932 vir
1573 1878 1743 1932 bonus
1773 1887 1827 1933 et

224 1962 417 2028 justus
446 2002 460 2023 ,
509 1962 597 2026 qui
640 1973 694 2017 et
749 1964 864 2032 ipse
920 1966 1159 2020 occultus
1198 1976 1317 2033 erat
1363 1969 1657 2037 discipulus
1698 1970 1825 2024 Jesu

192 2048 197 2051 ’
231 2062 462 2123 propter
492 2063 689 2109 metum
730 2055 1036 2112 .ludreorum
1059 2100 1074 2121 ,
1123 2061 1213 2127 qui
1260 2061 1606 2128 exspectabat
1631 2071 1683 2116 et
1712 2062 1826 2130 ipse

227 2161 467 2214 regnum
496 2146 611 2201 Dei.
650 2148 743 2202 llic
775 2165 878 2202 non
903 2161 1249 2205 consenserat
1279 2152 1507 2205 consilio
1538 2161 1591 2206 et
1618 2153 1824 2208 actibus

224 2253 449 2291 eorum.
478 2238 571 2293 llie
599 2241 823 2294 accessit
844 2241 908 2293 ad
935 2241 1182 2305 Pilatum,
1205 2252 1259 2294 et
1280 2243 1431 2310 petiit
1453 2257 1645 2312 corpus
1672 2244 1819 2299 Iesu.

230 2328 447 2383 Pilatus
469 2340 645 2383 autem
671 2330 983 2396 mirabatur,
999 2332 1042 2385 si
1069 2333 1176 2399 jam
1200 2333 1424 2386 obiisset
1448 2350 1462 2387 :
1487 2341 1541 2387 et
1564 2334 1825 2389 accersito

226 2420 555 2474 centurione
578 2421 921 2490 interrogavit
949 2437 1070 2477 eum
1095 2463 1109 2482 ,
1146 2424 1189 2476 si
1218 2423 1325 2491 jam
1357 2434 1619 2504 ,mortuus
1656 2433 1819 2479 esset.

230 2508 451 2563 Etcum
483 2512 818 2581 cognovisset
847 2513 897 2578 δι,
920 2512 1078 2583 jussit
1103 2515 1253 2568 reddi
1296 2530 1511 2585 corpus.
1548 2516 1704 2571 Venit
1730 2532 1824 2571 au-

228 2608 343 2652 tem
388 2609 443 2655 et
491 2600 812 2657 Nicodemus
853 2606 940 2673 qui
966 2614 1185 2659 venerat
1225 2605 1289 2659 ad
1322 2605 1503 2661 Jesum
1536 2618 1692 2662 nocte
1723 2607 1845 2676 pri!

227 2704 405 2752 unum,
434 2689 615 2746 ferens
638 2694 921 2747 mixturam
947 2702 1178 2765 myrrhae
1200 2705 1255 2752 et
1282 2698 1449 2760 aloes,
1478 2698 1627 2767 quasi
1662 2698 1824 2752 libras

225 2793 474 2836 centum.
499 2784 831 2854 Acceperunt
855 2798 1033 2841 autem
1057 2802 1252 2855 corpus
1278 2788 1426 2855 Jesu,
1452 2799 1504 2844 et
1531 2790 1826 2859 ligaverunt

226 2888 356 2926 eum
395 2874 576 2953 linteis
617 2890 738 2929 cum
779 2878 1107 2931 aromatilins
1134 2919 1151 2943 ,
1193 2879 1330 2935 sicut
1362 2895 1477 2934 mos
1507 2891 1589 2934 est
1625 2879 1823 2934 .ludzcis

226 2964 489 3032 sepelire.
523 2964 649 3019 Erat
676 2975 852 3021 autem
882 2968 933 3020 in
967 2967 1085 3022 loco
1116 2968 1207 3022 ubi
1242 2970 1527 3023 crucifixus
1565 2980 1665 3034 est,
1696 2969 1822 3024 bor-

1930 1783 2178 1837 dixerunt
2205 1784 2271 1836 ad
2304 1783 2424 1837 illas
2450 1800 2462 1837 :
2490 1782 2624 1850 Quid
2656 1782 2893 1853 qumritis
2919 1784 3186 1836 viventem
3217 1796 3335 1837 cum
3367 1798 3511 1837 mor-

1931 1877 2076 1929 tuis?
2104 1875 2216 1929 Non
2245 1886 2326 1930 est
2358 1876 2464 1942 hic,
2495 1878 2586 1930 sed
2625 1877 2918 1932 resurrexit
2949 1892 2961 1928 :
2990 1875 3342 1929 recordamini
3381 1891 3515 1941 quaa

1928 1966 2049 2019 liter
2093 1964 2299 2018 locutus
2348 1975 2430 2020 est
2470 1966 2643 2031 vobis,
2669 1982 2787 2020 cum
2819 1966 2994 2019 adhuc
3021 1964 3072 2018 in
3102 1965 3318 2020 Galilma
3347 1975 3513 2028 esset,

1927 2056 2116 2110 dicens
2150 2073 2163 2108 :
2192 2056 2326 2123 Quia
2359 2066 2568 2124 oportet
2598 2056 2789 2111 Filium
2821 2056 3056 2111 hominis
3080 2056 3216 2132 tradi
3247 2057 3297 2109 in
3324 2069 3516 2110 manus

1929 2155 2292 2217 peccatorum,
2323 2156 2377 2202 et
2416 2147 2676 2215 cruciﬁgi,
2705 2156 2758 2202 et
2801 2147 2887 2202 die
2915 2148 3069 2201 tertia
3114 2160 3410 2214 resurgere.
3448 2145 3515 2198 Et

1927 2240 2034 2294 cito
2090 2248 2299 2301 euntes,
2347 2240 2508 2294 dicite
2556 2239 2842 2312 discipulis
2880 2238 2995 2307 ejus
3042 2238 3163 2307 quia
3212 2238 3446 2291 surrexit
3483 2253 3514 2289 a

1928 2333 2173 2386 mortuis.
2208 2331 2277 2386 Et
2300 2347 2426 2387 ecce
2469 2332 2733 2400 praecedet
2754 2347 2848 2385 vos
2870 2331 2922 2385 in
2941 2329 3212 2385 Gaiilaaam
3248 2348 3259 2382 :
3290 2329 3361 2384 ibi
3390 2344 3510 2385 cum

1927 2420 2199 2475 videbitis.
2244 2419 2383 2476 Ecce
2424 2420 2643 2489 prtedixi
2702 2420 2873 2473 vobis.
2927 2420 2994 2473 Et
3034 2418 3329 2473 recordata:
3378 2428 3505 2472 sunt

1926 2494 2209 2567 verborum
2241 2510 2375 2579 ejus.
2403 2511 2466 2564 Et
2497 2513 2744 2565 exierunt
2780 2510 2889 2564 cito
2915 2509 2982 2564 de
3012 2517 3357 2564 monumento
3384 2524 3507 2564 cmn

1928 2605 2119 2662 timore
2144 2611 2198 2659 et
2225 2616 2417 2672 magno
2438 2602 2651 2671 gaudio,
2668 2610 2942 2657 currentes
2966 2605 3209 2657 nuntiare
3232 2602 3511 2671 discipulis

1926 2694 2061 2764 ejus.
2087 2726 2156 2737 -—
2179 2694 2331 2749 Joau.
2357 2709 2448 2759 xx,
2472 2694 2631 2759 2-17;
2660 2693 2788 2748 Luc.
2820 2708 2963 2761 xxiv,
2996 2693 3082 2747 l2.
3112 2693 3359 2748 Cucurrit
3381 2707 3511 2760 ergo

1927 2786 2111 2854 (Maria
2143 2785 2475 2854 Magdalene)
2505 2795 2561 2840 et
2604 2786 2749 2840 venit
2787 2786 2852 2838 ad
2882 2785 3155 2840 Simonem
3203 2786 3418 2841 l‘ctrum
3458 2792 3513 2839 et

1927 2875 1991 2928 ad
2023 2875 2184 2928 alium
2225 2875 2540 2943 discipulum
2590 2890 2746 2944 quem
2799 2875 3013 2930 amabat
3055 2875 3230 2940 .Icsus,
3280 2885 3334 2930 et
3381 2876 3512 2931 dicit

1927 2969 2005 3021 eis
2039 2984 2053 3020 :
2086 2967 2349 3021 Tulernut
2378 2968 2659 3031 Dominum
2687 2967 2718 3002 ³*
2746 2982 2924 3023 meum
2953 2967 3019 3022 de
3043 2977 3387 3022 monumento
3414 2985 3428 3023 :
3456 2978 3512 3023 et

228 3063 319 3107 tus
345 3070 359 3105 :
385 3064 443 3108 et
468 3054 523 3107 in
546 3055 700 3110 borto
725 3068 1123 3113 monumentum
1149 3062 1433 3126 novutu,in
1454 3077 1557 3129 quo
1584 3064 1819 3117 nondum
1850 3051 1895 3113 C
1928 3060 2196 3114 nescimus
2227 3059 2314 3112 ubi
2350 3069 2639 3127 posuerunt
2666 3074 2806 3114 eum.
2842 3059 2983 3112 Exiit
3032 3073 3161 3128 ergo
3203 3058 3420 3126 Petrus,
3452 3070 3507 3113 ct

224 3147 519 3215 quisquam
548 3147 748 3216 positus
787 3149 978 3206 fuerat.
1013 3152 1077 3205 Et
1120 3154 1293 3220 posuit
1341 3154 1468 3209 illud
1510 3155 1741 3222 Joseplt,
1771 3167 1885 3211 et.
1929 3150 2018 3205 ille
2048 3150 2181 3204 alius
2212 3150 2539 3218 discipulus,
2572 3157 2627 3202 et
2667 3156 2929 3203 venerunt
2969 3148 3035 3201 ad
3080 3157 3505 3202 monumentum.

227 3238 475 3292 advolvit
505 3255 692 3293 saxum
723 3241 787 3295 ad
811 3246 1006 3297 ostium
1036 3247 1385 3310 monumenti,
1411 3258 1463 3300 et
1485 3247 1633 3301 abiit.
1661 3248 1825 3303 Erant

224 3342 419 3384 autem
441 3330 513 3385 ibi
541 3331 698 3386 Maria
731 3334 1057 3404 lllagda‘ene,
1082 3347 1136 3390 et
1160 3338 1325 3392 altera
1357 3338 1542 3402 Maria,
1571 3340 1822 3395 sedentes

225 3431 425 3473 contra
471 3424 793 3491 sepulcrum.
824 3424 1076 3479 Viderunt
1120 3429 1562 3495 quemadmodum
1591 3431 1821 3498 positum

226 3520 353 3564 erat
382 3525 577 3580 corpus
606 3515 743 3581 ejus.
777 3516 837 3568 Et
868 3527 1200 3573 revertentes
1232 3530 1549 3586 paraverunt
1584 3533 1820 3579 aromata

226 3611 286 3681 et
315 3613 588 3671 unguenta
612 3646 626 3668 ,
654 3615 715 3660 nt
745 3608 1017 3662 venientes
1047 3618 1307 3678 ungerent
1333 3626 1473 3666 eum.
1507 3613 1575 3668 Et
1601 3614 1821 3670 sabbato

223 3695 452 3763 quidem
485 3695 749 3752 siluerunt
776 3698 1069 3753 secundum
1097 3701 1427 3757 mandatum.

771 3806 994 3863 CAPUT
1032 3807 1285 3865 CLXXII.

617 3894 789 3950 Juda't'
813 3898 1018 3968 signant
1045 3910 1441 3955 monumentum.

302 4006 528 4060 Mar-ru.
563 4024 723 4073 xxvn,
771 4011 955 4069 62-66.
1006 4014 1184 4067 Altera
1221 4024 1397 4069 autem
1441 4015 1526 4069 die
1577 4031 1693 4083 qum
1739 4026 1820 4069 est

222 4105 359 4163 post
390 4096 717 4154 Parasceven
743 4142 758 4163 ,
787 4112 1150 4156 convenerunt
1189 4092 1457 4173 principes
1485 4103 1816 4158 sacerdotum

221 4197 285 4241 et
326 4187 583 4243 Pharisaei
611 4189 676 4244 ad
702 4190 950 4271 Pilatum,
974 4191 1215 4247 dicentes
1240 4211 1251 4247 :
1278 4193 1521 4258 Domine,
1558 4193 1818 4248 recordati

219 4293 421 4331 sumus
460 4279 580 4347 quia
610 4279 859 4335 seductor
883 4280 975 4336 ille
1020 4281 1154 4336 dixit
1196 4282 1370 4337 adhuc
1409 4284 1592 4337 vivens
1634 4298 1649 4336 :
1695 4283 1815 4338 Post

218 4378 346 4420 tres
375 4367 493 4421 dies
523 4383 819 4439 resurgam.
850 4370 986 4425 Jube
1028 4386 1157 4441 ergo
1202 4373 1458 4427 custodiri
1510 4371 1812 4440 sepulcrum
1842 4403 1895 4464 Β

216 4474 404 4529 usque
458 4461 510 4514 in
562 4462 703 4515 diem
754 4460 990 4529 tertium,
1042 4478 1109 4518 ne
1155 4463 1289 4518 forte
1318 4464 1532 4518 veniant
1571 4463 1814 4532 discipuli

214 4553 368 4619 ejus,
400 4561 456 4607 et
487 4552 729 4608 furentur
752 4570 873 4609 eum
902 4594 917 4620 ,
962 4563 1016 4609 et
1064 4556 1243 4611 dicant
1285 4552 1428 4624 plebi
1466 4573 1479 4609 :
1517 4555 1759 4610 Surrexit
1785 4569 1814 4608 a

214 4644 460 4697 mortuis
491 4658 504 4700 :
535 4656 589 4697 et
628 4648 731 4698 erit
770 4646 1093 4700 novissimus
1125 4662 1276 4701 error
1317 4650 1465 4715 pejor
1506 4648 1700 4715 priore.
1727 4647 1816 4702 Ait

212 4734 341 4787 illis
370 4751 381 4785 :
417 4734 635 4790 Habetis
664 4735 959 4790 custodiam
990 4753 1005 4790 :
1038 4740 1137 4801 ite,
1170 4739 1435 4793 custodite
1462 4739 1600 4793 sicut
1638 4740 1808 4794 scitis.

214 4825 300 4879 illi
356 4837 534 4882 autem
567 4827 821 4883 abeuntes
866 4831 1106 4884 muniere
1152 4831 1490 4900 sepulcrum,
1545 4831 1816 4901 signantes

209 4920 462 4989 lapidem
488 4936 606 4976 cum
631 4922 960 4977 custodibus.

757 5034 981 5092 CAPUT
1017 5034 1289 5091 CLXXIII.

406 5126 581 5180 Prima
615 5130 699 5181 die
718 5127 912 5182 sabbati
938 5127 1090 5182 Jesus
1118 5128 1331 5198 resurgit
1351 5144 1382 5179 ιι
1411 5128 1641 5182 mortuis.

292 5236 516 5292 Manu.
561 5254 746 5307 xxvut,
790 5241 912 5305 1-8;
947 5240 1120 5295 Marc.
1168 5255 1278 5306 xvi,
1320 5239 1440 5302 l-8;
1492 5238 1620 5292 Luc.
1669 5246 1839 5306 xxw,’

208 5329 362 5392 1-9;
392 5330 541 5385 loss.
568 5348 659 5396 xx,
678 5333 728 5386 l.
754 5332 985 5401 Vespere
1012 5341 1188 5386 autem
1218 5332 1421 5388 sabbati
1454 5347 1573 5400 quae
1595 5331 1816 5385 lucescit

204 5408 271 5479 in
312 5424 484 5491 prima
516 5425 748 5488 sabbati,
779 5440 897 5478 cum
955 5425 1129 5480 adhuc
1178 5425 1408 5481 tenebrtc
1441 5435 1640 5488 essent,
1673 5439 1714 5477 vi
1736 5423 1817 5477 nit

202 5514 399 5572 Maria
427 5516 751 5587 Magdalene,
776 5520 1016 5573 etaltera
1048 5512 1211 5571 Maria
1238 5557 1251 5581 ,
1280 5528 1332 5571 et
1355 5517 1571 5572 Salomc
1600 5515 1664 5569 ad
1697 5530 1817 5569 mo-

205 5614 577 5672 numentum,
622 5617 894 5677 portantes
941 5624 1059 5681 qua:
1106 5619 1423 5679 paraverant
1453 5617 1689 5663 aromata
1718 5623 1732 5671 ἶ
1765 5619 1819 5664 et

1926 3242 2221 3296 Currebant
2246 3250 2422 3295 autem
2448 3241 2554 3295 duo
2585 3241 2777 3307 simul,
2811 3248 2864 3295 et
2915 3241 3005 3295 ille
3049 3242 3182 3294 alius
3211 3240 3507 3308 discipulus

1926 3332 2273 3400 prtecucurrit
2302 3332 2461 3385 citius
2490 3330 2650 3385 Petro
2679 3348 2695 3387 :
2725 3341 2777 3384 et
2821 3332 2969 3386 venit
2998 3332 3200 3400 primus
3225 3332 3289 3385 ad
3321 3347 3509 3385 monu-

1925 3431 2186 3475 mentum.
2218 3421 2285 3476 Et
2324 3435 2444 3475 cum
2492 3436 2550 3475 se
2580 3421 2890 3476 inclinasset
2912 3468 2924 3484 ,
2954 3422 3087 3475 vidit
3114 3423 3285 3491 posita
3318 3422 3509 3476 lintea-

1924 3512 2087 3575 mina,
2120 3527 2223 3564 non
2255 3520 2429 3565 tamen
2462 3511 2719 3566 introivit.
2759 3512 2914 3565 Venit
2946 3527 3072 3577 ergo
3103 3513 3286 3566 Simon
3322 3513 3507 3566 Petrus

1921 3617 2150 3673 sequens
2173 3619 2293 3657 eum
2320 3643 2335 3666 ,
2368 3613 2421 3658 et
2452 3602 2694 3657 introivit
2723 3604 2775 3656 in
2822 3614 3223 3657 monumentum
3248 3645 3264 3667 ,
3296 3612 3348 3656 et
3374 3604 3507 3657 vidit

1923 3693 2229 3747 linteamina
2275 3695 2469 3761 posita,
2513 3702 2569 3747 et
2609 3693 2884 3746 sudarium
2930 3693 3069 3762 quod
3127 3694 3298 3748 fuerat
3344 3706 3505 3760 super

1921 3793 2074 3851 caput
2104 3784 2241 3851 ejus,
2274 3799 2378 3837 non
2405 3798 2525 3837 eum
2560 3784 2958 3837 linteaminibus
2991 3785 3215 3851 positum
3243 3825 3257 3847 ,
3290 3785 3381 3835 srd
3412 3798 3502 3838 se.-

1923 3874 2146 3941 paratim
2172 3874 2462 3927 involutum
2491 3874 2542 3926 in
2572 3889 2731 3927 unum
2762 3874 2957 3929 locum.
2983 3874 3130 3927 Tunc
3155 3890 3283 3945 ergo
3305 3875 3503 3929 ἰητνοὶ-

1921 3966 2069 4019 vitet
2101 3965 2188 4018 illc
2227 3963 2520 4032 discipulus
2557 3964 2643 4033 qui
2678 3972 2896 4017 venerat
2928 3968 3072 4032 prius
3102 3965 3166 4016 ad
3192 3980 3506 4020 inonnmen-
3554 3980 3563 3985 '

1922 4066 2058 4122 tuin,
2085 4066 2139 4110 et
2184 4058 2342 4119 vidit,
2382 4065 2434 4110 et
2463 4056 2684 4110 credidit
2742 4073 2754 4109 :
2808 4056 3041 4109 nondum
3088 4056 3231 4110 enim
3260 4058 3505 4111 sciebant

1919 4147 2241 4215 Scriptores,
2266 4148 2392 4216 quia
2417 4151 2434 4169 ’
2456 4155 2667 4215 Oportet
2699 4163 2819 4202 eum
2868 4162 2895 4199 a
2943 4148 3169 4201 mortuis
3198 4162 3504 4216 re-urgcre.

1921 4239 2182 4313 Abicrunt
2227 4253 2356 4307 ergo
2408 4240 2600 4292 iterum
2642 4238 2706 4292 ad
2758 4238 3079 4305 semetipsos
3127 4239 3391 4305 discipuli.
3430 4270 3502 4282 --

1919 4331 2091 4386 Mxnc.
2120 4346 2229 4397 xvi,
2253 4331 2307 4385 9.
2337 4330 2502 4385 Maria
2528 4341 2707 4384 autem
2735 4331 3044 4399 Magdalene
3062 4332 3125 4384 ιιςι
3148 4345 3252 4401 qua
3272 4331 3506 4400 ejccerat

1920 4434 2124 4493 septem
2155 4422 2420 4477 daemonia
2441 4464 2457 4488 ,
2489 4423 2666 4479 stabat
2689 4424 2754 4476 ad
2785 4434 3189 4479 monumentum
3232 4424 3360 4478 foris
3388 4424 3505 4492 plo-

1918 4527 2065 4567 rans.
2090 4513 2224 4567 Dum
2254 4527 2379 4582 ergo
2420 4514 2570 4567 fleret
2590 4553 2604 4576 ,
2634 4513 2912 4567 inclinavit
2935 4529 2992 4567 se
3016 4553 3031 4579 ,
3062 4524 3115 4568 et
3146 4515 3419 4583 ρνοεριιχίι
3446 4516 3501 4568 in

1917 4616 2341 4668 monumentum,
2373 4614 2425 4659 et
2456 4604 2587 4659 vidit
2621 4606 2757 4660 duos
2787 4606 3007 4674 angelos
3037 4606 3086 4659 in
3132 4607 3265 4659 albis
3301 4607 3502 4658 scdcn-

1918 4706 2036 4753 tes:
2069 4713 2229 4751 unum
2253 4698 2317 4751 ad
2348 4708 2526 4765 caput,
2555 4707 2609 4751 et
2636 4714 2797 4752 unum
2832 4700 2895 4751 ad
2931 4698 3114 4766 pedes,
3150 4697 3235 4751 ubi
3270 4698 3502 4767 positum

1921 4793 2036 4839 erat
2062 4796 2253 4854 corpus
2277 4785 2425 4840 Jesu.
2455 4786 2645 4840 Dicunt
2678 4786 2725 4841 ei
2753 4786 2823 4840 illi
2852 4803 2865 4839 :
2900 4785 3104 4849 Mulier,
3140 4784 3261 4852 quid
3290 4785 3505 4851 ploras?

1922 4876 2060 4931 Dicit
2089 4877 2165 4931 eis
2198 4893 2212 4928 :
2243 4876 2376 4942 Quia
2414 4878 2646 4931 tulerunt
2693 4877 2973 4930 Dominum
3012 4892 3204 4937 meum,
3240 4885 3292 4927 et
3324 4879 3504 4930 nescio

1918 4969 2007 5023 ubi
2034 4978 2322 5039 posuerunt
2348 4984 2491 5023 eum.
2527 4969 2652 5023 llaec
2690 4983 2809 5023 eum
2849 4969 3102 5031 dixisset,
3137 4982 3391 5022 conversa
3423 4981 3505 5023 est

1922 5067 2216 5114 retrorsum
2241 5099 2257 5124 ,
2305 5067 2362 5114 et
2402 5060 2533 5125 vidit
2559 5060 2737 5114 Jesum
2768 5067 2994 5114 stantem
3031 5076 3046 5116 :
3077 5070 3127 5114 et
3158 5075 3263 5115 non
3307 5063 3508 5117 sciebat

1921 5152 2041 5219 quia
2066 5149 2219 5206 .Icsus
2242 5151 2272 5182 ³⁸
2298 5158 2459 5205 esset.
2495 5150 2632 5204 Dicit
2662 5151 2708 5205 ei
2741 5149 2897 5204 Jesus
2930 5167 2941 5202 :
2977 5151 3187 5217 Mulier,
3219 5151 3342 5220 quid
3391 5155 3507 5220 pln-

1922 5241 2053 5295 ras?
2083 5240 2248 5307 Quem
2280 5242 2472 5309 quzrris
2498 5241 2517 5293 i'
2545 5240 2633 5294 Illa
2681 5240 2995 5295 existimans
3026 5243 3147 5309 quia
3194 5242 3504 5297 hortulanus

1922 5339 2081 5396 esset,
2107 5330 2233 5384 dicit
2258 5331 2305 5383 ei
2340 5347 2352 5383 :
2383 5331 2626 5397 Domine,
2659 5332 2702 5385 si
2735 5344 2787 5385 tu
2836 5334 3095 5388 sustulisti
3144 5350 3285 5395 cum.
3339 5334 3503 5385 dicito

1923 5422 2051 5475 milii
2084 5420 2170 5473 ubi
2202 5421 2421 5488 posuiSIi
2449 5436 2570 5477 eum
2601 5437 2617 5477 :
2650 5431 2701 5478 et
2732 5438 2977 5492 egocum
3022 5426 3222 5477 tollam.
3277 5424 3410 5476 Dicit
3455 5423 3501 5474 ei

1923 5512 2078 5567 .Icsus
2107 5530 2119 5562 τ
2153 5512 2333 5566 Maria.
2358 5511 2627 5568 Conversa
2662 5514 2772 5577 illa,
2806 5515 2934 5569 dicit
2964 5517 3011 5567 ei
3038 5532 3050 5567 :
3077 5516 3117 5567 Il
3139 5515 3335 5578 ~Itll0nl,
3362 5514 3503 5581 quod

1926 5605 2118 5661 dicitur
2157 5605 2424 5676 Magister.
2453 5607 2589 5661 Dicit
2629 5607 2678 5661 ci
2718 5607 2874 5662 .Icsus
2908 5627 2919 5660 :
2954 5608 3068 5662 Noli
3111 5623 3195 5663 me
3237 5619 3452 5677 tangere
3490 5626 3498 5657 :

3966 248 3997 615 i1

3968 658 3979 751 ii

3968 788 3985 953 ὲ.

3970 1006 3979 1253 ἓ
