4026 6196
442 265 544 318 ὖΐίὕ
1367 293 1384 300 -
1563 255 1876 312 VlCTOP-IS
1919 255 2236 340 EPlS-‘JOPl
2258 253 2339 308 CA
2352 253 2555 309 PUANI
3581 249 3690 306 355

440 378 674 434 nondum
708 375 848 430 enim
879 373 1090 428 ascendi
1123 372 1185 424 ad
1217 372 1422 424 Patrem
1449 385 1645 424 meum.
1673 368 1815 422 Vade
1843 377 2017 421 autem
2051 372 2096 429 Α
2125 367 2216 436 qui
2238 367 2418 420 dicunt
2440 382 2558 419 eum
2581 367 2781 420 vivere.
2814 365 2879 421 Et
2907 364 3147 420 abierunt
3169 363 3382 434 quidam
3406 379 3469 418 ex
3495 365 3689 419 nostris

438 473 500 522 ad
527 470 714 523 fratres
741 483 908 530 meos,
932 476 983 520 et
1005 467 1091 520 dic
1113 465 1190 518 eis
1214 481 1227 518 :
1253 463 1496 518 Ascendo
1517 462 1582 514 ad
1607 462 1812 514 Patrem
1839 474 2012 513 meum
2120 458 2183 509 ad
2216 467 2638 520 monumentum,
2678 466 2732 509 et
2779 457 2848 510 ita
2899 457 3216 511 invenerunt
3255 455 3396 520 sicut
3438 456 3690 509 mulieres

441 573 491 612 et
524 561 729 613 Patrem
763 566 996 611 vestrum
1045 571 1059 610 :
1109 555 1172 609 ad
1205 555 1368 610 Deum
1413 567 1587 606 meum
1637 561 1688 605 et
1722 551 1886 604 Deum
1927 563 2018 603 ve-
2117 547 2367 600 dixerunt
2401 565 2412 598 :
2447 548 2616 614 ipsum
2647 563 2775 600 vero
2805 563 2910 601 non
2944 549 3282 602 invenerunt.
3325 549 3388 602 Et
3418 563 3528 614 ipse
3555 548 3694 600 dixit

443 659 604 704 "um.
898 637 910 648 ⁵
2119 635 2184 689 ad
2209 650 2303 690 eos
2327 635 2406 691 :0
2432 637 2578 690 stulti
2607 646 2660 691 et
2689 637 2820 696 lardi
2853 638 3014 691 corde
3042 639 3107 691 ad
3137 638 3462 692 credendum
3491 638 3541 691 in
3571 653 3690 691 om-

2120 726 2278 780 nibus
2317 741 2436 794 quze
2476 726 2652 779 locuti-
2685 737 2804 779 sunt
2855 727 3160 795 prophetae!
3201 728 3386 781 Nonne
3419 743 3545 796 ergo
3579 729 3700 780 huc

2120 814 2357 882 oportuit
2397 815 2669 868 Christum
2725 817 2854 882 pati,
2905 826 2960 870 et
3007 819 3077 869 ita
3133 818 3331 871 intrare
3373 819 3424 870 in
3467 819 3700 886 gloriam

2121 907 2310 959 suam?
2352 905 2416 959 Ει
2461 906 2718 972 incipiens
2759 921 2786 958 a
2833 909 3009 976 Moyse
3039 916 3093 960 r-t
3118 909 3363 960 omnibus
3393 909 3694 975 proidietis,

2057 1023 2096 1068 χ
2126 995 2573 1062 interpretabatur
2622 996 2722 1063 illis
2772 996 2820 1047 in
2863 997 3111 1050 omnibus
3159 998 3448 1065 Scripturis
3485 1014 3603 1064 quin
3629 1003 3704 1052 de

949 773 1170 829 CAPUT
1210 771 1489 828 CLXXIV.

446 867 690 920 Custodes
739 866 1046 918 monumenti
1093 863 1517 916 annuntiauernnt
1571 859 1913 913 sacerdotibus
1957 858 2019 912 de

936 934 1296 987 resurrectione
1327 929 1530 984 Christi.

518 1071 729 1124 Mum.
763 1083 950 1131 xxviii,
992 1064 1176 1119 11—15.
1211 1065 1347 1118 Ecce
1376 1062 1587 1131 quidam
1620 1061 1684 1114 de
1712 1059 2020 1114 custodibus

452 1171 707 1215 venerunt
753 1161 804 1213 in
853 1159 1140 1217 civitatem,
1179 1165 1234 1209 et
1276 1155 1648 1208 nuntiaverunt
1699 1151 2022 1220 principibus

447 1253 780 1305 sacerdotum
813 1250 990 1303 omnia
1021 1263 1137 1316 quae
1175 1247 1308 1298 facta
1352 1246 1584 1298 fuerunt.
1619 1245 1685 1296 Et
1713 1242 2014 1312 congregati

445 1357 564 1395 cum
594 1341 915 1402 senioribus,
942 1336 1164 1391 Consilio
1191 1345 1430 1403 accepto,
1453 1333 1724 1400 pecuniam
1753 1334 2021 1402 c0piosam

449 1433 714 1485 dederunt
757 1429 1034 1490 militibus,
1075 1427 1313 1480 dici-otes
1345 1442 1359 1478 :
1393 1426 1581 1488 Dicite,
1612 1427 1743 1492 Quia
1780 1423 2023 1492 discipuli

449 1520 567 1589 ejus
598 1529 750 1572 nocte
775 1524 1054 1578 venerunt,
1091 1527 1145 1569 et
1185 1516 1339 1568 furati
1387 1525 1511 1570 sunt.
1547 1531 1667 1568 eum
1709 1513 1862 1568 nobis
1890 1497 2055 1566 αυτ-³

455 1611 758 1664 tnientibus.
790 1609 853 1661 Et
897 1608 943 1661 si
984 1608 1084 1660 hoc
1127 1605 1362 1658 auditam
1401 1604 1558 1658 fuerit
1586 1619 1614 1655 a
1645 1603 1897 1671 prmsidc,
1930 1614 2025 1654 nos

2123 1085 2238 1151 ipso
2263 1094 2434 1137 erant.
2463 1085 2518 1137 EI
2551 1089 3110 1153 appropinqttatcrunl
3135 1090 3354 1142 castello
3382 1106 3485 1157 quo
3507 1090 3650 1143 ibant
3681 1107 3700 1142 :

2123 1182 2178 1228 et.
2206 1173 2320 1240 ipse
2350 1177 2368 1197 θ
2399 1174 2552 1228 ﬁiixit
2597 1176 2802 1242 longius
2832 1178 2938 1230 ire.
2977 1179 3042 1230 Et
3077 1191 3256 1247 cor-ge:
3271 1189 3365 1231 unt
3409 1180 3574 1241 illum,
3618 1180 3708 1232 di-

2124 1275 2346 1319 centes:
2380 1266 2533 1320 Mane
2583 1267 2883 1331 nobiscum,
2924 1269 3171 1334 quoniam
3219 1268 3614 1335 advesperascit
3643 1280 3708 1322 et

2124 1354 2376 1408 inclinata
2399 1364 2480 1408 est
2498 1354 2604 1421 jam
2631 1355 2850 1408 dies.‘Et
2878 1357 3086 1408 intravit
3113 1371 3233 1409 cum
3267 1357 3386 1411 illis.
3414 1357 3478 1409 Et
3503 1358 3566 1408 la:
3587 1365 3703 1409 tum

2125 1457 2232 1510 est,
2261 1444 2384 1498 dum
2429 1443 2766 1500 recumberet
2816 1459 2936 1498 cum
2987 1445 3112 1508 illis,
3151 1447 3359 1510 accepit
3399 1461 3612 1513 panem,
3643 1457 3708 1498 et

2128 1535 2422 1597 benedixit,
2469 1547 2532 1588 ac
2576 1533 2748 1602 fregit,
2781 1542 2836 1587 et
2883 1533 3188 1603 porrigebat
3239 1534 3366 1586 illis.
3419 1517 3480 1586 Et
3527 1529 3710 1602 aperti

2128 1635 2254 1681 sunt.
2281 1627 2421 1680 oculi
2451 1641 2656 1691 eorum,
2683 1635 2736 1680 et
2763 1635 3126 1693 cognoverunt
3147 1626 3296 1678 illum
3323 1643 3336 1677 :
3362 1634 3414 1676 et
3443 1624 3556 1693 ipse
3574 1639 3707 1680 eva-

454 1699 794 1753 suadebimus
829 1698 902 1761 ei,
936 1705 988 1749 et
1027 1710 1244 1750 securos
1287 1709 1379 1748 vos
1418 1693 1687 1748 faciemus.
1722 1694 1784 1745 At
1817 1691 1908 1754 illi,
1939 1705 2025 1743 ac-

2131 1716 2246 1768 nuit
2267 1729 2332 1768 ex
2362 1716 2530 1768 oculis
2547 1729 2755 1768 eorum.
2785 1715 2850 1767 Et
2871 1715 3119 1768 dixerunt
3143 1714 3210 1767 ad
3235 1713 3490 1768 invicem:
3516 1713 3709 1768 Nonne

451 1798 600 1857 cepta
632 1789 875 1856 pecunia,
909 1786 1148 1840 fecerunt
1177 1784 1314 1840 sicut
1341 1791 1495 1838 erant
1521 1784 1713 1836 edocti.
1753 1784 1816 1837 Et
1845 1781 2026 1834 divul-

450 1889 628 1945 gatum
656 1885 738 1930 est
760 1876 976 1930 verbum
1017 1874 1154 1928 istud
1198 1872 1336 1940 apud
1363 1871 1580 1926 .ludrcos
1621 1883 1788 1940 usque
1829 1871 1880 1924 iu
1927 1871 2024 1926 ho-

451 1970 690 2023 diernum
721 1969 881 2022 diem.

978 2097 1201 2152 CAPUT
1239 2097 1492 2151 CLXXV.

569 2187 714 2243 Jews
745 2190 985 2258 apparuit
1014 2187 1304 2241 mulieribus
1334 2195 1445 2257 post
1474 2187 1905 2240 resurrectionem.

521 2323 731 2376 Μλττιι.
763 2321 1130 2386 χινιιι,9,10;
1159 2319 1329 2375 Maus.
1356 2319 1695 2385 “1,10,”;
1723 2319 1853 2374 Luc.
1879 2335 2024 2384 xxiv,

457 2415 640 2468 tO-H.
687 2415 748 2468 lit
783 2428 909 2469 ecce
949 2413 1102 2468 Jesus
1147 2414 1379 2466 occurrit
1423 2413 1544 2475 illis,
1575 2412 1758 2466 dicens
1792 2429 1803 2464 :
1837 2411 2023 2466 Avete.

458 2505 564 2558 Illae
596 2515 769 2560 autem
817 2511 1179 2567 accesserunt,
1209 2511 1264 2557 et
1294 2512 1574 2558 tenuerunt
1612 2503 1770 2570 pedes
1812 2503 1946 2570 ejus,
1975 2509 2029 2556 et

456 2597 810 2650 adoravcrunt
835 2609 976 2650 eum.
1005 2593 1152 2648 Tunc
1172 2593 1246 2647 ait
1271 2593 1376 2647 illis
1401 2592 1552 2646 Jcsus
1575 2607 1590 2646 :
1617 2591 1786 2646 Nolite
1808 2593 2021 2645 timere:

452 2689 546 2754 ite,
578 2690 814 2742 nuntiate
841 2687 1092 2743 fratribus
1121 2686 1272 2752 meis,
1306 2696 1364 2740 ut
1392 2695 1514 2740 eant
1539 2687 1589 2738 in
1614 2687 1882 2740 Galilaeam
1917 2704 1928 2740 :
1956 2685 2025 2739 ibi

456 2795 542 2833 me
569 2781 836 2834 videbunt.
869 2780 996 2844 Qua:
1029 2794 1147 2832 cum
1181 2779 1452 2840 abiissent,
1501 2778 1878 2832 nuntiaverunt
1913 2778 2026 2831 hinc

455 2872 633 2924 oiimia
657 2871 757 2923 illis
782 2869 1024 2924 undecim
1049 2868 1347 2936 lugentibus
1370 2877 1422 2920 ct
1449 2868 1716 2928 ﬂentibus,
1744 2876 1796 2921 et
1817 2869 2026 2922 ceteris

454 2963 700 3014 omnibus
729 2963 815 3028 qui
843 2975 966 3014 eum
995 2973 1060 3012 co
1093 2959 1317 3012 fuerant.
1364 2957 1427 3010 Et
1466 2957 1540 3010 illi
1588 2955 1862 3010 audientes
1902 2957 2025 3025 quia

457 3053 659 3103 viveret
688 3060 739 3103 et
769 3051 912 3103 visus
941 3061 1080 3103 esset
1110 3049 1176 3102 ab
1206 3048 1306 3111 eis,
1339 3063 1443 3101 non
1469 3047 1804 3105 crediderunt
1833 3050 1930 3102 eis.
1962 3049 2025 3101 Et

2127 1823 2222 1862 cor
2249 1818 2490 1861 nostrum
2521 1807 2712 1860 ardens
2741 1817 2856 1860 erat
2887 1807 2937 1859 in
2970 1804 3142 1867 nobis,
3173 1806 3296 1858 dum
3321 1806 3624 1874 loqueretur
3642 1806 3708 1860 in

2127 1900 2210 1950 via
2239 1909 2293 1952 et
2320 1899 2551 1966 aperiret
2575 1896 2728 1950 nobis
2757 1896 3099 1964 Scripturas?
3127 1897 3188 1948 Et
3210 1905 3490 1964 surgentes
3513 1894 3704 1948 eadem

2131 1989 2256 2043 hora
2283 2029 2297 2051 ,
2355 1989 2583 2058 regressi
2628 1997 2751 2054 sunt
2793 1986 2846 2040 iu
2886 1987 3177 2042 Jerusalem
3225 2003 3238 2037 2
3279 1997 3333 2041 et
3387 1987 3709 2039 invenerunt

2127 2089 2476 2148 congregatos
2515 2079 2759 2133 undecim
2799 2087 2856 2132 et
2898 2093 2992 2132 eos
3043 2079 3131 2144 qui
3181 2092 3299 2132 cum
3351 2076 3478 2144 ipsis
3523 2084 3705 2140 erant,

2073 2219 2076 2222 .
2126 2171 2370 2226 dicentes
2404 2188 2416 2220 :
2447 2170 2601 2234 Quod
2639 2171 2875 2224 surrexit
2918 2169 3172 2223 Dominus
3211 2182 3336 2222 vere
3373 2177 3426 2221 et
3461 2170 3709 2236 apparuit

2129 2263 2354 2319 Simoni.
2384 2263 2450 2316 Et
2478 2263 2576 2331 ipsi
2611 2263 2888 2316 narrabant
2921 2278 3040 2332 qua:
3063 2269 3210 2330 gesta
3240 2269 3391 2314 erant
3429 2261 3479 2314 in
3513 2260 3617 2325 via,
3643 2267 3710 2316 et

2127 2356 2396 2426 quomodo
2419 2367 2780 2426 cognoverunt
2804 2371 2926 2410 eum
2961 2356 3014 2410 in
3039 2355 3302 2410 fractione
3329 2355 3498 2423 panis.

2632 2529 2856 2586 CAPUT
2893 2530 3192 2586 CLXXVII.

2484 2619 2636 2676 leam
2659 2623 2900 2691 apparuit
2929 2621 3193 2690 discipulis
3221 2637 3345 2676 suis.

2200 2754 2372 2808 Marte.
2399 2765 2512 2816 xvr,
2547 2751 2631 2805 1'5.
2663 2751 2770 2807 Nec
2795 2753 2898 2806 illis
2923 2753 3277 2808 crediderunt.
3305 2785 3371 2793 —
3395 2753 3518 2807 ch.
3553 2770 3706 2821 xxiv,

2129 2843 2314 2899 36-48.
2363 2845 2497 2899 Dum
2541 2855 2715 2900 autem
2764 2845 2875 2899 hinc
2920 2847 3236 2916 loquuntur,
3286 2879 3356 2890 -—
3400 2847 3550 2902 Joaa.
3600 2863 3706 2911 xx,

2132 2935 2301 2990 ill-‘23
2329 2949 2450 2988 cum
2482 2945 2621 2990 esset
2667 2951 2789 2990 sero
2817 2935 2904 2991 die
2951 2939 3063 3002 illa,
3106 2954 3207 2992 una
3249 2937 3604 3002 sabbatorum,
3646 2949 3711 2992 et

2131 3026 2271 3080 fores
2309 3037 2488 3079 essent
2534 3027 2752 3095 clausis,
2797 3029 2882 3081 ubi
2929 3039 3076 3082 erant
3116 3030 3356 3098 discipuli
3399 3031 3712 3099 congregati

457 3145 566 3195 visa
609 3149 734 3196 sunt
776 3150 898 3195 ante
943 3143 1062 3196 illos
1104 3140 1240 3195 sicut
1273 3139 1676 3194 delirameutum
1710 3138 1870 3194 verba
1902 3140 2019 3203 ista,
2048 3116 2098 3222 ξ
2129 3126 2344 3222 pro?"
2375 3125 2574 3174 meum
2596 3116 3125 3222 ‘Jfl‘lfiorf‘mrhvenil
3161 3120 3333 3222 ῙῙῨ⁵¹¹ςν
3380 3130 3432 3173 εί
3475 3119 3710 3173 smmi"

453 3245 504 3288 et
536 3249 638 3288 non
670 3231 958 3286 credebant
988 3231 1114 3284 illis.

965 3363 1188 3418 CAPUT
1222 3363 1504 3417 CLXXVl.

586 3454 796 3508 Dnob’us
825 3454 1056 3507 erratibus
1084 3455 1136 3505 in
1164 3453 1426 3506 castellum
1455 3452 1690 3521 apparuit
1718 3449 1886 3505 λειω.

531 3567 702 3621 Mane.
739 3582 842 3630 xvi,
881 3566 963 3618 12.
1000 3562 1119 3618 Post
1153 3563 1266 3616 haec
1299 3571 1470 3615 autem
1495 3561 1698 3615 duolms
1724 3563 1890 3615 ex'eis
1911 3576 2022 3614 am-

457 3658 759 3711 bulantibus
785 3666 1030 3710 ostensus
1056 3663 1138 3707 est
1169 3654 1221 3706 in
1252 3653 1348 3706 alia
1378 3652 1578 3717 efﬁgie,
1611 3683 1678 3692 ——
1708 3651 1837 3706 Luc.
1877 3667 2020 3719 xxiv,

459 3752 643 3814 lii-53,
677 3750 923 3803 euntibus
952 3747 1052 3801 hac
1099 3747 1209 3815 ipsa
1241 3745 1324 3799 die
1353 3746 1408 3798 iu'
1438 3743 1708 3798 castellum
1739 3743 1875 3810 quod
1907 3753 2025 3796 erat

454 3842 506 3892 in
547 3839 716 3908 Spatio
759 3837 1048 3890 stadiorum
1079 3834 1348 3904 sexaginta
1389 3835 1455 3886 ab
1497 3833 1896 3903 Hierosolymis,
1929 3848 2022 3885 no-

359 3990 377 4003 _
455 3934 597 3985 mine
642 3933 908 3987 Eiumaus.
957 3932 1018 3983 Et
1065 3930 1165 3992 ipsi
1215 3930 1564 3997 loquebantur
1593 3927 1656 3978 ad
1700 3927 1926 3979 invicem
1957 3925 2025 3980 de

455 4022 538 4075 his
565 4023 754 4075 on'mih‘
783 4039 808 4076 s
835 4038 949 4090 qua:
977 4021 1295 4076 acciderant.
1337 4019 1402 4072 Et
1443 4019 1638 4072 factum
1685 4027 1766 4070 est
1795 4018 1918 4070 dum
1950 4018 2022 4068 la-
2053 4033 2056 4036 '

456 4113 759 4166 bnlarentur
783 4122 833 4165 et
861 4128 1040 4166 secum
1069 4120 1384 4178 qumrcrent,
1418 4119 1468 4162 et
1503 4110 1616 4177 ipse
1643 4107 1800 4162 Jesus
1830 4120 2024 4175 appro-

454 4208 733 4274 pinquans,
771 4205 877 4256 ibat
923 4219 1040 4256 cum
1082 4203 1188 4254 illis
1217 4222 1229 4255 :
1261 4201 1396 4251 ocrdi
1427 4211 1599 4251 autem
1635 4199 1842 4250 illorum
1876 4205 2023 4248 tene-

454 4298 664 4360 bantur,
715 4312 780 4345 ne
823 4309 943 4348 cum
989 4299 1356 4360 agnoscerent.
1399 4289 1465 4341 Et
1510 4290 1583 4340 ait
1619 4287 1682 4339 ad
1725 4287 1845 4340 illos
1878 4303 1889 4337 :
1923 4286 2021 4348 Qui

454 4394 578 4436 sunt
628 4385 678 4434 lll
727 4397 1000 4433 scrumues
1033 4394 1162 4448 quos
1190 4379 1445 4432 confertis
1474 4379 1538 4430 ad
1571 4378 1797 4430 iniicem
1839 4377 2022 4428 ambu-

456 4475 644 4535 lantes,
690 4483 742 4524 et
778 4473 904 4522 estis
941 4469 1157 4522 tristes?
1189 4469 1253 4520 Et
1283 4469 1610 4534 restiondens
1640 4481 1774 4518 lltillS
1809 4466 1890 4518 cui
1929 4479 2020 4518 no-
2051 4445 2102 4504 Ῑ)

456 4581 578 4617 men
621 4563 905 4630 Cleophas,
953 4561 1084 4613 dixit
1120 4559 1166 4614 ei
1194 4577 1205 4612 :
1231 4559 1310 4613 Tu
1354 4559 1499 4612 snlus
1544 4558 1849 4626 peregrinus
1879 4571 1937 4612 es
1968 4556 2018 4607 in

450 4655 769 4712 Jerusalem.
803 4662 854 4706 et
909 4669 1010 4704 non
1043 4652 1332 4720 cognovisti
1371 4665 1491 4718 quia:
1520 4650 1652 4704 facta
1681 4659 1802 4702 sunt
1833 4651 1884 4704 in
1934 4650 2020 4704 illa

452 4746 532 4799 his
560 4745 782 4798 diebus?
807 4743 1008 4809 Quibus
1038 4743 1123 4794 ille
1147 4741 1317 4794 dixit:
1347 4739 1512 4806 Quae?
1541 4739 1606 4793 Et
1635 4740 1920 4794 dixerunt:
1947 4741 2021 4794 De

448 4836 572 4891 .lcsu
601 4837 893 4898 Nazarene,
921 4832 1008 4900 qui
1043 4832 1135 4885 fuit
1158 4831 1238 4885 vir
1263 4832 1542 4898 propheta,
1567 4839 1755 4898 potens
1781 4831 1833 4883 in
1859 4846 2019 4899 opere

449 4937 502 4977 et
531 4941 777 4981 sermone
800 4941 977 4978 coram
1013 4923 1119 4976 Duo
1150 4931 1199 4977 et
1233 4921 1376 4973 omni
1409 4920 1601 4988 populo
1631 4937 1643 4970 :
1674 4928 1726 4971 et
1753 4919 2020 4988 quomodo

452 5033 572 5071 cum
606 5018 935 5070 tradiderunt
972 5019 1163 5068 summi
1205 5013 1512 5068 sacerdotes
1537 5021 1587 5066 et
1619 5013 1885 5079 principes
1924 5025 2020 5064 no-

451 5109 544 5159 stri
594 5107 644 5159 iu
691 5108 1081 5160 damnationem
1125 5104 1337 5167 mortis,
1381 5111 1433 5154 et
1468 5101 1845 5154 crucilixerunt
1873 5113 2014 5153 eum.

455 5200 559 5254 Nos
589 5209 764 5252 autem
794 5198 1135 5263 Sperabamtn
1167 5197 1284 5263 quia
1317 5196 1432 5262 ipse
1464 5203 1604 5247 esset
1652 5192 2019 5259 redempturus

457 5291 636 5345 Israel.
667 5289 728 5342 Et
757 5304 892 5340 nunc
919 5287 1078 5354 super
1107 5290 1218 5342 lucc
1245 5289 1443 5350 omnia,
1479 5285 1632 5338 tertia
1667 5285 1780 5338 dies
1809 5295 1890 5338 est
1917 5289 2018 5340 ho-.

451 5384 539 5435 die
578 5379 717 5451 quod
765 5380 875 5431 haec
923 5377 1057 5430 facta
1102 5387 1244 5430 sunt.
1287 5378 1390 5433 Sed
1422 5387 1473 5431 et
1504 5377 1752 5430 mulieres
1780 5376 2019 5444 qumdem

451 5489 512 5526 ex
559 5471 754 5526 nostris
796 5479 1094 5523 terruerunt
1135 5482 1254 5533 nos,
1283 5485 1398 5536 quia:
1443 5479 1565 5521 ante
1605 5468 1772 5522 lucem
1809 5470 2021 5522 filerunt

451 5565 514 5618 ad
547 5575 946 5618 monumentum
973 5581 985 5616 :
1011 5572 1060 5616 et
1087 5577 1188 5614 nou
1214 5563 1430 5615 invento
1451 5576 1674 5628 corpore
1696 5561 1830 5627 ejus,
1864 5574 2023 5614 vene-

452 5665 573 5709 runt
607 5657 843 5711 dicentes
873 5672 928 5710 se
959 5655 1118 5708 etiam
1163 5653 1467 5723 angelorum
1510 5654 1768 5706 vis'onem
1801 5652 2016 5718 vidisse,

2127 3206 2303 3260 medio
2329 3221 2536 3272 eorum,
2561 3216 2611 3260 et
2637 3207 2768 3260 dixit
2799 3209 2874 3263 eis
2911 3226 2922 3261 :
2952 3208 3058 3262 Pax
3091 3210 3241 3264 vobis
3269 3227 3281 3261 :
3314 3226 3411 3277 ego
3444 3225 3578 3270 sum,
3611 3225 3713 3262 no-

2125 3297 2220 3350 lite
2253 3299 2462 3352 timere.
2499 3299 2808 3353 Conturbati
2842 3316 2967 3353 vero
3003 3310 3054 3353 et
3097 3301 3383 3366 perterriti,
3429 3301 3711 3354 existima-

2128 3385 2255 3438 bant
2283 3401 2342 3439 se
2377 3387 2618 3454 spiritum
2655 3389 2860 3442 videre.
2903 3388 2972 3442 Et
3011 3389 3140 3442 dixit
3181 3390 3259 3442 eis
3290 3407 3302 3442 :
3329 3389 3464 3456 Quid
3503 3390 3705 3441 turbati

2127 3477 2276 3538 estis,
2305 3485 2360 3530 et
2385 3477 2731 3546 cogitationes
2773 3479 3066 3532 ascendunt
3095 3479 3142 3530 in
3179 3479 3336 3531 corda
3367 3479 3578 3532 vestra?
3611 3479 3706 3531 Vi-

2125 3566 2236 3620 dite
2266 3582 2454 3620 manus
2485 3582 2632 3622 meas
2660 3580 2714 3622 et
2743 3569 2927 3637 pedes,
2957 3569 3082 3638 quia
3125 3570 3239 3637 ipse
3268 3585 3366 3640 ego
3394 3584 3507 3623 sum
3535 3588 3549 3621 :
3579 3572 3707 3636 pal-

2080 3699 2088 3707 .
2127 3668 2245 3724 rate
2267 3667 2320 3712 et
2341 3659 2536 3724 videte,
2561 3662 2678 3728 quia
2705 3662 2920 3730 spiritus
2945 3675 3156 3715 carnem
3181 3669 3234 3714 et
3257 3677 3375 3715 ossa
3400 3677 3500 3715 non
3517 3662 3706 3727 habet,

2127 3750 2265 3802 sicut
2291 3765 2376 3802 me
2396 3749 2587 3803 videtis
2615 3750 2828 3805 habere.
2866 3751 2936 3803 Et'
2959 3765 3078 3804 cum
3107 3750 3221 3804 haec
3245 3750 3491 3811 dixisset,
3519 3761 3712 3805 osten-

2126 3835 2202 3888 dit
2231 3835 2309 3888 eis
2337 3851 2545 3905 manus,
2575 3847 2629 3892 et
2651 3839 2836 3906 pedes,
2866 3847 2914 3892 et
2953 3839 3111 3892 latus.
3159 3838 3347 3892 Adhuc
3386 3849 3560 3892 autem
3593 3840 3711 3894 illis

2127 3941 2232 3980 non
2275 3929 2613 3983 credentibus
2657 3938 2710 3984 et
2751 3929 3062 3984 mirantibus
3111 3945 3220 3998 pra:
3253 3931 3477 4000 gaudio,
3509 3930 3647 3984 dixit
3683 3949 3701 3984 :

2127 4016 2343 4071 Habetis
2389 4016 2473 4071 hic
2514 4019 2711 4087 aliquid
2740 4019 2879 4087 quod
2910 4021 3291 4074 manducetur?
3319 4026 3387 4074 At
3427 4022 3500 4075 illi
3541 4021 3704 4074 obtu-

2127 4106 2300 4160 lcrunt
2325 4108 2372 4160 ei
2401 4116 2599 4176 partem
2627 4109 2788 4178 piscis
2813 4111 2918 4163 assi
2958 4120 3011 4167 et
3047 4108 3224 4162 favum
3256 4109 3447 4164 mellis.
3484 4110 3545 4163 Et
3573 4124 3699 4164 cum

2125 4196 2499 4250 manducasset
2519 4211 2699 4250 coram
2723 4197 2822 4261 eis,
2853 4198 3370 4272 sumensreliquias,
3401 4200 3545 4254 dedit
3569 4200 3696 4253 illis.

2128 4285 2196 4338 Et
2222 4285 2352 4338 dixit
2391 4286 2456 4339 ad
2495 4301 2586 4340 eos
2621 4305 2635 4342 ε
2671 4288 2792 4346 llaec
2820 4298 2940 4342 sunt
2971 4290 3135 4344 verba
3174 4305 3290 4359 qua:
3331 4291 3539 4345 locutus
3574 4307 3698 4346 sum

2126 4374 2192 4428 ad
2216 4389 2309 4427 vos
2333 4390 2451 4428 cum
2477 4376 2649 4430 adhuc
2674 4392 2846 4438 essem
2870 4379 3144 4433 vobiscum
3169 4398 3183 4432 :
3208 4382 3453 4449 quoniam
3479 4396 3702 4438 necesse

2129 4473 2210 4518 est
2235 4465 2438 4532 impleri
2474 4469 2649 4520 omnia
2677 4484 2796 4536 quas
2827 4471 3021 4536 scripta
3053 4480 3177 4524 stutt
3207 4471 3256 4524 in
3286 4471 3401 4540 lege
3430 4471 3611 4540 Moysi,
3643 4483 3704 4527 et

2130 4557 2427 4625 l’rOphetis,
2461 4567 2513 4611 et
2539 4559 2764 4612 Psalmis
2793 4559 2858 4614 de
2889 4575 2991 4614 me.
3025 4560 3174 4622 Tunc
3204 4562 3410 4629 aperuit
3443 4561 3543 4614 illis
3573 4576 3701 4616 scn-

2129 4663 2243 4702 sum
2272 4661 2324 4702 ut
2345 4650 2700 4720 intelligerent
2725 4652 3044 4718 Scripturas,
3069 4661 3121 4705 et
3142 4651 3275 4706 dixit
3295 4653 3372 4706 eis
3400 4670 3412 4705 :
3437 4653 3700 4718 Quoniam

2129 4743 2204 4792 sic
2231 4740 2485 4809 scriptum
2513 4749 2624 4806 est,
2662 4750 2716 4794 et
2759 4742 2838 4794 sic
2877 4742 3155 4809 Oportebat
3186 4741 3452 4796 Clu-istum
3483 4742 3610 4809 pati,
3643 4753 3702 4796 et

2129 4848 2407 4899 resurgere
2451 4833 2537 4886 die
2583 4835 2735 4886 tertia
2773 4848 2801 4884 a
2835 4833 3080 4896 mortuis,
3115 4843 3167 4887 et
3197 4833 3486 4902 praedicare
3517 4833 3568 4885 in
3599 4849 3692 4884 no-

2130 4925 2268 4976 mine
2296 4924 2412 4992 ejus
2445 4925 2808 4991 pmniteutiam
2841 4934 2894 4978 et
2936 4924 3302 4978 remis-immo
3355 4934 3698 4993 peccatorum

2129 5017 2179 5068 in
2212 5031 2396 5069 omnes
2424 5026 2630 5084 gentes,
2670 5017 3042 5085 incipientibus
3077 5017 3143 5072 ab
3173 5017 3555 5089 Hierosolyma.
3584 5016 3701 5072 Vcs

2126 5115 2300 5157 autem
2329 5106 2456 5158 estis
2485 5114 2650 5159 testes
2689 5107 2894 5160 horum.
2946 5109 3011 5160 Et
3056 5121 3152 5176 ego
3181 5109 3332 5160 mitto
3377 5110 3699 5176 promissum

2130 5198 2295 5249 Patris
2341 5181 2441 5250 mei
2476 5197 2526 5249 in
2568 5213 2680 5250 vos.
2726 5196 2904 5250 Gavisi
2957 5208 3081 5251 sunt
3125 5213 3253 5268 ergo
3293 5197 3533 5264 discipuli
3577 5199 3700 5252 viso

2125 5284 2368 5338 Domino.
2399 5284 2540 5338 Dixit
2563 5301 2692 5353 ergo
2721 5286 2797 5338 eis
2826 5286 3015 5338 iterum
3050 5303 3061 5337 :
3093 5285 3197 5338 Pax
3230 5287 3401 5338 vobis.
3425 5286 3566 5340 Sicut
3593 5288 3704 5340 mi-

2125 5379 2191 5427 sit
2240 5391 2321 5426 me
2365 5375 2542 5437 Pater,
2584 5385 2637 5428 et
2679 5391 2777 5438 ego
2823 5377 3116 5427 miltovus.
3161 5374 3270 5428 lioc
3297 5389 3417 5426 cum
3448 5374 3697 5439 dixisset,

2130 5468 2412 5519 insufﬂat-it
2442 5478 2493 5520 ct
2518 5469 2650 5519 dixit
2677 5469 2752 5520 eis
2785 5483 2797 5518 :
2831 5467 3068 5533 Accipite
3112 5465 3366 5532 Spiritum
3397 5477 3638 5519 sanctum
3681 5483 3696 5518 :

2125 5575 2345 5626 qunrllln
2379 5560 2687 5612 remiseritis
2717 5567 2954 5627 peccata,
2984 5556 3324 5612 remittuntur
3346 5561 3456 5625 eis;
3481 5569 3534 5613 et
3561 5573 3702 5627 quo-

2123 5667 2235 5704 rum
2269 5653 2615 5719 retinueritis,
2649 5655 2849 5706 retenta
2877 5660 3019 5705 sunt.
