3980 6196
258 246 346 299 36"
999 247 1574 304 EVANGFJJT‘LUHTSI
1618 247 2116 303 ii.—\Rl\lO.‘v‘i.’.liU.\l
2160 246 2728 304 [\Tliiii’l’iii'l'AizCi.

753 359 975 416 CAPUT
1017 363 1334 417 CLXXVIII.

697 449 846 504 Jesus
877 455 1114 520 apparuit
1149 454 1372 505 Tltomn'.

321 541 468 594 Jun.
499 557 588 604 xx,
616 540 796 596 21-31.
827 542 1059 596 Thomas
1085 554 1262 596 autem
1288 558 1422 596 unus
1451 558 1512 596 ex
1544 542 1821 596 duodecim

259 635 337 702 qui
363 632 556 686 dicitur
587 633 859 701 Didymus,
888 651 990 688 non
1016 646 1130 688 erat
1169 651 1288 688 cuni
1314 637 1392 688 eis
1421 635 1633 702 quando
1668 634 1824 688 Jesus

260 725 413 777 venit.
441 723 700 776 Dixerunt
727 739 856 791 ergo
894 725 941 777 ei
991 725 1082 778 alii
1123 724 1370 794 discipuli
1399 741 1413 778 :
1446 725 1685 779 Vidimus
1719 725 1826 778 Do-

262 815 475 866 minum.
509 814 600 868 Ille
628 825 804 867 autem
833 815 971 868 dixit
997 818 1074 869 eis
1101 834 1113 867 :
1146 816 1256 870 Nisi
1290 817 1470 871 videro
1499 819 1549 870 in
1582 817 1828 870 manibus

257 903 366 972 ejus
399 905 625 958 ﬁxuram
652 906 946 972 clavorum,
980 914 1036 960 et
1061 907 1268 959 mittam
1297 907 1519 976 digitum
1561 922 1735 962 meum
1774 907 1825 960 in

261 994 424 1046 lucum
466 993 761 1059 clavorum,
805 1005 854 1049 et
887 996 1090 1048 mittant
1135 1011 1350 1050 manum
1386 1011 1556 1051 meam
1606 999 1658 1050 in
1690 999 1828 1050 latus

259 1082 383 1148 ejus,
417 1097 523 1134 non
554 1085 786 1136 credam.
825 1085 887 1137 Et
935 1093 1052 1153 post
1099 1085 1214 1141 dies
1253 1096 1395 1151 octo,
1437 1087 1628 1140 iterum
1675 1098 1829 1142 erant

257 1171 492 1238 discipuli
525 1173 639 1240 ejus
666 1175 828 1238 intus,
857 1186 911 1228 et
937 1175 1169 1229 Thomas
1197 1191 1317 1231 curn
1350 1176 1455 1231 eis.
1483 1177 1826 1242 VenitJesus,

260 1259 422 1322 ianuis
451 1261 670 1325 clausis,
693 1275 742 1316 et
770 1265 915 1316 stetit
942 1265 992 1317 in
1020 1266 1214 1326 medio,
1245 1275 1300 1320 et
1321 1266 1450 1320 dixit
1478 1285 1489 1318 :
1523 1267 1628 1320 Pax
1657 1269 1826 1323 vobis.

261 1350 454 1403 Deinde
505 1350 632 1404 dicit
669 1353 888 1406 Thema:
919 1372 931 1406 :
964 1355 1101 1410 lnior
1147 1356 1368 1424 digitum
1421 1368 1564 1425 tuum
1614 1359 1734 1426 huc,
1778 1369 1832 1413 et

259 1443 368 1495 vide
398 1457 586 1495 manus
613 1459 760 1496 meas
791 1463 800 1494 :
837 1455 888 1497 et
914 1445 1044 1500 utier
1075 1462 1287 1501 manuni
1319 1457 1483 1512 tuam,
1518 1458 1570 1503 et
1599 1451 1750 1504 mitte
1779 1452 1828 1503 in

257 1534 387 1586 latus
415 1549 592 1586 meum
622 1551 632 1584 :
665 1543 718 1588 et
744 1534 851 1588 noii
880 1551 996 1590 esse
1021 1538 1344 1598 incredulus.
1378 1539 1469 1592 sed
1501 1539 1694 1594 ﬁdelis.
1728 1540 1831 1594 Re-

256 1623 466 1690 spondit
489 1623 742 1685 Thomas.
773 1634 824 1678 ct
855 1626 991 1678 dixit
1012 1628 1058 1680 ei
1091 1643 1103 1679 :
1133 1629 1149 1648 ⁶
1169 1627 1390 1682 Domine
1421 1639 1659 1695 meus,et
1690 1629 1829 1683 Deus

256 1729 418 1768 incus.
453 1715 590 1769 Dicit
619 1716 666 1768 ei
707 1716 863 1770 Jesus
895 1735 907 1768 :
941 1718 1070 1784 Quia
1117 1719 1294 1772 vidisti
1329 1735 1412 1774 me
1442 1722 1480 1782 ⁵,
1511 1721 1781 1792 σιεόίιῌί
1813 1739 1826 1775 :
1861 1739 1904 1798 Β

255 1806 386 1858 beati
417 1807 507 1874 qui
539 1821 642 1858 non
666 1806 934 1870 viderunt,
958 1818 1007 1861 et
1036 1809 1398 1863 crediderunt.
1436 1811 1594 1864 Multa
1615 1813 1826 1881 quidem

254 1909 302 1950 et
345 1898 446 1950 atii
496 1899 643 1964 signa
689 1897 812 1951 fecit
852 1897 1006 1952 Jesus
1039 1901 1092 1952 in
1131 1910 1418 1969 conspectu
1448 1902 1825 1970 discipulorum

253 2003 489 2050 suorum,
535 2003 654 2056 quae
691 1995 806 2041 non
855 1997 980 2042 sunt
1025 1990 1220 2058 scripta
1267 1991 1317 2044 in
1371 1992 1506 2044 lihro
1550 1993 1669 2045 hoc.
1707 1993 1828 2047 ila‘c

255 2088 426 2128 autem
458 2075 664 2144 scripta
695 2088 839 2143 sunt,
872 2085 928 2130 ut
951 2077 1180 2132 credatis
1205 2081 1326 2146 quia
1356 2080 1510 2134 Jesus
1543 2084 1561 2102 ‘
1584 2081 1828 2135 Christus

256 2181 334 2224 est
381 2172 547 2225 Filius
591 2171 708 2239 Dei,
742 2181 800 2228 et
841 2183 895 2226 ut
934 2173 1235 2241 credentes,
1268 2177 1426 2229 vitam
1460 2181 1477 2248 ἦ
1509 2175 1736 2230 habeant
1775 2175 1827 2230 itt

257 2264 466 2318 nomine
487 2263 626 2332 epis.

765 2355 844 2409 CA
860 2355 988 2410 PUT
1028 2355 1307 2410 CLXXIX.

299 2439 486 2496 lterum
515 2447 758 2515 apparuit
788 2447 1053 2519 discipulis
1082 2450 1186 2501 suis
1213 2449 1280 2500 ad
1318 2465 1456 2502 mare
1488 2447 1788 2502 Tiber-indis.

332 2531 482 2590 iota.
513 2551 624 2599 xxi,
655 2535 794 2590 1-14.
828 2536 1016 2590 Postea
1040 2538 1395 2591 manifestavit
1424 2552 1482 2592 se
1506 2538 1694 2590 iterum
1723 2542 1740 2559 ‘
1763 2535 1828 2589 ad

273 2639 409 2679 mare
433 2626 748 2681 Tiberiadis.
779 2627 1127 2684 Manifestarit
1156 2640 1330 2684 autem
1357 2632 1458 2685 sic.
1485 2632 1647 2684 Erant
1675 2632 1828 2686 simul

277 2718 444 2775 Simon
492 2722 703 2789 Petrus,
737 2734 790 2779 et
825 2725 1056 2779 Thomas
1101 2729 1188 2796 qui
1237 2717 1428 2782 d'citui
1479 2729 1746 2800 Didymus,
1779 2740 1831 2784 et

284 2807 552 2868 Nathanael
579 2815 668 2882 qui
707 2823 820 2869 erat
847 2830 874 2866 a
905 2814 1046 2869 Cana
1075 2816 1324 2882 Gali'aur,
1356 2830 1406 2872 et
1438 2819 1528 2872 ﬁlii
1564 2820 1828 2885 Zultcdu'i,

281 2912 327 2954 et
349 2905 430 2956 alii
457 2920 516 2959 ex
546 2905 821 2973 discipulis
846 2907 965 2976 ejus
994 2909 1114 2962 duo.
1138 2909 1266 2962 Dicit
1298 2912 1376 2964 eis
1401 2912 1582 2964 Simon
1608 2912 1787 2966 Petrus
1816 2929 1827 2963 :

286 2992 414 3047 Vado
441 2995 648 3060 piscari.
703 2997 892 3052 Dicunt
921 2999 966 3052 ei
1004 3016 1016 3051 :
1048 2998 1298 3053 Venimus
1333 3009 1386 3052 ct
1424 3015 1519 3052 nos
1546 3009 1736 3054 tecum.
1770 3003 1833 3056 Et

283 3085 500 3139 exierunt
532 3097 585 3140 et
612 3089 968 3144 ascenderant
1003 3092 1052 3144 in
1087 3092 1280 3157 navim,
1310 3103 1360 3146 et
1394 3093 1476 3145 illa
1519 3102 1669 3160 nocte
1696 3093 1825 3148 nihil
1859 3099 1901 3161 α

3394 254 3498 307 5ῗέἷῖ

1859 379 1902 430 Α
1938 360 2052 411 his?
2084 360 2216 412 Dicit
2247 361 2292 412 ei
2325 376 2336 411 :
2368 359 2557 420 Etiam,
2602 359 2841 422 Domine,
2874 371 2928 414 tu
2959 364 3058 416 scis
3101 365 3216 423 cuia
3258 379 3380 419 amo
3428 377 3498 419 te.

1931 453 2064 506 Dicit
2087 454 2133 508 ei
2163 472 2173 503 :
2207 454 2366 505 Pasce
2397 467 2560 520 agnos
2591 467 2755 504 meos.
2793 453 2925 504 llicit
2966 455 3013 506 ei
3053 456 3240 508 iterum
3271 473 3284 507 :
3311 455 3496 509 Simon

1925 546 2167 610 Joannis,
2197 545 2376 614 d'.ligis
2403 545 2520 599 me?
2551 545 2638 597 Ait
2665 544 2736 595 illi
2773 559 2786 596 :
2819 545 3012 610 Etiam,
3051 545 3286 604 Domine.
3319 555 3370 596 tu
3399 560 3504 598 scis

1927 637 2048 703 quia
2098 651 2220 688 amo
2259 647 2328 688 te.
2373 635 2510 688 Dicit
2538 634 2586 688 ei
2621 652 2636 686 :
2667 635 3032 702 Pasce'aguos
3076 651 3239 689 meos.
3291 635 3423 688 Dicit
3451 635 3499 688 ei

1929 725 2085 777 tertio
2117 741 2130 776 :
2159 725 2338 777 Simon
2377 724 2615 788 Joannis,
2657 739 2806 776 amas
2858 713 2992 777 me?’
3024 724 3376 776 Cuntristatus
3423 734 3506 777 est

1929 815 2139 881 Petrus,
2167 818 2289 884 quia
2321 817 2454 869 dixit
2484 817 2530 870 ei
2575 817 2752 880 tertio,
2798 819 2959 869 Amas
3003 817 3132 868 me?
3159 816 3228 876 Et
3263 816 3382 868 dicit
3409 819 3454 868 ei
3488 831 3502 866 :

1930 906 2174 972 Domine,
2210 916 2260 958 tu
2285 907 2462 959 omnia
2489 907 2613 970 scis,
2645 915 2697 958 tu
2729 907 2831 959 Suis
2859 907 2978 974 quia
3009 905 3129 958 timo
3155 916 3224 957 te.
3260 905 3392 958 Dicit
3414 905 3462 957 ei
3488 919 3503 958 '.

1929 996 2095 1051 Pasce
2122 1011 2250 1052 oves
2280 1012 2444 1050 meas.
2479 996 2668 1058 Amen,
2702 1012 2878 1058 amen,
2909 996 3030 1049 dico
3061 995 3174 1058 tibi,
3207 1009 3324 1047 cum
3359 1009 3506 1047 esses

1924 1088 2128 1157 junior,
2162 1089 2411 1158 cingebas
2444 1099 2515 1151 te,
2546 1098 2601 1142 et
2627 1089 2936 1141 amhulnbas
2967 1087 3057 1141 ubi
3098 1087 3312 1140 volebas
3341 1103 3358 1140 :
3384 1101 3505 1139 cum

1929 1187 2107 1232 autem
2156 1179 2419 1242 senueris,
2465 1180 2723 1234 extendes
2772 1194 2960 1232 manus
3010 1188 3142 1244 tuas,
3177 1189 3230 1232 et
3273 1179 3410 1231 alius
3454 1187 3507 1231 te

1929 1269 2132 1338 cinget,
2157 1276 2211 1322 et
2239 1269 2394 1322 ducet
2419 1284 2524 1338 quo
2555 1279 2608 1322 ιιι
2641 1283 2744 1322 non
2777 1267 2876 1320 vis.
2913 1268 3215 1322 llocantem
3255 1266 3405 1329 dixit,
3433 1266 3508 1318 si-

1931 1356 2192 1424 gniﬁcans
2237 1372 2340 1425 qua
2387 1368 2560 1411 morte
2601 1357 2983 1411 clariﬁcaturus
3025 1367 3164 1410 esset
3213 1357 3398 1410 Deum.
3442 1355 3506 1407 Et

1931 1461 2052 1498 cum
2087 1447 2186 1500 hoc
2218 1446 2462 1507 dixisset,
2497 1447 2630 1500 dixit
2657 1448 2702 1501 ei
2737 1463 2751 1503 :
2782 1446 3016 1514 Sequere
3057 1461 3161 1499 me.
3204 1447 3505 1499 Conversus

1932 1539 2143 1604 Petrus,
2174 1539 2302 1593 vidit
2329 1540 2474 1594 illum
2503 1541 2816 1608 discipulum
2859 1555 3014 1607 quem
3051 1539 3301 1608 diligebat
3326 1537 3502 1597 .Icsus.

1932 1639 2263 1696 sequentem,
2296 1629 2384 1696 qui
2433 1638 2486 1682 ct
2530 1631 2770 1683 recubuit
2820 1630 2871 1682 in
2917 1645 3066 1683 coena
3118 1643 3277 1694 super
3321 1636 3504 1693 pectus

1930 1717 2070 1787 ejus,
2101 1729 2151 1771 et
2180 1719 2313 1770 dixit
2338 1737 2349 1770 :
2375 1719 2618 1784 Domine,
2646 1721 2763 1786 quis
2800 1731 2878 1773 est
2919 1722 3006 1789 qui
3041 1721 3212 1773 tradet
3241 1719 3326 1770 te?
3354 1716 3504 1769 Hunc

1932 1819 2060 1873 ergo
2109 1821 2227 1860 cum
2275 1809 2492 1862 vidisset
2538 1810 2743 1876 Petrus,
2776 1809 2900 1863 dicit
2943 1810 3068 1864 Jesu
3099 1827 3112 1862 :
3148 1809 3384 1875 Domine,
3419 1807 3504 1860 hic

1930 1906 2106 1949 autem
2139 1897 2302 1964 quid?
2353 1897 2486 1949 Dicit
2513 1897 2564 1950 ei
2593 1897 2785 1951 Jesus:
2817 1900 2835 1919 ‘
2871 1899 2926 1952 Si
2985 1914 3103 1950 cum
3139 1898 3258 1950 volo
3288 1909 3504 1948 manere

1932 1983 2102 2036 donec
2141 1985 2376 2048 veniam,
2421 1985 2542 2052 quid
2579 1985 2644 2038 ad
2691 1986 2772 2038 te?
2811 1985 2888 2038 Tu
2938 2001 3021 2038 me
3065 2000 3310 2052 sequere.
3361 1983 3506 2036 Exiit

1929 2085 2057 2144 ergo
2086 2087 2263 2124 sermo
2293 2073 2392 2125 iste
2420 2073 2556 2125 inter
2581 2075 2788 2136 fratres,
2813 2073 2934 2142 quia
2961 2073 3250 2140 discipulus
3279 2072 3365 2125 ille
3399 2086 3502 2124 non

1931 2161 2174 2214 rnoritur.
2203 2161 2265 2214 Et
2293 2177 2398 2214 non
2428 2163 2561 2214 dixit
2585 2164 2632 2216 ei
2661 2163 2836 2227 Jesus,
2867 2163 2978 2217 Non
3013 2166 3234 2216 moritur
3261 2179 3272 2214 :
3296 2161 3412 2223 sed,
3444 2160 3502 2214 Si

1930 2267 2051 2307 eum
2085 2253 2208 2305 volo
2241 2268 2451 2306 manere
2481 2252 2650 2308 donec
2678 2255 2906 2316 veniam,
2935 2257 3058 2324 quid
3088 2256 3152 2307 ad
3185 2256 3267 2309 te?
3299 2254 3391 2307 llic
3419 2261 3504 2308 est

1929 2340 2222 2410 discipulus
2263 2346 2280 2364 ·
2325 2341 2416 2408 qui
2465 2341 2826 2396 testimonium
2857 2346 2886 2378 “
2915 2343 3182 2410 perhibuit
3211 2344 3280 2397 de
3316 2341 3417 2408 his,
3449 2351 3502 2396 et

1930 2435 2140 2502 scripsit
2179 2432 2292 2485 h:ec
2321 2449 2331 2482 :
2363 2439 2416 2484 et
2441 2432 2637 2484 scimus
2666 2432 2786 2500 quia
2815 2447 2995 2486 verum
3025 2448 3056 2486 e
3089 2442 3107 2485 t
3138 2432 3500 2487 testimonium

1929 2523 2064 2592 ejus.
2091 2525 2228 2575 Sunt
2253 2529 2428 2573 autem
2457 2530 2508 2574 et
2535 2521 2640 2574 alia
2667 2521 2825 2574 multa
2852 2537 2970 2590 qua:
3005 2523 3128 2576 fecit
3153 2523 3308 2575 .Iesus
3339 2539 3350 2574 :
3383 2535 3501 2589 qua:

1929 2616 1976 2668 si
2025 2630 2062 2668 s-
2087 2616 2325 2668 ribantur
2357 2629 2451 2682 per
2477 2614 2705 2684 singula,
2749 2630 2848 2669 nec
2887 2617 3058 2685 ipsum
3087 2617 3316 2672 arbitror
3344 2631 3499 2670 mun-

1931 2707 2054 2759 dum
2085 2719 2273 2775 capere
2299 2719 2392 2758 cus
2417 2704 2504 2773 qui
2533 2706 2801 2759 scrLbendi
2823 2716 2944 2759 sunt
2967 2707 3145 2760 libros.

2450 2813 2672 2870 CAPUT
2710 2813 2985 2871 CLXXXI.

1937 2909 2184 2978 Discipuli
2225 2918 2396 2962 eun!es
2437 2911 2489 2962 in
2532 2909 2798 2962 Galiltmm
2836 2912 3061 2962 viderunt
3089 2921 3133 2964 et
3164 2913 3500 2968 adat-nuerunt

2007 2982 2296 3033 Dominum.
2333 2979 2398 3031 Et
2443 2989 2732 3047 assumptus
2759 2990 2830 3032 est
2858 2983 2909 3033 in
2937 2984 3113 3035 calum
3144 2999 3314 3036 coram
3335 2987 3427 3038 eis.

2007 3095 2216 3147 nuru.
2271 3109 2454 3158 xxviii,
2499 3092 2677 3148 16-20.
2731 3093 2987 3148 Undecim
3033 3103 3206 3150 autem
3256 3096 3499 3166 discipuli

287 3178 301 3193 '
327 3174 724 3240 prehenderunt.
767 3179 922 3234 Mane
953 3191 1124 3236 autem
1164 3181 1272 3250 jam
1309 3181 1466 3244 facto,
1497 3184 1642 3235 stetit
1677 3183 1829 3238 Jcsus
1869 3215 1897 3236 υ
1932 3184 2174 3237 abierunt
2219 3185 2267 3236 in
2315 3183 2610 3246 Galilrcatn,
2657 3184 2706 3235 in
2747 3193 2977 3238 montem
3019 3183 3106 3237 ubi
3153 3186 3503 3240 constituerat

289 3263 332 3316 in
361 3264 562 3321 littore:
593 3284 698 3321 non
733 3277 906 3323 tamen
935 3283 1292 3338 cognowrunl
1328 3272 1570 3341 discipuli
1598 3275 1716 3341 quia
1747 3273 1832 3328 Je-

292 3370 368 3410 sus
393 3369 484 3412 est.
529 3361 663 3415 Dicit
703 3377 830 3431 ergo
868 3362 943 3415 eis
987 3362 1139 3417 Jcsus
1170 3379 1184 3416 :
1227 3363 1402 3428 Pueri,
1449 3380 1495 3416 n-
1522 3364 1681 3433 uquid
1719 3364 1829 3432 pul-

297 3451 576 3506 mentarium
629 3452 868 3508 habetis?
915 3455 1318 3521 Responderunt
1361 3456 1408 3510 ei
1461 3473 1472 3507 :
1517 3456 1653 3511 Non.
1697 3457 1833 3509 Dixit

295 3541 494 3605 ergoeis
519 3543 713 3596 JeSns:
751 3545 941 3599 Mittite
983 3546 1032 3597 in
1072 3546 1342 3599 dexteram
1376 3547 1568 3615 uav'gii
1613 3558 1747 3610 rete,
1781 3555 1834 3600 et

299 3631 559 3687 invenietis.
585 3635 837 3689 Miscrunt
860 3650 1006 3705 ergo,
1029 3649 1074 3691 et
1103 3637 1214 3705 jam
1238 3654 1339 3691 non
1364 3642 1376 3660 '
1404 3637 1675 3690 valurrunt
1706 3637 1830 3690 illud

301 3721 480 3777 trahere
513 3739 541 3776 ει
577 3728 914 3780 multitudine
955 3727 1199 3794 piscium.
1231 3729 1362 3783 Dicit
1391 3746 1515 3798 ergo
1546 3729 1832 3797 discipulus

301 3811 372 3863 ille
395 3830 536 3882 quem
562 3817 813 3886 diligebat
839 3817 990 3872 Jesus
1018 3819 1173 3871 Petvo
1201 3838 1212 3870 :
1244 3820 1496 3873 Dominus
1519 3830 1616 3872 est.
1649 3819 1830 3873 S'mon

303 3900 458 3958 Pe!sz
478 3922 590 3960 cum
619 3910 853 3962 audisset
883 3910 1000 3974 quia
1047 3909 1297 3964 Dominus
1323 3920 1422 3973 est,
1455 3911 1680 3964 tunicam
1708 3927 1830 3965 suc-

303 3991 437 4048 cintit
459 4013 509 4050 se
535 3999 673 4062 (erat
710 3999 849 4052 enim
881 3999 1074 4068 nudus)
1105 4011 1158 4053 et
1199 4001 1339 4053 misit
1365 4016 1422 4054 se
1455 4003 1503 4054 in
1533 4015 1694 4054 mare.
1729 4000 1834 4054 Alii

304 4092 447 4138 autem
489 4087 728 4155 dischuli
777 4090 982 4156 navigio
1031 4100 1290 4144 venerunt
1330 4091 1456 4157 (non
1501 4091 1638 4144 enim
1681 4090 1835 4158 Iunge

306 4183 427 4226 erant
461 4191 487 4228 a
516 4187 674 4242 terra,
719 4179 810 4232 sed
842 4180 990 4247 quasi
1030 4179 1218 4233 cubitis
1248 4180 1532 4249 ducentis),
1567 4179 1835 4234 trahentes

305 4271 394 4316 rete
425 4267 649 4332 piscium.
688 4261 908 4335 Ut'ergo
937 4268 1325 4322 descendetunt
1354 4272 1404 4322 in
1447 4279 1662 4334 terram,
1693 4271 1836 4324 vide-

305 4361 403 4406 runt
439 4371 620 4424 prunas
656 4360 873 4424 positas,
903 4367 953 4412 et
985 4360 1182 4426 piscem
1223 4362 1632 4428 superpositum,
1665 4368 1717 4412 et
1746 4375 1837 4428 pa-

1934 3274 2039 3328 illis
2067 3273 2243 3326 .Icsus.
2291 3275 2358 3325 Et
2406 3272 2644 3326 videntes
2692 3287 2814 3326 eum
2865 3273 3216 3328 adoravcrunt
3244 3290 3259 3329 :
3289 3276 3501 3344 quidam

1932 3371 2106 3415 autem
2137 3361 2523 3415 dubitaverunt.
2556 3390 2625 3400 ——
2656 3361 2828 3416 Mssa.
2859 3378 2966 3427 xVI,
3005 3362 3180 3420 Η-ΞΟ.
3219 3365 3282 3417 Et
3307 3380 3502 3432 expro-

1935 3452 2104 3506 bravit
2156 3451 2582 3505 incredulitatem
2633 3451 2841 3504 illorum
2893 3460 2946 3505 et
2989 3453 3233 3506 duritiam
3271 3455 3499 3510 cordis:

1933 3541 2054 3610 quia
2087 3543 2168 3594 his
2198 3543 2286 3610 qui
2319 3542 2561 3596 viderant
2586 3556 2706 3596 cum
2740 3544 3094 3598 resurrexissc
3123 3544 3226 3598 n'on
3257 3547 3502 3600 credide-

1936 3643 2077 3687 rtmt.
2110 3634 2169 3685 Et
2203 3634 2410 3687 locutus
2435 3641 2518 3688 est
2546 3633 2622 3686 eis
2651 3614 2834 3686 dicens
2863 3650 2873 3684 :
2909 3633 3032 3686 Data
3062 3645 3141 3688 est
3173 3635 3298 3688 mihi
3331 3637 3504 3689 omnis

1936 3735 2167 3794 potestas
2198 3725 2247 3776 in
2274 3724 2409 3776 coelo
2440 3734 2490 3776 et
2521 3724 2570 3776 in
2606 3733 2764 3775 terra.
2796 3724 2994 3777 Euntcs
3020 3727 3070 3778 in
3101 3725 3351 3778 mundum
3386 3726 3505 3777 uni-

1936 3831 2171 3878 versum,
2200 3814 2485 3882 prted3cate
2534 3813 2876 3880 Evangelinm
2921 3815 3061 3867 omni
3094 3825 3373 3869 creatum-
3402 3816 3480 3866 Do

1936 3921 1976 3958 ci
2001 3914 2050 3958 te
2079 3919 2262 3956 omnes
2291 3911 2496 3971 gentes,
2529 3903 2858 3968 baptizantcs
2881 3917 2973 3956 eos
2998 3906 3046 3956 in
3071 3919 3282 3958 nomine
3309 3905 3504 3964 Patris.

1936 4007 1983 4049 et
2021 3994 2160 4056 Filii,
2197 4001 2248 4045 et
2275 3993 2502 4060 Spiritus
2533 3993 2698 4046 sancti
2731 3993 3016 4046 :docentes
3038 4009 3129 4047 eos
3157 4009 3370 4048 servare
3389 4011 3506 4047 om-

1940 4085 2023 4136 nia
2048 4099 2176 4151 quae:
2201 4097 2374 4150 utique
2401 4083 2644 4134 mandavi
2677 4082 2841 4135 vobis.
2873 4083 2934 4136 Et
2959 4098 3082 4136 ecce
3107 4100 3203 4153 ego
3233 4087 3504 4141 vobiscum

1937 4192 2050 4228 sum
2106 4176 2351 4226 omnbus
2401 4173 2609 4242 diebus,
2658 4189 2825 4243 usque
2872 4175 2936 4227 ad
2992 4181 3504 4234 consummationem

1939 4285 1964 4322 s
1983 4291 1992 4313 ο
2014 4270 2137 4321 euli.
2157 4268 2252 4333 Qui
2279 4268 2561 4321 crediderit
2585 4279 2634 4321 et
2661 4267 2953 4333 bap'izatus
2981 4269 3130 4321 fuerit
3162 4272 3338 4322 salvus
3362 4273 3460 4325 erit
3484 4293 3501 4326 :

1939 4361 2028 4430 qui
2055 4375 2181 4413 vero
2213 4375 2312 4411 nun
2341 4375 2413 4410 (Ἰί
2433 4359 2624 4412 ἀὶιΙειῖῑ
2652 4360 3111 4412 ροηέΙιΊηηέἱΙιίῐΙιΓ.
3143 4360 3298 4430 Signa
3331 4373 3506 4418 autem

299 4456 419 4498 nem.
446 4445 570 4500 Dicit
591 4449 669 4500 e's
697 4447 851 4500 Jcsus
881 4466 892 4499 :
928 4448 1126 4505 Aﬁer'e
1156 4448 1219 4500 de
1253 4448 1479 4516 piscibus
1505 4463 1637 4516 quos
1671 4453 1686 4471 ‘
1719 4465 1838 4516 pre-
1869 4456 1915 4515 ι)
1940 4467 2032 4506 eos
2067 4452 2151 4518 qui
2192 4449 2520 4503 ciedi-Eerint
2553 4450 2663 4503 haec
2705 4465 2850 4518 sequ.
2876 4461 3033 4503 n'ur:
3067 4451 3116 4503 in
3143 4452 3358 4506 nomine
3389 4468 3510 4505 meo

290 4532 521 4590 hendistis
549 4553 706 4591 nunc.
737 4540 982 4593 Ascendi;
1021 4540 1057 4595 S
1082 4555 1200 4592 mon
1233 4540 1437 4602 Petrus,
1461 4547 1513 4593 et
1543 4541 1695 4594 trait
1722 4549 1834 4594 rete

282 4625 326 4678 in
356 4639 562 4694 terram,
590 4631 800 4697 plenum
834 4631 1036 4699 magnis
1068 4631 1298 4699 piscibus
1327 4639 1536 4684 centum
1577 4631 1836 4699 quinqua-

273 4717 407 4780 ginta
449 4716 630 4769 tribus.
685 4719 745 4771 Et
788 4733 906 4772 Cum
953 4721 1082 4772 tanti
1123 4730 1322 4782 c:sent,
1370 4735 1470 4771 non
1501 4721 1722 4772 scissum
1757 4720 1836 4773 est

271 4814 398 4861 rete.
433 4806 566 4860 Dicit
593 4811 670 4865 eis
699 4809 854 4864 Jesus
883 4829 894 4861 :
931 4809 1134 4874 Venite,
1166 4803 1532 4880 prandetefEt
1561 4826 1717 4865 nemo
1745 4825 1837 4864 an-

265 4898 420 4954 debat
447 4901 889 4956 discumbentium
933 4902 1262 4974 interrogire
1303 4918 1422 4958 eum
1458 4903 1574 4956 :Tu
1603 4903 1716 4972 quis
1744 4903 1836 4958 es?

262 4991 489 5044 scientes
514 4993 633 5058 quia
666 4979 920 5046 Daminus
949 5003 1048 5046 cst.
1083 4993 1144 5046 Et
1183 4994 1324 5047 venit
1354 4993 1528 5058 Jesus,
1560 5002 1615 5047 et
1638 4993 1659 5014 ’
1685 5007 1836 5047 acce-

257 5087 328 5153 pit
361 5102 573 5154 panem,
602 5095 655 5138 et
685 5087 841 5139 dabat
867 5087 966 5150 eis,
995 5097 1047 5140 et
1073 5089 1266 5155 p’scem
1295 5086 1557 5140 similiter.
1592 5086 1700 5140 Hoc
1723 5086 1830 5154 jam

256 5175 813 5229 tertio—manifestatus
843 5188 924 5232 est
951 5177 1104 5232 Jesws
1136 5178 1407 5248 discipulis
1435 5177 1566 5243 suis,
1598 5193 1716 5231 cum
1747 5163 1832 5232 re-

251 5268 574 5320 surrexisset
601 5285 630 5320 a
664 5271 906 5320 mortuis.

783 5360 1007 5416 CAPUT
1047 5362 1303 5416 CLXXX.

555 5449 701 5503 Iesus
735 5464 806 5504 ,ἐν
834 5451 955 5505 dicit
989 5451 1142 5506 Petro
1173 5469 1190 5506 :
1222 5453 1404 5522 Diligis
1435 5455 1550 5508 me?

317 5537 476 5592 Joax.
512 5554 617 5602 ιιι,
649 5541 829 5595 Γοῑὶὸ.
869 5542 998 5616 Cum
1039 5560 1165 5612 ergo
1198 5544 1555 5612 prandissent,
1588 5543 1713 5598 dicit
1740 5542 1830 5599 Si-

244 5630 395 5685 luani
428 5629 588 5685 Petro
623 5629 775 5687 Jesns
809 5651 820 5683 :
855 5632 1034 5688 S’mon
1083 5634 1323 5702 Joannis,
1363 5634 1542 5706 diligis
1585 5650 1667 5688 tne
1715 5634 1830 5702 plus

1938 4541 2194 4593 dminonia
2223 4541 2454 4606 ejicient,
2485 4539 2674 4608 linguis
2715 4541 2996 4609 loquentur
3029 4541 3200 4606 nevis,
3231 4552 3507 4612 serpentes

1941 4633 2154 4696 tol'ent;
2189 4640 2242 4686 et
2279 4633 2322 4684 si
2369 4631 2698 4685 mortiferum
2729 4633 2850 4702 quid
2884 4633 3129 4696 hiberint,
3168 4650 3270 4687 non
3300 4637 3378 4688 eis
3416 4626 3508 4684 nul

1937 4725 2112 4785 cehit;
2153 4738 2312 4790 super
2344 4739 2512 4790 aegros
2553 4738 2742 4776 tnauns
2775 4724 3065 4790 imponent,
3104 4735 3152 4775 et
3183 4724 3316 4776 bene
3349 4725 3508 4774 habt--

1939 4813 2088 4866 bunt.
2131 4841 2196 4851 ——
2239 4811 2364 4866 Lt‘c.
2421 4828 2566 4872 χλιιι,
2617 4815 2797 4866 49-55.
2856 4811 2963 4865 Vos
3002 4823 3175 4865 autem
3231 4813 3412 4865 sedete
3456 4815 3506 4865 in

1938 4903 2168 4967 civitate,
2201 4903 2543 4972 quoadusque
2571 4902 2860 4954 induamini
2900 4903 3094 4954 virtute
3116 4916 3178 4954 ex
3213 4902 3338 4954 alto.
3369 4903 3507 4955 Edu-

1942 4994 2014 5046 xit
2041 5003 2214 5046 autem
2245 5008 2335 5046 eos
2368 4992 2506 5046 t‘nras
2539 4994 2587 5045 in
2620 4991 2924 5045 Bethaniam
2960 5007 2975 5044 :
3004 5000 3057 5044 et
3095 4990 3314 5044 elevatis
3342 4993 3513 5057 manis

1923 5084 2036 5153 ,bns
2063 5084 2174 5137 suis
2203 5083 2468 5136 benedixit
2499 5083 2595 5136 eis.
2629 5083 2690 5133 Et
2717 5080 2909 5134 factum
2943 5090 3022 5134 cst
3050 5081 3173 5133 dum
3221 5083 3507 5137 benedice-

1938 5182 2019 5227 ret
2051 5173 2178 5238 illis,
2217 5173 2437 5226 retessit
2479 5172 2545 5226 ab
2579 5172 2675 5234 eis,
2708 5183 2760 5224 ct
2803 5171 3070 5226 iere-batur
3109 5174 3158 5225 in
3187 5176 3378 5229 cadum
3409 5193 3420 5228 :
3455 5186 3508 5229 ct

1937 5262 2084 5316 sedet
2112 5277 2140 5314 a
2164 5262 2364 5314 dextris
2413 5262 2524 5313 Dei.
2570 5260 2630 5312 Et
2663 5260 2761 5328 ipsi
2792 5261 3077 5316 adorantes
3110 5265 3336 5332 regressi
3385 5274 3508 5316 sunt

1940 5356 1989 5408 in
2039 5352 2330 5408 Jerusalem
2355 5368 2474 5406 cum
2501 5353 2694 5423 gaudio
2719 5369 2906 5422 magno
2925 5372 2936 5406 :
2958 5366 3010 5407 et
3040 5370 3188 5408 erant
3216 5373 3426 5421 setttpt'r
3454 5357 3506 5426 in

1940 5445 2136 5512 templo
2169 5443 2440 5496 laudantes
2469 5451 2522 5495 ct
2549 5443 2919 5497 benedicrntcs
2948 5444 3134 5499 Detnn.
3192 5445 3249 5497 Et
3283 5446 3503 5512 proiecti

1941 5538 2356 5607 praedicaverunt
2383 5536 2598 5605 ubique,
2631 5536 2853 5590 Domino
2884 5545 3198 5603 Crmpe'rante
3222 5546 3272 5592 et
3302 5552 3504 5591 sermo-

1939 5645 2057 5686 nem
2089 5629 2464 5696 conﬁrtnante,
2493 5627 2833 5700 sequentibus
2863 5625 3044 5696 signis.
