3980 6196
517 360 624 413 255‘)
1133 355 1379 411 νιετυῐι
1418 357 1798 413 CAPUAXUS.
1846 360 1932 412 EX
1974 318 2240 415 (Ii-\TENA
2288 361 2349 414 IN
2388 355 2708 426 QUATUOI‘.
2754 354 3162 408 EVANCELH.
3664 350 3766 407 3.60

551 499 630 508 ε.-

1086 620 1229 719 Ex
1285 619 1722 689 CA'I‘ENA
1802 619 1917 690 IN
1991 572 2505 703 QUATUOR
2578 621 3200 711 EVANGELIA

1495 772 1531 811 Α
1576 770 1844 812 νιοτοκιε
1885 767 2174 812 CAPUANO
2206 768 2447 823 LATINE
2472 770 2795 839 [BEDDITAL

1915 896 2165 910 -

2207 898 2413 915 ἡ

671 1034 942 1083 νιοῑοιι
979 1035 1362 1083 ΕΡιςοοΡυε
1400 1035 1659 1082 εΑΡωε
1697 1034 1792 1080 EX
1828 1032 2325 1091 BESPONSIONE
2365 1032 2880 1081 CAPITULOBUM
2921 1032 3182 1081 SANCI‘I
3217 1006 3636 1083 POLYCABPI

1087 1125 1544 1174 SMYBNENSIS
1582 1124 1933 1188 EPISCOPI,
1972 1125 2330 1172 DISCIPUIJ
2366 1124 2668 1171 JOANNIS
2706 1125 3246 1183 EVANGELISTE.

1558 1269 1730 1329 DlVl
1767 1266 2211 1328 POLYCARPI
2258 1264 2750 1325 SMYRNENSIS

632 1412 936 1465 EPISCOPI,
976 1412 1055 1452 ET
1085 1409 1424 1464 MARTYRIS,
1460 1407 1647 1450 BEATI
1677 1406 1936 1450 JOANNIS
1986 1404 2431 1447 EVANGEIJSTB
2461 1404 2765 1456 QUONDAM
2803 1404 3145 1463 ωεοιρυιῐ,
3188 1408 3676 1455 κεδνοιηειθκωι

1955 1508 2366 1550 FRAGMENTA.

2025 1640 2334 1656 ψ

600 1768 876 1825 Mattlueus
900 1766 1177 1821 Dominum
1208 1763 1406 1818 dixisse
1436 1772 1660 1818 testatur
1707 1764 1860 1835 (Cap.
1887 1779 1997 1829 xtx,
2022 1765 2098 1833 5),
2134 1770 2183 1826 Α
2206 1764 2553 1837 ignorabant,
2596 1778 2624 1818 a
2656 1777 2813 1819 causa
2854 1771 3051 1820 nostra:
3089 1763 3471 1834 redemptionis
3500 1766 3783 1839 Evangelii

529 1862 670 1929 quod
704 1861 913 1929 Moyses
942 1857 1130 1913 scribit
1162 1857 1370 1926 (Cenes.
1405 1872 1470 1918 ll,
1502 1856 1620 1924 24),
1656 1856 1824 1909 Adam
1868 1857 2101 1910 locutum

531 1953 693 2005 fuisse
725 1950 827 2005 hoc
855 1949 1043 2002 modo:
1079 1948 1185 2000 Hoc
1206 1964 1340 1999 nunc
1369 1963 1422 2000 os
1449 1962 1509 2000 ex
1530 1946 1724 1999 ossibus
1746 1947 1887 2005 meis.
1919 1956 1963 1997 et
1988 1963 2105 1998 caro

531 2061 596 2098 ea:
624 2058 773 2096 carne
801 2058 909 2095 mea
942 2057 959 2094 :
988 2049 1194 2108 prapter
1221 2042 1314 2091 hoc
1351 2039 1601 2107 relinquet
1642 2038 1792 2090 homo
1831 2047 2025 2105 pa'rem
2058 2047 2107 2090 et

533 2147 763 2197 matrem,
790 2144 890 2187 etc.
917 2130 1021 2186 Sed
1044 2129 1371 2183 concordant
1393 2127 1602 2182 Domini
1623 2126 1785 2181 verba
1807 2141 1926 2181 cum
1942 2126 2105 2195 Moysi

534 2224 891 2288 sermonibus,
920 2222 1007 2287 qui
1034 2220 1201 2275 Adam
1237 2219 1478 2286 praebens
1502 2218 1735 2271 officium
1760 2217 2110 2285 inspiratione

533 2313 715 2367 divina
735 2312 1086 2381 praphetavit,
1120 2310 1232 2378 ipse
1256 2324 1287 2363 a
1304 2309 1486 2376 Moyse
1506 2308 1607 2363 hoc
1632 2308 1831 2362 dixisse
1860 2308 2106 2362 refertur.

541 2406 680 2458 Deus
708 2417 870 2469 vero,
900 2403 989 2471 qui
1021 2416 1115 2470 per
1149 2399 1551 2469 inspirationem
1589 2397 1822 2452 divinam
1862 2398 1913 2451 in
1951 2397 2113 2451 corde

537 2494 707 2548 Adam
732 2493 831 2547 ista
857 2493 1016 2546 verba
1042 2491 1311 2558 formavit,
1336 2490 1450 2557 ipse
1473 2486 1633 2542 Pater
1652 2503 1682 2541 a
1719 2487 1943 2541 Domino
1970 2497 2114 2540 recte

538 2584 746 2638 locutus
771 2584 933 2637 fuisse
959 2582 1209 2637 refertur.
1240 2581 1370 2635 Nam
1410 2588 1466 2634 et
1512 2580 1678 2633 Adam
1712 2580 1849 2633 hanc
1880 2579 2113 2647 prophe-

542 2677 667 2728 tiam
707 2674 969 2744 protulit:
1012 2685 1065 2727 et
1105 2672 1297 2739 Pater,
1334 2673 1422 2741 qui
1461 2685 1582 2725 eum
1622 2672 1925 2740 inspiravit,
1970 2679 2116 2725 recte

497 2812 503 2818 .
540 2768 733 2820 dicitur
763 2765 1066 2835 promlisse.

544 2904 670 2958 locu
694 2920 759 2956 an
772 2917 886 2955 nec
904 2898 1569 3021 VICRBACHRETI,hCaiicem
1586 2911 1762 2951 meum
1779 2895 1992 2961 bibetis,
2010 2905 2117 2952 etc.

1246 2979 1315 3021 uIl
1360 3009 1373 3021 .
1406 2985 1496 3021 xx.

1246 2979 1373 3022 uult.
1406 2985 1496 3021 xx.

622 3086 725 3138 Per
747 3083 1048 3151 huiusmodi
1079 3092 1278 3149 potum,
1304 3079 1565 3148 signiﬁcat
1589 3080 1910 3147 passionem.
1941 3078 2007 3132 Et
2032 3078 2121 3133 Ja-

2207 1855 2433 1920 sumpsit
2462 1854 2738 1909 exordium
2771 1871 2783 1905 :
2824 1870 2943 1924 quae
2970 1869 3131 1908 causa
3157 1869 3223 1908 ex
3250 1870 3317 1911 eo
3343 1866 3599 1923 apparet,
3626 1860 3782 1926 quod

2208 1945 2400 2000 Filium
2425 1961 2580 2000 suum
2604 1947 2744 2001 Deus
2771 1962 2866 2016 pro
2895 1957 3073 2002 nostra
3102 1950 3275 2002 salute
3298 1950 3465 2003 voluit
3492 1946 3785 2007 incarnari.

2209 2036 2383 2091 Lucas
2408 2051 2536 2093 vero
2563 2053 2593 2091 a
2636 2037 2907 2092 Zachariae
2933 2040 3234 2094 sacerdotio
3264 2040 3468 2108 incipit,
3500 2052 3559 2095 ut
3585 2042 3710 2111 ejus
3738 2044 3793 2098 li-

2212 2128 2271 2183 lii
2300 2129 2556 2185 miraculo
2587 2130 2901 2194 nativitatis,
2930 2140 2982 2186 et
3021 2132 3149 2186 tanti
3179 2132 3543 2200 pra-dicatoris
3569 2135 3787 2199 ofﬁcio.

2211 2220 2547 2275 divinitatem
2593 2221 2792 2276 Christi
2851 2222 3113 2277 Gentibus
3161 2223 3483 2278 declararet.
3528 2225 3681 2281 Unde
3739 2238 3794 2283 et

2214 2310 2420 2366 Marcus
2448 2312 2665 2381 antiqua
2696 2312 2995 2381 praphetici
3027 2314 3263 2384 mysterii
3298 2316 3657 2383 competentia
3696 2317 3793 2372 ad-

2214 2403 2397 2455 ventui
2427 2402 2624 2457 Christi
2656 2403 2894 2458 declarat
2919 2421 2931 2457 :
2966 2414 3023 2457 ut
3052 2419 3157 2458 non
3180 2419 3336 2471 nova,
3368 2406 3462 2460 sed
3491 2407 3792 2476 antiquitus

2214 2493 2426 2563 prolata
2472 2493 2588 2561 ejus
2643 2494 2948 2561 przedicatio
2993 2496 3331 2564 probaretur.
3378 2497 3485 2552 Aut
3537 2513 3632 2566 per
3690 2500 3792 2555 hoc

2216 2580 2561 2652 evangelistis
2597 2595 2740 2638 cura:
2778 2583 2899 2651 fuit,
2929 2598 2995 2639 eo
3021 2584 3095 2639 uti
3126 2587 3417 2655 procemio,
3445 2588 3588 2657 quod
3620 2604 3793 2643 unus-

2217 2675 2446 2743 quisque
2473 2673 2749 2743 judicabat
2794 2675 3126 2731 auditoribus
3165 2686 3439 2746 expetere.
3478 2678 3620 2733 Nihil
3644 2695 3795 2750 ergo

2219 2767 2545 2821 contrarium
2594 2769 2890 2837 reperitur,
2931 2769 3018 2823 ubi
3052 2769 3176 2825 licet
3201 2770 3427 2825 diversis
3451 2771 3690 2840 scriptis,
3724 2772 3792 2825 ad

2222 2857 2465 2911 eamdem
2494 2865 2671 2913 tamen
2695 2860 2922 2928 patriam
2949 2860 3276 2928 pervenitur.

2222 2986 2349 3043 lunt
2368 3004 2420 3045 IN
2441 3004 2597 3044 ILLUD
2619 3008 2630 3041 :
2655 2989 2990 3065 l‘ioliuvocare
3012 2992 3212 3065 amicos
3234 3002 3374 3061 tuos,
3403 2994 3495 3048 sed
3526 3009 3798 3065 pauperes

2578 3070 2633 3115 et
2661 3060 2883 3126 debiles,
2915 3072 3020 3118 etc.
3056 3063 3183 3117 Luc.
3213 3080 3319 3128 xtv,
3350 3060 3437 3118 l2.

548 3178 738 3229 cubum
763 3175 975 3243 quidem
1001 3173 1347 3225 novissimum
1368 3170 1622 3239 martyrio
1640 3170 2118 3224 consummandum
2152 3160 2199 3220 Β
2294 3171 2556 3241 Praecepit
2588 3188 2693 3226 non
2736 3173 2968 3238 amicos,
3009 3172 3104 3228 sed
3148 3174 3389 3230 inﬁrmos
3416 3190 3661 3245 quosque
3708 3194 3804 3228 vn.

550 3268 747 3334 (ilctor.
782 3281 882 3325 xu,
907 3263 995 3332 2),
1033 3264 1245 3316 fratrem
1280 3277 1405 3315 vero
1432 3263 1547 3328 ejus
1573 3261 1831 3315 Joannem
1871 3265 2124 3315 transitur-

551 3374 668 3410 rnnt
698 3345 898 3424 abs-quc
927 3357 1221 3424 martyrio;
1251 3353 1494 3423 quamvis
1535 3362 1587 3405 et
1616 3353 1932 3407 afﬂictiones
1962 3354 2126 3422 plu-i-

554 3464 696 3512 mas,
731 3458 784 3502 et
817 3447 1001 3499 exsilia
1033 3446 1275 3499 tolerarit
1302 3461 1316 3498 :
1360 3444 1452 3498 sed
1495 3453 1840 3512 prmparatam
1871 3448 2125 3513 martyrio

556 3552 788 3594 mentem
814 3539 1062 3592 Christus
1092 3547 1379 3605 martyrem
1397 3535 1669 3601 judicavit.
1692 3536 1819 3588 Nam
1841 3536 2125 3604 Apostolus

554 3633 773 3686 Paulus:
805 3630 1059 3696 Quotidie,
1096 3628 1286 3697 inquit,
1311 3629 1498 3680 morior
1522 3626 1573 3695 (1
1599 3628 1714 3680 Cor.
1743 3643 1831 3690 xv,
1855 3628 1977 3697 Si);
2001 3628 2124 3680 dum

554 3723 882 3792 impossibile
911 3723 978 3775 sit
999 3721 1235 3789 quotidie
1267 3702 1398 3773 mori
1427 3719 1691 3772 hominem
1722 3733 1782 3771 ea
1808 3728 1979 3771 morte
2025 3733 2125 3786 qna

557 3815 721 3869 semel
746 3815 850 3866 vita
878 3815 989 3867 lucc
1011 3812 1208 3866 finitur.
1229 3812 1333 3867 Sed
1360 3813 1609 3880 quoniam
1638 3826 1733 3880 pro
1758 3812 2038 3878 Evangelia
2061 3813 2125 3865 ad

556 3916 780 3958 mortem
801 3903 997 3974 jugiter
1020 3913 1133 3957 erat
1155 3912 1503 3971 praeparatus,
1545 3916 1603 3955 se
1626 3900 1756 3954 mori
1780 3901 2011 3969 quotidie
2030 3903 2128 3954 sub

557 4012 619 4049 ea
650 3997 1031 4065 signiﬁcatione
1058 4003 1278 4048 testatus
1299 4004 1396 4046 est.
1433 3992 1647 4060 Legitur
1677 3991 1765 4057 (1η
1796 3992 1969 4063 gestis)
1999 4002 2051 4045 et
2077 3996 2127 4046 in

557 4088 699 4139 dolio
724 4087 975 4141 ferventis
995 4087 1096 4140 olei
1122 4101 1217 4155 pro
1245 4087 1458 4138 nomine
1478 4084 1673 4138 Christi
1701 4085 1883 4136 beatus
1900 4084 2131 4137 Joannes

559 4176 720 4228 fuisse
745 4176 1041 4249 demersus.

688 4284 814 4336 locu
846 4300 911 4336 ne
942 4298 1106 4337 mmo
1133 4283 1417 4337 EVANGEUI
1447 4299 1718 4337 securium:
1748 4283 1996 4351 MABCUM.

632 4394 1042 4447 Rationabiliter
1062 4394 1406 4462 evangelista:
1429 4392 1706 4460 principiis
1730 4394 1956 4448 diversis
1978 4402 2134 4447 utun-

562 4494 677 4544 tur,
727 4481 970 4549 quamvis
1010 4497 1113 4534 una
1162 4482 1456 4549 eademque
1500 4482 1895 4545 evangelizandi
1942 4497 2125 4536 eorum

562 4573 814 4637 probetur
837 4572 1085 4623 intentio.
1106 4570 1383 4623 Matthmus
1405 4580 1462 4623 ttt
1491 4571 1724 4625 liebrmis
1752 4572 2013 4635 scribens,
2038 4589 2129 4640 ge-

564 4654 817 4727 nealogim
846 4659 1044 4713 Christi
1074 4660 1316 4714 ordinem
1348 4662 1536 4723 texuit,
1566 4672 1622 4713 ut
1643 4663 1951 4716 ostenderet
1979 4664 2045 4715 ab
2068 4678 2153 4735 ea,

561 4752 830 4805 Christum
863 4750 1209 4806 descendisse
1241 4753 1495 4821 progenie
1521 4751 1587 4804 de
1624 4768 1721 4820 qua
1751 4768 1871 4807 eum
1900 4756 2132 4809 nascitu-

562 4859 677 4895 rum
709 4842 942 4897 universi
969 4843 1242 4910 pr0pheta:
1263 4843 1589 4896 cecinerant.
1618 4845 1849 4898 Joannes
1867 4856 2043 4899 autem
2068 4846 2131 4899 ad

563 4936 827 5003 Ephesum
852 4934 1178 4999 constitutis,
1204 4934 1293 5004 qui
1318 4934 1488 5003 legem
1513 4944 1763 5002 tanquam
1787 4950 1851 4988 ex
1872 4936 2135 4992 Gentibus

636 5114 659 5141 ³
680 5106 802 5160 limc
819 5107 1295 5177 V'tctorCapuanus
1312 5106 1392 5161 vir
1419 5108 1604 5162 Griece
1634 5108 1886 5164 etLatine
1913 5109 2119 5174 doctus,

563 5177 703 5248 circa
741 5192 959 5248 annum
987 5181 1135 5230 hom.
1183 5180 1311 5239 480,
1358 5194 1421 5229 ex
1462 5180 1649 5231 Grmco
1701 5182 2123 5248 Ilrsponsinnum

562 5246 914 5317 capitulorum
950 5247 1004 5297 li.
1033 5249 1329 5317 l’olycarpi,
1360 5263 1515 5316 quem
1549 5257 1731 5301 nactus
1752 5246 1885 5310 erat,
1916 5253 2124 5313 codice,

564 5330 594 5363 a
625 5329 681 5363 se
712 5312 895 5365 Latina
938 5317 1070 5367 faeta
1112 5312 1421 5370 recensuit-2
1462 5329 1515 5371 et
1558 5321 1606 5369 in
1655 5334 1811 5384 supra
1859 5323 2127 5374 nominata

560 5386 762 5436 Catella
796 5386 1168 5452 Inannscripta.
1197 5403 1354 5453 quam
1386 5402 1549 5455 penes
1580 5402 1663 5440 tne
1684 5391 1875 5456 habeo,
1903 5400 1977 5454 et,
2008 5407 2129 5445 cuin

2226 3263 2425 3317 candos
2458 3264 2522 3316 ad
2553 3264 2853 3332 prandium.
2894 3265 3043 3330 Quod
3076 3267 3120 3320 si
3151 3267 3404 3332 claudus,
3448 3277 3542 3322 aut
3569 3269 3809 3338 quilibet

2227 3370 2411 3409 eorum
2428 3354 2730 3419 sitamicus,
2750 3354 2864 3408 sine
2885 3354 3043 3409 dubio
3063 3356 3184 3409 talis
3208 3370 3303 3424 pro
3324 3357 3552 3409 amicitia
3579 3359 3811 3412 minium

2227 3453 2309 3498 est
2336 3444 2602 3513 rogandus
2628 3461 2641 3496 :
2669 3443 2810 3497 unde
2835 3446 2948 3512 ipsa
2972 3445 3126 3511 quasi
3144 3446 3387 3500 videntur
3405 3461 3464 3499 se
3482 3447 3811 3516 impugnare

2229 3533 2494 3586 mandata.
2523 3533 2653 3586 Nam
2686 3535 2729 3587 si
2758 3548 2863 3587 non
2890 3534 3070 3599 amici,
3098 3534 3193 3588 sed
3219 3535 3393 3590 claudi
3422 3546 3477 3589 et
3504 3539 3632 3591 caeci
3679 3553 3815 3593 sunt

2230 3625 2516 3690 invitandi,
2558 3626 2810 3694 ipsosque
2841 3640 3053 3694 quoque
3091 3625 3293 3681 amicos
3337 3640 3459 3681 esse
3499 3628 3809 3698 cautingai,

2230 3730 2562 3785 nequaquam
2594 3730 2785 3783 rogare
2811 3715 3097 3770 debemus.
3129 3716 3232 3771 Sed
3262 3717 3465 3771 amicos
3490 3759 3503 3782 ,
3542 3719 3813 3784 arbitror,

2230 3807 2452 3874 intelligi
2472 3807 2570 3859 hoc
2586 3807 2704 3860 loco
2732 3806 2989 3861 debemus
3008 3808 3147 3871 illus,
3170 3823 3306 3878 quos
3323 3823 3418 3875 pro
3436 3811 3619 3864 mundi
3643 3812 3816 3880 hujus

2232 3905 2439 3951 terrena
2489 3898 2916 3952 consideratione
2965 3899 3261 3969 diligimus.
3309 3915 3414 3953 non
3465 3916 3563 3969 pro
3605 3903 3820 3957 divinm

2231 3986 2694 4054 contemplationis
2742 3987 2957 4042 intuitu.
2993 3987 3202 4039 Hisunt
3243 3988 3401 4056 igifur
3439 3990 3596 4043 amici
3640 3992 3817 4046 relin-

2233 4077 2446 4144 quendi.
2481 4077 2745 4145 Denique,
2780 4078 2901 4133 ideo
2926 4078 3181 4132 debilium
3217 4080 3461 4149 exempla
3492 4083 3820 4148 proposuit.

2233 4182 2365 4237 quos
2397 4182 2493 4236 pro
2529 4167 2725 4220 nullius
2753 4181 3034 4235 possumus
3063 4175 3317 4236 appetere
3360 4170 3684 4225 necessitate
3719 4186 3823 4226 ne-

2234 4262 2383 4330 gmii,
2415 4261 2513 4313 nisi
2544 4268 2745 4314 tantum
2770 4274 2869 4349 pro
2892 4261 3063 4315 fructu
3093 4261 3460 4316 retributionis
3488 4271 3742 4317 aeternas.

2240 4389 2363 4443 Inest
2395 4406 2445 4443 IN
2468 4405 2623 4444 tLLUD
2649 4406 2659 4443 :
2694 4390 2838 4456 Opus
2864 4392 3246 4454 consummavi,
3277 4391 3414 4458 quod
3442 4392 3640 4448 dedisti
3671 4396 3822 4449 mihi

2678 4470 2733 4512 ut
2755 4461 2959 4513 faciant.
2984 4460 3141 4513 Joan.
3173 4477 3299 4526 xv",
3324 4463 3376 4515 ι.

2308 4571 2585 4636 Quomodo
2605 4586 2739 4639 opus
2755 4572 2940 4625 sa‘utis
2964 4570 3211 4624 humana:
3232 4571 3553 4661 adimplqsse
3574 4587 3839 4629 comme-

2239 4670 2429 4724 morat,
2475 4676 2594 4715 cum
2630 4662 2852 4715 necdum
2898 4664 3075 4715 crucis
3104 4662 3353 4715 vexillum
3385 4665 3843 4720 conscenderat?

2238 4752 2338 4807 Sed
2370 4751 2677 4805 definitione
2708 4750 3011 4813 volunta'is,
3046 4740 3115 4803 de
3153 4764 3252 4818 qua
3278 4758 3467 4826 cuncta
3490 4756 3840 4813 vent-randi:

2244 4844 2503 4911 passionis
2529 4843 2750 4911 insignia
2776 4842 2926 4896 adire
2954 4842 3287 4906 decreverat,
3307 4842 3426 4910 jure
3443 4855 3502 4895 se
3526 4859 3661 4911 opus
3691 4859 3845 4912 per-

2200 4946 2201 4949 ‘
2243 4932 2432 4987 fecisse
2459 4934 2743 5002 significat,
2770 4944 2874 4986 etc.
2906 4941 2952 4986 η.

2229 5126 2322 5180 per
2369 5114 2728 5181 typographns
2779 5114 2993 5175 licebit,
3060 5112 3311 5166 studiosis
3352 5116 3795 5167 communicabo
3834 5159 3854 5181 ,

2229 5184 2456 5235 citantur
2490 5198 2503 5233 :
2538 5199 2655 5248 qua:
2704 5187 2753 5237 in
2785 5185 2923 5236 hunc
2952 5185 3125 5236 locum
3162 5198 3395 5236 tnsiirere
3430 5193 3591 5253 atque
3631 5188 3849 5252 publi-

2231 5266 2354 5328 care
2402 5254 2569 5304 visum
2595 5255 2920 5328 -est,_qnud
2975 5256 3227 5305 hactenus
3274 5254 3508 5307 nondum
3559 5255 3853 5328 evulgata

2235 5324 2395 5374 fuisse
2426 5323 2683 5375 noverint.
2720 5323 3145 5375 FEUARDEN’TIUS.
