3968 6166
253 182 348 237 565
1521 173 1542 177 '
1670 181 1799 238 OPU

1910 182 2023 237 ΗΑΛ
3375 173 3477 224 3ῗὸ

253 294 480 349 eumdem
515 292 842 347 Francorum
874 292 1209 349 Anmlistam
1241 294 1307 347 de
1337 292 1481 348 hisce
1502 293 1691 348 litteris
1719 294 1808 348 Ni-
1836 298 1887 355 Α
1912 270 2185 362 imperator
2218 292 2464 348 venerari
2492 294 2776 355 cubuisset,
2811 293 2874 347 ad
2904 292 3079 348 caules
3106 333 3117 354 ,
3148 290 3210 344 ad
3241 289 3478 344 diversas
3562 338 3569 341 _

251 386 368 440 cetii
393 384 464 438 sic
489 383 792 451 loquentem
820 383 1120 438 inducimus
1144 384 1218 454 (a)
1240 396 1263 437 ':
1292 383 1582 454 Egregiam,
1609 384 1801 455 inquit,
1911 398 2096 438 cruces
2121 386 2300 438 missos
2327 384 2562 437 asseruit.
2596 383 2789 437 Deinde
2819 383 3032 447 subiecit
3065 399 3215 452 quam
3246 381 3477 434 odiosum

252 477 439 529 laudem
483 485 701 530 meretur
748 474 982 529 Nicetius
1020 476 1330 532 Trevirensis
1354 477 1652 548 episcopus;
1692 479 1799 545 qui,
1909 484 2035 527 esset
2078 473 2221 527 illius
2259 491 2437 528 nomen
2480 475 2619 540 apud
2671 489 2844 527 omnes
2892 472 3079 538 Italos,
3123 473 3263 539 apud
3304 474 3479 540 Afros,

248 566 360 618 licet
396 564 582 632 positus
606 575 736 619 esset
765 566 818 618 in
859 565 1053 619 ultimis
1083 567 1315 635 partibus
1359 569 1682 634 Occidentis,
1720 570 1808 623 ubi
1910 564 2052 630 apud
2098 563 2378 633 Hispanos,
2428 564 2567 633 apud
2595 562 2790 624 Gallos,
2842 578 2875 613 a
2901 561 3082 628 quibus
3135 562 3196 615 ob
3250 562 3480 616 haeresim

251 656 413 709 uultus
438 671 626 710 veneno
651 655 878 712 Nestor-ii
907 658 987 711 uel
1006 657 1304 730 Eutychetis
1329 662 1670 727 inﬁciebatur,
1702 671 1801 718 sta-

1919 654 2464 707 anathematizabatur.
2507 655 2630 708 "me
2664 654 2721 707 V.
2756 653 2816 708 C.

251 748 334 799 tim
360 762 419 798 ac
440 746 629 799 audivit
677 745 899 801 Orientis
929 748 1283 816 imperatorem
1341 752 1508 819 pravis
1545 754 1808 807 adhwrere
1986 760 2137 826 Quod
2160 764 2420 832 reliquum
2441 772 2545 830 est,
2571 764 2823 818 lectorem
2853 762 3179 817 admonitum
3208 762 3481 827 volumus;

246 834 549 904 dogmatibus
587 850 699 901 quia
741 835 1140 905 diuulgabantur
1174 854 1207 892 a
1236 839 1417 893 talium
1456 840 1811 898 Itatreticorum
1917 860 2065 935 extra
2095 853 2334 908 ordinem
2365 864 2662 924 temporum
2692 866 2852 925 atque
2890 854 2955 909 ad
3002 854 3158 923 hujus
3198 853 3487 908 voluminis

246 925 462 992 assulis,
490 936 627 990 mox,
655 934 709 979 ut
733 927 1073 995 resipiscerel.
1106 945 1195 997 per
1215 927 1413 984 litteras
1429 933 1646 985 monui!-
1674 932 1811 987 Usus
1919 925 2117 996 calcem
2144 958 2338 999 excusa
2368 946 2530 1000 fuisse
2565 945 2753 1000 Nicetii
2780 944 3069 1013 opuscula;
3112 943 3251 1013 quod
3281 943 3490 999 scilicet

243 1023 310 1067 est
337 1014 441 1067 acri
467 1015 617 1084 stula,
647 1030 762 1084 qua?
781 1015 876 1068 sibi
903 1026 1114 1071 narrata
1139 1019 1347 1085 fuerunt
1387 1035 1489 1073 non
1515 1020 1811 1075 dissimula-
1921 1031 2074 1085 nobis
2098 1034 2420 1103 exciderint,
2453 1035 2577 1090 dum
2609 1036 2728 1089 aliis
2763 1035 2952 1090 intenti
3000 1035 3203 1103 reliqua
3252 1050 3485 1113 sequen-

242 1104 326 1168 cit,
370 1104 473 1157 imo
512 1105 663 1173 plura
701 1106 1038 1175 gravioraque
1061 1150 1077 1173 ,
1110 1123 1263 1177 quam
1301 1110 1471 1163 cceteri
1513 1112 1803 1177 scriptores,

241 1195 481 1264 congessit
514 1196 933 1266 eaprobranitque
976 1200 1239 1258 crimina:
1277 1216 1395 1253 nam
1445 1199 1627 1257 Patres
1677 1219 1805 1273 quos

311 1327 386 1398 (a)
426 1325 604 1383 Coint.
632 1329 699 1383 ad
729 1344 854 1386 ann.
880 1328 1005 1396 566,
1037 1330 1064 1402 ᾗ
1102 1332 1199 1397 59,
1233 1331 1271 1385 1.
1303 1347 1377 1399 c.,
1414 1336 1656 1403 pag—83.

1914 1120 2045 1175 tium
2069 1122 2389 1193 scriptorum
2414 1137 2754 1182 monumenta
2784 1127 2922 1197 typis
2946 1125 3303 1196 eonsignanda
3329 1142 3488 1196 para-

1909 1209 2115 1265 bamus.

1200 1646 1761 1753 SANCTT
1890 1655 2496 1761 ΝΙΟΕΊΊΙ

1512 1885 2219 1993 OPUSGULA.

1343 2146 1887 2214 OPUSCULUM
1949 2156 2328 2221 PRIMUM.

1414 2270 1500 2329 De
1548 2273 1795 2361 i’igiliis
1822 2294 2138 2340 servorum
2177 2282 2308 2347 Dei.

748 2408 971 2465 CAPUT
1000 2408 1281 2465 PRIMUM.

297 2500 439 2557 Bona
459 2509 486 2538 ι
505 2509 559 2556 et
585 2499 742 2571 digna
763 2511 815 2554 et
844 2509 1024 2555 sancta
1056 2515 1158 2560 res,
1178 2511 1229 2555 et
1252 2510 1369 2568 apta
1399 2515 1618 2570 prorsus
1643 2505 1800 2558 satis-

233 2605 329 2660 que
355 2591 690 2646 conveuiens
730 2589 797 2644 de
824 2590 1022 2643 sancris
1078 2576 1270 2660 vigiliis
1316 2606 1454 2649 nunc
1500 2592 1695 2659 dicere,
1749 2603 1805 2651 et

231 2680 468 2735 Conferre
503 2694 828 2744 sermonem,
880 2678 1090 2747 quando
1118 2679 1230 2747 ipsa
1274 2680 1570 2736 lucubratio
1601 2686 1801 2751 geritur

232 2785 259 2821 a
285 2770 528 2825 sollicitis
554 2779 607 2824 et
638 2769 901 2839 religiosis
937 2787 949 2820 :
979 2784 1079 2822 uox
1111 2783 1249 2823 caeca
1282 2779 1387 2832 est,
1416 2779 1470 2824 et
1499 2774 1851 2833 necessaria,

231 2860 391 2928 caligo
437 2859 778 2927 corporibus,
835 2872 955 2928 qua:
1008 2874 1114 2912 non
1164 2857 1332 2913 solum
1388 2860 1651 2931 homines,
1706 2866 1800 2919 sed

229 2950 380 3002 etiam
410 2948 469 3003 in
503 2963 693 3003 somno
716 2949 914 3003 detinet
936 2948 1254 3016 animantes,
1286 2958 1363 3013 ut,
1389 2953 1647 3019 reparatis
1671 2952 1697 2992 δ
1725 2955 1803 3008 vi-

232 3040 371 3094 ribus
390 3055 493 3109 per
515 3054 782 3107 superem,
810 3040 1015 3110 possint
1040 3039 1263 3095 diurnos
1295 3042 1501 3097 labores
1532 3048 1801 3101 sustinere

229 3131 527 3200 vigilantes.
558 3131 733 3185 Bonus
766 3130 926 3196 Deus,
959 3131 1045 3200 qui
1071 3132 1140 3185 ita
1174 3134 1463 3201 prospexit,
1500 3135 1568 3188 ita
1597 3138 1799 3191 consti-

231 3222 345 3286 tuit,
374 3233 434 3277 ut
459 3223 627 3277 homo
645 3223 888 3277 exiturus
910 3222 976 3277 ad
1006 3236 1140 3292 opus
1161 3237 1313 3278 suum
1345 3233 1400 3278 et
1437 3225 1503 3279 ad
1529 3228 1798 3295 operatio-

226 3325 340 3366 nem
357 3327 515 3366 suam
552 3326 724 3380 usque
754 3311 818 3364 ad
854 3326 1132 3373 vesperam
1160 3312 1333 3381 (Psal.
1362 3313 1611 3383 cut,25),
1639 3312 1801 3368 habe-

228 3411 304 3457 ret
338 3405 604 3459 vit-arium
647 3416 881 3475 tempus,
927 3406 980 3459 in
1013 3417 1123 3473 quo
1169 3420 1198 3459 a
1233 3406 1510 3461 laboribus
1550 3404 1703 3461 duris
1744 3411 1799 3461 et

224 3495 386 3549 multa
429 3496 753 3566 fatigatione
782 3497 1166 3565 requiesceret.
1206 3495 1351 3563 Ergo
1379 3499 1523 3551 diem
1565 3499 1625 3552 ad
1660 3514 1799 3568 opus

232 3593 431 3639 noctem
464 3583 594 3638 fecit
619 3584 686 3639 ad
716 3584 951 3654 requiem
977 3600 992 3652 ;
1023 3592 1077 3642 et
1104 3599 1205 3655 pro
1230 3586 1357 3652 hoc,
1389 3588 1530 3643 sicut
1562 3604 1656 3658 pro
1683 3605 1799 3646 om-

230 3670 396 3741 nibus,
426 3674 631 3744 gratias
656 3672 912 3730 debemus
933 3688 1091 3744 agere
1116 3675 1193 3729 illi
1219 3676 1307 3746 qui
1338 3678 1586 3745 prmstitit
1620 3690 1665 3732 ο.
1695 3680 1799 3735 Νο-

1840 2420 1887 2477 Β
1914 2431 1944 2470 a
1976 2420 2082 2476 [ide
2112 2423 2372 2478 catholica
2400 2437 2452 2479 et
2483 2426 2736 2496 religione
2767 2430 2924 2485 alieni
2956 2443 3098 2487 sunt.
3133 2434 3235 2489 Sed
3270 2454 3372 2493 non
3402 2453 3488 2499 est

1912 2513 2120 2568 mirum.
2159 2515 2437 2582 Quomodo
2464 2520 2603 2573 enim
2638 2522 2813 2593 impiis
2857 2533 2911 2579 et
2960 2528 3195 2594 profanis
3237 2533 3484 2602 religiosa

1909 2600 2119 2667 placere
2160 2608 2415 2672 possunt?
2441 2608 2645 2676 Quibus
2671 2613 2714 2666 si
2744 2616 3034 2683 placerent,
3084 2624 3251 2676 nostri
3278 2600 3480 2691 essent,

1906 2694 2046 2761 quod
2074 2708 2260 2751 sumus
2288 2695 2306 2733 ί
2342 2699 2522 2768 utique
2549 2700 2867 2759 Christiani.
2895 2706 2951 2762 Si
2990 2722 3120 2765 vero
3161 2714 3327 2765 nostri
3358 2724 3482 2769 sunt

1906 2798 2039 2851 quos
2070 2785 2366 2855 vigiliarum
2394 2800 2695 2847 sanctarum
2738 2795 2980 2851 salutifer
3029 2810 3179 2855 actus
3221 2802 3478 2870 oil‘eudit,

1907 2884 1962 2930 ut
1985 2876 2114 2931 nihil
2138 2878 2202 2934 de
2226 2880 2308 2934 his
2338 2881 2573 2938 deterius
2618 2890 2881 2956 suspicer,
2906 2901 2997 2946 aut
3043 2894 3173 2962 pigri
3218 2905 3361 2961 sunt,
3387 2908 3481 2951 aut

1906 2970 2269 3037 somniculosi,
2294 2984 2386 3028 aut
2405 2989 2562 3030 senes
2583 2989 2724 3043 sunt,
2748 2989 2839 3032 aut
2864 2982 3080 3037 inﬁrmi.
3106 2985 3159 3038 Si
3183 2985 3312 3054 pigri
3336 2996 3481 3049 sunt,

1906 3060 2252 3126 erubescant;
2278 3062 2399 3132 quia
2427 3065 2530 3118 illis
2548 3068 2796 3121 insouaut
2822 3068 3105 3125 Proverbia
3133 3073 3438 3130 Salomonis
3465 3095 3479 3130 :

1916 3148 2059 3211 Vade
2104 3152 2174 3204 ad
2220 3155 2504 3220 formicam,
2560 3174 2589 3209 ο
2623 3159 2765 3226 p'ger
2788 3176 2809 3225 ;
2855 3170 2901 3214 et
2947 3163 3193 3217 tumulare
3238 3167 3343 3221 vius
3372 3172 3483 3239 ejus

1908 3236 2093 3309 (Prov.
2125 3255 2196 3306 vt,
2246 3242 2326 3310 6).
2359 3242 2415 3297 Si
2466 3246 2810 3302 somniculosi
2842 3259 2985 3316 sunt,
3019 3236 3480 3323 expergiscantur,

1908 3328 2182 3399 Scriptura
2235 3335 2634 3399 proclamante:
2671 3337 2715 3390 0
2755 3340 2919 3411 piger,
2957 3358 3215 3413 quousque
3241 3346 3483 3401 dormis?

1911 3419 2128 3485 Quando
2182 3431 2349 3475 autem
2381 3424 2444 3478 de
2494 3441 2670 3480 somno
2706 3429 2912 3499 surgis?
2966 3430 3227 3487 Modicum
3279 3438 3482 3506 quidem

1906 3512 2118 3580 dormis,
2146 3514 2399 3567 modicum
2416 3516 2582 3581 sedes,
2608 3520 2863 3572 modicum
2885 3533 3056 3576 autem
3083 3523 3349 3592 dormitas,
3384 3544 3484 3597 pu-

1906 3608 2076 3660 sillum
2106 3617 2274 3663 autem
2318 3613 2551 3673 manibus
2579 3615 2896 3687 amplecteris
2925 3628 3118 3689 pectus.
3155 3621 3367 3688 Deinde,
3395 3640 3485 3679 su-

1907 3700 2156 3766 perveniet
2191 3701 2282 3754 tibi
2322 3712 2566 3770 tanquam
2593 3705 2755 3760 uiator
2793 3721 3088 3777 paupertas,
3117 3713 3287 3781 inapia
3307 3725 3478 3769 autem

229 3767 395 3872 vimus
421 3774 605 3823 autem
630 3769 1223 3872 τιξιξιξοξιιοςπξῑηυηιοιξιι
1242 3780 1341 3872 ,θυι
1367 3771 1659 3872 maioribus
1687 3777 1798 3872 suis
1827 3796 1873 3857 ε
1906 3792 2036 3845 sicut
2068 3793 2226 3846 bonus
2256 3767 2434 3848 cursor
2455 3794 2643 3866 (Ibid.,
2672 3767 2851 3868 941').
2878 3767 2933 3854 si
2955 3767 3129 3856 autem
3153 3767 3308 3859 senes
3330 3767 3479 3872 sunt,

231 3857 492 3925 placeant,
526 3868 617 3913 aut
644 3858 747 3914 sibi
774 3860 970 3929 aliquid
1003 3860 1341 3929 peculiariter
1370 3864 1597 3932 prosint,
1629 3866 1802 3920 noctis

230 3936 540 4016 particulam
570 3949 634 4005 ad
664 3949 878 4021 aliquod
926 3952 1240 4021 opusculum
1294 3967 1597 4024 segregare,
1646 3967 1701 4010 et
1746 3957 1798 4011 id

230 4053 319 4106 pro
342 4042 498 4096 lucro
524 4041 743 4108 ducere,
766 4041 906 4114 quod
936 4041 1094 4098 furati
1124 4044 1192 4100 de
1220 4059 1414 4114 sopore
1435 4060 1555 4111 suo,
1585 4050 1798 4116 operari

231 4139 516 4197 potuerunt
541 4130 592 4187 ἀ.
631 4133 785 4200 Quod
813 4134 858 4189 si
907 4134 959 4188 in
989 4135 1293 4191 carnalibus
1322 4134 1716 4205 instrumentis,
1748 4140 1799 4193 id

229 4231 330 4288 est,
388 4224 555 4280 victui
602 4238 664 4280 ae
711 4225 920 4280 vestitui
952 4228 1290 4294 necessariis,
1332 4227 1422 4297 qui
1451 4228 1668 4298 vigilant
1696 4245 1800 4284 non

227 4314 715 4383 reprehenduntur,
748 4317 856 4373 imo
902 4318 1227 4382 laudantur;
1258 4327 1457 4388 quanto
1504 4321 1674 4392 magis
1703 4337 1801 4378 nos

227 4419 403 4463 sacras
432 4409 665 4478 vigilias,
699 4421 807 4465 tam
836 4412 1097 4480 Spirituali
1129 4426 1292 4482 opere
1339 4413 1655 4479 fructuosas,
1680 4432 1800 4471 ora-

226 4494 458 4552 tionibus
505 4498 729 4564 sciliect,
762 4501 994 4570 hymnis,
1027 4501 1349 4556 lectionibus
1379 4503 1652 4570 fecundas,
1703 4506 1798 4561 ob-

226 4597 442 4641 servare
468 4596 523 4640 et
548 4603 724 4642 amare
744 4590 1024 4657 debemus,
1064 4601 1121 4645 ut
1148 4606 1175 4644 a
1208 4591 1429 4647 Domino
1453 4592 1562 4648 Deo
1589 4608 1798 4649 mercc-

224 4674 342 4731 dem
370 4679 693 4747 recipiamus
716 4679 740 4703 ⁸
764 4682 788 4733 ?

842 4771 1069 4827 CAPUT
1110 4772 1168 4827 ll.

289 4877 553 4951 Equidem
581 4894 704 4938 sunt
736 4884 981 4940 homines
1010 4887 1096 4955 qui
1132 4888 1227 4941 ista
1260 4888 1677 4956 reprehendunt,
1707 4892 1799 4945 sed

1906 3883 2028 3950 quis
2068 3898 2162 3939 eos
2207 3885 2480 3954 compellit
2531 3895 2588 3941 ut
2635 3888 2886 3958 vigilent?
2916 3902 3321 3971 quanquam_et
3369 3911 3487 3955 non

1909 3973 2169 4043 compulsi
2210 3976 2429 4044 vigilare
2458 3977 2651 4032 debent
2678 3993 2775 4047 pro
2815 3980 2926 4049 ipsa
2958 3991 3114 4036 aetate
3140 3997 3256 4050 sua,
3288 3993 3341 4039 et
3372 3984 3478 4037 Do-

1910 4067 2110 4125 minum
2137 4068 2303 4123 Deum
2329 4070 2614 4125 instantius
2633 4086 2810 4126 orare.
2841 4074 3066 4144 Vigilare
3086 4075 3262 4147 itaque
3283 4078 3483 4134 debent

1910 4156 2181 4224 sedentes,
2202 4159 2247 4213 si
2274 4166 2418 4213 stare
2439 4175 2542 4213 non
2571 4161 2883 4230 prmvalcut.
2908 4163 2962 4217 Si
2989 4178 3113 4219 vero
3144 4166 3335 4221 inﬁrmi
3357 4177 3485 4223 sunt

1911 4249 2186 4316 membris,
2221 4245 2360 4320 quod
2391 4252 2491 4319 ipsi
2540 4251 2716 4307 facere
2748 4268 2853 4309 non
2882 4264 3126 4324 possunt,
3160 4273 3264 4312 non
3300 4272 3485 4327 repre-

1909 4339 2143 4392 hendant
2174 4356 2185 4391 :
2222 4340 2331 4399 imo
2357 4342 2652 4397 secundum
2684 4345 3007 4414 prephetam
3027 4348 3203 4418 rigent
3226 4350 3478 4420 laerymis

1906 4424 2129 4484 stratum
2187 4447 2363 4497 suum,
2396 4440 2450 4486 et
2504 4432 2685 4489 dicant
2721 4453 2733 4487 :
2769 4434 2859 4491 Sic
2887 4453 3077 4492 memor
3103 4440 3179 4509 fui
3225 4443 3300 4494 tui
3328 4460 3481 4512 super

1904 4532 2120 4577 stratum
2142 4538 2308 4577 meum
2331 4521 2503 4591 (Psal.
2533 4541 2637 4583 an
2662 4564 2677 4589 ,
2704 4527 2781 4595 7).
2806 4527 3187 4586 Commendeut
3218 4535 3376 4587 etiam
3402 4536 3482 4588 vi-

1905 4612 2209 4682 gilantibus,
2234 4624 2289 4667 ut
2311 4629 2403 4668 eos
2438 4618 2546 4669 suis
2577 4618 2828 4685 precibus
2855 4619 3127 4690 adjuvent,
3158 4624 3296 4690 quod
3327 4624 3482 4692 adju-

1908 4704 1949 4757 ιῐ
1976 4720 2006 4757 a
2030 4704 2257 4760 Domino
2283 4719 2444 4775 super
2472 4706 2666 4762 lectum
2696 4709 2898 4764 doloris
2927 4711 3011 4765 sui
3034 4715 3507 4793 eanerequandui

1906 4814 2008 4867 quc
2036 4806 2360 4865 mereantur,
2392 4799 2627 4856 dicentes
2660 4820 2673 4855 :
2708 4801 2774 4855 In
2804 4805 3063 4857 matutinis
3102 4807 3381 4860 meditabor
3421 4810 3474 4863 in

1910 4900 1974 4953 te,
2002 4889 2237 4955 Domine,
2261 4893 2379 4961 quia
2420 4897 2589 4963 factus
2618 4911 2670 4948 es
2692 4895 2901 4965 adjutor
2928 4912 3067 4955 meus
3099 4896 3304 4969 (Ibid).
3330 4901 3476 4957 Alio-

286 5018 313 5101 :
350 5010 669 5101 Exstatho‘c’
692 5014 1003 5101 opusculum
1028 5013 1166 5101 inter
1195 5016 1437 5101 opera/SA.
1474 5019 1800 5101 iljeronymo
1829 5026 1879 5087 ι)
1904 5020 2124 5101 gilanter
2164 5031 2379 5101 exercet.
2411 5024 2624 5101 Addidit
2652 5024 2826 5089 etiam,
2856 5026 2991 5091 quod
3018 5043 3081 5080 ea:
3110 5031 3203 5101 Itoc
3227 5032 3341 5101 laus
3370 5034 3478 5088 uiro

221 5080 607 5153 tributaLedit.
633 5080 857 5137 Vallars.
890 5092 1018 5137 tom.
1046 5084 1134 5145 ΧΙ,
1169 5080 1285 5153 pag.
1328 5087 1454 5140 29.2.
1492 5090 1587 5142 Ubi
1622 5080 1697 5142 sic
1723 5092 1799 5143 in-

216 5152 346 5218 cipit
370 5167 388 5204 :
422 5148 652 5220 Dignum
686 5163 779 5218 est,
825 5155 1027 5222 fratres,
1061 5148 1335 5222 aptumque
1365 5174 1596 5219 prorsus.
1631 5160 1747 5212 Mox
1783 5177 1796 5212 :

214 5224 458 5299 conferre
484 5238 777 5299 sermonem,
814 5225 1019 5299 quando
1050 5226 1160 5289 ipsa
1204 5227 1489 5299 lucubratio
1529 5231 1747 5299 exigitur
1772 5247 1801 5281 a

215 5290 481 5364 sollicitis.
513 5290 633 5364 Non:
662 5307 771 5346 ecce
797 5290 866 5346 est
893 5293 1054 5364 caligo
1080 5297 1326 5359 corporis.

283 5356 312 5394 ὶδ
345 5359 431 5411 Al.
446 5399 463 5422 ,
491 5363 794 5426 reformatis.

290 5436 312 5464 ε
348 5428 481 5481 ilzcc
507 5431 727 5485 deerant
755 5432 808 5486 in
838 5431 983 5488 edito
1008 5432 1221 5488 llieron.

286 5492 311 5531 ἀ
350 5500 499 5552 Edit.
524 5501 761 5568 llieron.,
797 5501 1078 5556 Potuerint.
1112 5504 1154 5556 Λ
1180 5506 1453 5558 Salomone
1474 5523 1586 5559 vero
1615 5507 1795 5560 lauda-

190 5572 277 5617 tttr
302 5576 348 5620 et
373 5570 585 5639 femina,
619 5589 731 5642 qua?
759 5591 915 5644 pensa
942 5586 985 5627 ct
1015 5575 1296 5642 lanificium
1327 5578 1393 5631 ad
1424 5579 1684 5630 lucernam
1714 5581 1789 5633 ri-

1907 5092 2016 5158 ejus
2037 5092 2380 5169 portis,_et
2401 5094 2566 5169 gloria
2598 5111 2781 5169 magna
2809 5106 3068 5169 nascatur.
3100 5100 3250 5165 Quod
3280 5104 3344 5169 si,
3370 5116 3475 5162 etc.

1980 5161 2195 5239 °.lbid.,
2250 5161 2435 5239 Mirari
2482 5180 2561 5239 me
2589 5161 2770 5232 fateor,
2813 5181 2915 5239 esse
2945 5161 3141 5237 aliquos
3169 5172 3255 5239 qui
3302 5161 3477 5229 sacras

1907 5231 2103 5304 uigilias
2145 5234 2551 5304 tantispirituali
2591 5231 2736 5303 apere
2784 5231 3089 5303 fructuosus,
3140 5231 3474 5304 orationibus,

1910 5301 2109 5369 hymnis
2158 5302 2548 5378 lectionibusque
2577 5301 2841 5373 fecundas,
2872 5318 2956 5362 aut
2986 5313 3267 5378 super/luas
3304 5301 3477 5365 existi?

1906 5379 2180 5445 mant,__aut
2207 5374 2414 5445 otiosas,
2446 5384 2554 5439 aut,
2592 5378 2725 5440 quod
2745 5378 2819 5430 Itis
2850 5389 2925 5433 est
2956 5374 3193 5443 deterius,
3221 5379 3474 5445 importué

1905 5457 2030 5519 ηαξ..
2054 5439 2115 5493 Et
2132 5442 2395 5519 quidemsi
2416 5452 2530 5496 sunt
2558 5439 2783 5500 hamines
2813 5466 2841 5501 a
2862 5448 3103 5519 religione
3124 5439 3303 5503 nostra
3320 5451 3475 5505 alieni

1903 5511 1991 5579 qui
2014 5512 2107 5563 ista
2129 5512 2200 5563 sic
2222 5513 2464 5573 sentiunt,
2494 5531 2593 5567 non
2635 5526 2703 5567 est
2729 5520 2933 5573 mirum.

1976 5579 1992 5616 τ
2022 5579 2176 5646 ibid,
2200 5580 2376 5633 simus.
2413 5584 2517 5643 AL,
2546 5589 2749 5639 sciurus.

3934 2370 3939 2471 ἒ

3934 2476 3943 2637 ὶ

3934 2684 3939 2719 i

3934 2814 3939 2929 ἐ

3936 2944 3946 3007 μ

3934 3036 3946 3171 i

3934 3190 3946 3239 ξη

3926 4544 3931 4681 ἶ

3926 4688 3935 4775 ι
