3968 6166
370 192 468 243 5J7

1834 191 1889 244 S.
1935 190 2175 244 NllilﬁTll

3505 192 3615 248 568

366 306 492 377 quin
523 304 765 369 stultum,
820 311 872 358 et
897 303 1024 357 satis
1055 312 1366 359 extraneum
1420 314 1500 361 est
1534 312 1557 339 λ
1586 319 1615 357 a
1648 302 1924 372 religione,
1966 307 2000 359 Α
2034 302 2168 355 betis
2214 313 2267 356 et
2298 314 2504 370 tempus
2538 316 2873 371 cupressum,
2909 310 2960 355 et
2991 303 3305 369 exsurgendi
3354 304 3611 358 sollicitu-

368 405 426 447 ut
464 394 584 462 quia
635 394 734 462 ipsi
764 408 979 449 currere
1008 408 1111 449 non
1140 396 1400 459 valemus,
1433 396 1570 450 bene
1598 394 1937 449 currentibus

371 499 722 553 uerogemus;
753 485 874 553 quia
913 486 1014 540 etsi
1061 501 1164 540 non
1194 500 1498 554 possumus,
1529 486 1782 541 debemus
1831 499 1934 538 non

370 574 629 641 invidere,
652 574 743 629 sed
770 576 1127 646 congratulari
1151 577 1474 646 potentibus.
1501 577 1648 631 Sicut
1676 576 1817 629 enim
1843 576 1933 644 qui

371 664 629 719 consentit
659 666 897 730 malitias,
929 668 1195 735 particeps
1223 676 1305 721 est
1327 680 1517 737 preme,
1550 667 1627 721 sic
1657 666 1938 734 participa-

370 755 440 808 tio
487 755 670 823 gloriae
718 756 980 823 speranda
1025 764 1108 810 est
1156 756 1223 810 de
1277 757 1633 813 consensione
1661 756 1933 812 bonitatis.

373 845 522 900 Alios
546 846 688 899 enim
717 855 935 900 counat
976 846 1194 903 allectus
1225 846 1275 914 ιι,
1301 848 1434 903 alios
1462 848 1710 902 voluntas
1739 848 1820 917 pia
1850 846 1935 901 la:-

372 934 559 989 tilicat.

442 1026 551 1081 Nec
577 1041 704 1079 sane
732 1040 1018 1083 onerosum
1046 1027 1126 1082 vel
1152 1026 1369 1083 difficile
1390 1028 1559 1084 videri
1588 1028 1746 1083 debet
1778 1028 1937 1081 etiam

371 1114 610 1171 delicatis
637 1116 716 1170 vel
741 1115 962 1170 infirmis
979 1118 1295 1185 corporibus
1319 1118 1371 1172 in
1398 1118 1695 1186 septimana
1716 1118 1940 1172 duarum

373 1207 629 1271 noctium,
672 1208 722 1260 id
752 1217 855 1274 est,
882 1209 1085 1262 sabbati
1116 1218 1275 1278 atque
1303 1209 1605 1273 dominicte,
1639 1210 1941 1279 portionem

372 1301 599 1369 aliquam
636 1299 725 1352 Dei
750 1299 1047 1353 ministerio
1067 1299 1324 1368 deputare
1349 1318 1361 1351 :
1394 1301 1491 1354 ista
1514 1302 1655 1355 enim
1677 1301 1823 1383 (μηδέ
1851 1315 1944 1367 pu-

372 1390 600 1443 riliCatio
630 1401 707 1443 eSt
735 1389 940 1443 dierum
971 1389 1201 1457 quinque
1224 1389 1306 1443 vel
1337 1390 1596 1455 noctium,
1623 1390 1815 1458 quibus
1837 1400 1946 1443 stu-

374 1494 501 1546 pore
529 1479 728 1533 carnali
756 1488 777 1517 ο
807 1478 1245 1547 ingravescimus,
1279 1493 1366 1533 aut
1423 1480 1707 1534 mundanis
1736 1480 1945 1535 actibus

374 1568 575 1623 obsessi
630 1569 870 1621 Letamur
898 1566 949 1622 ά.
996 1567 1105 1624 Nec
1153 1570 1431 1624 erubescat
1483 1570 1674 1638 aliquis
1725 1570 1777 1622 in
1807 1570 1947 1623 bono

2039 396 2236 460 dinem,
2269 396 2534 465 quomodo
2563 394 2923 450 confiteamini
2954 394 3084 459 Deo,
3123 404 3412 450 ostensam.

2110 487 2298 543 Adhuc
2328 485 2691 541 consideranti
2714 485 2848 539 mihi
2896 485 3247 540 intentionem
3282 496 3615 547 sanctorum,

2041 576 2211 645 majus
2230 577 2425 645 aliquid
2455 591 2517 630 ac
2548 576 2866 630 laboriosius
2894 575 3218 638 occurrit,et
3242 576 3378 628 ultra
3407 585 3617 627 natura:

2041 668 2289 721 humana:
2323 665 2683 721 conditionem
2713 666 3038 734 suggeritur,
3066 678 3186 719 cum
3216 665 3461 720 eumdem
3490 678 3617 734 pro-

1992 779 2005 791 -
2042 757 2252 827 phetam
2273 756 2427 811 audis
2453 757 2523 810 ita
2553 757 2862 824 psallentem
2894 773 2907 808 :
2942 756 3003 811 Si
3042 755 3315 810 ascendero
3355 756 3409 809 in
3430 756 3619 809 lectum

2038 848 2184 902 strati
2206 850 2304 902 mei
2333 863 2352 901 :
2373 848 2417 901 si
2444 848 2630 901 dedero
2663 862 2896 901 somnum
2922 846 3082 899 oculis
3110 846 3254 909 meis,
3284 855 3329 898 et
3359 846 3622 916 palpebris

2042 938 2166 990 meis
2193 937 2628 999 dormitationem,
2658 944 2745 988 aut
2769 935 2989 1004 requiem
3015 933 3323 1002 temporibus
3343 934 3488 997 meis,
3520 934 3623 986 do-

2044 1042 2136 1080 nec
2161 1027 2413 1079 inveniam
2440 1025 2612 1078 locum
2644 1025 2885 1091 Domino,
2914 1025 3298 1078 tabernaculum
3326 1021 3439 1076 Dea
3453 1022 3621 1077 Iacob

2043 1117 2217 1188 (Psal.
2260 1133 2443 1183 cxxxr,
2486 1116 2563 1185 3).
2612 1117 2742 1184 Quis
2786 1132 2894 1171 non
2942 1123 3153 1184 stupeat
3190 1124 3389 1168 tantum
3436 1116 3490 1168 in
3523 1115 3623 1169 Dei

2045 1224 2227 1263 amore
2264 1208 2430 1262 animi
2459 1207 2832 1270 dovmionem;
2860 1215 2923 1261 ut
2949 1220 3196 1262 somnum
3225 1206 3349 1271 sibi,
3372 1207 3489 1260 sine
3509 1220 3625 1275 quo

2046 1299 2228 1367 utique
2256 1312 2481 1367 corpora
2511 1299 2739 1352 humana
2768 1296 3046 1363 deficiunt,
3078 1296 3291 1365 penitus
3326 1294 3622 1351 interdise.

2045 1390 2133 1453 rit,
2167 1389 2337 1443 donec
2374 1387 2547 1442 locum
2579 1402 2641 1442 ac
2691 1386 2943 1455 templum
2985 1385 3211 1439 Domino
3246 1384 3609 1439 fabricandum

2048 1494 2139 1533 rex
2162 1487 2215 1532 et
2239 1476 2490 1551 propheta
2519 1476 2812 1545 reperiret?
2837 1476 2964 1542 Quae
2994 1489 3081 1531 res
3104 1489 3202 1529 nos
3217 1474 3374 1529 debet
3400 1474 3615 1530 fortiter

2049 1570 2357 1632 admonere,
2391 1578 2449 1623 ut
2474 1570 2520 1621 si
2550 1568 2650 1637 ipsi
2678 1568 2825 1622 locus
2858 1567 2950 1622 Dei
2980 1581 3101 1621 esse
3140 1566 3417 1629 volumus,
3454 1574 3508 1619 et
3533 1574 3626 1619 ta-

373 1660 548 1712 stndio
601 1658 913 1719 sanctitatis,
974 1659 1098 1726 quia
1129 1674 1230 1712 noa
1281 1660 1603 1714 erubescunt
1634 1658 1855 1727 improbi
1889 1660 1941 1711 in
1977 1658 2022 1715 B
2053 1660 2397 1713 bernaculum
2436 1659 2553 1727 ejus
2582 1671 2645 1712 ac
2683 1657 2938 1726 templum
2959 1656 3202 1725 cupimus
3229 1656 3408 1709 haberi
3434 1669 3631 1723 perpe-

376 1747 729 1814 rerpetrando
776 1763 937 1816 opere
974 1748 1246 1802 fmditatis.
1299 1750 1486 1803 Merito
1513 1765 1640 1817 ergo
1671 1750 1944 1816 Srriptura

373 1840 427 1892 in
468 1838 771 1891 Proverbiis
819 1840 983 1893 dicit:
1020 1839 1112 1892 Est
1145 1843 1376 1905 confusio
1421 1857 1534 1909 quin
1583 1839 1792 1893 adducit
1831 1856 1949 1908 p‘c-

375 1938 542 1981 catum
570 1927 754 1999 (Ecrli.
791 1944 860 1992 IV,
892 1927 1005 1998 Εὖ).
1042 1928 1094 1981 lu
1123 1930 1261 1984 bono
1298 1931 1437 1984 cnitn
1468 1944 1630 1998 opere
1668 1930 1942 1991 confundi.

342 2029 648 2088 .pcccatum
680 2028 779 2083 οδε,
829 2019 966 2072 sicut
1023 2021 1072 2072 in
1127 2019 1510 2074 malefaciendo
1550 2036 1655 2073 non
1689 2021 1946 2075 confundi

374 2111 637 2181 pernicies
662 2121 762 2165 est.
792 2110 848 2165 Si
872 2111 1037 2164 sancti
1068 2113 1221 2177 estis,
1255 2120 1428 2166 amate
1457 2112 1660 2182 vigilias
1688 2129 1701 2178 ;
1752 2123 1808 2167 nt
1831 2115 1947 2168 the-

374 2214 587 2258 saurum
622 2211 855 2255 vestrum
887 2201 1154 2270 vigilando
1183 2203 1563 2265 custodientes,
1598 2204 1696 2272 ipsi
1742 2205 1793 2258 in
1825 2221 1946 2258 san-

370 2295 553 2348 ctitate
590 2293 895 2347 servemini.
924 2293 978 2349 Si
1014 2302 1324 2361 peccatores
1351 2295 1504 2360 estis,
1538 2298 1705 2365 magis
1726 2297 1941 2361 currite,

372 2394 431 2440 ut
458 2384 763 2453 vigilantes,
787 2393 841 2438 et
869 2385 1032 2439 Deum
1078 2393 1317 2452 orantes,
1376 2380 1704 2455 purgemini;
1747 2398 1798 2442 ut
1828 2400 1948 2444 tun-

375 2478 560 2532 dentes
591 2484 803 2545 peetora
834 2474 1164 2543 frequentius
1192 2477 1436 2530 clametis
1465 2476 1529 2530 ad
1566 2478 1843 2532 Dominum
1880 2494 1947 2533 ex

372 2576 487 2622 toto
512 2568 671 2621 corde
699 2566 937 2621 dicentes
965 2582 979 2621 :
1013 2567 1087 2620 Ab
1116 2568 1325 2621 occultis
1353 2569 1473 2622 meis
1495 2571 1683 2624 munda
1712 2587 1806 2636 me,
1844 2572 1947 2627 Do-

371 2659 524 2723 mine,
557 2666 604 2711 et
645 2658 706 2710 ab
734 2656 919 2711 alienis
950 2671 1106 2728 parce
1132 2674 1273 2710 servo
1306 2658 1595 2729 Iuo'(Psal.
1642 2677 1789 2728 xvnt,
1835 2661 1938 2732 15).

373 2749 475 2817 Qui
512 2749 651 2803 enim
684 2748 748 2803 ab
778 2748 1001 2802 occultis
1032 2748 1337 2803 desiderant
1360 2749 1468 2817 jam
1500 2752 1733 2821 purgari,
1767 2753 1945 2808 nescio

372 2859 438 2896 an
466 2858 558 2898 eos
586 2842 816 2899 delectet
838 2841 1024 2898 iisdem
1048 2844 1279 2898 miseriis
1300 2845 1589 2915 inquinari.

964 2936 1193 2991 CAPUT
1218 2937 1302 2992 Ill.

2053 1759 2163 1814 tuo,
2195 1750 2331 1803 sicut
2357 1749 2553 1804 Paulus
2578 1748 2852 1816 apostolus
2879 1747 3071 1801 asserit
3101 1745 3286 1799 dicens
3312 1762 3324 1798 :
3367 1744 3461 1797 Vos
3499 1744 3628 1797 estis

2052 1841 2292 1910 templum
2323 1840 2415 1893 Dei
2442 1837 2525 1908 (II
2557 1837 2676 1892 Cor.
2708 1854 2781 1904 Vl,
2818 1838 2907 1905 16)
2933 1854 2947 1890 :
2982 1838 3034 1890 in
3056 1846 3309 1906 quantum
3337 1850 3625 1905 possumus

2051 1932 2296 2001 exemplo
2319 1942 2623 1985 sanctorum
2645 1930 2848 2001 vigilias
2867 1928 3168 1997 diligamus,
3193 1942 3262 1981 ne
3290 1937 3342 1980 et
3372 1925 3438 1981 de
3468 1926 3632 1979 nobis

2049 2023 2257 2077 dicatur
2289 2020 2313 2059 ιι
2354 2040 2366 2074 :
2400 2021 2728 2075 Dormierunt
2773 2034 3030 2081 somnum,
3079 2027 3124 2071 et
3161 2016 3289 2069 nihil
3329 2016 3629 2068 invenerunt

2051 2113 2223 2182 (Psal.
2261 2128 2418 2179 Lxxv,
2453 2111 2507 2182 6)
2533 2127 2545 2164 :
2576 2110 2700 2180 quin
2740 2109 2915 2179 potius
2941 2117 2994 2163 et
3016 2105 3433 2176 gratulabundus
3464 2119 3633 2157 unus-

2051 2205 2273 2276 quisque
2294 2213 2526 2256 vestrum
2552 2202 2660 2270 jam
2690 2200 2836 2255 dicat
2865 2217 2877 2252 :
2911 2197 2975 2252 In
3016 2198 3099 2252 die
3123 2198 3460 2251 tribulationis
3500 2212 3632 2249 mea:

2054 2293 2216 2349 Deum
2252 2294 2496 2364 exquisivi
2528 2292 2761 2345 manibus
2790 2291 2913 2343 meis
2936 2298 3077 2343 nocte
3125 2304 3294 2342 coram
3314 2304 3395 2350 eo,
3446 2297 3492 2340 et
3518 2302 3632 2340 non

2050 2402 2160 2439 sum
2189 2386 2422 2453 deceptus
2449 2382 2618 2453 (Psal.
2651 2396 2832 2445 LXXVI,
2866 2380 2944 2448 5),
2977 2380 3109 2448 Quia
3137 2379 3323 2432 bonum
3353 2388 3426 2429 est
3455 2376 3628 2442 con/i-

2050 2477 2142 2529 teri
2177 2476 2413 2541 Domino,
2445 2484 2489 2527 et
2517 2471 2734 2543 psallere
2762 2472 2957 2524 nomini
2996 2480 3102 2535 tuo,
3127 2469 3412 2530 Altissitue;
3434 2468 3503 2517 ad
3522 2483 3631 2517 an-

2050 2558 2383 2620 nuntinndum
2438 2581 2585 2618 mane
2616 2563 3017 2617 misericordiam
3070 2570 3230 2621 tuam,
3273 2569 3321 2613 et
3363 2558 3631 2611 raritatem

2051 2672 2140 2724 per
2182 2666 2373 2709 noctem
2405 2653 2575 2727 (Psal.
2611 2668 2716 2722 xei,
2743 2654 2799 2719 2,
2824 2654 2901 2720 5).
2936 2653 3059 2709 llaec
3088 2660 3141 2706 ct
3185 2652 3445 2718 ejusmodi
3477 2659 3631 2701 tanta

2050 2763 2110 2802 ac
2136 2747 2256 2801 talia
2289 2746 2407 2801 ideo
2436 2744 2601 2801 sancti
2633 2745 2703 2799 illi
2733 2744 3061 2807 cecinerunt,
3089 2752 3143 2796 et
3173 2743 3365 2813 scripta
3394 2742 3637 2824 relique:

2016 2895 2021 2901 ,
2049 2846 2191 2903 runt,
2238 2847 2295 2893 ut
2322 2851 2420 2892 nos
2446 2851 2629 2891 eorum
2664 2834 2860 2905 posteri
2892 2834 3105 2903 paribus
3148 2849 3332 2888 eorum
3363 2834 3631 2886 excitare-

2048 2944 2165 2983 mur
2185 2929 2468 2997 exemplis,
2499 2926 2564 2981 ad
2593 2924 2940 2981 celebrandas
2962 2924 3120 2980 etiam
3154 2924 3396 2979 noctibus
3422 2935 3631 2977 nostra:

444 3031 673 3098 Tempus
699 3028 862 3099 exigit
894 3038 941 3099 ⁸,,
970 3029 1287 3095 charissimi,
1322 3040 1377 3084 nt
1418 3031 1483 3086 de
1512 3033 1824 3088 ancteritate
1867 3030 1940 3087 vi-
1970 3013 2014 3073 (ἶ
2048 3021 2232 3074 billum)
2269 3020 2542 3074 excubias-

370 3121 638 3189 giliarum,
672 3119 740 3173 de
766 3119 1099 3189 antiquitate,
1140 3118 1313 3188 deque
1365 3120 1476 3189 ipsa
1509 3122 1734 3175 utilitate
1778 3135 1943 3190 pauca

373 3211 611 3265 dicamus
644 3227 659 3265 :
702 3210 866 3279 magis
894 3208 1035 3264 enim
1080 3209 1302 3277 quilibet
1331 3209 1481 3264 labor
1527 3210 1756 3265 libenter
1779 3211 1948 3265 susci-

378 3304 539 3371 pitur,
570 3302 614 3356 si
641 3310 762 3354 ante
790 3300 978 3354 oculos
1008 3309 1334 3369 proponatur
1366 3301 1530 3369 ipsius
1576 3300 1771 3355 laboris
1804 3301 1946 3355 utili—

372 3404 472 3445 tas.
508 3391 734 3459 Antiqua
764 3399 846 3444 est
870 3389 1170 3459 vigiliarum
1193 3388 1427 3455 deletio,
1456 3390 1715 3445 familiare
1747 3391 1944 3446 bonum

372 3483 619 3536 «minibus
658 3483 873 3537 sanctis.
918 3481 1079 3537 lsnias
1109 3481 1338 3551 denique
1367 3484 1621 3563 preplteta
1653 3476 1845 3536 clamat
1881 3484 1946 3537 ad

374 3573 654 3627 Dominum
692 3572 875 3626 dicens
909 3588 922 3621 :
960 3569 1032 3623 De
1062 3580 1204 3624 nocte
1251 3571 1425 3641 vigilat
1452 3572 1662 3641 spiritus
1708 3587 1845 3625 meus
1879 3572 1947 3624 ad

373 3674 439 3727 te,
468 3662 624 3727 Deus,
643 3664 760 3732 quia
778 3660 869 3714 lux
888 3669 1139 3731 prtecepta
1158 3670 1242 3713 tua
1262 3671 1378 3714 sunt
1400 3677 1550 3731 super
1580 3671 1762 3714 (trram
1789 3660 1943 3733 (Isai.

372 3768 515 3816 xu't,
543 3752 596 3815 9.
628 3751 727 3805 sec.
760 3750 946 3816 LXX).
981 3750 1142 3804 David
1171 3760 1221 3804 et
1253 3751 1401 3821 regio
1428 3761 1480 3805 et
1509 3753 1819 3819 prophetico
1840 3755 1947 3821 spi-

373 3849 476 3902 ritu
510 3848 867 3901 sanetilicatus
887 3854 1175 3915 unguento,
1210 3847 1279 3899 ita
1299 3846 1444 3900 omit
1475 3845 1491 3881 ί
1521 3862 1532 3898 :
1561 3845 1776 3898 Domine
1812 3846 1947 3900 Deus

372 3941 549 3994 salutis
575 3942 779 4009 margin
810 3939 892 3992 die
930 3940 1167 4007 clamavi,
1217 3951 1264 3993 et
1307 3949 1449 3993 nocte
1496 3956 1665 3993 coram
1697 3951 1742 3993 te
1771 3940 1941 4009 (1⁷δωί.

374 4047 610 4097 Lxxxvtt,
641 4032 722 4100 2).
754 4032 884 4087 Item
916 4031 1040 4086 dicit
1068 4050 1078 4083 :
1108 4031 1418 4086 Memorntus
1446 4050 1559 4086 sum
1588 4033 1640 4086 in
1680 4045 1821 4087 nocte
1850 4052 1943 4087 no-

374 4125 520 4175 minis
543 4123 635 4185 tui,
658 4123 890 4185 Domine,
910 4132 959 4175 et
979 4124 1225 4175 custodiri
1243 4122 1398 4193 legem
1421 4121 1744 4191 tuam(Psal.
1767 4140 1947 4190 cvvur,

374 4212 464 4281 55)
492 4221 540 4265 ε.
572 4213 765 4279 Accipe
792 4212 1029 4282 ejusdem
1059 4212 1331 4282 propheta:
1378 4215 1532 4268 aliam
1580 4230 1785 4281 vocem,
1832 4231 1949 4285 quae

372 4314 426 4356 et
456 4313 664 4371 tempus
701 4312 753 4356 et
785 4302 1017 4356 habitum
1060 4303 1397 4370 deprecantis
1438 4304 1727 4361 ostendat:
1762 4303 1825 4357 In
1857 4321 1947 4357 no-

2119 3110 2221 3166 Sed
2244 3125 2271 3162 a
2294 3109 2559 3164 veteribus
2586 3108 2861 3165 veniamus
2882 3108 2946 3161 ad
2973 3123 3107 3163 nova
3123 3149 3137 3173 ,
3161 3122 3190 3160 a
3212 3106 3464 3161 ministris
3488 3106 3637 3174 legis

2048 3200 2111 3253 ad
2145 3201 2416 3255 ministros
2449 3198 2743 3270 Evangelii,
2765 3209 2823 3253 ut
2846 3197 2914 3254 de
2940 3198 3091 3253 Novo
3120 3199 3279 3253 etiam
3311 3198 3637 3252 Testamen-

2050 3301 2102 3346 to
2132 3291 2426 3361 vigiliarum
2454 3292 2619 3361 gratia
2650 3291 3015 3360 consignetur.
3048 3289 3203 3344 Anna
3236 3290 3339 3345 lilia
3382 3288 3635 3345 Phanuel

2050 3383 2205 3437 vidua
2248 3384 2516 3438 continuis
2542 3382 2871 3439 orationibus
2894 3397 2957 3437 ac
2978 3380 3200 3453 jejuuiis
3228 3383 3487 3448 serviens,
3513 3397 3637 3438 non

2049 3474 2372 3529 discessitde
2403 3474 2601 3543 templo
2626 3474 2712 3528 die
2732 3488 2795 3529 ac
2816 3484 2993 3530 nocte.
3023 3472 3079 3528 ln
3102 3473 3387 3542 Evangelio
3409 3474 3636 3543 legitur,

2049 3569 2190 3637 quod
2226 3576 2466 3637 pastores
2518 3565 2593 3620 illi
2644 3564 2969 3622 sanctissimi
3015 3565 3139 3621 dum
3196 3580 3359 3635 super
3405 3580 3637 3636 gregem

2050 3675 2200 3714 suum
2221 3668 2507 3714 nocturnas
2527 3668 2781 3713 exercent
2801 3657 3032 3728 vigilias,
3053 3664 3109 3712 et
3128 3657 3347 3726 angelos
3371 3657 3420 3711 in
3443 3658 3639 3726 splen-

2051 3750 2182 3806 dore
2210 3751 2411 3816 viderc,
2448 3759 2501 3805 et
2526 3749 2801 3805 Christum
2842 3757 3024 3805 natum
3057 3750 3109 3804 in
3142 3749 3300 3807 terris
3324 3749 3478 3818 primi
3521 3762 3638 3801 au-

2051 3845 2165 3899 dire
2196 3844 2656 3903 merueruntJam
2682 3860 2809 3899 vero
2836 3845 3096 3901 institutio
3125 3844 3419 3900 Salvatoris
3447 3860 3640 3901 nonne

2052 3950 2238 3991 omnes
2285 3934 2350 3987 ad
2402 3934 2725 4003 vigilandum
2766 3934 3036 3989 auditores
3085 3936 3400 4003 exsuscitat,L
3424 3935 3535 3989 sive
3569 3935 3636 3989 in

2055 4025 2301 4096 parabola
2341 4026 2462 4080 boni
2492 4025 2831 4081 scminatoris
2860 4025 3101 4082 docendo
3128 4042 3142 4079 :
3174 4024 3312 4080 Dum
3347 4027 3640 4080 dormirent

2053 4121 2297 4185 homines,
2326 4120 2454 4173 venit
2506 4119 2693 4185 malus,
2723 4130 2770 4172 et
2809 4120 3224 4188 superseminavit
3251 4120 3450 4173 zizania
3493 4119 3640 4172 inter

2054 4216 2294 4276 triticum,
2327 4223 2372 4266 et
2397 4214 2518 4266 abiit
2546 4212 2757 4284 (Matth.
2798 4227 2907 4279 xm,
2933 4211 3046 4281 25).
3071 4212 3171 4278 Qui
3216 4212 3262 4266 si
3294 4212 3639 4281 vigilassent,

2056 4320 2153 4361 nec
2196 4305 2371 4357 malus
2400 4304 2621 4357 forsitan
2651 4303 2848 4357 zizania
2886 4302 3149 4356 seminare
3177 4302 3456 4371 potuisset.
3497 4301 3641 4359 Sive

374 4396 552 4459 (tibus,
580 4395 769 4459 inqu’t,
797 4394 1024 4445 ex'ollite
1053 4409 1230 4446 manus
1267 4403 1457 4449 vestras
1484 4396 1536 4447 in
1566 4405 1758 4457 sancta,
1792 4407 1837 4449 et
1860 4397 1942 4450 be-
1979 4375 2025 4431 ί)
2052 4410 2170 4449 cuni
2201 4395 2330 4450 dicit
2361 4413 2373 4446 :
2410 4394 2524 4450 Sint
2559 4394 2713 4446 lumbi
2743 4395 2893 4447 vestri
2919 4394 3198 4464 prrecincti,
3218 4403 3264 4447 et
3288 4396 3510 4449 lucerna:
3531 4407 3643 4447 ar-

374 4486 586 4537 rtedicite
618 4484 885 4536 Dominum
905 4484 1073 4554 (Psal.
1096 4499 1314 4548 cxxxnt,
1336 4485 1414 4556 2).
1446 4485 1508 4540 Et
1536 4500 1601 4540 ne
1617 4488 1945 4554 vespertinas

376 4584 577 4627 tantum
620 4572 778 4627 horas
812 4582 994 4627 noctes
1025 4574 1255 4627 arstimes
1287 4576 1597 4655 appellatas,
1631 4577 1861 4632 occurrit
1890 4591 1943 4634 et

371 4667 439 4718 tiil
461 4666 499 4717 it
531 4683 544 4719 :
582 4663 754 4718 Media
783 4674 929 4716 nocte
954 4666 1217 4736 surgebam
1246 4666 1314 4718 ad
1353 4668 1695 4736 conﬁtendum
1740 4670 1827 4723 tibi
1855 4688 1941 4723 su-

372 4772 459 4826 per
497 4754 696 4827 ﬁidicia
712 4756 931 4826 justitice
972 4764 1073 4808 tua:
1115 4753 1282 4826 (Psal.
1311 4772 1490 4825 cxvnt,
1526 4759 1638 4830 62).
1671 4761 1802 4816 Ecce
1848 4762 1939 4815 ha-

445 5014 465 5037 ⁸·
499 5003 621 5056 llaec
649 5004 837 5057 desunt
864 5001 917 5056 in
942 5003 1071 5059 edit.
1099 5003 1313 5059 Hieron.

440 5072 465 5109 ι’
498 5072 660 5144 _llud.,
688 5074 911 5144 _rrctius,
937 5083 1143 5127 coronat
1168 5073 1398 5144 effectus.

444 5154 465 5179 ε
497 5142 648 5205 Ιὺὶι1.,
675 5141 986 5195 Cornelium.

442 5219 464 5246 ο
499 5210 654 5275 litui,
686 5212 979 5265 oscitanms.

446 5290 469 5318 θ
503 5280 658 5346 lliid.,
692 5278 788 5333 Rts
816 5281 991 5348 exigit.

448 5350 627 5424 fHaec
649 5351 932 5424 eluseritis“
962 5349 1022 5404 S.
1054 5350 1283 5405 lsiilorus
1308 5354 1634 5423 llispalensis
1660 5356 1942 5424 episcopus

280 5490 281 5495 η
371 5421 439 5495 de
474 5420 624 5495 Ollic.
659 5419 804 5495 Eccl.
840 5418 1006 5495 lib._t,
1034 5436 1153 5495 t'ap.
1201 5424 1293 5495 ἓῖἒ,Δ
1320 5418 1480 5495 apud
1521 5418 1940 5494 quenflrgitur,

376 5491 539 5543 David
566 5491 704 5560 regio
736 5498 781 5541 et
814 5489 987 5557 prapli
1008 5490 1106 5541 lico
1136 5493 1476 5557 sancti/iratus
1500 5489 1943 5559 unguentofrocte

372 5563 565 5614 omissa
595 5574 724 5631 voce
750 5560 953 5631 spiritu,
979 5574 1095 5626 qum
1136 5562 1449 5615 sententiam
1487 5566 1682 5627 turbat,
1714 5579 1936 5631 qumque
2006 5588 2015 5592 ν

371 5635 532 5685 etiam
562 5627 715 5683 abest
739 5627 805 5681 ab
843 5630 985 5683 edito
1019 5632 1233 5685 llicron.

2053 4487 2261 4550 dentes;
2291 4496 2442 4539 ttvos
2477 4485 2667 4539 similes
2706 4485 3108 4553 exspectantibus
3151 4484 3431 4539 Dominum
3470 4500 3640 4538 suum

2050 4579 2255 4646 quando
2304 4586 2578 4630 revertatur
2606 4593 2636 4629 a
2659 4576 2871 4643 nuptiis.
2913 4576 3059 4630 Beati
3085 4580 3213 4631 servi
3237 4576 3317 4631 illi
3355 4594 3480 4647 quos
3506 4593 3643 4631 curn

2048 4686 2073 4722 v
2106 4670 2231 4722 nerit
2257 4668 2525 4729 Dominus,
2552 4668 2793 4720 invenerit
2816 4667 3247 4741 vigilantes(Luc.
3270 4684 3363 4733 xu,
3391 4668 3582 4736 55-37)
3616 4688 3633 4723 :

2053 4760 2121 4813 Et
2154 4761 2196 4813 si
2222 4759 2526 4826 vespertina,
2556 4757 2742 4827 inquit,
2769 4758 2891 4812 liora
2909 4758 3113 4823 verterit,
3131 4769 3176 4812 et
3195 4760 3240 4813 si
3267 4760 3429 4813 media
3453 4772 3633 4827 noue,

2128 5013 2151 5051 ε
2178 5003 2230 5057 1η
2262 5003 2391 5058 edit.
2426 5003 2640 5058 llieron.
2669 5003 2752 5058 his
2779 5004 2955 5059 verbis
2978 5004 3153 5059 statim
3180 5005 3292 5059 haec
3319 5003 3632 5061 adduntur:

2057 5075 2159 5127 Sed
2189 5075 2401 5143 forsitan
2429 5077 2478 5126 in
2503 5076 2684 5127 lectulo
2712 5090 2805 5127 suo
2836 5077 3027 5141 positus
3053 5078 3158 5129 hare
3183 5076 3459 5127 cantabat:
3478 5079 3639 5143 quod

2052 5146 2299 5212 aliquani
2343 5145 2585 5214 pigriores
2624 5145 2845 5211 sufﬁcere
2884 5145 3276 5214 putaverunt,“
3324 5154 3519 5198 tantum
3563 5147 3637 5200 in

2050 5226 2217 5267 stratu
2240 5231 2330 5266 suo
2358 5225 2444 5265 aut
2472 5223 2579 5266 orrt
2605 5214 2969 5282 unusquisque,
2997 5226 3084 5268 aut
3112 5213 3361 5283 psalmum
3382 5214 3637 5267 submur-

2052 5297 2233 5336 muret.
2266 5284 2416 5343 Quod
2442 5284 2641 5353 quidem
2672 5294 2718 5336 et
2751 5288 2913 5350 ipsum
2940 5285 3223 5349 bonumAest
3250 5300 3269 5337 :
3302 5283 3395 5336 Dei
3418 5298 3634 5353 semper

2047 5364 2094 5405 et
2134 5355 2314 5422 ubique
2342 5355 2622 5405 meminisse
2660 5354 2882 5405 salutare
2910 5363 3003 5407 est.
3048 5355 3153 5410 Sed
3182 5356 3319 5414 quod
3346 5355 3411 5407 sit
3441 5355 3633 5408 melius

2049 5438 2317 5540 exsuygere
2339 5433 2382 5474 et
2410 5424 2696 5491 conspectui
2723 5424 2889 5477 divino
2910 5425 3165 5489 assistere,
3187 5425 3362 5491 accipe
3386 5425 3630 5493 ejusdem

2050 5507 2174 5540 mon
2194 5502 2324 5540 aetat-
2351 5503 2452 5540 etc.

2049 5502 2325 5560 propheta’,
2351 5503 2452 5547 etc.

2122 5559 2146 5596 ¹¹
2184 5561 2301 5655 llzt'c
2334 5568 2457 5619 item
2492 5562 2660 5615 omnia
2713 5564 2832 5617 hinc
2870 5563 3094 5631 sumpsit
3121 5560 3179 5620 S.
3212 5562 3441 5635 lsidorus
3494 5563 3530 5616 I.
3561 5575 3635 5617 e.

2053 5646 2165 5698 Cap.
2192 5646 2278 5682 ιιι.
