3968 6166
209 327 296 382 £69

1626 329 1886 386 OPUSCU
1898 331 2004 384 LA.

3337 333 3437 384 570

204 451 243 492 et
271 442 310 491 si
336 438 451 508 galli
481 445 654 501 cantu,
703 445 749 490 et
785 437 1007 491 inueniat
1035 453 1118 491 eos
1147 438 1432 508 signantes,
1459 440 1592 494 beati
1647 452 1764 496 sunt
1869 444 2112 498 universa
2150 441 2410 512 vigilantis
2453 439 2704 495 lmtillcat.
2746 439 3025 509 Vigilando
3069 443 3228 497 timor
3262 447 3436 498 omnis

203 530 378 602 (Marc.
409 544 517 595 tm,
543 528 660 590 3‘3).
699 526 876 597 Itaque
905 537 953 583 et
982 545 1068 583 vos
1090 538 1246 582 estote
1273 531 1462 600 parati,
1504 532 1625 600 quia
1663 549 1764 597 qua

202 623 318 675 hora
338 621 553 687 nescitis,
581 617 628 671 Γ
630 621 752 673 ilius
780 620 1000 676 hominis
1024 629 1263 674 venturus
1277 631 1348 675 cst
1371 620 1586 691 (Matth.
1617 639 1762 691 xxiv,

200 714 305 782 Η).
328 713 430 768 Nec
453 713 630 768 verbis
651 712 988 768 solummodo
1013 712 1196 768 docuit
1219 714 1462 782 vigilare,
1485 716 1580 771 sed
1602 718 1763 774 etiam

201 806 432 874 exeutplo
475 805 832 881 confirmavit.
864 805 1103 874 Nam-que
1133 815 1356 861 testatur
1388 807 1757 877 Evangelium,

201 898 312 966 quia
348 905 454 950 erat
497 895 650 951 Iesus
678 907 982 966 pernoctans
1021 898 1073 952 in
1102 899 1330 953 oratione
1357 899 1454 953 Dei
1506 900 1654 970 (Luc.
1687 918 1762 967 vt,

204 987 302 1056 t2).
343 987 694 1042 Pernoctabat
747 1001 852 1042 non
901 989 1036 1052 sibi,
1087 988 1186 1043 sed
1234 999 1291 1044 ut
1327 991 1592 1046 sciremus
1638 994 1760 1062 quid

201 1091 372 1132 clunes
429 1077 604 1132 facere
641 1077 952 1134 debeamus.
988 1078 1056 1133 Et
1106 1079 1220 1148 ipse
1268 1081 1506 1151 increpat
1545 1081 1766 1137 Petrum

202 1177 430 1238 tempore
472 1167 735 1236 passionis
783 1167 1014 1222 dicens:
1051 1167 1173 1221 Non
1223 1169 1459 1237 potuistis
1505 1187 1608 1224 una
1637 1171 1767 1224 hora

199 1260 396 1332 uigilare
435 1259 670 1314 mecum?
727 1258 794 1313 Et
830 1261 896 1312 ad
927 1271 1115 1314 omnes
1163 1258 1272 1328 iam
1301 1260 1431 1315 dicit
1461 1279 1474 1314 :
1523 1261 1762 1332 Vigilate,

199 1361 242 1407 et
265 1362 418 1416 orate,
450 1368 513 1405 ne
554 1351 752 1404 intre'is
778 1351 832 1404 in
883 1350 1208 1404 tentationem
1234 1349 1454 1418 (Matth.
1500 1363 1644 1416 xxvt,
1675 1351 1772 1414 40,

199 1444 308 1514 tt).
331 1452 358 1480 ε
382 1443 507 1497 Haec
531 1443 692 1498 verba
721 1440 983 1511 ejusmodi
1023 1441 1292 1509 exemplo,
1321 1455 1418 1494 oro
1447 1455 1563 1509 vos,
1594 1457 1754 1510 quem

199 1551 300 1589 non
325 1536 392 1589 tle
422 1535 686 1604 profundo
715 1534 876 1589 etiam
914 1534 1104 1588 mortis
1153 1533 1315 1588 simili
1346 1532 1508 1588 modo
1557 1536 1770 1588 valeant

201 1624 456 1680 suscitare
468 1626 493 1678 ‘t
1522 1622 1526 1627 '

273 1716 364 1770 llis
417 1715 662 1769 instructi
717 1711 1084 1779 sermonibus,
1121 1712 1206 1766 his
1244 1711 1544 1768 conﬁrmati
1598 1712 1768 1767 docu-

1869 535 2195 602 excluditur,
2239 533 2428 589 fiducia
2468 534 2734 599 nascitur,
2774 549 2899 587 caro
2951 546 3270 602 maceratur,
3315 539 3437 592 vitia

1869 625 2166 691 tabescunt,
2198 625 2418 678 castitas
2451 625 2752 686 roboratur,
2785 623 2928 678 cedit
2960 624 3206 692 stultitia,
3233 626 3438 681 accedit

1869 714 2166 784 prudentia,
2193 727 2346 769 mens
2368 714 2598 778 acuitur,
2623 727 2776 768 error
2799 712 3128 781 obtunditur,
3159 715 3437 770 criminum

1867 815 2025 875 caput
2053 807 2294 862 diabolus
2331 806 2510 875 gladio
2549 807 2768 875 Spiritus
2810 806 3137 861 vulneratur.
3178 809 3311 874 Quid
3345 811 3444 865 hac

1870 895 2097 950 utilitate
2139 897 2304 966 magis
2343 898 2726 962 necessarium,
2759 899 2884 966 quid
2915 899 3034 962 istis
3058 901 3218 956 lucris
3248 905 3443 955 sanctis

1868 987 2224 1054 commodius,
2256 988 2380 1056 quid
2413 988 2509 1041 hac
2533 989 2889 1045 delectatione
2918 993 3154 1056 suavius,
3185 994 3310 1062 quid
3345 996 3439 1046 ista

1869 1076 2121 1131 felicitate
2149 1076 2387 1130 beatius?
2414 1077 2573 1132 Teste
2601 1079 2760 1132 etiam
2791 1081 3071 1151 prOpbeta,
3103 1083 3196 1151 qui
3220 1082 3272 1138 itt
3301 1085 3445 1151 prin-

1867 1166 2010 1236 cipio
2038 1165 2367 1222 Psalmorum
2397 1182 2614 1222 suorum
2648 1169 2858 1223 beatum
2902 1172 3075 1226 virum
3111 1173 3441 1239 describens,

1869 1272 2136 1312 summam
2161 1257 2504 1313 beatitudinis
2532 1257 2650 1327 ejus
2687 1260 2736 1313 in
2775 1260 2876 1320 boc
2916 1263 3183 1316 versiculo
3211 1264 3437 1319 colloca-

1868 1349 1965 1415 vit,
1997 1348 2180 1402 dicens
2211 1366 2224 1401 :
2259 1348 2318 1404 Si
2347 1350 2401 1402 in
2431 1349 2636 1403 Domini
2666 1351 2772 1420 lege
2801 1352 3068 1406 meditetur
3098 1354 3179 1407 die
3217 1371 3277 1412 ac
3305 1365 3448 1408 nocte

1871 1442 2042 1512 (Paul.
2075 1457 2114 1508 t,
2136 1443 2211 1511 ‘2).
2239 1444 2381 1497 Bona
2413 1453 2493 1498 est
2521 1444 2732 1512 quidem
2765 1445 2952 1498 ditfrna
2983 1445 3124 1501 medi
3153 1448 3280 1509 alio,
3310 1448 3444 1499 bona

1869 1533 2060 1598 oratio,
2089 1533 2181 1586 sed
2223 1532 2388 1586 multo
2428 1533 2626 1601 gratior
2665 1543 2719 1586 et
2757 1532 3027 1589 efﬁcacior
3065 1545 3147 1588 est
3186 1545 3442 1589 nocturna
3506 1563 3510 1576 ι

1872 1621 2175 1684 meditatio;
2214 1622 2337 1690 quia
2368 1636 2462 1690 per
2491 1622 2647 1676 diem.
2674 1625 3025 1678 necessitates
3054 1624 3214 1678 varke
3242 1627 3450 1679 obstre-

1874 1719 2024 1780 punt,
2055 1713 2434 1782 occupationes
2461 1712 2744 1767 destruunt
2779 1723 3033 1781 mentem,
3064 1731 3279 1770 sensum
3313 1718 3448 1769 mul.

199 1807 382 1861 tuentis
411 1806 554 1861 beati
583 1818 794 1874 quoque
815 1803 1062 1872 Apostoli'
1096 1812 1148 1857 et
1172 1802 1273 1871 ipsi
1313 1802 1687 1872 vigilaverunt,
1716 1811 1770 1856 et
1803 1822 1848 1882 Β
1876 1802 2036 1870 tiplex
2075 1817 2200 1856 cura
2240 1803 2500 1872 diSpergit
2539 1820 2552 1857 :
2595 1821 2699 1858 nox
2739 1816 2916 1860 autem
2959 1817 3163 1896 secre’ta
3203 1818 3302 1869 est,
3347 1824 3446 1860 nux

201 1898 395 1967 vigilias
449 1897 873 1966 imperaverunt.
921 1893 1110 1949 Petrus
1135 1894 1405 1961 apostolus
1450 1894 1503 1947 in
1553 1907 1770 1948 carcere

201 1999 348 2045 noctu
375 1990 450 2044 ab
471 1989 660 2059 angelo
687 1987 994 2054 suscitatur,
1027 1993 1080 2042 et
1110 1986 1231 2055 ipso
1253 1995 1544 2040 reserante-
1563 1994 1768 2054 portam

204 2079 422 2135 ferream
464 2079 518 2132 in
549 2079 764 2132 domum
795 2076 972 2130 Mariae
1002 2077 1268 2145 pervenit,
1303 2075 1389 2129 ubi
1435 2084 1585 2130 erant
1619 2075 1772 2129 multi

203 2173 523 2241 congregati,
544 2184 649 2225 non
671 2168 997 2223 dormientes
1020 2170 1221 2235 utique,
1246 2168 1339 2222 sed
1361 2176 1597 2222 orantes.
1628 2167 1770 2222 idem

203 2261 250 2315 in
279 2261 518 2330 Epistula
565 2275 662 2314 sua
691 2259 876 2326 ponit,
909 2271 960 2312 et
990 2258 1119 2311 dicit
1149 2275 1161 2309 :
1196 2257 1368 2312 Sobrii
1415 2267 1589 2325 estote,
1617 2269 1664 2312 et
1700 2260 1773 2312 vi-

202 2354 360 2424 gilate,
395 2354 522 2422 quia
564 2352 884 2405 adversarius
927 2359 1088 2404 uester
1131 2350 1365 2403 diabolus
1413 2360 1653 2423 tanquam
1697 2353 1774 2405 leo

202 2446 391 2514 rugiens
433 2445 614 2498 circuit
641 2457 874 2513 quterens
922 2457 1069 2511 quem
1101 2450 1380 2494 transuere!
1419 2440 1474 2510 (Ι
1528 2427 1668 2494 I’etr.
1717 2457 1771 2510 v,

203 2541 272 2608 8).
298 2539 498 2594 Paulus
526 2547 583 2592 et
602 2537 739 2593 Sila's
769 2539 818 2590 in
850 2535 1096 2591 custodia
1135 2535 1344 2604 publica
1375 2535 1514 2589 circa
1540 2535 1771 2589 medium

205 2633 360 2688 noctis
385 2640 626 2695 orantes,
656 2631 909 2701 hymnum
952 2629 1287 2684 audientibus
1331 2627 1523 2683 vinctis
1572 2624 1775 2684 dixisse

204 2731 564 2777 memorantur
594 2722 730 2791 (Act.
760 2736 868 2786 xvi,
907 2719 1036 2789 25);
1077 2719 1163 2774 ubi
1194 2726 1413 2788 repente
1471 2727 1776 2773 terraetnotu

204 2811 353 2878 facto,
385 2821 448 2867 et
488 2811 760 2866 concussis
809 2810 1166 2864 fundamentis
1213 2810 1465 2875 carceris,
1496 2817 1552 2864 et
1596 2809 1778 2878 janute

203 2913 396 2973 aperta:
429 2902 494 2968 δ,
546 2911 600 2957 et
655 2880 892 2957 omnium
944 2901 1152 2956 vincula
1181 2909 1306 2954 sunt
1352 2901 1528 2954 subito
1577 2900 1773 2954 soluta.

205 2995 324 3051 Item
363 2995 562 3050 beatus
588 3007 718 3062 apos
742 2993 858 3046 olus
889 2989 1081 3046 Paulus
1114 3001 1136 3029 ο
1169 3005 1330 3060 super
1357 2990 1672 3045 exercendis
1699 2977 1780 3044 vi;

203 3087 332 3158 giliis
361 3086 688 3143 adhortatur
713 3083 1246 3150 Tbessalonicenses,
1269 3081 1453 3137 dicens
1482 3097 1497 3134 :
1535 3079 1778 3150 Vigilate,

1873 1893 2051 1960 quieta
2078 1903 2159 1948 est
2183 1903 2238 1949 et
2260 1904 2556 1966 opportuna
2589 1897 2890 1962 orantibus,
2919 1893 3196 1966 aptissima
3231 1899 3450 1968 vigilan-

1875 1983 2045 2049 tibus,
2085 1985 2212 2038 dum
2264 1986 2570 2040 carnalibus
2621 1987 3064 2057 occupationibus
3119 1990 3448 2057 expeditum,

1873 2075 2102 2130 collecto
2139 2091 2303 2130 sensu
2344 2085 2511 2130 totum
2543 2078 2810 2134 hominem
2842 2079 3034 2137 divinis
3076 2081 3453 2148 conspectibns

1873 2165 2013 2226 sistit
2043 2174 2089 2219 ο.
2129 2165 2309 2234 Itaque
2340 2167 2449 2221 Deo
2488 2168 2708 2234 placitas
2747 2171 3055 2241 cognoscite
3092 2184 3210 2224 esse
3241 2171 3452 2235 vigilias

1873 2255 1940 2310 ad
1969 2255 2343 2310 celebrandam
2374 2257 2825 2312 benedictionem.

1945 2346 2192 2411 Tantum,
2236 2347 2554 2411 charissimi,
2596 2348 2683 2418 qui
2726 2349 2910 2418 vigilat
2949 2349 3138 2416 oculis,
3181 2351 3360 2421 vigilet
3399 2360 3452 2406 et

1874 2441 2062 2506 corde;
2095 2442 2182 2510 qui
2211 2449 2330 2496 orat
2354 2443 2567 2510 Spiritu,
2597 2452 2716 2499 oret
2740 2454 2793 2498 et
2815 2453 3020 2507 mente;
3053 2447 3174 2514 quia
3203 2461 3298 2500 nec
3324 2447 3453 2498 satis

1877 2529 2004 2587 utile
2037 2541 2120 2586 est
2165 2533 2336 2587 oculis
2371 2533 2609 2602 vigilare,
2655 2545 2709 2588 et
2753 2524 2926 2590 animo
2977 2535 3288 2600 dormitare,
3329 2549 3444 2588 cum

1876 2626 2178 2680 econtrario
2207 2640 2270 2680 ex
2297 2640 2520 2693 persona
2567 2626 2816 2682 Ecclesia:
2838 2627 3111 2696 Scriptura
3139 2630 3278 2682 dicat
3303 2647 3316 2680 :
3345 2628 3455 2698 Ego

1879 2715 2098 2780 dormio,
2122 2725 2168 2770 et
2187 2731 2276 2769 cor
2293 2731 2457 2770 meum
2479 2716 2657 2786 uigilat
2679 2713 2853 2788 (Cant.
2873 2734 2925 2782 v,
2948 2717 3028 2785 ἓ).
3049 2717 3349 2776 Curandum
3374 2730 3456 2773 cst

1881 2811 2042 2867 etiam
2073 2820 2196 2867 ante
2223 2811 2399 2867 omnia
2423 2826 2490 2865 ne
2519 2811 2790 2866 nimietate
2821 2812 2924 2866 cibi
2953 2812 3037 2866 vel
3064 2821 3219 2878 potus
3249 2821 3457 2864 nostro-

1823 2929 1840 2936 ~
1883 2903 2000 2956 rum
2027 2902 2359 2971 vigilatorum
2420 2913 2633 2970 pectora
2678 2913 2991 2967 onerantur,
3035 2917 3100 2957 ne
3138 2902 3460 2956 crulitatem-

1882 2999 2152 3046 ructanles
2172 2999 2226 3047 et
2245 2993 2539 3060 crapulam,
2568 3007 2673 3046 non
2701 2994 2872 3046 solum
2903 2992 2999 3060 ipsi
3031 2988 3182 3046 nobis
3211 2992 3458 3063 insuaves

1883 3083 2070 3149 simus,
2098 3083 2192 3138 sed
2230 3083 2388 3137 etiam
2415 3083 2586 3153 gratia
2615 3083 2845 3151 Spiritus
2885 3083 3052 3136 sancti
3083 3083 3277 3150 indigni
3315 3081 3458 3150 judi-

204 3192 246 3235 ct
267 3191 402 3236 state
450 3181 504 3234 in
535 3180 657 3248 ﬁde,
699 3175 1059 3246 confortamini
1086 3184 1133 3228 et
1160 3173 1373 3228 viri'it‘er
1400 3173 1535 3246 agite
1559 3170 1616 3242 (Ι
1652 3170 1774 3227 Cor.
1809 3193 1856 3255 ρ
1883 3189 2086 3230 cemur.
2116 3174 2260 3228 Dixit
2285 3189 2512 3244 namque
2541 3175 2622 3228 vir
2650 3175 2863 3244 quidam
2895 3175 3034 3230 inter
3066 3188 3322 3250 pastores
3344 3175 3458 3228 cxi-

207 3287 305 3340 svt,
331 3271 451 3343 l5).

815 3355 1042 3412 CAPUT
1084 3355 1171 3410 IV.

274 3454 399 3509 llaec
427 3449 695 3508 sufﬁciant
714 3449 781 3504 de
803 3448 1120 3502 auctoritate
1137 3453 1202 3501 et
1227 3446 1544 3525 antiquitate
1572 3457 1782 3500 sancta-

207 3559 316 3599 rum
346 3543 678 3612 vigiliarum.
730 3540 988 3610 Superest
1028 3547 1084 3592 ut
1129 3537 1422 3592 secundum
1456 3538 1780 3606 promissum

208 3635 272 3691 de
304 3649 495 3690 earum
542 3633 770 3687 utilitate
817 3632 990 3702 aliqua
1040 3629 1414 3700 proferamus;
1470 3615 1780 3699 quanquam

207 3727 382 3781 sentiri
433 3726 602 3794 magis
648 3731 822 3793 potest
867 3738 960 3791 per
1013 3720 1330 3776 exercitium
1388 3720 1504 3787 ipsa
1552 3720 1777 3784 utilitas,

207 3831 354 3884 quam
397 3815 666 3885 loquentis
703 3827 956 3868 sermone
993 3810 1221 3864 narrari.
1263 3807 1288 3845 (ι
1318 3808 1598 3864 Gustaudo
1635 3809 1777 3863 enim

205 3907 450 3973 videtur,
489 3906 608 3980 quia
643 3904 810 3958 suavis
848 3911 922 3956 cst-
959 3887 1206 3955 Dominus
1246 3898 1420 3968 (Psal.
1464 3915 1654 3962 xum,
1697 3898 1778 3966 9).

206 3996 299 4064 Qui
326 4011 462 4067 ergo
487 3995 738 4065 gustavit,
779 3991 1026 4062 intelligit
1065 3999 1118 4043 et
1155 3990 1336 4054 sentit,
1367 3995 1627 4058 quantum
1670 4003 1779 4054 pa:-

205 4091 345 4146 doris
394 4088 657 4158 vigilando
703 4085 1019 4154 deponitur,
1066 4093 1295 4153 quantus
1345 4079 1537 4135 mentis
1585 4087 1774 4166 stupor

206 4183 486 4246 excutitur,
532 4189 726 4250 quanta
770 4179 855 4232 lux
886 4176 1118 4231 animam
1167 4173 1433 4244 vigilantis
1477 4181 1533 4227 et
1574 4162 1778 4226 orantis

210 4271 457 4338 illustrat,
488 4287 604 4341 qua:
645 4269 836 4340 gratia,
877 4283 994 4338 quae
1040 4274 1224 4322 sancta
1270 4262 1504 4320 visitatio
1545 4263 1782 4318 membra

1891 3265 2062 3319 mitts:
2090 3265 2236 3319 Sicut
2267 3264 2461 3329 fumus,
2501 3266 2689 3333 inquit,
2724 3266 2868 3335 fugat
2905 3281 3048 3335 apes,
3078 3269 3154 3322 sic
3201 3269 3456 3337 indigesta

1893 3359 2119 3412 ructatio
2147 3359 2337 3412 avertit
2366 3367 2419 3412 et
2456 3358 2636 3428 abjicit
2664 3359 2893 3428 Spit-itus
2921 3363 3090 3417 sancti
3120 3363 3472 3417 charismata...

1893 3447 2032 3516 Ergo
2073 3455 2318 3516 tanquam
2350 3447 2586 3502 divinum
2617 3451 2931 3504 celebraturi
2970 3455 3305 3523 mysterium,
3338 3462 3463 3506 ante

1890 3551 1987 3590 nos
2017 3552 2110 3604 per
2139 3539 2508 3593 absrinentiam
2538 3553 2726 3616 parare
2755 3543 3032 3606 debemus,
3057 3552 3112 3596 ut
3139 3544 3379 3612 integrati
3410 3555 3462 3596 et

1890 3628 2120 3696 expediti
2163 3630 2380 3698 vigilare
2423 3631 2685 3698 possimus
2725 3627 3033 3701 z'cogitalio
3070 3649 3281 3702 quoque
3322 3634 3456 3685 mala

1885 3720 2132 3789 pellatur,
2159 3737 2223 3773 ne
2247 3721 2383 3772 male
2410 3721 2732 3790 vigilantium
2762 3725 2927 3776 oratio
2948 3725 3061 3791 fiat,
3085 3722 3222 3776 sicut
3247 3723 3455 3791 legitur.

1884 3809 1935 3861 in
1966 3818 2223 3874 peccatum
2251 3808 2421 3875 (Psal.
2447 3825 2589 3874 cvm,
2613 3809 2687 3879 7).
2715 3811 2855 3865 Sunt-
2873 3815 3014 3866 enim
3043 3821 3094 3866 et
3122 3795 3187 3866 ei
3215 3813 3462 3880 malignis

1887 3900 2179 3953 maledicta:
2225 3901 2436 3967 vigili.t-,
2481 3911 2537 3953 ut
2586 3901 2636 3954 in
2681 3901 2987 3958 Proverbiis
3039 3905 3226 3972 legitur
3263 3921 3278 3958 :
3326 3905 3462 3970 Quia

1883 3993 2080 4044 ablatus
2115 4001 2185 4045 est
2221 4008 2429 4045 samntts
2462 3994 2523 4045 rb
2564 3993 2724 4046 oculis
2762 4009 2953 4048 eorum.
3004 3995 3121 4048 Non
3167 3996 3298 4048 enim
3341 3998 3461 4048 dor-

1881 4082 2063 4148 miunt,
2110 4082 2296 4150 inquit,
2339 4085 2436 4134 n'si
2481 4084 2610 4136 male
2647 4083 2852 4154 fecerint
2885 4085 3062 4154 (Prov.
3091 4105 3166 4156 ιν,
3197 4089 3306 4157 16).
3351 4089 3456 4143 Sed

1881 4171 2075 4235 absint,
2104 4181 2157 4224 et
2185 4171 2338 4239 longe
2363 4172 2538 4224 absint
2567 4172 2634 4226 ab
2661 4173 2759 4226 hoc
2782 4185 3046 4228 conventu
3077 4178 3206 4230 tales
3235 4178 3470 4246 vigilia",

1883 4260 1977 4316 sed
2010 4264 2185 4330 potius
2222 4260 2548 4330 vigilantium
2597 4275 2781 4332 pectus
2824 4265 3063 4320 obtusum
3103 4263 3347 4333 diabolo,
3383 4269 3454 4323 sit

276 4459 302 4488 ι
336 4450 477 4503 Edit.
513 4445 757 4507 Hierom,
787 4442 911 4496 Htcc
929 4442 1101 4507 verba,
1136 4441 1312 4512 Ius-cet
1332 4440 1584 4510 ejusmodi
1611 4455 1779 4494 exent-
1809 4441 1862 4500 D
1884 4437 1966 4492 Ad
1997 4437 2282 4512 Corinthios
2313 4447 2482 4494 autem
2507 4456 2525 4494 :
2555 4440 2802 4512 Vigilate,
2840 4451 2975 4498 state
3016 4443 3067 4498 in
3102 4445 3223 4508 title,
3253 4449 3466 4501 confor-

211 4523 317 4589 μισ,
362 4536 453 4574 oro
478 4534 586 4589 vos.
639 4529 786 4589 quem
819 4529 921 4566 non
950 4514 1016 4589 de
1041 4509 1297 4589 profundo
1323 4509 1473 4565 etiam
1521 4525 1697 4564 somno
1735 4519 1782 4564 et

209 4582 356 4643 inerti
379 4587 639 4642 simillimo
654 4582 858 4636 ualeant
883 4582 1166 4637 suscitare?
1439 4595 1441 4597 ‘

275 4659 304 4700 ⁵
337 4661 493 4721 Ibitl.,
517 4660 696 4725 janute
723 4662 1125 4725 sponteaperttz.

279 4743 302 4770 ε
337 4720 498 4784 Multa
517 4720 614 4780 'ltic
635 4727 847 4788 desunt,
877 4720 1076 4776 librarii
1102 4721 1446 4790 negligentia,
1467 4730 1524 4775 ut
1546 4720 1776 4782 videtur,

210 4801 425 4862 omissa,
448 4815 513 4852 ex
535 4798 680 4850 edito
713 4792 1122 4862 llicronymiano
1145 4794 1223 4845 s'c
1245 4791 1604 4845 restituenda:
1632 4790 1780 4862 Idem

211 4871 406 4924 Paulus
435 4867 694 4934 apostolus
722 4881 753 4917 a
779 4861 980 4916 Troade
1009 4866 1345 4930 profecturus.
1373 4877 1653 4934 sermonem
1684 4861 1776 4934 do-

207 4943 352 4996 cebat
396 4931 552 5008 usque
601 4938 667 4989 ad
717 4935 935 5008 mediam
985 4942 1201 5008 noctem,
1262 4937 1486 5008 accensa
1531 4931 1775 5008 (aeternis

204 4999 592 5080 qnampluribus
619 5009 670 5058 in
695 5002 972 5058 catnaculo.
1007 5002 1207 5069 Ecqua
1255 4999 1515 5123 Eutychus
1567 5001 1772 5054 adoles-

209 5101 332 5123 ηιη-
355 5095 533 5123 ιηηιηη
573 5090 863 5123 oppressus-
897 5073 1190 5123 disputante
1235 5071 1343 5123 l’au
1371 5088 1398 5122 ο
1440 5071 1706 5123 prolixius.
1743 5086 1772 5121 a

209 5071 332 5136 cens
355 5071 533 5136 Somno
573 5090 864 5144 oppressus,
897 5073 1190 5144 disputante
1235 5071 1398 5124 Paulo
1439 5071 1706 5144 prolixius,
1743 5086 1776 5121 a

208 5153 430 5220 fenestra
474 5140 744 5210 deductus,
790 5144 968 5220 cecidit
1003 5143 1247 5220 de_:crtto
1289 5151 1434 5206 tecto,
1471 5152 1514 5193 et
1548 5140 1774 5220 sublatus

207 5211 282 5276 cst
312 5233 540 5275 murtou
563 5235 582 5272 :
612 5233 713 5286 quo
741 5215 913 5268 statim
944 5212 1140 5266 reddito
1166 5213 1296 5286 citat,
1331 5227 1484 5280 usque
1520 5211 1587 5262 ad
1611 5213 1773 5286 lucem

207 5293 591 5352 sermocinatus,
624 5281 751 5339 'Dco
792 5286 1099 5356 gubernante
1155 5283 1410 5352 profectus
1464 5289 1556 5356 est.
1607 5281 1774 5356 Quart

207 5364 360 5431 plene
405 5362 530 5414 idem
560 5352 810 5431 qgnmque
840 5355 1055 5431 copiose.
1079 5369 1228 5423 super
1255 5353 1560 5431 exercendis
1589 5352 1776 5431 uigiliis

210 5423 545 5496 adhortatus,
573 5423 1129 5496 'fl'hcssalOtticensibtts
1167 5425 1400 5496 scribens
1433 5423 1501 5473 ait
1537 5438 1554 5474 :
1595 5424 1773 5487 itaque

213 5521 318 5556 non
350 5492 674 5555 dormiamus
701 5500 905 5552 sicutet
935 5496 1135 5558 caueri,
1160 5495 1250 5548 sed
1283 5492 1577 5561 \igilemus,
1608 5497 1661 5544 et
1687 5507 1776 5544 so-

215 5573 521 5627 briisimus.
555 5570 682 5624 Nam
707 5571 794 5636 qui
838 5565 1131 5628 dormiunt,
1185 5575 1339 5636 nocte
1385 5563 1669 5623 dormiunt,
1721 5575 1773 5636 et

212 5645 303 5710 qui
330 5645 670 5698 inebriantur.
705 5634 1014 5710 nocteebrii
1037 5645 1178 5690 sunt.
1205 5634 1524 5710 Nosqautem
1557 5636 1642 5710 qui
1682 5635 1774 5710 Dei

213 5703 424 5776 sumus,
455 5713 830 5765 sobriisumns.
860 5707 921 5758 Et
946 5709 1070 5761 mire
1098 5706 1352 5758 concludit
1377 5720 1392 5756 :
1413 5705 1555 5776 Sive,
1588 5703 1768 5769 inquit,

220 5783 516 5853 vigilemus,
547 5783 656 5835 sive
685 5781 1030 5843 dormiamus,
1056 5778 1209 5833 simul
1239 5792 1359 5831 cum
1393 5775 1483 5827 illo
1513 5777 1767 5831 vit/smus.

1889 4509 2098 4582 t_amini,
2136 4509 2365 4582 viriliter
2410 4513 2572 4580 agile.
2625 4509 2722 4567 Sic
2767 4521 2814 4565 et
2853 4515 2920 4566 ad
2964 4513 3208 4582 Ephesios
3247 4521 3470 4572 scribit."

1887 4578 2112 4633 Oraules
2135 4579 2186 4632 itt
2209 4581 2351 4657 omni
2382 4578 2621 4648 tempore
2635 4584 2700 4657 _in
2725 4584 2934 4657 spi'_itu.
2973 4578 3035 4657 Et
3066 4587 3173 4648 ipse
3203 4588 3488 4657 vigilantis.

1886 4665 2086 4718 quoque
2114 4652 2396 4723 exemplum
2419 4668 2606 4720 ponens
2629 4653 2680 4704 in
2704 4655 2934 4723 catalogo
2959 4655 3196 4708 virtutum
3225 4652 3481 4723 εἱιιινιιηι,,

1889 4724 2118 4792 fructum
2141 4723 2204 4772 de
2225 4721 2424 4792 uigiliis
2452 4722 2622 4792 multis
2649 4724 2789 4786 apud
2814 4722 3101 4775 Corinthos
3132 4725 3400 4792 gloriatur.

1957 4785 1983 4825 ά
2029 4789 2166 4842 Etlit.
2220 4785 2459 4853 Ilii-rom,
2515 4791 2834 4844 Gustnndum
2887 4792 3022 4843 enim
3075 4785 3291 4853 videtur,
3339 4797 3476 4859 quia.

1882 4859 2058 4912 suavis
2089 4867 2171 4916 est
2201 4859 2472 4926 Dominus,
2505 4863 2630 4913 sicut
2662 4864 2902 4930 scriptum
2930 4870 3022 4913 est.
3056 4861 3156 4923 Qui
3182 4878 3321 4930 ergo,
3346 4874 3448 4916 ctu.

1954 4938 1978 4996 ἓ
2013 4930 2138 4982 Post
2168 4931 2280 4982 huic
2319 4931 2479 4982 verba
2522 4931 2572 4982 in
2610 4932 2736 4983 e.‘it.
2781 4933 2992 4982 Hieron.
3047 4933 3194 4996 plura
3241 4945 3454 4985 eXstant

1879 5015 1995 5064 qua:
2021 4998 2105 5052 hic
2133 4999 2522 5052 desiderantur.
2556 5002 2689 5054 Sunt
2719 4999 2976 5059 eiusmodi
3005 5015 3019 5052 :
3061 5001 3186 5052 Inde
3215 5002 3456 5057 tliultolns

1879 5070 2164 5141 diuinarum
2192 5086 2386 5135 semper
2412 5085 2580 5121 rerum
2602 5070 2816 5141 callidus
2845 5069 3133 5132 (animator,
3166 5072 3290 5124 sicut
3310 5078 3456 5141 jeju-

1880 5139 1964 5191 nia
1993 5148 2037 5190 et
2063 5141 2420 5208 virginitatem,
2452 5155 2582 5191 rana
2611 5139 2913 5204 baptismum
2944 5148 2989 5191 et
3010 5141 3184 5194 inania
3212 5135 3424 5196 suum
3441 5174 3451 5182 -

1876 5209 2010 5261 tibus
2049 5211 2186 5261 dedit
2228 5226 2245 5263 :
2294 5210 2362 5261 itu
2402 5219 2447 5260 et
2483 5208 2579 5281 (tot:
2619 5219 2848 5281 sanctum
2893 5213 3159 5264 a‘mulutus
3208 5212 3447 5281 omnium,

1877 5287 2122 5348 nocturna
2151 5295 2294 5331 sacra
2323 5290 2368 5330 et
2397 5279 2592 5348 uigilias
2623 5279 2728 5330 suis
2751 5284 3193 5334 comessationi'us
3221 5279 3444 5335 (tl-ltlitttt.

1883 5346 2029 5401 Unde
2049 5352 2160 5418 jam
2189 5346 2572 5415 nostriﬂtl'eles,
2604 5349 2648 5400 si
2676 5352 2737 5400 de
2761 5366 2974 5402 suorum
3004 5352 3318 5403 institutione
3344 5369 3446 5404 non

1877 5420 2159 5472 excitantur
2188 5421 2254 5472 arl
2283 5418 2538 5471 habendas
2559 5421 2753 5486 vigilias
2780 5437 2949 5473 sacras
2977 5422 3030 5473 in
3055 5423 3264 5472 aduersu
3285 5423 3442 5472 uarie-

1877 5491 1996 5541 tatis
2034 5492 2365 5548 usurpatione
2402 5500 2678 5554 cernentes,
2722 5491 2918 5544 alienas
2965 5508 2996 5543 α
3029 5491 3119 5541 [)ei
3159 5491 3303 5542 rebus
3343 5507 3446 5543 noui

1876 5573 1981 5612 esse
2011 5560 2266 5629 fateantur
2296 5575 2314 5612 :
2345 5575 2467 5626 quas
2499 5576 2599 5611 non
2628 5564 2952 5613 wtttularetur
2982 5560 3180 5627 iniquus
3209 5561 3274 5612 ad
3301 5562 3444 5612 dere-

1878 5631 2120 5692 ptionem,
2151 5634 2246 5684 nisi
2279 5631 2383 5683 Deo
2426 5629 2636 5696 placitas
2685 5645 2794 5682 esse
2837 5638 3149 5697 cognosceret
3196 5633 3260 5682 ad
3308 5633 3441 5683 cele—

1877 5697 2125 5823 brutluium
2149 5701 2555 5757 benedictionem.
2592 5698 3097 5768 Tamcu,cltttrissimi
3129 5702 3326 5771 fratres,
3356 5701 3460 5771 qui-

1879 5784 1973 5823 Νη
1999 5781 2072 5823 at.
2093 5780 2202 5823 etc.
2337 5791 2346 5799 ο

1879 5771 2072 5837 c'gilat,
2093 5780 2202 5826 etc.
