3968 6166
420 370 518 427 37!

1873 382 1926 437 S.
1972 382 2217 439 NICETII

3565 386 3665 441 372

417 518 657 575 apertum
686 512 920 581 Christo,
954 510 1007 570 ut
1047 533 1165 588 quae
1207 519 1359 577 labiis
1396 536 1667 590 sammus’
1702 527 1863 581 corde
1902 537 1992 583 ιεά
2021 525 2070 582 Α
2098 518 2212 556 non.
2229 501 2389 556 etiam
2415 501 2481 556 de
2510 514 2694 556 earum
2726 506 2906 555 sancta
2936 498 3163 554 utilitate
3200 498 3339 554 dicta
3378 500 3663 555 sufliciuut.

418 615 657 657 ncantus.
684 603 832 659 Tunc
858 616 1015 661 erunt
1043 612 1403 687 aeceptabiles
1432 615 1571 681 apud
1596 617 1760 671 Deum
1795 627 1990 673 nostra:

413 691 636 760 vigiliae,
688 703 812 748 tune
859 700 1190 764 pernoctatio
1230 702 1510 768 salutaris,
1555 705 1600 758 si
1652 714 1992 775 competente

411 780 683 851 diligentia
713 795 766 838 et
792 784 1076 842 devotione
1104 790 1334 859 sincera,
1358 793 1713 850 ministerium
1746 806 1986 853 nostrum

412 870 607 937 divinis
633 875 902 931 obtutibus
929 878 1205 939 offeratur.

430 1041 435 1049 _
484 961 610 1018 Haec
642 964 707 1019 de
738 967 1034 1036 vigiliarum
1073 972 1387 1027 auctoritate
1424 983 1479 1029 et
1516 978 1849 1047 antiquitate,
1883 993 1983 1033 nec

2099 593 2175 646 De
2198 592 2512 663 hymnorum
2539 601 2714 645 autem
2742 590 3175 659 psalmorumque
3199 589 3485 644 devotiOne
3509 604 3666 658 quam

2092 690 2240 750 grata
2281 681 2387 735 sint
2424 690 2478 736 et
2514 680 2863 749 acceptabilia
2887 679 3017 746 Deo,
3051 693 3193 733 nunc
3219 679 3664 748 quantulumcun-

2092 787 2197 842 que
2218 771 2504 836 dixissem,
2530 771 2633 825 nisi
2659 770 2795 825 ratio
2825 769 3081 839 prolixior
3107 769 3355 824 volumen
3395 770 3543 853 aliud
3574 784 3669 838 po-

2092 862 2321 916 stularet
2344 878 2358 913 :
2385 860 2525 931 quod
2552 860 2775 916 Domino
2804 860 3062 929 largiente
3099 861 3345 930 sequenti
3387 860 3670 916 exhibebi-

2093 963 2180 1009 tur
2207 953 2459 1008 lectione.

470 1059 2123 1084 M—

1739 1107 2204 1170 OPUSCULUM
2266 1107 2345 1168 II.

1671 1208 1760 1267 De
1800 1203 2171 1268 Psalmodia:
2252 1200 2428 1264 bona.

921 1302 1145 1363 CAPUT
1184 1308 1467 1366 PRIMUM.

483 1393 559 1448 De
585 1394 895 1462 psalmodiae
927 1396 1068 1452 bono
1103 1398 1343 1456 dicamus
1372 1416 1489 1471 quae
1529 1401 1684 1457 nobis
1710 1401 1851 1459 Deus
1888 1402 1984 1458 do-

411 1497 543 1537 nare
570 1483 838 1555 dignatur.
866 1485 973 1542 Nos
1004 1487 1207 1557 itaque,
1242 1490 1566 1560 charissimi,
1594 1494 1685 1563 qui
1725 1503 1831 1548 tam
1863 1507 1984 1562 pro-

413 1571 641 1640 pbeticis
661 1590 820 1645 quam
840 1578 1161 1646 evangelicis
1185 1589 1240 1635 et
1260 1583 1565 1650 apostolicis
1585 1598 1769 1639 sumus
1794 1597 1982 1639 omnes

413 1661 607 1716 eruditi
638 1662 978 1733 magisteriis,
1002 1681 1226 1737 quorum
1259 1671 1413 1725 nobis
1441 1671 1578 1726 dicta
1610 1682 1662 1730 et
1690 1671 1827 1727 facta
1858 1681 1982 1728 ante

412 1753 594 1808 oculos
640 1769 1019 1824 proponamus,
1075 1774 1174 1829 per
1214 1776 1347 1831 quos
1401 1778 1584 1819 sumus
1635 1779 1794 1818 omne
1843 1764 1983 1833 quod

413 1859 598 1901 sumus
628 1854 717 1899 :et
741 1862 897 1915 quam
927 1849 1031 1903 sint
1063 1860 1211 1919 grata
1256 1860 1311 1907 et
1338 1862 1554 1921 accepta
1586 1853 1696 1909 Deo
1726 1854 1984 1923 Spiritalia

413 1935 641 2005 cantica,
683 1953 714 1990 a
741 1938 1035 2007 primordio
1076 1951 1399 2011 repetentes,
1447 1944 1635 1999 iisdem
1680 1944 1986 2000 auctoribus

412 2042 733 2084 asscramus.
783 2030 839 2086 Si
875 2042 1050 2086 autem
1100 2048 1397 2103 quaeramus
1443 2037 1561 2105 quis
1597 2038 1833 2091 omnium
1878 2039 1988 2107 pri-

414 2135 533 2175 mus
560 2122 660 2176 hoe
691 2137 857 2192 genus
886 2124 1165 2190 invexerit,
1202 2142 1306 2181 non
1354 2129 1655 2183 invenimus
1693 2130 1856 2183 alium
1885 2130 1986 2184 nisi

412 2210 672 2281 Moysem,
705 2213 793 2280 qui
839 2215 1104 2268 canticum
1136 2216 1243 2270 Deo
1274 2217 1476 2286 insigne
1502 2220 1749 2287 gestavit,
1778 2221 1988 2291 quando

413 2315 665 2368 percussa
720 2302 953 2373 Egypto
1000 2306 1184 2360 decem
1238 2308 1426 2378 plagis,
1475 2318 1529 2363 et
1574 2310 1848 2366 Pharaone
1896 2312 1989 2367 de-

412 2406 609 2458 merso,
639 2396 866 2465 populus
896 2410 991 2464 per
1029 2398 1233 2451 inueta
1278 2399 1438 2452 maris
1483 2400 1671 2455 itinera
1711 2403 1777 2455 ad
1809 2402 1991 2457 deser-

412 2493 523 2536 tum
565 2484 986 2552 gratulabundus
1027 2502 1274 2557 egressus
1305 2500 1406 2553 est,
1438 2488 1622 2545 dicens
1656 2509 1665 2542 :
1720 2491 1990 2546 Cantemus

413 2573 673 2643 Domino;
702 2580 921 2648 gloriose
947 2580 1079 2632 enim
1107 2580 1470 2650 Itonori/icatus
1501 2595 1569 2636 est
1587 2583 1777 2652 (Exod.
1794 2580 1888 2650 xv,
1914 2585 1987 2652 1).

413 2668 626 2724 Primus
671 2670 829 2740 igitur
859 2671 1068 2741 Moyses
1107 2674 1210 2727 dux
1254 2675 1485 2728 tribuum
1540 2674 1750 2730 lsraelis
1797 2677 1991 2730 choros

416 2760 666 2841 instituit,
701 2770 753 2816 et
777 2771 1058 2831 utrumque
1103 2777 1286 2817 sexum
1315 2764 1580 2819 distinctis
1607 2766 1889 2833 classibus,
1933 2781 1991 2820 se

320 2866 347 2889 ι
417 2842 480 2905 ac
503 2848 692 2908 sorore
718 2862 1007 2920 praaeuute,
1034 2865 1251 2910 cantare
1276 2855 1497 2910 Domino
1520 2857 1782 2911 canticum
1808 2858 1992 2911 trium—

421 2940 575 3009 phale
604 2942 902 3010 perdocuit.
936 2942 1278 2999 Postmodum
1306 2945 1543 3000 Debbora
1578 2946 1767 3001 nobilis
1797 2947 1991 3002 femina

421 3030 475 3085 in
523 3032 657 3105 libro
701 3032 943 3087 iudicum
996 3034 1093 3091 hoc
1140 3036 1434 3090 ministerio
1482 3037 1659 3091 functa
1706 3039 1993 3105 reperitur.

376 3144 379 3145 ν
419 3097 743 3189 ipse‘tamcn
778 3124 980 3193 Moyses
1024 3140 1054 3180 e
1095 3140 1318 3194 corpme
1363 3141 1671 3182 recesurus
1706 3128 1992 3188 terrificum

425 3229 641 3269 carmen
687 3214 738 3267 in
782 3214 1190 3270 Deuteronomio
1243 3218 1485 3282 iteravit;
1551 3218 1689 3288 quod
1735 3219 1991 3289 scriptum

2089 1306 2381 1362 contribuit
2421 1305 2694 1370 Psalmus;
2757 1319 2857 1360 nec
2907 1307 3213 1373 peccatores
3262 1304 3529 1373 despicit,
3582 1305 3672 1359 sed

2091 1397 2386 1454 remedium
2423 1398 2502 1452 eis
2531 1411 2623 1465 per
2658 1396 3025 1465 paenitentiam
3061 1397 3413 1467 lacrymosam
3442 1396 3674 1450 salubri-

2093 1497 2174 1543 ter
2211 1487 2420 1557 ingerit.
2469 1484 2725 1541 Dominus
2773 1485 2953 1553 itaque
2978 1485 3118 1540 Deus
3157 1494 3340 1540 noster
3375 1499 3471 1554 per
3506 1484 3672 1539 David

2091 1592 2305 1634 servum
2344 1590 2499 1632 suum
2541 1576 2773 1632 confecit
2817 1579 3114 1646 potionem,
3148 1592 3268 1647 quae
3315 1577 3486 1632 dulcis
3535 1586 3677 1633 esset

2090 1678 2245 1740 gustu
2286 1682 2381 1739 per
2416 1667 2799 1733 cantationem,
2845 1677 2907 1723 et
2943 1668 3133 1723 efficax
3175 1667 3243 1722 ad
3282 1668 3526 1723 curanda
3564 1669 3674 1721 vul-

2091 1775 2219 1815 nera
2250 1766 2588 1826 peccatorum
2618 1771 2715 1827 per
2742 1771 2896 1814 suam
2930 1757 3201 1812 virtutem.
3257 1757 3500 1813 Suaviter
3533 1759 3672 1812 enim

2095 1850 2336 1905 Psalmus
2362 1847 2574 1902 auditur
2604 1847 2729 1903 dum
2759 1848 2989 1913 canitur,
3018 1858 3262 1917 penetrat
3289 1847 3531 1902 animum
3557 1862 3672 1901 eum

2017 1925 2064 1984 Β
2090 1939 2347 2004 delectat;
2387 1936 2543 1993 facile
2581 1938 2778 1993 Psalmi
2821 1938 3083 1993 memoria
3121 1939 3438 2005 retinentur,
3478 1937 3534 1993 si
3572 1937 3675 1993 fre-

2090 2040 2318 2101 quenter
2357 2029 2680 2098 psallantur;
2721 2038 2780 2085 et
2810 2029 2950 2099 quod
2988 2029 3121 2099 legis
3157 2032 3443 2084 austeritas
3477 2029 3554 2083 ab
3579 2029 3672 2083 bn-

2089 2120 2264 2175 manis
2295 2119 2560 2174 mentibus
2590 2128 2909 2187 extorquere
2941 2133 3045 2173 non
3081 2126 3317 2186 poterat,
3348 2120 3403 2173 hi
3432 2133 3538 2188 per
3562 2119 3676 2173 dul-

2089 2211 2332 2265 cedinem
2376 2209 2637 2264 cantionis
2687 2208 2997 2264 excludunt.
3053 2207 3184 2262 Nam
3240 2208 3500 2278 quidquid
3550 2209 3677 2264 Pro-

2091 2302 2296 2372 pbetaa,
2335 2301 2589 2371 quidquid
2624 2301 2912 2370 Evangelia
2950 2299 3063 2369 ipsa
3104 2301 3444 2370 praecipiunt,
3489 2301 3551 2356 in
3596 2301 3676 2356 his

2091 2394 2422 2451 carminibus
2453 2394 2600 2449 suavi
2631 2394 3001 2449 meditantium
3028 2392 3311 2449 dulcedine
3347 2394 3674 2450 continetur.

2165 2486 2305 2540 Deus
2339 2485 2637 2539 ostenditur
2671 2491 2731 2539 ut
2775 2484 3045 2551 timeatur,
3082 2484 3365 2539 simulacra
3409 2484 3673 2549 ridentur,

2089 2574 2290 2642 justitia
2321 2574 2596 2643 ingeritur,
2633 2573 2884 2643 iniquitas
2925 2573 3266 2643 prohibetur,
3307 2575 3676 2629 misericordia

2093 2666 2356 2731 laudatur,
2407 2664 2753 2720 incredulitas
2799 2665 3094 2732 abdicatur,
3126 2666 3322 2721 veritas
3362 2666 3673 2737 requiritur,

2097 2758 2377 2812 mendacia
2430 2759 2772 2825 damnantur,
2824 2759 2977 2815 dolus
3023 2770 3325 2826 accusatur,
3371 2762 3674 2817 innocentis

2096 2848 2444 2912 collaudatur,
2490 2850 2735 2919 superbia
2777 2850 3042 2919 dejieitur,
3087 2851 3355 2906 humilitas
3412 2852 3665 2907 sublima-

2098 2948 2202 3007 tur,
2235 2940 2546 3008 paenitentia
2588 2940 2923 3009 praedicatur,
2959 2956 3060 3010 pax
3097 2942 3367 3009 sequenda
3396 2941 3699 3010 depromi»

2098 3040 2202 3088 tur.
2234 3032 2430 3087 Contra
2476 3033 2717 3088 inimicos
2762 3033 3023 3101 protectlo
3068 3033 3383 3102 postulatur,
3439 3033 3676 3088 vindicta

2098 3122 2444 3193 promittitur,
2497 3136 2621 3192 spes
2670 3132 2818 3179 certa
2865 3125 3227 3188 nutritur;,et
3273 3125 3414 3193 quod
3464 3124 3551 3180 his
3598 3134 3681 3180 est

2099 3213 2346 3267 omnibus
2376 3213 2579 3269 excelle
2601 3214 2745 3277 itius,
2774 3215 2825 3268 in
2856 3214 3083 3269 Psalmis
3109 3214 3305 3269 Christi
3335 3227 3680 3271 sacramenta

429 3306 730 3358 testamenti
763 3306 873 3359 vice
901 3306 1095 3375 populo
1124 3306 1429 3377 dereliquit,
1472 3311 1612 3365 unde
1652 3314 1849 3366 scirent
1878 3328 1994 3380 qute

2104 3310 2396 3358 cantantur.
2448 3304 2579 3358 Nam
2610 3313 2663 3359 et
2691 3306 2967 3375 generatio
2998 3306 3114 3375 ejus
3140 3308 3485 3376 exprimitur,
3518 3317 3577 3364 et
3604 3324 3681 3364 re~

429 3412 584 3464 poma
610 3406 663 3451 et
684 3399 865 3467 quales
896 3414 988 3453 cos
1033 3400 1505 3456 contribulationes
1549 3412 1917 3472 sequerentur,
1951 3406 1997 3460 si

428 3502 456 3537 a
489 3486 711 3540 Doman
758 3490 1121 3544 recessissent.
1173 3490 1368 3546 Omnes
1410 3493 1590 3547 miseri
1637 3506 1797 3564 atque
1840 3497 1998 3551 mise-

431 3577 604 3643 randi,
638 3580 723 3648 qui
772 3579 861 3633 tali
909 3590 1118 3650 tamque
1158 3583 1390 3638 evidenti
1439 3584 1839 3641 denuntiatione
1865 3604 1998 3657 pra:-

431 3669 674 3722 termissa
725 3669 1006 3724 noluerunt
1044 3686 1072 3725 a
1105 3672 1336 3740 puccatis
1374 3682 1427 3727 et
1465 3673 1533 3728 ab
1571 3674 1768 3730 illicitis
1813 3692 1999 3746 super-

433 3753 735 3811 stitionibus
764 3772 1083 3827 przecavcre.

501 3844 616 3901 Jam
646 3861 775 3901 vero
805 3859 985 3917 postea
1016 3848 1209 3904 multos
1238 3851 1472 3908 invenies
1504 3871 1606 3908 non
1634 3856 1802 3909 solum
1835 3858 1997 3921 viros,

430 3938 521 3986 sed
548 3935 706 3989 etiam
732 3937 953 3993 feminas
974 3940 1172 4008 Spiritu
1202 3941 1381 3995 divino
1410 3944 1723 4012 completas,
1749 3944 1839 4000 Dei
1867 3947 2002 4000 ceci-

432 4024 576 4081 uisse
617 4030 886 4099 mysteria,
919 4032 1075 4085 etiam
1110 4042 1232 4089 ante
1262 4035 1449 4102 David,
1482 4037 1574 4105 qui
1617 4052 1645 4090 a
1685 4041 1906 4105 pueritia
1950 4044 1998 4093 iu

434 4117 534 4170 lzue
574 4131 764 4173 munus
801 4134 829 4173 a
860 4120 1086 4177 Domino
1130 4126 1431 4193 specialiter
1477 4127 1697 4193 electus,
1732 4140 1785 4182 et
1816 4141 2000 4184 canto-

430 4219 545 4257 rum
586 4207 857 4278 princeps,
887 4214 1180 4266 carminum
1224 4216 1502 4275 thesaurus
1541 4232 1660 4271 esse
1689 4219 1999 4285 promeruit.

428 4296 528 4359 Qui
574 4298 748 4351 adhuc
786 4315 913 4365 puer
960 4317 1006 4354 .n
1047 4303 1252 4356 cithara
1292 4307 1528 4359 suaviter
1568 4308 1879 4376 fortiterque
1918 4324 2000 4362 ca~

431 4399 585 4449 nens,
628 4388 915 4457 malignum
954 4392 1197 4459 spiritum
1237 4396 1326 4461 qui
1374 4396 1694 4463 0p~rabatur
1736 4397 1788 4450 in
1822 4398 1999 4464 Saule,

431 4476 760 4541 compescuit
801 4491 815 4527 :
862 4492 969 4531 non
1024 4495 1129 4547 quo
1172 4482 1387 4536 citharae
1444 4483 1584 4537 illius
1651 4493 1791 4539 tanta
1840 4485 2005 4542 virtus

430 4574 576 4626 erat,
608 4565 702 4618 sed
734 4567 854 4634 quia
891 4568 1052 4636 ﬁgura
1085 4570 1258 4625 crucis
1286 4572 1517 4641 Christi,
1550 4591 1666 4639 qua:
1698 4576 1750 4629 in
1780 4576 1921 4645 ligno
1950 4591 2001 4632 et

432 4656 748 4712 extensione
789 4673 1071 4714 nervorum
1119 4663 1343 4731 mystice
1388 4665 1688 4735 gerebatur,
1722 4667 1833 4737 jam
1882 4681 2005 4723 tunc

429 4747 680 4816 spiritum
708 4749 937 4805 diﬁlllOlli
995 4754 1348 4822 opprimebat.

504 4841 638 4906 Quid
678 4841 729 4896 in
767 4842 849 4898 bis
884 4844 1106 4902 Psalmis
1140 4862 1243 4902 non
1288 4848 1529 4906 invenies
1566 4852 1704 4921 quod
1746 4854 1902 4910 faciat
1939 4857 2005 4911 ad

431 4935 711 4991 utifitatem
759 4947 812 4991 et
848 4939 1290 5006 mdiﬁcatiouem,
1335 4944 1399 4997 ad
1444 4945 1858 5002 consolationem
1907 4950 2004 5003 hu-

431 5028 572 5078 mani
612 5029 850 5100 generis,
895 5032 1235 5101 conditionis,
1266 5051 1447 5101 sexus,
1489 5038 1694 5092 atatis?
1743 5041 1908 5095 llahet
1955 5044 2004 5096 in

432 5119 659 5174 Psalmis
693 5123 863 5179 iulans
886 5128 1009 5192 quid
1046 5128 1256 5192 lacteat,
1295 5145 1426 5199 puer
1449 5132 1573 5201 quid
1606 5134 1799 5199 laudet,
1831 5136 2011 5191 adole-

430 5226 587 5267 scens
620 5214 745 5281 quid
785 5218 1015 5286 corrigat
1043 5222 1202 5285 viam,
1233 5221 1441 5291 juvenis
1471 5225 1595 5293 quid
1627 5238 1900 5296 sequatur,
1928 5244 2011 5282 se-

436 5307 557 5360 nior
584 5304 709 5375 Quid
746 5318 1013 5373 precetur.
1050 5311 1209 5366 Discit
1242 5313 1435 5369 femina
1470 5317 1795 5384 pudicitiam,
1830 5320 2010 5387 pupilli

431 5398 708 5450 inveniunt
741 5407 965 5464 patrem,
994 5399 1165 5454 vidnte
1192 5402 1452 5471 judicent,
1492 5421 1747 5478 pauperes
1791 5425 2011 5476 perspe-

430 5500 657 5553 cturem,
689 5490 912 5545 advenae
939 5492 1238 5554 custodem,
1269 5496 1490 5548 audiunt
1524 5513 1674 5564 reges
1698 5498 2013 5569 judiccsque

432 5581 557 5648 quid
591 5584 828 5638 timeant.
875 5582 1113 5637 l‘salmus
1139 5582 1319 5637 tristes
1346 5590 1669 5650 consolatur,
1702 5588 1848 5641 laetos
1882 5602 2013 5644 tem-

434 5683 608 5739 perat,
660 5676 823 5730 iratos
863 5677 1088 5745 mit’gat,
1142 5692 1175 5744 p
1212 5691 1400 5742 uperes
1438 5689 1663 5741 recreat,
1715 5680 1907 5735 divites
1955 5691 2013 5736 ut

436 5775 495 5813 se
531 5772 819 5827 agnoscant
855 5766 1136 5829 admonet,
1178 5775 1232 5820 et
1276 5781 1339 5819 ne
1387 5768 1694 5833 superbiant
1741 5770 2005 5837 increpat;

444 5851 692 5904 omnibus
720 5855 933 5907 omnino
963 5870 1023 5908 su
1056 5856 1369 5925 eipicutibus
1402 5874 1460 5912 se
1487 5867 1659 5926 aptant
1695 5861 2007 5917 medicinam

2094 3393 2256 3463 jectio
2276 3394 2447 3462 plebis
2478 3394 2674 3464 impiae,
2700 3406 2753 3450 et
2773 3397 3007 3465 gentium
3037 3396 3319 3452 haereditas
3347 3398 3682 3467 nominatur,

2103 3484 2330 3540 virtutes
2357 3484 2566 3539 Domini
2597 3495 2899 3553 cantantur,
2942 3487 3119 3556 passio
3147 3488 3452 3544 veneranda
3487 3489 3685 3557 depin-

2100 3575 2259 3644 gitur,
2292 3576 2615 3631 resurrectio
2636 3577 2866 3646 gloriosa
2911 3588 3257 3642 monstratur,
3289 3580 3448 3635 sedes
3473 3595 3687 3650 quoque

2101 3662 2167 3721 ad
2209 3667 2483 3723 dexteram
2531 3669 2843 3724 mirabiliter
2881 3670 3202 3741 depingitur.
3257 3671 3459 3727 Deinde
3499 3674 3687 3743 igneus

2104 3758 2311 3812 Domini
2362 3757 2726 3814 manifestatur
2764 3761 3048 3826 adventus,
3093 3763 3328 3818 terribile
3356 3763 3425 3818 de
3455 3766 3595 3818 vivis
3636 3775 3691 3820 et

2103 3850 2327 3903 mortuis
2352 3849 2608 3918 judicium
2643 3851 2907 3919 panditur.
2964 3852 3096 3920 Quid
3131 3854 3325 3921 plura?
3359 3854 3539 3908 Etiam
3568 3856 3693 3924 Spi-

2104 3944 2236 3997 ritus
2263 3944 2491 3997 ereantis
2524 3946 2774 4011 emissio,
2806 3956 2858 4000 et
2890 3956 3044 4001 terra:
3075 3947 3346 4003 renovatio
3373 3949 3686 4004 revelatur:

2104 4041 2359 4102 postqum
2385 4034 2486 4088 erit
2514 4034 2564 4088 in
2589 4035 2756 4104 gloria
2784 4037 2989 4092 Domini
3017 4039 3397 4105 sempiternum
3419 4039 3689 4108 iustorum

2105 4137 2342 4192 regnum,
2370 4133 2811 4195 peccatorumque
2834 4141 3065 4195 perenne
3093 4128 3428 4198 supplicium.

2733 4240 2955 4296 CAPUT
2998 4241 3061 4296 ll.

2097 4349 2101 4352 ~
2179 4330 2301 4383 llmc
2327 4338 2449 4383 sunt
2481 4332 2685 4385 cantica
2716 4330 2807 4384 Dei
2838 4346 2957 4401 qua:
2986 4332 3129 4386 canit
3156 4331 3415 4387 catholica
3445 4332 3689 4388 Ecclesia

2110 4419 2225 4473 Dei.
2273 4420 2396 4473 llzec
2424 4429 2546 4473 sunt
2574 4434 2691 4490 qua:
2722 4421 2807 4476 hic
2836 4431 3016 4477 noster
3044 4433 3338 4477 conventus
3364 4438 3502 4478 sono
3529 4424 3693 4478 etiam

2106 4509 2251 4565 vocis
2281 4520 2493 4565 exercet
2522 4527 2535 4564 :
2568 4511 2682 4566 hate
2717 4526 2819 4566 non
2858 4513 3029 4567 Solum
3070 4522 3342 4567 cautorem
3381 4528 3490 4567 non
3520 4513 3694 4568 restil-

2110 4609 2259 4666 vunt,
2291 4602 2382 4655 sed
2410 4600 2581 4670 p0tius
2606 4601 2889 4671 stringunt.
2930 4603 3052 4657 llaec
3081 4603 3289 4658 cantica
3318 4604 3531 4672 placent
3562 4605 3697 4673 Deo,

2115 4688 2202 4741 ubi
2234 4697 2400 4744 totum
2428 4688 2569 4758 quod
2610 4691 2783 4760 agitur
2811 4700 3015 4761 spectat
3045 4691 3112 4746 ad
3147 4692 3371 4762 gloriam
3399 4692 3697 4748 Creatoris.

2112 4778 2300 4833 Merito
2349 4780 2487 4836 idem
2531 4780 2789 4848 prepheta
2834 4795 3020 4835 omnes
3062 4790 3115 4836 et
3160 4782 3341 4837 omnia
3370 4782 3440 4836 ad
3487 4782 3698 4836 laudem

2115 4869 2209 4925 Dei
2255 4881 2442 4925 cuncta
2474 4872 2819 4940 gubernantis
2842 4862 3084 4927 hortatur
3110 4873 3295 4928 dicens
3321 4890 3335 4926 :
3374 4875 3554 4927 Omnis
3585 4875 3697 4944 api.

2112 4964 2240 5017 ritus
2270 4962 2445 5018 laudet
2473 4961 2745 5016 Dominum
2774 4964 2945 5034 (Psal.
2978 4981 3067 5032 CL,
3095 4965 3171 5035 6).
3198 4965 3267 5020 Se
3291 4966 3463 5035 ipsum
3487 4981 3701 5034 quoque

2116 5053 2370 5120 pollicens
2418 5052 2748 5107 laudatorem
2792 5052 3003 5109 dicebat
3039 5070 3055 5109 :
3101 5053 3345 5109 Laudabo
3383 5068 3565 5108 nomen
3598 5055 3705 5109 Do-

2115 5142 2241 5194 mini
2271 5157 2384 5194 cum
2414 5143 2631 5206 cantico,
2663 5152 2709 5195 et
2740 5143 3076 5215 magni/icabo
3101 5160 3213 5197 eum
3244 5144 3297 5197 in
3342 5145 3495 5200 laude
3519 5142 3699 5215 (Psal.

2114 5236 2412 5306 vaut,5l).
2433 5231 2667 5287 Laudato
2690 5232 2968 5287 Dominum
3002 5234 3054 5289 in
3078 5236 3180 5288 vita
3204 5244 3400 5299 vestra,
3426 5235 3701 5289 immolate

2116 5323 2226 5378 Deo
2249 5324 2568 5378 sacrificium
2595 5325 2762 5379 laudis
2789 5343 2883 5394 pro
2904 5328 3079 5381 ultima
3100 5337 3154 5382 et
3176 5329 3278 5381 vita
3302 5339 3496 5391 vestra,
3517 5337 3574 5380 et
3602 5344 3703 5396 per

2116 5414 2286 5481 ipsum
2317 5414 2618 5469 ostenditur
2646 5416 2797 5470 vobis
2828 5417 2879 5471 in
2910 5418 3086 5472 anima
3116 5429 3312 5486 vestra,
3345 5433 3446 5489 qua
3476 5419 3538 5472 ad
3571 5417 3700 5487 ejus

2121 5507 2441 5572 perveniatis
2477 5509 2727 5563 salutare.

2194 5597 2429 5651 Delectat
2473 5598 2752 5655 Dominum
2795 5611 3035 5658 nostrum
3083 5603 3151 5659 de
3190 5619 3319 5672 pura
3368 5602 3699 5658 conscientia

2119 5685 2234 5740 laus
2264 5689 2487 5752 emissa,
2530 5690 2661 5744 sicut
2696 5692 2835 5746 idem
2865 5692 3108 5747 hortatur
3136 5693 3579 5764 hymnigraphus,
3613 5695 3697 5746 dio

2119 5790 2243 5829 cens
2270 5793 2281 5829 :
2311 5775 2540 5831 Laudate
2566 5779 2862 5848 Dominum,
2885 5786 3002 5852 quia
3028 5788 3182 5837 bonus
3205 5798 3278 5840 cst
3304 5788 3554 5853 psalmus;
3583 5784 3697 5837 Deo

2121 5878 2288 5921 nostra
2311 5870 2618 5937 sitjucnnda
2641 5873 2919 5944 decoraque
2943 5876 3168 5930 lclndliIio
3189 5877 3356 5949 (νισι.
3376 5893 3588 5942 exutv,
3611 5879 3692 5946 5).
