3968 6166
284 401 355 456 ηδ

1684 384 2054 441 Ol‘USCULA.

3399 378 3497 430 ΞΠ

253 506 393 564 lianc
433 504 706 560 scientiam
751 515 963 573 gerens,
1010 503 1107 555 hoc
1151 498 1381 554 ofticium
1418 497 1527 552 Deo
1557 498 1806 565 placitum
1842 502 1890 555 A
1991 494 2125 562 Quid
2168 494 2266 547 hac
2306 492 2530 548 utilitate
2568 490 2922 554 commodius,
2963 491 3087 559 quid
3133 491 3229 546 hac
3267 490 3499 543 delet-ta-

254 598 421 653 sciens
445 595 582 649 idem
611 591 886 647 Psalntista
916 598 1175 645 testatur:
1204 588 1400 656 Septies
1431 587 1481 639 in
1513 586 1593 639 die
1615 586 1815 638 laudent

254 690 360 743 dixi
387 688 474 741 tibi
495 685 667 756 (Psal.
691 698 874 748 cxvttt,
897 681 1041 751 164).
1079 677 1145 734 Et
1169 679 1341 733 adhuc
1369 676 1596 744 amplius
1620 674 1817 742 aliquid

256 781 571 848 pollicetur:
608 777 677 831 Et
712 777 903 846 lingua,
937 773 1127 842 inquit,
1163 788 1275 826 mea
1315 771 1634 825 meditabitur
1666 769 1820 840 justi-

256 870 376 921 tiam
420 878 580 934 tuam,
622 874 727 919 tota
761 864 842 919 die
879 864 1079 917 laudem
1125 872 1261 915 tuam
1292 859 1461 929 (P'sal.
1488 874 1672 919 xxxtv,
1700 858 1817 927 928).

253 956 529 1013 Sentiebat
556 948 700 1011 enim
737 954 852 1010 sine
881 953 1042 1009 dubio
1066 952 1132 1008 de
1164 953 1259 1007 tali
1291 966 1451 1020 Opere
1481 947 1818 1014 beneficium,

255 1051 392 1104 sicut
438 1048 554 1117 ipse
601 1060 1027 1102 commemorans
1072 1046 1200 1102 dicit
1238 1062 1251 1094 :
1296 1044 1538 1096 Laudans
1586 1042 1823 1095 invocabo

261 1140 556 1203 Dominum,
575 1146 624 1192 et
647 1138 711 1190 ab
731 1134 1256 1191 inimicismeissalvus
1280 1150 1365 1187 ero
1390 1132 1560 1204 (Psal.
1580 1147 1723 1199 xxvr,
1744 1131 1819 1200 4).

257 1230 371 1284 Tali
404 1230 660 1289 tutamine
688 1236 742 1283 et
766 1226 857 1281 tali
892 1225 1076 1296 clypeo
1107 1232 1360 1289 armatus,
1393 1238 1443 1278 et
1480 1219 1824 1276 fortiSsimu‘m

256 1324 403 1379 illum
430 1319 641 1377 Goliam
666 1321 929 1390 gigantem
968 1325 1250 1383 straverat,
1281 1324 1335 1372 et
1369 1329 1510 1384 saepe
1540 1315 1606 1369 de
1635 1313 1823 1367 alieni-

251 1418 406 1489 genis
435 1416 713 1474 victoriam
742 1420 1059 1483 reportaret.

869 1501 1091 1558 CAPUT
1138 1500 1226 1555 ιιι.

321 1600 567 1670 Longum
595 1597 728 1663 erit,
772 1592 1067 1648 charissimi
1088 1635 1104 1660 ,
1135 1589 1339 1660 singula
1373 1602 1490 1658 qua:
1528 1595 1830 1641 sanctorum

256 1690 481 1746 historia
517 1687 754 1743 continet
791 1684 989 1749 dicere,
1035 1674 1329 1751 praesertim
1380 1695 1500 1734 cum
1542 1692 1628 1734 res
1657 1676 1832 1747 exigat

254 1783 320 1838 de
341 1782 498 1837 Novo
517 1778 865 1863 Testamento
892 1775 1067 1842 aliqua
1105 1773 1171 1827 ad
1202 1782 1437 1828 veterum
1469 1770 1832 1826 confirmatio-

1924 585 2064 638 tione
2090 582 2403 653 jucundius,
2436 582 2557 651 quia
2588 594 2639 635 et
2667 580 2889 634 Psalmis
2920 579 3266 643 delectamur,
3298 590 3350 632 et
3377 595 3495 631 ora-
3534 600 3545 603 ε

1923 675 2152 729 tionibus
2189 674 2491 741 irrigamur,
2521 680 2575 726 et
2614 671 2941 741 interpositis
2976 670 3292 724 lectionibus
3320 668 3495 738 pasci-

1923 764 2078 818 mur?
2110 763 2174 816 Et
2205 778 2326 817 vere
2355 764 2491 816 sicut
2522 761 2644 816 boni
2685 762 2922 815 conviva:
2967 759 3281 814 fet-entorutn
3326 761 3500 814 vario-

1924 863 2031 908 tate
2052 854 2407 917 delectantur,
2433 854 2504 906 ita
2527 863 2722 907 nostrae
2748 852 2938 906 animae
2968 852 3242 920 multiplici
3276 852 3503 906 lectione

1923 953 1979 999 et
2007 945 2329 1014 hymnorum
2356 944 2680 999 exhibitione
2706 944 2855 1012 sagin
2877 953 3036 996 intur.

1997 1056 2246 1122 Tantum,
2284 1055 2604 1121 charissimi,
2637 1056 3053 1113 intermittentes
3084 1054 3286 1109 fabulas
3317 1068 3505 1122 super-

1928 1143 2082 1209 ﬂuas,
2115 1145 2321 1199 intento
2349 1158 2508 1199 sensu
2538 1157 2591 1199 et
2620 1145 2861 1215 vigilanti
2891 1154 3070 1199 mente
3103 1144 3406 1212 psallamus,
3451 1154 3508 1197 ut

1929 1234 2038 1287 Deo
2084 1248 2189 1287 non
2224 1233 2621 1302 displiceamus.
2668 1235 2759 1290 Sic
2796 1235 2937 1289 enim
2978 1249 3075 1288 nos
3103 1234 3344 1288 hortatur
3371 1235 3509 1303 psal-

1928 1336 2045 1377 mus
2072 1324 2256 1378 dicens
2290 1342 2300 1375 :
2332 1324 2587 1388 Quoniam
2623 1342 2713 1379 rex
2750 1328 2911 1379 omnis
2937 1339 3085 1378 terra:
3110 1324 3265 1389 Deus,
3301 1324 3506 1391 psallite

1928 1417 2181 1487 sapienter
2208 1416 2377 1488 (Psal.
2403 1433 2544 1482 XLVI,
2568 1418 2645 1487 8),
2690 1417 2741 1471 id
2771 1427 2853 1472 est
2896 1418 3269 1487 intelligenter,
3316 1428 3370 1471 ut
3400 1433 3505 1470 non

1932 1509 2103 1562 solum
2129 1510 2337 1578 Spiritu,
2368 1509 2468 1564 hoc
2489 1516 2573 1565 est
2598 1524 2731 1568 sono
2762 1512 2926 1575 vocis,
2953 1511 3046 1565 sed
3077 1520 3131 1565 et
3161 1520 3336 1565 mente
3368 1513 3507 1579 psal—
3547 1514 3553 1563 ἴ

1934 1600 2125 1661 lamus,
2153 1610 2205 1654 et
2239 1600 2408 1669 ipsum
2437 1600 2576 1670 quod
2609 1601 2886 1670 psallimus
2926 1606 3218 1671 cogitemus
3250 1619 3316 1657 ne
3344 1604 3513 1671 capti-

1935 1698 2051 1742 vata
2083 1704 2231 1743 mens
2268 1689 2463 1745 fabulis
2498 1700 2553 1745 et
2591 1692 2861 1770 extraneis
2899 1694 3328 1763 cogitationibus,
3367 1694 3512 1747 labo-
3559 1734 3569 1743 .

1933 1796 2049 1837 rem
2082 1783 2272 1839 habeat
2312 1784 2720 1841 infructuosum.
2772 1786 2947 1841 Sonus
2976 1787 3140 1840 etiam
3171 1787 3255 1840 vel
3286 1786 3523 1841 melodis

254 1887 375 1926 nem
419 1878 479 1926 et
513 1868 579 1922 ad
626 1876 857 1922 vestram
899 1862 1300 1919 inbll‘uclionem
1342 1862 1537 1916 ἀεικετο
1585 1860 1760 1929 profer
1765 1860 1828 1912 ΓῘο
1868 1849 1909 1905 Β
1937 1876 2272 1930 consentiens
2299 1884 2497 1930 sancta:
2528 1876 2773 1946 religioni
2807 1876 3083 1945 psallatur,
3116 1893 3223 1931 non
3252 1892 3368 1945 ιμιειι
3399 1886 3508 1931 tra-

257 1962 398 2031 Ergo
468 1959 711 2013 invenies
765 1958 998 2026 primum
1058 1954 1367 2008 Zachariam
1408 1962 1612 2021 patrem
1660 1950 1837 2021 magni

256 2051 480 2107 Joannis
519 2059 639 2120 post
678 2048 891 2118 longum
936 2046 1067 2101 illud
1112 2041 1382 2099 silentium
1420 2044 1471 2096 in
1514 2040 1695 2112 hymni
1725 2042 1837 2095 vice

255 2141 627 2213 prOphetasse.
660 2138 813 2194 oNec
851 2134 1152 2199 Elisabetb,
1194 2133 1285 2188 diu
1323 2132 1550 2197 sterilis,
1591 2131 1735 2187 edito
1772 2130 1837 2184 de

256 2229 614 2299 promissione
654 2226 765 2281 lilio
802 2226 970 2280 Deum
1010 2223 1077 2278 de
1116 2223 1229 2292 ipsa
1283 2226 1458 2275 anima
1498 2219 1838 2289 magniﬁcare

251 2324 510 2378 cessavit.
568 2320 701 2374 Nato
732 2319 784 2373 in
817 2318 974 2373 terris
998 2314 1209 2370 Christo
1241 2314 1451 2369 laudent
1481 2313 1659 2367 sonuit
1687 2326 1838 2367 exer-

252 2433 264 2459 ι
284 2413 390 2465 itus
418 2410 727 2480 angelorum
757 2427 766 2460 :
790 2405 966 2461 Gloria
986 2407 1036 2459 in
1058 2404 1268 2460 excelsis
1290 2406 1415 2469 Deo,
1439 2412 1485 2458 et
1510 2404 1562 2456 in
1583 2411 1717 2457 terra
1737 2417 1837 2471 ραα

254 2500 553 2555 hominibus
574 2501 716 2553 bona:
742 2498 1013 2552 voluntatis
1042 2496 1191 2567 (Luc.
1220 2511 1276 2559 tt,
1304 2495 1412 2564 14).
1446 2494 1837 2548 Annuntiantes

255 2595 406 2662 pueri
442 2594 495 2646 in
520 2591 736 2661 templo,
767 2590 1015 2643 llosanna
1042 2589 1151 2657 [ilio
1175 2587 1338 2639 David
1364 2584 1574 2655 (Matth.
1600 2600 1713 2650 xm,
1747 2582 1837 2651 15)

251 2685 657 2746 clamaverunt;
692 2695 791 2735 nec
822 2678 1105 2733 Phariswis
1141 2677 1309 2731 livore
1353 2673 1708 2742 strepentibus
1736 2670 1839 2724 Do-

251 2773 441 2826 minus
471 2785 564 2824 ora
603 2766 963 2822 innocentium
1007 2763 1220 2831 clausit,
1260 2761 1353 2816 sed
1396 2763 1569 2830 potius
1610 2759 1837 2828 aperuit,

250 2861 451 2915 dicens
480 2860 557 2912 eis
590 2875 606 2914 ;
644 2856 756 2910 Non
799 2855 988 2925 legistis
1019 2855 1261 2924 scriptum
1288 2867 1306 2906 :
1332 2851 1413 2905 Ex
1445 2868 1530 2905 ore
1566 2850 1839 2919 infantium

250 2960 298 3004 et
335 2948 641 3003 lactentiunt
686 2946 937 3015 perfecisti
979 2944 1221 2997 laudent?
1260 2941 1324 2994 Et
1362 2943 1406 2995 si
1446 2942 1530 2995 isti
1569 2941 1835 3005 tacuerint,

249 3039 461 3110 lapides
487 3038 774 3091 clamabunt
802 3034 986 3107 (Ibid.,
1018 3035 1127 3103 16).
1157 3033 1273 3102 Ipse
1308 3032 1559 3087 Dominus
1585 3034 1634 3086 in
1667 3032 1840 3085 verbis

251 3129 473 3193 doctor,
504 3127 556 3181 in
599 3125 752 3179 factis
783 3130 1202 3184 consummatur,
1237 3131 1296 3176 ut
1327 3122 1644 3190 hymnorum
1684 3121 1842 3173 mini-

252 3218 487 3273 stcrium
533 3215 894 3285 gratissimum
942 3214 1349 3281 comprobaret,
1396 3227 1515 3267 cum
1563 3211 1837 3279 discipulis
1867 3220 1909 3280 C

254 3311 468 3381 hymno
496 3306 639 3362 dicto
662 3306 826 3362 exivit
857 3307 908 3359 in
942 3316 1173 3359 montem
1203 3304 1412 3359 Oliveti.
1455 3303 1582 3371 Quis
1606 3303 1712 3372 jam
1744 3302 1837 3355 tali

253 3407 591 3459 documento
636 3401 703 3455 de
740 3400 1065 3469 psalmorum
1122 3408 1175 3451 et
1219 3397 1535 3467 hymnorum
1584 3395 1841 3463 religione

253 3494 564 3557 dubitabit;
598 3492 808 3562 quando
846 3491 935 3544 ille
962 3489 1049 3559 qtti
1080 3503 1106 3540 a
1136 3488 1440 3542 cmlestibus
1481 3488 1685 3541 cunctis
1717 3486 1842 3539 allo-

192 3586 199 3591 ’
256 3595 416 3640 ratur
442 3594 492 3638 el
519 3583 778 3653 psallitur,
816 3582 927 3650 ipse
957 3595 1076 3634 cum
1118 3578 1387 3647 discipulis
1423 3577 1674 3647 hymnum
1717 3592 1841 3629 can-

260 3686 413 3731 tasse
446 3673 788 3744 perhibetur?

334 3764 410 3818 Et
453 3762 686 3818 Joannes
725 3763 776 3815 in
809 3760 1128 3831 Apocalypsi
1170 3757 1332 3814 refert
1370 3771 1428 3813 se
1456 3757 1658 3827 Spiritu
1697 3770 1844 3812 reve-

268 3854 417 3909 lante
447 3853 666 3922 vidisse,
712 3864 766 3907 et
791 3851 1001 3906 audisse
1036 3864 1219 3905 vocem
1251 3863 1505 3918 aquarum
1535 3847 1841 3911 multarum,

255 3958 310 4002 et
340 3945 705 4000 tonitruorum
734 3943 1023 3996 validorum
1054 3940 1343 3995 dicentium
1369 3938 1589 3992 Alleluia
1610 3953 1628 3991 :
1649 3952 1712 3990 ex
1742 3949 1847 4003 quo

258 4038 449 4092 nullus
470 4036 630 4090 debet
651 4034 921 4102 ambigere
952 4032 1051 4086 hoc
1080 4032 1376 4101 vigiliarum
1404 4037 1708 4084 sanctarum
1742 4026 1843 4077 nti-

263 4127 560 4183 nisterium
578 4164 591 4191 ,
619 4125 664 4179 si
693 4125 848 4195 digna
880 4124 982 4177 lide
998 4131 1051 4176 et
1070 4122 1351 4177 devotione
1376 4134 1500 4174 vera
1524 4118 1842 4182 celebretur,

259 4219 477 4289 angelis
504 4231 624 4273 esse
654 4217 1017 4284 coniunctum,
1060 4228 1195 4283 quos
1233 4221 1440 4267 constat
1481 4212 1595 4265 sine
1635 4224 1845 4273 somno,

259 4312 383 4364 sine
453 4307 802 4375 occupatione
859 4304 1224 4359 indesinenter
1286 4302 1503 4355 laudare
1560 4300 1726 4355 Deum
1793 4299 1846 4352 in

260 4399 447 4461 erratis,
478 4407 533 4450 et
563 4397 875 4450 benedicere
904 4395 1259 4450 Salvatorem.
1307 4392 1437 4459 Qua:
1463 4406 1583 4446 cum
1614 4390 1687 4444 ita
1719 4389 1846 4455 sint,

262 4492 494 4553 fratres,
523 4487 631 4558 jam
674 4487 912 4557 pleniore
954 4486 1142 4541 ﬁducia
1183 4486 1499 4555 hymnorum
1539 4485 1848 4554 mysterium

1935 1963 2079 2031 gicas
2100 1952 2436 2021 dil‘licuftales
2460 1967 2741 2029 exclamet,
2767 1967 2862 2023 sed
2887 1983 3006 2037 quae
3030 1967 3083 2022 in
3108 1967 3259 2022 vobis
3282 1976 3307 2003 ι
3330 1982 3521 2022 νεηιη

1937 2052 2397 2110 Christianitatem
2428 2056 2798 2123 demonstret;
2839 2072 2943 2111 non
2973 2072 3093 2126 qua:
3130 2056 3324 2126 aliquid
3367 2057 3515 2110 theae

1940 2138 2075 2201 trale
2126 2148 2379 2215 redoleat,
2425 2149 2521 2204 sed
2560 2152 3020 2219 eompunctionem
3062 2161 3394 2215 peccatorum
3438 2148 3514 2201 fa-

1938 2236 2063 2291 ciat.
2096 2235 2199 2290 Sed
2232 2246 2285 2290 et
2315 2253 2414 2291 vox
2444 2238 2679 2291 omnium
2712 2250 2944 2293 vestrum
2973 2252 3081 2293 non
3110 2238 3325 2292 dissona
3355 2237 3513 2291 debet
3542 2266 3547 2267 ί

1938 2342 2079 2390 esse,
2109 2326 2201 2380 sed
2241 2341 2496 2381 consona.
2540 2327 2655 2382 Non
2696 2344 2832 2383 unus
2871 2328 3180 2395 insipienter
3220 2328 3511 2394 protrahat,

1938 2426 2030 2471 aut
2060 2432 2195 2470 unus
2225 2417 2483 2481 humiliet,
2526 2418 2661 2472 alter
2691 2432 2875 2473 vocem
2905 2418 3155 2482 extollat;
3190 2418 3283 2471 sed
3315 2416 3543 2471 inuita»

1939 2520 2021 2563 tur
2052 2509 2322 2585 humiliter
2359 2508 2719 2578 unusquisque
2747 2524 2932 2575 vocem
2972 2524 3121 2563 suam
3164 2510 3297 2562 intra
3325 2523 3553 2562 sonum...

1940 2600 2090 2655 chori
2136 2601 2467 2655 concinentis
2495 2602 2794 2670 includere,
2832 2618 2936 2655 non
2979 2602 3311 2655 extrinsecus
3349 2601 3514 2652 extol-

1935 2691 2130 2759 lentes,
2160 2702 2250 2745 aut
2280 2691 2648 2759 pretrahentes
2679 2691 2827 2760 quasi
2860 2692 2926 2744 ad
2958 2691 3174 2743 stultam
3206 2689 3513 2744 ostentatio-

1942 2802 2062 2840 nem
2113 2788 2421 2842 indecenter
2462 2785 2689 2851 efferre,
2737 2801 2909 2855 neque
2957 2786 3261 2839 lwtniaihus
3308 2786 3549 2853 placere

1943 2879 2095 2932 velle.
2141 2878 2332 2932 Totum
2372 2878 2512 2932 cnint
2560 2891 2806 2947 tanquam
2849 2879 2900 2931 in
2940 2887 3228 2945 conspectu
3264 2876 3374 2939 Dei,
3409 2890 3514 2929 non

1944 2969 2252 3024 hominibus
2292 2969 2534 3037 placendi
2572 2970 2749 3024 studio
2786 2968 3057 3024 celebrare
3096 2969 3369 3024 debemus.
3415 2967 3519 3021 Ha-

1942 3060 2129 3113 bentus
2154 3059 2297 3114 enim
2327 3069 2377 3113 et
2407 3060 2473 3113 de
2504 3059 2602 3113 hac
2624 3060 2772 3114 vocis
2796 3060 3142 3114 coasonantia
3175 3061 3394 3145 formam
3424 3074 3517 3126 po-

1947 3159 2127 3220 sitam,
2166 3158 2247 3211 vel
2285 3156 2616 3225 exemplum,
2650 3164 2759 3209 tres
2792 3154 2913 3209 illos
2953 3156 3134 3223 utique
3180 3152 3517 3207 beatissimos

1945 3261 2153 3316 pueros,
2185 3246 2254 3301 de
2288 3246 2480 3315 quibus
2508 3246 2674 3300 refert
2706 3244 2961 3314 propheta
2993 3239 3172 3298 Daniel
3206 3262 3218 3296 :
3246 3242 3407 3306 Tunc,
3437 3242 3517 3295 in-

1943 3337 2075 3408 quit,
2104 3338 2156 3391 Ιιὶ
2182 3347 2280 3391 tres
2301 3338 2446 3408 quasi
2474 3353 2535 3391 ex
2561 3353 2661 3390 uno
2686 3352 2770 3390 ore
2793 3336 3036 3405 hymnum
3058 3335 3310 3399 dicebant,
3336 3343 3381 3387 et
3405 3335 3516 3401 glo—

1943 3429 2209 3494 riﬁcabant
2234 3429 2393 3482 Deunt
2441 3430 2494 3481 in
2545 3428 2777 3497 fornace,
2819 3427 3038 3480 dicentes
3072 3443 3089 3480 :
3118 3425 3418 3479 Benedictus
3441 3441 3515 3488 es,
3545 3476 3551 3482 ,

1948 3519 2161 3573 Domine
2201 3520 2334 3573 Deus
2373 3528 2579 3587 patrum
2617 3528 2907 3572 nostrorum
2944 3515 3108 3586 (Dan.
3150 3531 3237 3579 ιιι,
3275 3514 3363 3575 5|,
3400 3512 3547 3581 52)..

1947 3610 2149 3664 Videtis
2178 3611 2302 3678 quia
2331 3625 2427 3678 pro
2473 3609 2780 3678 magisterio
2813 3607 3023 3676 ponitur
3062 3607 3201 3674 quod
3233 3616 3339 3659 trcs
3371 3606 3516 3671 pueri

1948 3702 2143 3769 pariter
2172 3701 2338 3756 Deum
2369 3717 2437 3756 ex
2472 3716 2585 3768 uno,
2603 3716 2696 3755 ore
2727 3700 2998 3754 humiliter
3025 3706 3310 3765 sancteque
3334 3696 3515 3748 lauda-

1946 3792 2139 3847 verint.
2174 3792 2239 3844 Et
2268 3806 2365 3846 nos
2396 3791 2576 3857 utique
2605 3805 2790 3844 omnes
2820 3790 2969 3857 quasi
2999 3803 3067 3841 ex
3105 3802 3209 3842 uno
3240 3800 3337 3839 ore
3374 3800 3518 3839 eunt-

1946 3882 2172 3950 demque
2212 3881 2533 3949 psalmorum
2575 3894 2786 3943 sonum,
2824 3879 3169 3945 eamdemque
3213 3876 3359 3929 vocis
3405 3890 3517 3928 mo-

1948 3971 2269 4026 dulationem
2293 3968 2568 4038 aequaliter
2594 3968 2922 4038 proferamus
2950 3983 2967 4021 :
2994 3966 3081 4036 qui
3110 3974 3284 4019 autem
3308 3979 3552 4033 a'quare~

1949 4075 2007 4115 se
2036 4076 2140 4114 non
2169 4068 2343 4127 potest
2367 4060 2598 4125 caeteris,
2627 4058 2813 4111 melius
2845 4067 2925 4110 est
2955 4057 3003 4111 ei
3035 4065 3228 4119 tacere,
3262 4062 3352 4107 aut
3381 4055 3517 4107 lenta

1949 4165 2077 4204 voce
2119 4148 2361 4217 psallere.
2393 4163 2550 4216 quant
2595 4147 2827 4202 clamosa
2862 4160 2989 4201 voce
3020 4146 3263 4200 omnibus
3290 4156 3520 4213 perstre-

1951 4254 2105 4307 pere;
2159 4239 2237 4293 sic
2276 4237 2417 4292 enim
2458 4248 2514 4291 et
2557 4236 2838 4292 ministerii
2893 4238 3136 4304 implebit
3182 4237 3437 4301 officium,
3467 4246 3549 4291 et.

1952 4328 2223 4383 humiliter
2252 4326 2499 4396 psallenti
2545 4326 2859 4382 fraternitati
2901 4342 3002 4379 non
3044 4325 3520 4380 facietoll‘endicue

1951 4421 2079 4475 lum.
2110 4421 2165 4475 Si
2196 4435 2326 4490 ergo
2356 4429 2407 4473 et
2439 4430 2619 4474 nostra
2649 4417 2887 4473 omnium
2919 4434 3019 4472 vox
3054 4417 3211 4473 fuerit
3238 4416 3547 4482 inoll‘cnsa,

1951 4512 2034 4564 vel
2073 4496 2304 4565 consona
2346 4510 2605 4565 labiorum
2645 4510 2902 4581 cymbalis
2929 4510 3075 4564 bene
3101 4508 3435 4572 sonantibus,
3472 4520 3548 4561 et.

263 4581 509 4635 ﬁdeli‘er
556 4580 887 4648 impleamus,
922 4572 1167 4647 magna)
1219 4590 1316 4630 nos
1360 4575 1640 4630 credentes
1677 4590 1706 4627 ³
1741 4576 1847 4630 θθο
1877 4598 1928 4657 D
1954 4615 2048 4653 nos
2077 4595 2381 4664 delectabit,
2413 4607 2467 4652 et
2492 4572 2768 4653 audientes
2793 4599 3098 4663 :edif‘tcabit,
3129 4608 3184 4651 et
3209 4598 3315 4651 Deo
3344 4608 3545 4652 nostro~

257 4674 501 4741 gratiam
530 4676 866 4733 consecutos,
899 4668 1089 4738 quibus
1119 4679 1434 4721 concessum
1464 4673 1547 4719 est
1575 4680 1695 4718 cum
1729 4672 1849 4719 tan-

261 4763 336 4817 tis
376 4776 443 4816 ac
474 4760 665 4814 talibus
703 4761 921 4825 sanctis,
955 4758 1227 4829 prephetis
1265 4758 1383 4811 dico
1414 4750 1572 4825 atque
1609 4757 1853 4824 martyri-

261 4853 398 4916 bus,
428 4849 521 4904 Dei
549 4850 732 4905 aeterni
762 4848 1134 4903 miracula.....
1167 4846 1265 4901 llic
1291 4862 1409 4901 cum
1435 4847 1599 4900 David
1627 4846 1850 4900 Domino

258 4940 596 4998 conﬁtemur
616 4940 855 5010 quoniam
876 4940 1033 4993 bonus
1061 4947 1172 5001 est;
1204 4952 1324 4991 cum
1352 4937 1530 5006 Moyse
1560 4935 1848 5005 potentiam

264 5034 499 5089 Domini
523 5033 726 5102 magnis
756 5034 859 5087 illis
890 5032 1110 5087 canticis
1148 5045 1524 5101 personamus;
1554 5045 1673 5086 cum
1699 5031 1850 5085 Anna

261 5141 398 5196 qua:
419 5125 675 5180 Ecclesiae
708 5126 941 5194 speciem
984 5126 1140 5195 gerit,
1171 5125 1297 5179 olim
1330 5126 1543 5190 sterilis,
1590 5142 1728 5180 nunc
1772 5126 1850 5181 fe-

262 5216 474 5279 cunda,
518 5218 572 5272 in
601 5219 703 5274 Dei
726 5222 881 5279 laude
920 5224 1081 5280 corde
1114 5226 1525 5292 confirmamur;
1570 5242 1688 5280 cum
1722 5226 1854 5280 lSaia

219 5343 225 5347 -
262 5309 343 5365 de
388 5322 546 5367 nocte
594 5313 873 5383 vigilantes
916 5318 1218 5386 psallimus;
1265 5334 1383 5374 cum
1424 5320 1695 5387 llabacuc,
1735 5334 1855 5373 cunt

264 5399 535 5469 Jeremia,
557 5417 676 5456 cum
710 5404 843 5459 Jona
864 5408 1213 5462 sanctissimis
1236 5408 1440 5463 vatibus
1460 5408 1659 5463 orando
1680 5418 1859 5463 canta-

272 5502 410 5542 mus
440 5503 606 5544 zeum
646 5492 816 5547 tribus
846 5508 996 5563 teque
1028 5497 1225 5565 pueris,
1258 5497 1410 5565 quasi
1441 5498 1492 5551 in
1525 5498 1739 5552 fornace
1766 5513 1859 5566 po-

269 5580 398 5645 siti,
436 5592 723 5637 convocata
759 5586 902 5640 omni
938 5597 1202 5654 creatura,
1235 5587 1474 5644 Creatori
1505 5589 1740 5644 omnium
1770 5588 1862 5645 be-

273 5669 594 5727 nedicentcs
622 5674 915 5742 psallimus.
1796 5685 1799 5688 ’

365 5832 395 5857 ⁸
420 5824 497 5876 An
526 5826 680 5880 verbis
702 5827 723 5879 Ρ

1959 4690 2137 4744 suavis
2164 4690 2264 4743 erit
2294 4698 2398 4744 tota
2431 4689 2687 4756 laudatio,
2718 4691 2807 4759 qui
2850 4690 2900 4743 in
2932 4689 3092 4743 domo
3118 4703 3233 4752 sua,
3272 4689 3409 4741 sicut
3452 4686 3529 4740 le-

1958 4781 2123 4849 gitur,
2156 4779 2433 4832 unanimes
2471 4778 2708 4833 habitare
2739 4778 2882 4836 facit.
2918 4777 3140 4845 Quando
3166 4776 3306 4831 enim
3340 4775 3520 4843 psalli-

1960 4881 2065 4936 tur,
2105 4872 2357 4939 psallatur
2396 4872 2463 4924 ab
2494 4871 2769 4934 omnibus;
2801 4884 2920 4924 cum
2957 4869 3111 4923 lectio
3149 4868 3354 4937 legitur,
3392 4865 3557 4918 fnt‘lox.

1958 4962 2167 5017 silentio
2213 4978 2363 5031 mque
2410 4961 2655 5015 audiatur
2693 4961 2759 5015 ab
2798 4960 3073 5022 omnibus,
3115 4965 3171 5009 ut
3210 4958 3416 5023 legente
3456 4957 3529 5007 Ie-

1959 5064 2105 5108 ctore
2156 5054 2373 5106 omnino
2424 5051 2674 5105 clamosis
2728 5050 2946 5104 vocibus
2996 5061 3152 5100 nemo
3208 5057 3527 5114 perstrepat.

1964 5143 2028 5197 Et
2052 5152 2330 5212 antequam
2358 5143 2581 5209 legatur,
2605 5154 2791 5194 clunes
2812 5136 3091 5193 convenite
3113 5152 3125 5188 ε
3146 5136 3191 5190 si
3214 5135 3331 5205 quis
3352 5144 3529 5188 autent
3554 5182 3557 5185 ,

1962 5234 2327 5303 supervenerit
2370 5247 2491 5287 cum
2537 5231 2694 5286 lectio
2737 5229 3054 5293 celebratur,
3101 5229 3287 5284 adoret
3326 5236 3559 5282 tantum

1964 5324 2152 5388 Deum,
2177 5335 2229 5378 et
2261 5323 2575 5392 prmsignata
2607 5324 2797 5388 fronte,
2826 5337 3007 5377 aurem
3042 5321 3144 5391 legi
3172 5320 3267 5375 Dei
3298 5318 3530 5374 sollicite
3558 5350 3559 5353 η

1960 5413 2283 5467 eotnmodet.

2035 5500 2183 5557 Patet
2222 5512 2431 5572 tempus
2470 5503 2654 5557 orandi
2695 5518 2813 5559 cum
2853 5518 3038 5559 omnes
3088 5516 3338 5564 oramus,
3388 5510 3537 5568 patet

1964 5603 2173 5663 tempus
2202 5610 2320 5649 cum
2351 5594 2640 5660 volueritis,
2673 5605 2726 5649 et
2751 5597 2960 5665 quaties
2987 5593 3259 5649 volueritis
3288 5592 3549 5661 privatio»

1963 5700 2147 5751 orare;
2183 5702 2246 5743 ne
2278 5686 2494 5743 obtentu
2542 5687 2783 5745 lectionis
2815 5689 2997 5743 doleas
3039 5698 3089 5743 te
3124 5685 3417 5755 perdidisse
3459 5686 3557 5741 le»

3570 4340 3585 4413 ἐ
