3904 6176
310 315 411 368 573

1762 316 1817 372 S.
1860 317 2107 376 NCET“
3463 314 3522 368 57

307 430 561 493 ctioncm,
590 427 710 498 quia
744 441 846 482 non
877 441 1091 498 semper
1128 443 1245 484 eam
1276 429 1498 499 quilibet
1529 440 1762 514 paratam
1793 446 1886 499 po-
1914 437 1966 494 Α
1991 432 2112 485 ldco
2139 431 2282 484 enim
2311 438 2364 483 et
2393 427 2648 482 diaconus
2675 427 2817 483 clara
2843 443 2973 483 voce
3000 430 3053 484 in
3081 428 3246 484 domo
3269 427 3366 482 Dei
3396 429 3566 482 sancti

309 530 412 576 test
437 521 631 576 habere
658 538 669 572 :
702 536 822 574 nam
853 521 1052 590 grande
1084 531 1291 591 tempus
1318 537 1532 593 semper
1562 525 1612 577 in
1643 534 1890 594 promptu

306 619 391 664 est
431 627 445 664 :
488 623 586 666 nec
623 610 820 680 putetis
859 625 1080 678 parvam
1121 614 1270 668 vobis
1308 613 1458 668 nasci
1497 615 1782 672 utilitatem
1821 633 1884 672 ett

308 713 476 754 sacra:
507 697 748 754 lectionis
777 700 991 764 auditu;
1025 701 1145 770 quia
1176 702 1349 756 oratio
1380 703 1493 769 ipsa
1527 703 1585 757 ﬁt
1615 705 1884 775 pinguior,

307 789 434 844 dum
475 805 628 845 mens
664 790 868 844 recenti
910 791 1136 846 lectione
1175 793 1468 860 saginatur,
1495 801 1550 847 et
1585 797 1754 850 currit
1790 811 1887 863 per

307 881 568 950 imagines
594 879 893 934 divinarum
925 897 1102 935 rerum
1133 898 1265 952 quas
1307 899 1476 952 nuper
1501 885 1719 938 audivit.
1753 885 1884 950 Nam

306 982 363 1027 et
395 975 558 1028 Maria
595 989 748 1028 soror
780 973 1019 1038 Mar-'llzl‘,
1061 989 1181 1042 quae
1220 975 1414 1030 sedens
1453 976 1518 1030 ad
1560 978 1720 1045 pedes
1757 968 1883 1032 Jesu

307 1077 495 1118 sutore
544 1064 781 1134 neglecta
812 1063 1031 1116 verbum
1067 1064 1271 1118 Domini
1314 1065 1568 1119 intentius
1609 1065 1880 1131 audiebat,

308 1155 502 1209 bonam
545 1168 747 1224 partem
789 1153 886 1206 sibi
927 1154 1150 1222 elegisse
1193 1155 1404 1210 Domini
1445 1171 1575 1210 voce
1618 1158 1875 1210 ﬁrmatur.

1992 521 2242 590 praeconii
2281 521 2532 576 admonet
2569 519 2811 585 cunctas,
2853 530 2908 574 ut
2945 521 3058 576 slve
3093 521 3319 585 orando,
3361 520 3472 572 sive
3512 521 3568 572 in

1991 613 2267 686 ﬂectendis
2302 613 2552 680 genibus,
2583 612 2693 667 sive
2729 612 2782 666 in
2815 612 3106 680 psallendu,
3139 616 3255 666 sive
3292 612 3343 666 in
3379 613 3568 666 lectic-

1991 706 2147 761 nibus
2183 705 2414 760 sollicite
2451 704 2748 770 audiendis,
2787 705 2966 759 unitas
3003 715 3248 760 servetur
3285 707 3352 759 ab
3390 707 3571 759 omni-

1990 795 2118 861 bus;
2162 795 2284 865 quia
2326 794 2605 848 unanimes
2632 796 2875 850 homines
2903 795 3074 866 diligit
3099 795 3262 862 l)eus,
3294 806 3348 850 et
3387 795 3440 850 in
3472 810 3575 851 sua

1988 885 2148 940 domo
2175 900 2268 939 eos
2297 884 2462 940 efﬁcit
2490 885 2759 950 habitare;
2790 885 2844 939 in
2865 899 2966 954 qua
2997 885 3156 951 domo
3183 885 3273 956 qui
3305 885 3575 950 habitant,

1992 975 2132 1036 beati
2164 975 2576 1044 pronuntiantur
2613 979 2664 1028 itt
2708 975 2934 1041 psalmo,
2974 977 3094 1044 quia
3135 975 3235 1044 ipsi
3277 975 3582 1029 laudabmtt

1992 1065 2270 1120 Dominum
2325 1065 2376 1119 in
2416 1066 2608 1121 saecula
2648 1066 2967 1120 saaculorum
3007 1065 3176 1131 (Psal.
3219 1081 3447 1134 unm,
3492 1063 3580 1137 5).

1990 1157 2182 1211 Amen.

1098 1294 1270 1325 _
1283 1298 1521 1325 _

1511 1471 1648 1574 S.
1743 1471 2334 1574 NICETII

1398 1707 2056 1808 EPISTOL/E
2135 1705 2466 1808 DU/E.

1801 1868 2129 1882 Ἠ

787 1960 1124 2018 EPISTULA
1162 1962 1394 2019 PRIMA.

438 2065 505 2104 ιυ
541 2063 977 2108 ωιοῡοενιαυλι
1017 2067 1245 2106 REGINAH
1289 2066 1758 2107 LONGOBARDORUII.

379 2161 618 2217 Dominae
657 2163 1092 2218 clementissimae
1132 2165 1183 2218 in
1214 2164 1427 2219 Christo
1465 2165 1587 2219 ﬁlia:
1627 2164 1886 2218 Chlodos-

301 2252 476 2310 vindae
507 2254 706 2322 regina:
733 2253 968 2308 Niceius
1000 2263 1268 2324 peccator.

378 2343 419 2396 l.
477 2341 609 2397 Cum
665 2343 868 2412 legatos
916 2352 1127 2399 vestros
1185 2360 1278 2412 per
1319 2343 1645 2399 Francorum
1699 2359 1884 2413 reges,

301 2448 586 2503 germanis
637 2443 780 2502 tuos,
838 2435 918 2490 ire
967 2437 1352 2505 conspicimus,
1409 2436 1474 2490 de
1533 2436 1887 2506 prosperitate

302 2538 478 2582 veSIra
511 2527 725 2581 solliciti
758 2541 960 2582 sumus.
1018 2528 1124 2584 Sed
1165 2530 1254 2583 illa
1292 2529 1415 2584 inde
1449 2529 1712 2596 audimus,
1745 2529 1886 2599 quod

244 2603 247 2607 ’
301 2634 462 2688 quam
513 2634 726 2690 semper
777 2637 969 2676 sonare
1011 2623 1168 2676 etiam
1219 2630 1272 2676 et
1309 2637 1500 2678 sonare
1545 2624 1882 2690 conﬁtemur,

301 2727 459 2780 quam
489 2715 699 2783 magna,
734 2729 892 2784 quam
919 2716 1044 2780 alta,
1075 2731 1230 2785 quam
1261 2716 1559 2784 laudabilis,
1587 2734 1746 2788 quam
1781 2721 1884 2772 uti-

301 2803 387 2871 lis,
416 2819 573 2873 quam
603 2804 831 2860 humana
862 2806 946 2862 vel
975 2806 1254 2872 muniﬁca;
1297 2808 1565 2875 quomodo
1593 2809 1658 2862 de
1687 2823 1887 2877 paupe-

301 2895 450 2949 ribus
487 2895 732 2958 sollicita.
773 2897 1042 2966 quomodo
1079 2897 1146 2952 de
1191 2898 1406 2967 regione
1444 2907 1468 2933 ⁸
1512 2908 1704 2962 astuta,
1755 2914 1888 2967 quo-

303 2986 463 3041 modo
499 2988 554 3042 in
583 2999 776 3042 cuncto
805 2989 998 3058 populo
1029 2990 1114 3058 pia
1143 2991 1550 3045 conversatione
1586 2991 1881 3059 splendida.

303 3077 398 3132 ll'e
428 3079 528 3146 hoc
563 3082 818 3135 concedat
852 3082 938 3151 qui
983 3081 1078 3135 tibi
1115 3082 1357 3149 Spiritum
1398 3082 1673 3150 sapizrnt’a:
1709 3089 1763 3136 et
1805 3082 1886 3135 in-

303 3170 548 3224 tellectus
569 3171 678 3241 jam
705 3172 869 3226 dedit.
923 3171 1230 3227 Gaudemus
1258 3187 1322 3226 ex
1353 3173 1453 3226 hoc
1485 3191 1498 3227 :
1529 3167 1761 3241 gaudere
1788 3186 1886 3227 nos

301 3258 544 3314 Christus
583 3260 741 3316 faciat
777 3264 845 3317 de
869 3263 1098 3317 Alboino
1141 3245 1264 3332 rege
1303 3278 1460 3332 quem
1505 3263 1690 3327 habes,
1728 3273 1780 3318 et
1818 3264 1884 3317 de

1921 1968 1965 2025 Β
1997 1963 2110 2016 Duo
2147 1973 2270 2017 sunt
2303 1964 2633 2030 Salvatores,
2665 1967 2803 2020 istud
2836 1968 3090 2038 scriptum
3127 1982 3382 2038 nusquam
3419 1968 3585 2025 inve-

1993 2058 2164 2118 nient,
2193 2054 2314 2119 nisi,
2349 2053 2458 2128 Ego
2487 2067 2534 2109 et
2559 2055 2714 2110 Pater
2741 2075 2892 2110 unum
2929 2075 3107 2112 sumus
3155 2059 3332 2130 (Joan.
3362 2075 3420 2124 Χ,
3445 2059 3585 2128 50);

1994 2146 2094 2196 hoc
2118 2155 2215 2209 est,
2250 2144 2404 2199 Pater
2437 2146 2487 2198 in
2516 2145 2650 2199 Filio
2672 2155 2866 2200 etcum
2894 2145 3050 2212 Filio,
3073 2157 3126 2202 et
3154 2132 3315 2202 Pilius
3341 2149 3395 2201 in
3420 2147 3592 2204 Patre

1991 2245 2045 2289 et
2071 2250 2190 2289 cum
2221 2235 2398 2291 Patre.
2437 2237 2574 2292 Deus
2605 2253 2715 2307 pra:
2745 2239 3107 2308 magnitudine
3135 2241 3301 2294 videri
3327 2241 3395 2294 ab
3421 2241 3593 2295 oculo

1993 2325 2225 2380 humano
2265 2343 2369 2380 non
2413 2337 2620 2396 p0test,
2661 2330 2749 2398 qui
2793 2339 2994 2383 tantum
3051 2330 3303 2400 grandis,
3365 2340 3586 2385 tantum

1991 2400 2220 2486 fulgens,
2257 2427 2458 2471 tantum
2487 2420 2648 2473 etiam
2688 2420 2871 2488 igneus
2899 2431 2996 2474 est.
3056 2419 3341 2488 Legimus:
3375 2419 3442 2473 In
3486 2425 3592 2473 cir-

1989 2510 2131 2560 cuitu
2160 2508 2273 2560 εαξιὶ
2298 2518 2346 2560 et
2375 2518 2524 2562 terra:
2549 2507 2933 2562 tabernaculum
2960 2513 3068 2581 ejus
3091 2509 3262 2580 (Pa-al.
3294 2526 3422 2577 xvn,
3465 2512 3591 2580 1‘2);

1989 2597 2130 2666 quod
2169 2600 2327 2652 etiam
2367 2615 2474 2665 prae
2518 2599 2617 2654 ista
2661 2600 3022 2676 mpgnitudine
3076 2611 3130 2656 et
3169 2601 3462 2669 Splendore
3516 2605 3594 2659 ab

1993 2689 2415 2745 homine-videri
2459 2705 2563 2745 non
2614 2701 2807 2759 potest.
2868 2693 3143 2760 Expressit
3179 2694 3246 2748 de
3290 2708 3371 2755 se,
3415 2711 3590 2765 quem

1990 2795 2203 2851 semper
2230 2783 2412 2836 habuit
2446 2785 2586 2852 apud
2621 2799 2711 2850 se;
2740 2785 2831 2854 qui
2872 2785 3148 2840 latibulum
3184 2787 3286 2841 sibi
3319 2787 3387 2842 de
3417 2803 3596 2846 carne

1991 2875 2144 2942 fecit;
2178 2885 2233 2932 et
2261 2878 2383 2932 ideo
2410 2879 2684 2947 Scriptura
2712 2877 2845 2934 dicit
2874 2895 2888 2933 :
2922 2877 3105 2932 Posuit
3136 2881 3361 2935 tenebras
3389 2883 3597 2938 latibu-

1990 2967 2096 3021 lum
2124 2985 2275 3021 suum
2305 2967 2522 3038 (Ibid.).
2567 2968 2796 3038 Ideoque
2835 2970 2888 3023 in
2919 2969 3206 3040 Evangelio
3243 2972 3316 3025 ait
3341 2972 3593 3030 Verbum

1991 3057 2106 3123 Dei,
2131 3061 2268 3125 quod
2292 3059 2358 3114 Jo
2376 3074 2525 3114 times
2550 3059 2700 3128 dicit,
2725 3060 2842 3128 quia
2868 3058 2929 3112 1η
2946 3062 3194 3129 princip'o
3209 3061 3524 3132 eratUmm.
3543 3079 3588 3132 l,

1991 3148 2066 3220 1),
2125 3150 2342 3204 Verbum
2382 3167 2500 3205 caro
2541 3155 2733 3224 factum
2771 3163 2844 3207 est
2889 3150 3076 3223 (lbid.,
3109 3152 3230 3221 14);
3260 3162 3314 3208 ct
3340 3153 3490 3222 quod
3516 3155 3596 3212 de

1988 3241 2148 3296 Maria
2196 3252 2328 3306 erat,
2375 3244 2453 3296 sic
2501 3242 2629 3296 illud
2676 3244 2740 3295 ad
2788 3259 2846 3298 se
2883 3243 3088 3313 iunxit,
3121 3252 3176 3297 ιιι
3215 3253 3358 3299 esset
3383 3260 3591 3304 unum.

304 3350 560 3407 t‘elicita'e
604 3367 698 3407 sua
760 3352 1113 3422 triumphare.
1181 3353 1469 3422 Stupentes
1511 3369 1715 3419 smnus,
1763 3369 1880 3407 cum

1993 3337 2052 3390 Et
2083 3353 2174 3405 per
2205 3336 2532 3404 Scripturam
2564 3337 2691 3392 dicit
2724 3355 2734 3388 :
2767 3335 2850 3390 Ex
2872 3336 3000 3392 Sion
3031 3337 3217 3407 species
3239 3329 3434 3392 (iecoris
3463 3340 3596 3408 ejus

301 3454 491 3512 gentes
532 3444 678 3498 illum
723 3454 974 3504 tremunt,
999 3459 1118 3499 cum
1162 3459 1313 3516 reges
1352 3445 1746 3498 venerationem
1788 3444 1882 3498 im-

305 3533 582 3600 pendunt,
627 3549 745 3589 cum
798 3543 1088 3601 potestates
1137 3535 1251 3589 sine
1297 3535 1596 3588 cessatione
1648 3535 1883 3600 laudant,

301 3638 422 3678 cum
450 3625 608 3679 etiam
637 3626 751 3694 ipse
777 3626 1066 3693 impuratur
1093 3626 1203 3679 suis
1235 3627 1403 3694 ipsum
1435 3625 1715 3694 prteponit,
1743 3625 1884 3695 quod

305 3715 498 3771 anima:
543 3715 838 3771 remedium
897 3730 1000 3768 non
1052 3714 1274 3770 festinus
1315 3715 1556 3776 re;uirit.
1619 3715 1884 3784 Scriptum

305 3806 528 3876 legimus
554 3824 568 3860 :
601 3807 827 3874 Qutvrite
856 3807 1076 3876 priurum
1106 3823 1318 3875 regnum
1349 3807 1443 3861 Dei
1463 3853 1476 3873 ,
1509 3819 1556 3861 et
1585 3809 1755 3860 omnia
1795 3825 1888 3874 ap-

305 3908 553 3965 ponentnr
576 3897 792 3968 (Matth.
817 3913 888 3963 vt,
913 3897 1023 3971 55).
1050 3900 1146 3966 Qui
1174 3903 1272 3964 sic,
1302 3899 1747 3966 quemadmodum
1773 3899 1882 3962 ille,

307 3993 468 4063 fulget
498 3993 663 4050 fama.
699 3995 864 4050 uiror
893 3996 1031 4063 quod
1061 3996 1128 4048 de
1159 4010 1322 4064 regno
1355 3993 1446 4048 Dei
1476 4002 1530 4047 et
1557 3995 1748 4048 anima:
1779 4009 1887 4048 sua:

303 4086 476 4138 salute
508 4086 633 4139 nihil
668 4087 990 4156 investigare
1018 4087 1224 4151 studet;
1266 4086 1358 4140 sed
1393 4087 1512 4140 illos
1541 4087 1749 4155 recipit,
1784 4085 1888 4139 illis

303 4179 612 4247 acquiescit,
644 4180 734 4248 qui
761 4180 932 4249 potius
961 4181 1189 4233 animant
1225 4181 1276 4234 in
1305 4179 1604 4248 gehennam
1639 4179 1886 4246 perdunt,

303 4283 462 4335 quam
509 4269 574 4323 ad
622 4271 759 4323 viam
809 4269 999 4324 salutis
1049 4270 1335 4323 adducant.
1393 4271 1533 4324 Duos
1583 4271 1721 4323 Deos
1769 4286 1888 4326 esse

310 4358 620 4427 llrdld'it'alli,
649 4359 809 4412 alium
853 4359 906 4412 in
935 4358 1131 4413 deitate
1160 4359 1394 4422 Patrem,
1427 4360 1652 4413 alterum
1697 4361 1746 4413 in
1776 4360 1886 4413 dei-

311 4456 438 4514 tttc,
472 4449 564 4501 sed
595 4463 691 4516 pro
715 4456 980 4513 creatura,
1008 4448 1228 4513 Filium;
1262 4465 1382 4502 cum
1413 4449 1688 4517 Scriptura
1719 4450 1885 4504 dicat:

257 4597 268 4608 .
308 4536 422 4597 Εηο
452 4554 565 4590 sum
603 4537 850 4604 salvator,
894 4547 942 4590 et
989 4554 1090 4592 non
1134 4548 1206 4592 est
1244 4539 1376 4592 alius
1417 4549 1600 4610 praeter
1642 4557 1718 4594 me
1757 4539 1886 4613 (Isa.

307 4643 431 4695 XLV,
465 4626 576 4700 Η).

1990 3427 2158 3497 (f’sat.
2191 3444 2338 3492 xux,
2363 3429 2418 3498 εξ)
2454 3446 2465 3479 :
2498 3429 2595 3482 hoc
2625 3439 2726 3491 est,
2760 3427 2919 3483 homo
2948 3427 3007 3481 in
3025 3429 3132 3482 Deo
3165 3425 3426 3483 transibit.

2061 3519 2148 3572 ιιι.
2193 3519 2266 3578 In,
2290 3520 2523 3590 Evangel
2549 3519 2594 3573 is
2633 3520 2748 3588 ipse
2786 3519 2920 3574 dixit
2951 3537 2965 3573 :
3006 3519 3119 3590 Ego
3146 3537 3208 3574 ex
3236 3519 3317 3574 Pa
3341 3538 3396 3574 re
3423 3523 3590 3590 exivi,

1989 3619 2035 3663 et
2064 3611 2174 3663 veni
2199 3611 2250 3663 in
2277 3600 2410 3664 hunc
2442 3611 2691 3665 mundum
2774 3605 2954 3670 (Joan.
2983 3627 3091 3674 th,
3119 3610 3231 3680 9.8).
3262 3611 3317 3665 In
3346 3613 3590 3682 quadra-

1989 3701 2193 3769 gesimo
2224 3703 2452 3768 septimo
2480 3701 2686 3770 psalmo
2712 3700 2848 3754 dixit
2879 3717 2894 3754 :
2923 3699 3221 3755 Distribuite
3248 3706 3438 3772 gradus
3463 3705 3592 3774 ejus

1990 3790 2160 3860 (Psal.
2195 3806 2357 3855 XLVII,
2389 3792 2498 3860 lxi).
2534 3791 2659 3859 Ejus
2687 3789 2843 3856 dixit,
2889 3805 2994 3843 non
3045 3804 3229 3844 eorum
3261 3806 3276 3844 :
3323 3794 3589 3859 quoniam

1990 3898 2126 3936 unus
2172 3897 2328 3946 esse,
2377 3885 2468 3936 sed
2521 3898 2618 3936 nec
2661 3883 2826 3952 solus,
2877 3883 3214 3953 apertissime
3261 3885 3470 3938 scitur:
3513 3884 3592 3940 Ut

1990 3976 2231 4029 enarretis
2262 3975 2312 4028 in
2343 3975 2582 4046 progenie
2608 3974 2768 4029 altera
2796 3992 2815 4030 :
2855 3990 2976 4049 nam
3020 3975 3073 4029 itt
3103 3975 3188 4030 die
3218 3977 3590 4032 resurrectio-

1993 4066 2078 4120 nis
2102 4081 2200 4120 nec
2229 4081 2502 4131 enarrare,
2535 4082 2632 4132 nec
2661 4081 2918 4134 apparere
2964 4068 3179 4134 poterit,
3211 4066 3300 4135 qui
3330 4065 3585 4120 Trinita-

1997 4165 2102 4210 tem
2135 4155 2188 4209 in
2221 4156 2422 4210 unitate
2453 4171 2558 4210 non
2586 4156 2891 4210 crediderit.
2924 4155 2992 4210 Et
3019 4170 3114 4224 pro
3142 4170 3207 4212 eo
3235 4155 3408 4208 omnis
3438 4157 3591 4211 miti-

1993 4247 2064 4302 tia
2111 4247 2423 4318 angelorum
2469 4263 2566 4316 per
2613 4248 2849 4316 singulos
2898 4247 3012 4314 dies
3058 4248 3295 4302 clamat:
3329 4246 3587 4315 Sanctus,

1993 4348 2218 4415 sanctus,
2263 4349 2488 4404 sanctus,
2533 4337 2784 4393 Dominus
2819 4338 2954 4392 Deus
2993 4339 3203 4392 sabaotlt
3229 4337 3360 4406 (Isa.
3393 4354 3467 4404 v1,
3497 4339 3586 4410 '5).

1993 4437 2107 4490 Non
2156 4445 2264 4491 tres
2304 4436 2504 4499 Sancti,
2558 4435 2650 4490 sed
2701 4444 2781 4490 ter
2823 4435 3078 4490 Sanctum
3127 4434 3262 4488 dixit
3291 4434 3588 4489 Dominum

1997 4527 2159 4581 Deum
2184 4527 2428 4581 sabaotb.
2453 4527 2680 4582 Sanctus
2696 4525 2872 4592 Pater,
2896 4528 3123 4582 Sanctus
3144 4527 3327 4591 Filius,
3347 4527 3589 4584 Sanctus

1992 4618 2244 4686 Spiritus.
2301 4618 2446 4672 Unus
2477 4618 2726 4680 Sanctus,
2759 4617 2899 4672 sicut
2928 4632 3064 4672 unus
3098 4617 3369 4673 Dominus.
3423 4615 3591 4672 Unde

381 4718 444 4774 ll.
485 4687 809 4785 Te,doutina
839 4718 1256 4784 Clilodosvinda,
1297 4736 1392 4789 per
1429 4721 1762 4776 tremendum
1796 4722 1887 4777 Dei
1921 4687 1967 4745 θ
1992 4711 2302 4776 “Joannes
2348 4713 2676 4778 evangelista
2709 4710 2840 4764 dixit
2871 4728 2883 4763 :
2916 4707 3038 4780 Ipse
3065 4719 3136 4764 est
3167 4710 3254 4780 qui
3281 4720 3376 4772 est.
3418 4720 3466 4762 ει
3489 4711 3591 4779 ιιιιὶ

304 4809 558 4882 judicium
596 4810 840 4881 conjnro,
877 4819 936 4866 ut
970 4809 1118 4870 hanc-
1143 4811 1424 4881 epistolam
1461 4821 1515 4866 et
1545 4813 1679 4868 bene
1720 4814 1887 4881 legas,

306 4913 360 4958 et
395 4903 533 4959 bene
582 4904 654 4958 illi
701 4913 754 4958 et
798 4903 1104 4972 frequenter
1140 4917 1412 4972 exponere
1453 4904 1692 4970 studeas,
1732 4915 1785 4958 et
1834 4914 1892 4959 ut

309 4993 485 5061 ipsum
521 4994 998 5063 interrogesthtis
1027 5003 1108 5048 est
1143 4993 1434 5048 Salvatm?
1464 4993 1674 5048 Patrem
1709 4994 1890 5050 dicunt

307 5095 430 5136 esse
470 5083 820 5149 Salvatorem,
871 5097 936 5136 an
968 5083 1199 5137 Filium?
1243 5081 1524 5149 Quomodo
1570 5083 1702 5138 duos
1744 5097 1884 5147 esse,

309 5187 428 5225 eum
459 5186 594 5226 unus
614 5181 714 5235 est,
741 5184 795 5225 et.
819 5175 954 5227 alius
980 5191 1084 5228 nun
1115 5185 1218 5240 est,
1252 5174 1601 5230 denuntiant?
1630 5176 1686 5231 Si
1714 5177 1888 5231 dicent

311 5261 524 5326 Filium,
549 5276 676 5330 ergo
705 5262 857 5315 Pater
881 5263 1127 5319 Salvator
1170 5281 1273 5319 non
1306 5275 1419 5332 est;
1472 5277 1524 5320 t-t
1570 5267 1613 5320 si
1656 5267 1886 5321 dixerint

309 5351 546 5416 Patrem,
583 5366 711 5420 ergo
742 5350 904 5404 Filius
931 5352 1172 5407 Salvator
1213 5371 1315 5408 non
1363 5366 1444 5410 est
1477 5374 1490 5408 :
1519 5357 1639 5424 quia
1680 5358 1884 5412 salvarc

310 5444 396 5510 qui
443 5443 687 5499 Salvator
736 5455 838 5495 non
881 5449 963 5494 est
1009 5444 1207 5496 nullum
1260 5457 1448 5512 potest.
1491 5448 1542 5501 Si
1597 5446 1876 5500 dixerint:

386 5649 407 5673 ε·
452 5646 522 5696 lla
553 5645 788 5698 Cointitts
819 5644 1007 5696 Annal.
1052 5641 1183 5697 eccl.
1220 5641 1435 5706 Franc.,
1487 5652 1614 5695 tom.
1655 5642 1715 5708 li,
1756 5657 1873 5710 pag.

311 5714 400 5767 95.
450 5713 628 5774 Neque
676 5717 828 5768 aliter
871 5715 1110 5767 iiuinztrt.
1165 5712 1226 5763 uti
1274 5711 1490 5776 (ἴτε-κων.
1526 5709 1874 5779 Ὶίιινυιιδιιιιὶ.

314 5782 478 5840 ιδξε.
514 5787 580 5836 At
610 5785 877 5838 Strtntntd.
903 5785 1066 5838 Cone.
1099 5797 1221 5836 tntn.
1259 5781 1344 5844 Vl,
1380 5797 1490 5850 pag.
1525 5785 1584 5834 Sil
1608 5783 1643 5847 ἱ,
1679 5784 1737 5832 de
1762 5785 1872 5834 reti—

1994 4815 2119 4860 erat.
2152 4816 2198 4860 et
2223 4805 2309 4875 qui
2337 4813 2572 4858 venturus
2603 4813 2676 4858 est
2702 4803 2942 4860 Saluator
2976 4803 3156 4873 (Apoc.
3186 4816 3222 4868 ι,
3254 4800 3331 4871 8).
3391 4802 3450 4858 Si
3482 4817 3590 4870 per

1994 4898 2208 4952 nomina
2258 4897 2426 4964 ivero,
2470 4897 2666 4966 gradus
2713 4909 2835 4951 esse
2878 4895 3144 4960 videntur.
3196 4894 3330 4952 Cum
3364 4895 3585 4952 Patrem

1993 4991 2166 5054 audis,
2215 4988 2430 5050 neruine
2478 4987 2650 5058 major
2693 5002 2813 5044 esse
2857 4987 3095 5053 videtur;
3143 4996 3198 5041 et
3237 4987 3356 5041 ideo
3397 4986 3582 5042 dixit:

1995 5079 2153 5134 Pater
2175 5082 2340 5150 major
2368 5095 2447 5131 me
2471 5089 2546 5133 est
2572 5077 2752 5150 (Joan.
2789 5094 2898 5144 ειν,
2929 5078 3052 5147 28);
3085 5077 3180 5132 sed
3211 5077 3426 5130 nurnine
3457 5087 3586 5132 tan-

1991 5181 2124 5227 tum.
2180 5171 2235 5224 ltt
2262 5169 2461 5223 deitate
2501 5179 2701 5234 autent,
2745 5168 3145 5240 evidentssjnte
3185 5181 3279 5236 per
3303 5167 3580 5222 Christum

1987 5276 2038 5320 et
2073 5281 2166 5333 per
2187 5262 2458 5330 apostolos
2488 5260 2602 5330 ejus
2633 5277 2766 5314 unus
2797 5277 2919 5316 esse
2946 5258 3268 5330 agnoscitur.
3297 5257 3432 5324 Quia
3463 5257 3585 5325 ipso

1988 5372 2107 5409 cum
2132 5371 2158 5406 a
2177 5354 2437 5420 discipulo
2464 5353 2882 5419 interrogaretur
2906 5369 2919 5403 :
2940 5349 3174 5414 Domine,
3199 5349 3407 5402 ostende
3430 5347 3582 5402 nobis

2002 5445 2238 5513 Patrem;
2281 5454 2332 5498 ct
2381 5443 2468 5498 ille
2503 5459 2515 5496 :
2551 5440 2636 5496 Me
2680 5442 2846 5507 vides,
2893 5451 2936 5496 et
2979 5441 3041 5494 de
3089 5438 3243 5493 Patre
3294 5440 3582 5507 interrogas

1983 5639 2424 5712 gione:iortasse
2451 5637 2699 5712 rectius;
2745 5638 2882 5712 apud
2910 5653 3067 5712 quem
3098 5635 3263 5712 paulo
3303 5644 3419 5712 post
3463 5650 3578 5689 ma-

1983 5707 2166 5783 gni/ira
2195 5727 2288 5780 pro
2321 5709 2560 5776 munifica
2587 5723 2605 5762 .'
2637 5708 2774 5778 quod
2808 5709 3071 5776 posterius
3104 5707 3269 5776 magis
3300 5707 3497 5774 placet.
