1984 3083
140 134 187 162 577

836 137 999 167 εριετθιΑ
1019 140 1050 169 ll.

1709 148 1759 177 578

139 192 480 227 (Joau.xt\‘,8,9)?\'ides,
494 193 553 228 quia
566 194 592 221 in
600 194 729 223 Trinitate
739 195 885 229 invocatur,
896 201 923 224 et
937 198 962 227 A
975 197 1068 226 rabilia
1089 198 1168 227 hodie
1187 204 1326 235 apparent,
1346 206 1472 237 quantum
1493 212 1541 232 nec
1562 205 1651 233 dicere
1671 207 1759 236 verbis

140 239 164 265 in
177 246 223 265 una
238 238 337 266 deitate
348 246 408 266 ese
420 239 561 267 invenitur.
571 241 638 268 Cum
650 241 757 269 Patrem
767 241 852 274 audis.
862 242 920 271 sine

104 316 112 321 η
139 283 205 310 Filio
217 291 276 310 esse
290 292 342 311 non
353 285 464 312 credas:
479 292 540 312 cum
553 285 630 313 audis
645 285 750 318 Filium,
765 294 829 327 eum»
841 286 920 314 Patre

137 335 195 355 esse
208 336 259 355 non
275 328 400 357 dubites:
413 337 462 357 nec
476 330 580 358 dubites
596 335 652 359 tres
664 331 691 358 in
705 332 841 366 personis;
858 340 919 360 nam

137 382 203 401 unus
217 374 243 402 in
254 375 352 403 deitate
363 383 423 403 esse
436 376 599 410 agnoscitur.
611 377 644 405 Et
656 377 717 405 ideo
730 378 762 405 ad
775 378 921 413 discipulos

135 418 197 454 suos
212 419 301 447 dixit:
314 420 362 452 Ite,
379 422 502 455 baptiza'e
520 422 549 448 in
567 423 668 449 nomine
682 422 779 457 Patris,
806 427 829 449 et
844 421 920 455 Filii,

136 469 159 492 et
168 465 280 500 Spiritus
291 467 372 492 sancti
387 466 493 502 (Matth.
506 475 600 501 xxvut,
611 468 668 502 t9).
682 468 709 495 in
723 468 831 495 nomine
844 468 920 500 dixit,

136 516 187 537 non
207 510 233 537 in
249 511 414 544 nominibus;
437 513 498 547 quia
519 520 598 541 unam
622 513 748 542 deitatem
772 514 851 546 dixit,
866 522 920 542 non

136 560 199 582 tres.
223 555 341 590 Spiritus
358 562 445 584 autem
469 563 577 586 sanctus
601 559 719 594 separari
743 567 796 587 non
818 563 919 594 potest;

134 601 194 634 quia
214 602 284 628 unde
302 609 362 630 esse
381 604 467 631 scitur
485 605 567 638 gratia
585 605 641 639 Dei,
662 606 724 634 inde
742 606 841 634 donum
861 613 921 634 esse

134 649 311 683 cognoscitur.
329 650 369 677 Ab
383 651 441 684 ipso
455 652 556 686 spirant
571 646 638 680 bona
654 654 753 687 omnia,
770 654 838 681 sicut
851 655 921 688 Apo-

134 694 217 720 stolus
230 694 295 721 dixit
307 703 314 721 :
328 695 454 726 Quoniam
467 705 498 723 e1:
510 697 574 731 ipso,
588 703 613 725 et
625 706 669 732 rer
683 700 776 733 ipsum,
789 700 851 726 etin
865 699 921 733 ipso

135 743 192 765 tant
201 739 287 765 omnia
296 740 382 775 (Rom.
394 749 430 775 η,
444 740 499 775 56).
515 742 566 769 Sed
577 743 647 770 solm
659 743 803 770 Altissimus
816 745 842 771 in
853 745 922 771 omni

134 787 198 811 (ma
219 783 306 819 (Psal.
326 793 426 818 Luxu,
448 786 491 821 19)
507 787 639 815 Salvator.
666 788 729 816 Jesn
743 789 816 817 Nave
834 789 919 823 ipsum

134 830 280 863 conspexit,
296 835 322 857 et
336 830 396 857 ideo
408 831 475 858 dixit
490 839 498 858 :
512 831 606 859 Noster
618 841 655 866 ea,
667 842 702 859 an
714 833 920 861 adversariorum

971 244 1067 271 valeo:
1083 244 1126 272 ubi
1143 246 1313 281 tribulantes,
1326 248 1351 275 id
1367 253 1418 280 est.
1431 249 1560 278 dmmouia
1575 252 1714 285 habentes,
1732 253 1758 280 in

970 296 1032 316 aera
1046 292 1167 325 suspensi
1180 296 1347 327 torquentur,
1361 300 1387 321 et
1403 295 1526 323 demittas
1540 305 1606 331 quos
1619 298 1684 330 dixi,
1699 306 1759 326 esse

971 335 1150 363 conﬁtentur!
1164 336 1286 372 Nunquid
1303 339 1328 365 iu
1344 339 1466 368 ecclesiis
1480 348 1570 368 eorum
1586 341 1624 369 sic
1641 342 1759 371 faciunt?

971 379 1028 407 Non
1043 381 1156 413 iaciunt,
1178 383 1239 417 quia
1253 384 1334 411 Deum
1350 389 1377 412 et
1390 385 1513 413 dominos
1531 391 1637 420 sanctos
1656 388 1691 414 ibi
1711 388 1759 415 ha.

970 425 1055 453 hilare
1075 434 1126 454 non
1146 429 1273 456 sentiunt.
1296 429 1403 458 Dmmon
1417 431 1566 459 dremonem
1586 441 1639 459 non
1654 435 1759 461 exorci-

971 475 1023 498 zat.
1044 470 1108 499 Nam
1123 472 1167 500 ubi
1181 474 1265 501 sancti
1281 474 1409 508 habitant,
1426 475 1529 503 dtcmon
1546 477 1636 512 vagari
1650 485 1702 505 non
1716 478 1756 505 di-

971 515 1086 543 mittitur
1101 525 1107 542 :
1124 517 1184 544 ideo
1198 518 1235 550 lit,
1250 524 1278 545 ut
1292 518 1366 546 locus
1380 520 1423 547 ubi
1438 521 1508 548 Deus
1523 526 1574 555 est,
1591 523 1758 551 ostendatur.

971 560 1039 594 Quid
1052 560 1086 588 de
1099 562 1207 590 domino
1218 562 1336 599 Remigio
1352 569 1378 592 et
1391 565 1500 594 domino
1509 567 1635 595 Medardo
1649 569 1760 602 cpisco-

971 605 1023 639 pis,
1043 613 1110 640 quos
1132 610 1170 640 tu,
1191 608 1281 640 credo,
1302 609 1412 637 vidisti?
1438 611 1497 638 Non
1520 619 1662 646 possumus
1684 618 1757 641 tanta

972 656 1122 684 exponere,
1139 658 1236 686 quanta
1255 653 1386 681 mirabilia
1399 662 1449 690 per
1460 656 1520 684 illos
1536 657 1619 685 Deum
1638 658 1758 686 videmus

972 694 1068 723 lacere.

1006 740 1049 767 ιν.
1066 741 1169 769 Audisti
1184 743 1217 770 ab
1227 744 1285 770 avia
1301 749 1344 772 tua
1355 745 1431 773 bonze
1440 747 1576 775 memmize
1586 748 1717 777 Rodhilde
1732 749 1753 782 ί,

971 787 1087 820 qualiter
1108 788 1133 815 in
1157 789 1294 816 Franciam
1315 792 1435 832 venerit,
1459 794 1592 826 quomodo
1615 795 1751 823 dominum

970 831 1152 861 Chlodoreum
1167 834 1201 861 ad
1212 834 1297 869 legent
1312 831 1470 865 catholicam
1486 839 1637 873 adduxerit;
1654 846 1683 868 et
1695 850 1755 869 cutn

134 873 198 910 (lor.
216 883 244 909 ν,
260 875 327 910 15)9
348 875 394 903 llle
416 881 505 904 autem
529 879 694 912 respondens
717 879 753 906 ait
770 889 776 905 :
795 878 850 915 Ego
862 875 918 906 sum
935 875 958 904 Β
971 882 1042 904 esset
1053 879 1132 905 homo
1141 880 1330 913 astutissimus,
1341 882 1602 917 noluitacquiesecre
1614 891 1756 921 antequattt

132 921 173 954 qui
188 928 263 953 sum,
284 927 309 947 ct
328 922 393 948 alius
411 927 503 955 preter
521 931 560 950 me
577 932 628 951 non
646 929 681 951 est
697 924 793 957 (Exod.
808 933 845 958 Itt,
862 924 917 960 14).

132 965 279 998 Abraham,
294 967 339 1000 qui
354 967 452 994 dicitur
468 968 565 995 anticus
585 968 633 995 Dei
652 969 694 1004 (l1
715 969 804 997 Paral.
823 978 868 1002 xx,
890 971 917 1002 7;

135 1010 185 1038 Isa.
200 1020 260 1043 xu,
276 1013 307 1044 8;
327 1012 386 1039 Jac.
399 1021 428 1045 il,
443 1013 501 1049 25),
525 1020 550 1042 et
575 1015 710 1049 probatur.
727 1022 781 1043 tres
800 1017 875 1050 vidit,
891 1022 919 1044 et

133 1063 209 1093 unum
233 1057 346 1084 credidit
365 1058 441 1093 (Gen.
459 1067 536 1092 xvttt,
556 1060 583 1093 Ξ,
596 1060 634 1095 5).
655 1061 719 1088 Cum
742 1067 795 1089 tres
814 1062 916 1095 adorat,

132 1101 300 1136 Trinitatem,
319 1104 388 1131 sicut
402 1105 466 1138 dixi,
483 1112 672 1134 commemorat
687 1116 693 1134 :
708 1116 768 1136 cum
789 1116 870 1135 unum
891 1109 917 1135 in

132 1148 241 1175 domum
266 1150 366 1176 intrare
385 1150 553 1184 deprecatur,
579 1160 658 1180 unam
682 1158 839 1187 potestatem
860 1161 919 1181 esse

132 1193 281 1221 denuntiat.
294 1195 358 1221 Nam
372 1196 455 1231 Moysi
470 1198 595 1231 quotiens
609 1204 689 1234 atque
703 1200 826 1233 quotiens
841 1200 917 1233 dixit,

132 1237 185 1273 Ego
198 1247 257 1265 sum
273 1241 316 1274 qui
329 1248 395 1274 sum,
410 1246 433 1268 et
447 1243 514 1269 alius
528 1249 620 1278 prwter
633 1253 671 1272 me
685 1243 782 1272 non-cst
794 1247 807 1273 ?

165 1284 206 1310 iV.
229 1278 299 1317 Quid
315 1293 362 1312 nos
377 1286 416 1313 ire
429 1294 476 1320 per
488 1289 588 1323 singula
603 1296 716 1317 necesse
726 1291 785 1318 est?
798 1292 837 1318 Ad
853 1292 918 1320 duo-

133 1329 213 1356 decim
235 1330 385 1365 discipulos
404 1339 472 1366 quos
492 1333 593 1366 ltabuit,
613 1336 768 1369 veniamus;
789 1338 848 1371 quia
869 1337 917 1372 ipsi

131 1375 207 1404 Gothi
229 1377 312 1405 hodie
330 1377 395 1411 ipsis
408 1380 605 1409 venerationem
626 1382 791 1417 impendunt,
811 1388 839 1412 et
858 1385 917 1414 reli-

131 1422 204 1457 quias
226 1430 321 1455 eorum
342 1423 430 1452 furtim
451 1426 549 1454 tollunt
567 1435 574 1454 :
595 1427 641 1456 sed
661 1429 726 1456 uiltil
747 1429 782 1457 ibi
803 1431 916 1464 habent,

131 1468 190 1502 quia
212 1468 294 1496 [idem
316 1476 409 1497 eorum
433 1471 561 1500 annulare
585 1479 758 1507 prmsumunt.
787 1475 854 1509 Quid
869 1473 918 1503 'est

131 1514 197 1548 quod
217 1515 245 1541 in
267 1515 383 1543 basilicis
402 1524 494 1544 eorum
514 1526 624 1553 corpora
643 1520 761 1554 ipsorum
777 1521 854 1549 hodie
873 1530 918 1549 ve-

131 1564 270 1592 nerantur,
283 1568 335 1588 non
351 1561 630 1597 iugrediuntur‘!Quid
645 1570 685 1593 est
700 1568 770 1600 quod
787 1567 852 1594 nihil
867 1568 917 1595 ibi-

131 1604 187 1632 dem
212 1613 378 1640 prmsumere
401 1608 508 1640 audent,
533 1610 584 1637 nisi
607 1611 701 1639 furtive
716 1616 739 1645 η,
760 1618 788 1640 ut
807 1621 886 1641 canes
900 1622 914 1641 a

130 1650 193 1679 loris
211 1653 317 1680 animas
335 1653 491 1689 decipiunt?
509 1657 575 1684 Cum
596 1657 657 1685 illos
675 1666 738 1686 suos
758 1659 848 1687 ﬁdeles
867 1668 914 1687 rex

130 1696 259 1724 Albointts
272 1697 321 1726 sibi
336 1699 467 1733 demittat,
484 1706 510 1728 et
525 1702 558 1729 ad
574 1702 673 1730 domini
690 1704 770 1738 Petri,
789 1711 815 1732 et
831 1706 913 1738 Pauli,

130 1741 240 1771 Joannis
263 1745 306 1771 vel
324 1746 486 1780 reliquorum
501 1753 654 1776 sanctorum
670 1750 760 1778 limina
776 1751 912 1785 perducat,

129 1791 157 1813 ut
171 1788 271 1815 ibidem
287 1790 382 1817 missas
399 1790 497 1826 facere,
513 1794 534 1819 si
551 1794 660 1828 audent,
677 1795 842 1830 deliberent;
866 1798 912 1824 sed

129 1839 179 1860 non
197 1834 310 1867 audent,
331 1837 391 1870 quia
411 1837 513 1866 domini
529 1839 600 1867 Petri
619 1840 741 1875 discipuli
759 1849 813 1870 non
833 1850 914 1878 appa-

127 1883 196 1911 rent,
213 1884 243 1906 et
258 1882 383 1908 contrarii
397 1882 494 1911 Christi
509 1892 568 1912 esse
585 1886 729 1920 probantur
743 1896 750 1914 :
766 1889 828 1923 quin
841 1891 912 1924 quod

125 1930 172 1956 per
185 1932 294 1952 crucem
312 1925 368 1960 ipse
383 1928 496 1956 redemit
510 1928 534 1964 δ,
551 1930 689 1960 deStruere
706 1932 826 1961 infelices
839 1934 913 1962 inve-

125 1968 245 1997 niuntur.
263 1974 274 1989 ε
288 1971 344 2004 Qua
361 1979 438 1999 causa
454 1981 555 2002 venena
569 1983 661 2003 eorum
676 1978 736 2006 talis
750 1986 797 2005 rex
811 1983 845 2008 et_
854 1980 913 2007 talis

128 2019 189 2042 tetas
203 2016 337 2051 percipit?
368 2017 441 2046 Hicd
453 2020 475 2046 si
485 2020 561 2055 jubet
574 2021 607 2049 ad
622 2022 757 2051 dominum
770 2024 910 2052 Martinunt

128 2065 172 2092 pA-r
191 2060 362 2089 festivitatem
377 2071 452 2091 suam
467 2073 546 2099 quam
562 2067 702 2095 undecima
724 2069 845 2097 dielacit
860 2070 912 2098 No-

128 2104 245 2139 vember,
273 2106 345 2141 ipsos
367 2108 467 2142 mittat;
493 2116 520 2138 et
542 2111 599 2144 ibi,
623 2113 646 2140 si
670 2113 787 2147 audent,
812 2115 911 2150 aliquid

128 2155 300 2185 prmsumant,
316 2153 358 2180 ubi
373 2161 460 2182 caecos
473 2155 552 2183 hodie
564 2158 707 2186 illuminari
720 2160 910 2196 conspicimus,

128 2194 167 2220 ubi
190 2197 286 2223 surdos
309 2199 428 2226 auditum
447 2202 480 2228 et
503 2207 592 2229 mutos
614 2205 755 2231 sanitatem
779 2194 908 2241 recipere.

126 2238 190 2268 Nam
209 2242 273 2276 quid
292 2243 377 2271 dicam
396 2246 430 2272 de
449 2246 561 2280 leprnsis
580 2253 626 2276 aut
644 2249 677 2276 de
695 2250 755 2278 aliis
773 2238 911 2287 quamplu-

126 2286 215 2320 rimis,
237 2290 281 2323 qui
301 2296 504 2328 quantacunque
531 2294 667 2323 debilitate
688 2298 807 2331 percussi
831 2286 908 2334 sunt,

126 2332 221 2367 ibidem
239 2343 286 2370 per
297 2338 415 2373 singulos
427 2348 512 2368 annos
525 2342 571 2369 alii
586 2348 613 2370 et
623 2343 668 2371 alii
681 2347 829 2374 sanantur?
844 2332 911 2374 For-

127 2382 194 2407 lasso
208 2380 309 2416 dtcnnt,
329 2386 482 2421 contingunt
500 2388 541 2415 vel
555 2388 650 2421 caecos,
668 2391 712 2425 qui
731 2393 795 2419 caeci
812 2400 826 2419 a
843 2393 910 2420 nati-

124 2423 205 2453 Vitate
224 2433 284 2454 esse
302 2429 435 2459 videntur.
451 2436 462 2449 ι
485 2432 553 2465 Quid
568 2434 666 2469 dicam,
676 2423 742 2464 cum
764 2438 826 2466 inde
846 2439 907 2465 illu-

125 2470 239 2499 minatos
254 2476 433 2510 conspicimus
448 2482 475 2505 et
488 2479 521 2505 ad
538 2480 658 2515 prepria,
677 2483 731 2510 Deo
754 2485 906 2517 miserante,

123 2518 223 2544 reverti
240 2518 377 2548 videmus?
394 2521 460 2553 Nam
475 2524 537 2559 quid
551 2526 637 2554 dicam
652 2528 739 2559 adhuc
753 2530 786 2557 de
800 2530 909 2558 domino

127 2559 267 2597 Gertuano,
281 2565 390 2600 Hilario,
405 2568 448 2595 vel
462 2568 536 2604 Lupo
552 2571 684 2607 episcopis
697 2582 704 2600 ι
716 2574 761 2601 ubi
774 2580 845 2602 tanta
858 2576 908 2603 mi-

137 2647 171 2693 h:
182 2641 349 2693 .Cgi'ntius‘l:
419 2657 479 2689 pag.
493 2650 543 2684 ‘26,
555 2653 598 2693 lsie
612 2653 749 2693 distinguit
764 2665 770 2682 :
786 2658 835 2684 nisi
850 2659 902 2693 fur-

137 2676 142 2679 _
182 2677 193 2686 .
397 2676 401 2678 _
420 2676 426 2683 _
454 2676 477 2689 υ.
498 2676 524 2678 η
536 2676 543 2684 ,
563 2676 597 2679 Η-
614 2676 749 2690 ωηατ...
764 2677 770 2682 .
786 2676 835 2684 η...
850 2676 901 2693 ,ιυ-

124 2676 171 2725 m:
182 2677 323 2725 .hlgt‘foine-s
334 2690 349 2708 α
361 2683 423 2725 foris
434 2692 533 2725 a'mmas
544 2687 683 2725 decipiunt,
700 2699 755 2717 cum
767 2692 836 2725 illas,
849 2698 901 2722 elc.

122 2749 138 2769 θ
157 2708 177 2769 ζ
188 2711 225 2738 ιι,
240 2708 394 2745 omnes
402 2708 901 2757 tiittotasistatiatzi't'33:;17:

141 2763 147 2769 .
178 2754 220 2769 IIII!
237 2757 277 2769 nor
289 2759 316 2769 r1

141 2763 147 2769 -
161 2754 220 2778 qua:
235 2757 277 2778 per
289 2759 326 2778 σν.

161 2753 220 2778 qua:
235 2757 277 2781 per
289 2759 326 2778 cr.
814 2753 832 2754 Π
849 2753 869 2757 Π
883 2753 901 2756 Π

163 2782 257 2829 Lines
266 2787 421 2829 omittuntur
434 2790 459 2816 iu
470 2789 550 2829 tione.
564 2792 583 2820 l.
597 2800 634 2826 c.,
647 2802 706 2829 quae
719 2801 805 2825 tamen
817 2805 911 2828 occur-

128 2820 191 2857 runt
201 2819 274 2857 apud
289 2821 419 2850 Coiutiutn
431 2831 455 2852 et
470 2819 635 2855 liuinartutn:

169 2850 182 2868 δ
199 2850 285 2882 (latnt.
303 2862 327 2883 et
345 2850 697 2897 ltuinart.rlreéun‘t‘sulnbet.

971 929 1033 950 vera
1050 930 1221 958 agnosceret.
1237 927 1303 953 Cum
1328 927 1377 954 ista
1392 936 1450 962 qum
1467 937 1545 963 supra
1567 931 1631 964 dixi,
1648 932 1756 965 probata

969 969 1111 1002 cognovit,
1129 969 1238 997 humilis
1252 971 1284 998 ad
1300 971 1401 1000 domini
1419 974 1522 1001 Martini
1538 976 1628 1002 limina
1644 978 1756 1011 cecidit,

969 1017 997 1040 et
1019 1014 1146 1047 baptizari
1163 1023 1191 1043 se
1214 1017 1272 1044 sine
1295 1025 1369 1046 mora
1386 1020 1515 1053 permisit.
1531 1022 1581 1054 Qui
1605 1023 1754 1057 baptizatus

968 1063 1065 1093 quanta
1079 1059 1105 1086 in
1120 1060 1261 1089 haereticos
1271 1063 1419 1090 .Alaricum
1434 1065 1476 1092 vel
1494 1065 1698 1094 Gundobaldum
1711 1076 1754 1095 re-
1791 1102 1798 1108 _

969 1110 1015 1137 ges
1041 1103 1150 1138 iecerit,
1167 1104 1284 1139 audisti;
1304 1108 1391 1141 qualia
1408 1109 1476 1136 bona
1498 1110 1554 1143 ipse
1580 1112 1619 1138 vel
1636 1112 1683 1138 lilii
1699 1112 1757 1147 ejus

972 1148 998 1174 in
1010 1149 1109 1175 saeculo
1124 1150 1310 1185 possederunt,
1321 1160 1373 1179 non
1387 1153 1525 1187 ignoratis.
1542 1156 1614 1183 Talis
1629 1163 1756 1190 ornatus,

970 1193 1029 1220 talis
1041 1193 1090 1227 vir,
1102 1195 1188 1228 qualis
1202 1196 1334 1224 Alboinus
1346 1205 1392 1224 rex
1404 1207 1463 1225 esse
1477 1200 1582 1233 dicitur,
1598 1202 1658 1229 talis
1676 1203 1753 1235 fama,

969 1246 1047 1273 quem
1064 1240 1178 1268 mundus
1193 1241 1232 1268 sic
1247 1243 1379 1276 prmponit
1392 1263 1399 1276 ,
1415 1252 1498 1278 quare
1511 1253 1563 1272 non
1580 1249 1754 1282 convertitur,

969 1288 1014 1311 aut
1028 1291 1110 1319 quare
1126 1285 1217 1312 tardus
1229 1286 1261 1313 ad
1275 1288 1462 1322 requirendam
1479 1290 1548 1317 viam
1563 1292 1656 1318 salutis
1672 1301 1754 1327 appa-

960 1333 1009 1356 ret
1021 1329 1032 1355 ?
1048 1329 1119 1358 Deus
1133 1331 1212 1364 bone,
1227 1332 1273 1366 qui
1286 1340 1316 1360 es
1329 1338 1481 1361 sanctorum
1495 1335 1580 1370 gloria
1594 1341 1621 1364 et
1635 1338 1753 1365 omnium

969 1376 1052 1408 salus,
1067 1381 1093 1404 tu
1106 1383 1132 1404 te
1142 1377 1167 1404 in
1182 1378 1254 1405 illum
1267 1379 1352 1406 mitte.
1369 1380 1402 1407 Et
1415 1380 1561 1416 tu,domina
1576 1382 1752 1410 Chlodosvin-

968 1420 1012 1452 da,
1025 1427 1085 1447 cum
1097 1421 1206 1449 verbum
1224 1422 1298 1454 lacis,
1314 1423 1438 1451 solatium
1454 1425 1554 1459 tribue,
1570 1431 1599 1454 ut
1615 1434 1708 1456 Omnes
1721 1429 1755 1456 de

969 1465 1014 1492 tali
1028 1466 1103 1493 stella
1113 1487 1121 1500 ,
1138 1466 1171 1494 de
1183 1468 1229 1494 tali
1253 1475 1356 1503 gemma
1371 1470 1410 1496 sic
1428 1471 1591 1505 gaudeamus
1604 1494 1611 1505 ,
1637 1474 1752 1506 qualiter

969 1511 1025 1539 Deo
1040 1512 1146 1546 placere
1161 1515 1305 1547 possimus.
1329 1515 1423 1543 Saluto
1437 1520 1550 1549 tantum,
1565 1523 1692 1551 quantum
1708 1527 1753 1546 va-

931 1551 954 1583 C
970 1557 1011 1584 leo
1025 1565 1032 1583 :
1048 1558 1179 1592 deprecor
1190 1562 1218 1585 ut
1231 1560 1316 1586 otiosa
1331 1567 1384 1586 non
1399 1560 1435 1587 sis
1451 1570 1457 1587 :
1475 1562 1641 1590 incessanter
1655 1565 1753 1599 clama,

967 1602 1131 1629 incessanter
1141 1608 1226 1630 canta.
1244 1604 1346 1631 Audisti
1357 1604 1455 1632 dictum
1465 1606 1627 1634 :Salvrtllitttr
1638 1613 1650 1632 Β
1662 1609 1700 1635 vir
1711 1610 1752 1636 in-

965 1647 1049 1681 ﬁdelis
1061 1656 1105 1681 par
1112 1648 1241 1675 mulierem
1253 1649 1362 1682 ﬁdelem.
1377 1650 1521 1686 (l'Cor.vtt,
1531 1652 1583 1688 Η).
1597 1654 1661 1681 Nam
1672 1655 1752 1688 scias,

967 1693 1050 1726 prima
1064 1694 1146 1727 salus,
1163 1693 1245 1727 prima
1260 1695 1383 1723 remis>io
1397 1701 1448 1728 est,
1460 1697 1505 1731 qui
1521 1700 1643 1726 converti
1660 1699 1752 1728 fecerit

966 1743 1137 1771 peccatorum
1148 1738 1181 1765 ab
1195 1746 1287 1767 errore
1301 1747 1359 1767 suo.
1379 1741 1472 1776 Vigila,
1488 1743 1576 1778 vigila,
1590 1745 1649 1779 quia
1667 1745 1749 1773 Deum

966 1782 1107 1816 [troliitittm
1121 1783 1212 1811 habes.
1229 1784 1302 1819 Rogo
1315 1785 1390 1813 utsic
1400 1792 1472 1821 agas,
1487 1792 1516 1815 ut
1525 1795 1551 1815 et
1562 1796 1669 1824 gentem
1682 1791 1752 1818 Lon-

963 1828 1143 1861 gobardorum
1156 1828 1254 1856 fortem
1270 1838 1351 1865 super
1366 1832 1488 1860 inimicos
1504 1834 1597 1867 l‘acias,
1612 1841 1639 1863 ct
1653 1844 1701 1864 nos
1716 1837 1750 1865 de

963 1875 1049 1902 salute
1065 1879 1107 1901 tua
1122 1874 1165 1902 vel
1179 1875 1230 1902 viri
1245 1876 1281 1902 tui
1296 1877 1412 1910 gaudere
1427 1879 1569 1907 concedas.

1242 1931 1405 1960 El‘lSTOLA
1430 1934 1462 1961 ll.

1136 1984 1170 2003 AD
1183 1984 1356 2005 IUSTINIANUI
1371 1986 1571 2008 IMPERATORI?“-

1079 2020 1114 2047 Iu
1133 2022 1247 2048 Itwruim
1262 2023 1360 2057 lapsum
1374 2029 1474 2051 revocat
1487 2025 1518 2051 ab
1531 2033 1627 2054 errore.

999 2076 1110 2103 Domino
1128 2083 1235 2112 semper
1249 2085 1299 2106 suo
1313 2078 1463 2107 Justiniauo
1483 2081 1652 2117 imperatori,
1671 2083 1749 2112 Nice-

962 2120 1014 2148 tius
1028 2128 1087 2162 cmn
1102 2123 1156 2150 suis
1172 2123 1287 2157 humilis,
1310 2124 1358 2152 sed
1372 2126 1554 2154 misericordia
1574 2128 1677 2156 Domini
1690 2131 1748 2165 epi-

963 2173 1071 2201 scapus.

1001 2212 1021 2239 Ι.
1035 2212 1062 2240 In
1075 2213 1227 2241 novissimis
1242 2216 1404 2250 temporibus
1415 2216 1481 2252 jam,
1494 2222 1522 2246 ut
1532 2226 1621 2247 sermo
1632 2228 1748 2257 evange-

964 2258 1032 2286 licus
1045 2259 1174 2292 pradixit,
1187 2260 1379 2295 prospicimus;
1391 2266 1417 2289 et
1432 2270 1492 2290 cum
1508 2268 1612 2299 tempus
1627 2271 1749 2295 nostrum

963 2310 1070 2337 semper
1083 2304 1116 2330 sit
1135 2309 1254 2338 paratum
1265 2327 1272 2338 ,
1290 2310 1376 2333 tamen
1393 2307 1487 2340 linem,
1504 2313 1532 2335 ut
1552 2309 1686 2344 Scriptura
1702 2312 1748 2338 de-

965 2349 1112 2396 nuntiavit,
1129 2350 1220 2376 venire
1238 2351 1378 2378 sentimus.
1403 2351 1456 2379 Sed
1484 2352 1575 2379 beatus
1598 2354 1642 2381 ille
1667 2356 1761 2390 homo

963 2394 1053 2429 quem;
1066 2402 1126 2421 cum
1138 2396 1243 2422 venerit
1254 2394 1525 2429 Christus,invenerit
1536 2398 1622 2432 ipsum
1636 2400 1747 2434 vigilan-

964 2444 1026 2466 tem.
1043 2439 1088 2466 Sol
1113 2441 1277 2467 convertitur
1292 2442 1318 2467 in
1335 2441 1457 2468 tenebras
1475 2442 1508 2469 ab
1523 2443 1626 2470 oriente
1637 2466 1644 2478 ,
1662 2444 1686 2471 id
1706 2451 1748 2473 est

962 2483 996 2511 ab
1003 2484 1068 2517 alto,
1081 2484 1130 2511 hoc
1137 2489 1202 2512 esta
1214 2485 1266 2511 vita
1279 2491 1381 2512 sancta.
1393 2484 1421 2512 In
1431 2485 1533 2521 integro
1545 2489 1643 2515 mundo
1656 2490 1748 2524 splen.

959 2528 1041 2557 debas
1054 2534 1081 2555 ut
1092 2529 1147 2562 sal;
1159 2533 1185 2556 ot
1195 2536 1255 2556 cum
1269 2537 1362 2557 omnes
1375 2530 1436 2557 inde
1448 2532 1531 2565 gratia
1546 2532 1648 2562 Domini
1658 2533 1673 2553 ¹³
1686 2543 1747 2564 rec-

959 2580 1030 2603 tores
1050 2575 1176 2604 Ecclesitn
1198 2577 1285 2604 cuncti
1301 2576 1430 2604 consiliii
1453 2578 1537 2613 ipsius
1547 2581 1724 2614 gauderemus
1736 2602 1745 2616 ,

991 2663 1004 2688 ε
1022 2659 1105 2686 Minus
1120 2663 1194 2698 recte
1209 2659 1349 2698 Quintius,
1366 2666 1394 2689 ut
1409 2662 1516 2691 videtur
1528 2684 1536 2698 ,
1558 2664 1627 2698 Quid
1641 2665 1743 2693 dirum.

958 2693 1024 2730 Nam
1039 2702 1112 2727 mox,
1124 2695 1185 2730 quid
1201 2695 1282 2722 dicam
1293 2696 1387 2729 adhuc,
1403 2702 1454 2726 etc.

999 2729 1008 2748 ί
1027 2729 1159 2757 Clothilde
1173 2730 1297 2758 Clodovei
1313 2731 1320 2757 l
1335 2739 1428 2760 uxore.

1001 2769 1013 2788 8
1028 2765 1103 2799 Apud
1118 2765 1240 2793 ltuinart.
1256 2766 1400 2799 mendose,
1417 2769 1557 2795 sanabitur.

1002 2799 1016 2818 h
1031 2800 1165 2828 incuriose
1180 2801 1310 2829 omittitur
1324 2802 1407 2835 gratia
1418 2803 1442 2830 in
1459 2804 1560 2832 (Tottcil.

1007 2834 1012 2853 ί
1033 2835 1059 2862 In
1074 2836 1176 2865 Cuncil.
1193 2838 1219 2864 in
1235 2834 1354 2870 margine
1364 2838 1484 2866 consiliis.
