3904 6176
316 315 416 371 579

1555 310 1932 369 AGNELLUS.
1976 311 2264 369 NOTITIA.

3446 313 3542 369 3ξο

313 427 618 497 divulgante
673 425 808 480 fama
848 439 912 480 ex
964 424 1113 495 lapsu
1164 432 1346 480 vestro
1395 438 1550 495 quem
1609 442 1875 497 nunquam
1907 424 3345 498 Aeepisti.CumLactantius,utdicit,presbyterluea
3363 440 3540 483 sancta

311 518 593 585 pervenire
613 515 912 581 debuimus,
945 514 1243 569 contristati
1266 522 1319 570 et
1342 514 1605 570 humiliati
1630 529 1795 584 usque
1824 516 1876 569 in

316 621 456 681 terra
484 621 670 681 sumus
698 615 748 659 ι.
782 604 958 659 Dulcis
992 614 1173 659 noster
1220 604 1549 670 Justiniane,
1580 606 1699 674 quis
1725 614 1778 661 te
1807 605 1883 659 sic

314 695 568 764 decepit?
594 696 712 764 quis
732 733 749 761 ,
783 702 841 748 ut
869 693 992 748 talia
1029 693 1427 763 prosequereris
1448 736 1463 761 ,
1493 695 1705 749 suasit?
1740 695 1877 764 quis,

325 798 375 841 ut
404 786 675 842 Christum
698 802 886 857 purum
913 786 1177 841 hominem
1203 785 1469 854 fatereris,
1495 787 1710 843 docuit?
1743 789 1880 857 quis,

325 886 380 931 ut
409 878 460 931 in
483 877 635 931 Juda:
670 877 995 931 consortium
1047 887 1100 932 te
1133 878 1551 946 trauscriberes,
1583 879 1884 935 circumve-

325 968 438 1023 nit?
472 969 611 1037 quis,
659 977 715 1023 ut
759 968 903 1022 illum
935 968 1021 1037 qui
1052 967 1224 1024 dixit:
1251 968 1360 1040 Ego
1399 987 1431 1024 a
1459 968 1616 1024 Patre
1656 970 1815 1032 exivi,
1843 978 1890 1026 ct

327 1060 436 1113 veni
459 1061 511 1112 in
540 1059 677 1113 hunc
711 1060 957 1129 mundum
988 1060 1168 1133 (Joan.
1201 1075 1311 1126 XVI,
1334 1059 1448 1130 23),
1481 1075 1578 1129 per
1604 1059 1891 1115 circumci-

327 1148 551 1214 sionem,
582 1163 677 1218 per
698 1148 1017 1222 baptismum
1042 1189 1057 1214 ,
1090 1164 1185 1219 per
1215 1150 1547 1220 passionem,
1580 1160 1637 1205 ut
1675 1164 1893 1206 cresce-

327 1249 425 1305 ret,
460 1250 511 1295 te
536 1240 761 1295 docuit?
803 1241 940 1310 quis,
974 1248 1031 1295 ut
1058 1241 1147 1309 qui
1178 1256 1271 1295 cor
1297 1242 1548 1296 miserum
1580 1257 1686 1296 non
1730 1240 1895 1297 habe-

329 1332 423 1386 bas
464 1340 621 1397 ante,
652 1339 878 1401 repente
923 1331 1231 1402 oppressit?
1275 1332 1432 1403 quis,
1466 1341 1527 1387 ut
1556 1342 1732 1402 patres
1762 1348 1896 1402 quos

328 1421 569 1477 venerari
590 1421 840 1488 debuisti,
870 1421 936 1474 ad
967 1421 1161 1487 czedes,
1195 1420 1262 1476 ad
1290 1422 1527 1478 diversas
1552 1436 1741 1478 cruces
1766 1424 1894 1477 mit-

329 1523 486 1579 teres,
516 1511 823 1582 provocavit
844 1512 868 1566 ?
888 1512 1027 1581 quis,
1059 1522 1118 1568 ut
1147 1513 1234 1567 illa
1268 1521 1488 1582 propter
1515 1528 1634 1582 qum
1652 1512 1898 1569 Christus

328 1603 614 1659 cruciﬁxus
643 1611 758 1670 est,
791 1608 846 1658 et
888 1604 1117 1673 apostoli
1166 1618 1353 1658 omnes
1388 1604 1751 1675 pertulerunt,
1803 1604 1898 1660 dea

329 1705 585 1759 strueres,
619 1696 961 1763 provocavit?
988 1695 1125 1763 quis,
1151 1703 1210 1750 ut
1234 1695 1373 1764 quod
1398 1695 1507 1765 jam
1540 1696 1728 1762 semel,
1748 1696 1828 1752 bis
1847 1704 1903 1753 et

1987 531 2082 586 per
2110 514 2305 571 Gallias
2336 524 2552 585 propter
2593 514 2803 569 Domini
2839 516 3258 572 misericordiam
3295 518 3555 582 visitaret,

1986 615 2113 662 ante
2139 621 2237 662 nos
2269 605 2540 677 apparuit;
2569 622 2687 673 qua:
2721 605 2873 674 legis,
2911 605 3339 676 depreeavimus.
3369 616 3426 662 et
3460 622 3555 676 per
3652 671 3668 681 ν

1988 696 2171 752 Jesum
2223 696 2498 751 Christum
2548 694 2963 765 Redemptorem
3020 707 3262 753 nostrum
3314 697 3564 767 conjura-

1988 788 2185 842 vimus.
2212 787 2351 858 Ergo
2371 788 2564 843 litteris
2595 788 2948 856 praesentibus
2969 787 3138 844 Deum
3167 798 3409 844 nostrum
3431 804 3563 843 con-

1987 878 2319 949 iuravimus,
2376 878 2595 948 insuper
2644 888 3043 947 contestamur,
3088 887 3146 933 ut
3193 888 3248 934 et
3284 889 3339 932 tu
3378 892 3567 933 rever—

1993 971 2144 1034 taris,
2189 979 2245 1025 et
2273 978 2500 1039 quantos
2530 969 2708 1038 perire
2737 967 2955 1023 suasisti
2996 968 3049 1021 in
3082 966 3350 1023 horrenda
3380 981 3566 1035 perseo

1993 1060 2227 1124 cutione,
2254 1068 2526 1114 revertere
2550 1071 2829 1126 provoces.
2861 1056 3013 1123 Quod
3052 1055 3097 1111 si
3124 1071 3228 1110 non
3254 1055 3467 1118 feceris,
3492 1054 3567 1109 sit

1991 1149 2153 1219 judex
2183 1150 2271 1204 ille
2309 1150 2447 1203 inter
2472 1162 2568 1204 nos
2598 1157 2652 1203 et
2685 1155 2771 1213 te;
2803 1147 2896 1202 sed
2927 1157 3127 1216 quanto
3167 1146 3359 1210 citius,
3387 1145 3476 1201 cui
3508 1155 3569 1198 tu

1997 1243 2227 1297 honores
2278 1240 2487 1305 tulisti,
2532 1250 2588 1294 et
2620 1256 2810 1310 purum
2854 1240 3126 1295 hominem
3166 1237 3379 1294 fecisti?
3425 1236 3567 1291 Cum

2000 1332 2195 1400 legisti,
2223 1330 2331 1401 Ego
2357 1339 2405 1384 et
2435 1328 2593 1383 Pater
2615 1346 2774 1384 unum
2798 1346 2973 1385 sumus
2995 1328 3178 1399 (Joan.
3210 1345 3264 1391 ι,
3295 1328 3389 1397 50)
3419 1345 3431 1379 :
3466 1326 3570 1381 scd

1999 1422 2121 1477 talis
2154 1421 2309 1476 Pater
2336 1421 2508 1489 qualis
2536 1430 2591 1475 et
2622 1420 2810 1486 Filius,
2838 1419 2960 1489 quia
2996 1420 3069 1473 ita
3099 1420 3257 1474 Pater
3287 1428 3343 1473 ut
3373 1418 3569 1481 Filius;

1998 1511 2251 1582 quoniam
2297 1524 2478 1566 verum
2523 1520 2634 1576 Cal,
2677 1510 2945 1580 quomodo
2992 1509 3058 1563 ad
3099 1507 3570 1563 circumcisionem

1999 1602 2294 1668 veniendo,
2322 1601 2388 1656 ad
2420 1603 2779 1672 baptismum,
2810 1600 2878 1655 ad
2905 1601 3246 1671 martyrium,
3278 1600 3573 1655 melioraue

2001 1693 2277 1764 probatur,
2299 1694 2386 1764 qui
2417 1702 2472 1749 et
2499 1704 2708 1747 creator
2737 1693 2973 1746 omnium
2996 1705 3117 1748 esse
3136 1691 3527 1747 convincitur?

331 1787 490 1840 tertio
517 1786 583 1840 ab
611 1786 855 1841 omnibus
877 1786 1174 1841 rectoribus
1204 1786 1459 1843 Ecclesia:
1484 1788 1895 1843 condemnatum
1930 1785 1979 1845 B
2074 1784 2166 1839 Ill.
2191 1768 2427 1849 Festina,
2451 1783 2665 1850 festina,
2691 1781 3069 1850 sedoprotinus.
3094 1780 3227 1835 Nam
3250 1782 3294 1835 si
3317 1790 3368 1835 te
3389 1781 3467 1834 sic
3491 1781 3576 1834 ul-

332 1875 537 1941 fuerat,
565 1876 647 1930 vel
673 1875 948 1941 adorares,
982 1877 1350 1930 commonuit?
1389 1869 1619 1931 Nestorii
1650 1888 1702 1932 et
1732 1878 1899 1949 Euty-

332 1963 473 2031 chis,
507 1974 566 2018 ut
594 1964 844 2025 diximus,
871 1964 978 2034 jam
1009 1966 1454 2020 anathematizata
1476 1969 1721 2037 quotiens
1743 1978 1903 2037 atque

331 2054 576 2122 quotiens
601 2063 768 2121 secta,
790 2062 849 2108 ut
878 2063 928 2108 te
964 2054 1031 2109 de
1065 2054 1179 2123 ipsa
1207 2053 1235 2092 ι’
1267 2055 1627 2124 interimeres,
1661 2059 1779 2127 quis
1802 2058 1905 2111 im-

334 2145 580 2213 peravit?
609 2144 703 2200 ille
726 2185 742 2210 ,
769 2145 858 2201 ille
883 2147 971 2216 qui
1000 2146 1259 2202 Adatnut
1286 2148 1621 2218 contingeret
1654 2150 1902 2206 arborem

332 2235 458 2292 vita:
486 2237 692 2303 suasit,
724 2237 813 2307 qui
840 2239 1019 2294 studio
1058 2252 1156 2293 suo
1183 2250 1409 2295 mortem
1455 2241 1754 2312 adinveuit,
1802 2244 1907 2299 cir-

335 2327 626 2397 cumvenit;
653 2326 745 2397 qui
770 2325 959 2382 ludam
980 2343 1100 2383 cum
1122 2328 1390 2384 Christum
1418 2346 1608 2400 purum
1634 2331 1903 2389 hominem

340 2416 463 2470 fecit
482 2424 536 2470 et
561 2432 654 2485 pro
674 2417 885 2473 homine
902 2418 1135 2491 tradidit,
1157 2418 1210 2473 in
1224 2420 1397 2490 ignem
1415 2436 1573 2490 quem
1589 2424 1908 2493 praeparavit

339 2506 481 2561 Deus
506 2506 724 2563 diabolo
752 2516 805 2564 et
820 2509 1025 2579 angelis
1054 2509 1190 2579 ejus,
1211 2510 1376 2564 misit.

411 2598 474 2654 ll.
505 2598 683 2654 Dulcis
709 2607 764 2655 et
788 2597 962 2655 dulcis
982 2610 1164 2656 noster
1188 2600 1484 2657 Justiniane
1502 2646 1516 2669 ,
1550 2618 1909 2662 rememorare

338 2705 459 2758 qua:
481 2690 773 2758 promisisti
791 2706 909 2745 cum
934 2691 1228 2760 baptizatus
1252 2704 1332 2755 es,
1353 2691 1477 2759 quid
1510 2707 1603 2761 per
1629 2694 1834 2763 singula
1859 2705 1909 2751 te

340 2780 561 2835 credere
591 2781 794 2835 dixisti.
832 2781 1005 2837 Unum
1044 2781 1236 2835 Filium
1267 2792 1569 2838 manentem
1615 2783 1669 2837 iu
1703 2786 1909 2842 duabus

342 2870 651 2925 substantiis
671 2911 685 2937 ,
735 2886 855 2925 cum
888 2870 1042 2926 Patre
1072 2881 1127 2926 et
1154 2871 1354 2941 Spiritu
1382 2881 1604 2938 sancto,
1640 2889 1743 2929 non
1776 2877 1910 2929 duos

343 2960 583 3016 Christus
633 2969 855 3015 testatus
883 2974 960 3014 es.
1011 2960 1142 3016 Cum
1174 2963 1476 3029 excessisti,
1524 2963 1646 3033 quid
1695 2965 1910 3020 iecisti?

345 3049 472 3118 quid
513 3051 611 3107 tibi
644 3051 993 3119 przeparaSti?
1038 3051 1288 3118 Discute,
1329 3062 1384 3107 et
1430 3054 1565 3107 bene
1610 3065 1658 3109 te
1703 3056 1910 3125 prospi-

2003 1876 2161 1933 timus
2202 1876 2317 1931 dies
2359 1874 2662 1942 invenerit,
2695 1874 2868 1943 qualis
2922 1888 3066 1928 nunc
3115 1872 3275 1927 hodie
3314 1886 3572 1941 appares,

2001 1967 2331 2023 descendens
2364 1965 2431 2020 ad
2457 1964 2711 2019 inferiora
2743 1973 2921 2029 terrae,
2952 1972 3007 2018 et
3035 1963 3101 2016 ad
3127 1974 3304 2032 partes
3332 1963 3576 2032 vulp'um

2003 2058 2130 2111 eris.
2158 2055 2394 2111 Laetetur
2431 2063 2613 2110 sancta
2648 2054 2885 2121 Ecclesia
2917 2052 2985 2109 de
3009 2067 3256 2123 regressu
3286 2064 3407 2119 tuo,
3446 2055 3579 2122 quia

2004 2149 2350 2202 vehementer
2391 2147 2536 2216 luget
2578 2145 2646 2200 de
2683 2159 2910 2200 excessu
2936 2152 3048 2200 tuo.
3094 2142 3341 2201 Gaudere
3384 2159 3487 2199 nos
3523 2145 3578 2200 in

2006 2238 2192 2294 ultimo
2246 2240 2445 2292 smeulo
2497 2238 2700 2305 facias,
2760 2251 2894 2306 quos
2945 2238 3125 2307 lugere
3167 2245 3287 2306 post
3334 2236 3582 2292 laatitiam

2008 2337 2151 2383 tuam
2182 2328 2250 2384 de
2278 2327 2577 2399 perditione
2609 2339 2695 2383 tua
2724 2329 2915 2383 fecisti.
2945 2327 3023 2382 Ne
3043 2327 3189 2382 dicas
3225 2329 3305 2383 vel
3335 2328 3385 2381 iu
3408 2330 3585 2384 corde

2009 2430 2122 2483 tuo,
2156 2419 2305 2486 Feci,
2336 2420 2432 2475 feci
2457 2461 2473 2488 ,
2504 2419 2644 2485 Vici,
2677 2419 2803 2473 vici.
2840 2419 3019 2473 Victus
3051 2433 3109 2473 es
3139 2428 3189 2472 et
3223 2418 3447 2483 vinetus;
3483 2419 3584 2473 sed

2008 2511 2133 2567 inde
2177 2512 2319 2566 unde
2362 2510 2504 2565 [ilius
2539 2509 2736 2565 diaboli
2765 2518 2821 2565 et
2867 2508 3110 2564 inimicus
3157 2508 3399 2579 juStitiae.
3442 2508 3587 2563 Nam

2009 2612 2194 2658 notum
2228 2602 2322 2657 tibi
2360 2602 2448 2667 sit,
2476 2600 2619 2673 quod
2646 2609 2753 2657 tota
2784 2602 2956 2666 italia,
2989 2601 3191 2671 integra
3221 2600 3422 2664 Africa,
3453 2601 3586 2654 llis-

2011 2696 2189 2763 pania,
2221 2694 2306 2750 vel
2335 2694 2507 2749 Gallia
2538 2702 2750 2760 cuneta,
2784 2708 2978 2749 nomen
3010 2702 3181 2761 tuum,
3211 2708 3331 2747 cum
3360 2692 3430 2747 de
3455 2708 3589 2760 per-

2010 2786 2213 2841 ditione
2242 2794 2328 2839 tua
2360 2784 2601 2853 plorant,
2635 2784 3111 2838 anathematizauit.
3147 2784 3214 2837 Et
3239 2782 3285 2836 si
3317 2796 3423 2836 non
3453 2798 3585 2853 qua:

2012 2878 2239 2934 docuisti
2277 2876 2641 2939 destruxeris,
2683 2884 2737 2930 et
2785 2876 2992 2944 publica
3036 2889 3167 2930 voce
3205 2874 3536 2929 elamaveris
3568 2892 3581 2929 :

2014 2970 2221 3034 Erravi,
2250 2967 2446 3034 erravi;
2478 2965 2760 3022 anathema
2783 2965 3078 3031 Nestorius,
3108 2965 3390 3019 anathema
3415 2964 3592 3035 Euty-

2014 3060 2163 3126 ches;
2191 3074 2309 3113 cum
2334 3058 2464 3128 ipsis
2494 3065 2545 3112 te
2574 3057 2641 3113 ad
2661 3057 2919 3127 supplicia
2944 3058 3266 3126 sempiterna
3290 3057 3587 3113 tradidisti.

344 3153 431 3202 ce,
475 3149 529 3194 et
572 3140 693 3195 vide
738 3140 785 3195 si
828 3154 933 3195 non
960 3140 1013 3195 in
1039 3141 1157 3195 loco
1204 3142 1518 3211 perditionis
1556 3153 1607 3198 te
1642 3146 1907 3214 obligasti.
1939 3140 1983 3199 C
2015 3154 2318 3209 Salutamus
2365 3152 2679 3222 plurimum,
2731 3150 3070 3219 conjurantes
3118 3164 3210 3218 per
3271 3151 3483 3203 Patrem
3539 3160 3589 3205 et

349 3226 537 3282 Adhuc
564 3229 609 3283 si
636 3229 738 3297 vis,
762 3229 933 3284 vivis:
961 3230 1005 3284 si
1027 3231 1135 3295 vis,
1164 3232 1502 3285 revertendo.
1526 3231 1908 3301 Convertimini,

346 3320 539 3389 inquit,
563 3323 630 3374 ad
652 3337 749 3389 me,
773 3331 822 3376 et
842 3331 1103 3376 convertar
1122 3324 1190 3375 ad
1210 3339 1295 3377 vos
1312 3323 1489 3394 (Zach.
1514 3341 1553 3392 ι,
1578 3326 1651 3395 5).
1677 3326 1861 3382 Patres
1881 3343 1909 3382 a

344 3409 537 3478 quibus
582 3410 1002 3467 benedictionem
1040 3424 1356 3483 exspectare
1384 3414 1614 3470 debuisti
1641 3456 1655 3481 ,
1688 3417 1743 3471 in
1772 3420 1912 3473 exsi-

344 3498 475 3554 lium
506 3504 864 3557 transmisisti.
896 3504 1031 3558 Tum
1058 3518 1178 3559 cum
1212 3506 1264 3559 in
1303 3506 1488 3560 ultima
1518 3517 1792 3564 senectute
1824 3518 1910 3565 tua

343 3607 665 3661 componere
683 3604 738 3650 et
763 3595 1086 3667 conjungere
1117 3607 1169 3653 te
1189 3596 1257 3652 ad
1300 3599 1714 3670 Redetnptorem
1761 3612 1907 3657 tuum

344 3684 610 3753 debuisti,
644 3686 756 3757 ipse
781 3697 855 3755 te,
895 3704 1002 3745 non
1032 3689 1190 3757 alter,
1224 3690 1320 3746 sed
1354 3699 1409 3746 tu
1429 3702 1481 3748 et
1513 3700 1562 3747 te
1587 3703 1640 3749 et
1669 3700 1787 3750 tuos
1812 3694 1911 3750 de-

379 3936 389 3945 .
418 3868 445 3898 ⁸
478 3865 769 3945 Depravata_
794 3880 874 3926 est
902 3872 1015 3927 lucc
1056 3875 1321 3943 periodus;
1351 3875 1502 3943 cujus
1530 3876 1575 3929 si
1605 3890 1711 3930 non
1742 3876 1898 3945 ipsis-

346 3942 480 4014 sima
509 3948 645 4003 sunt.
662 3942 822 4014 verba
846 3982 861 4006 ,
893 3946 1083 3997 saltem
1123 3959 1310 3999 sensus
1342 3942 1425 3998 hic
1447 3959 1568 3999 esse
1601 3942 1795 4013 potest.
1839 3946 1905 4000 In

344 4011 763 4082 iutegro_ntuudo
792 4014 1089 4082 splendebas
1115 4025 1169 4067 ut
1195 4016 1272 4067 sol
1294 4031 1314 4076 ;
1359 4025 1406 4067 et
1435 4030 1552 4067 cum
1585 4011 1758 4069 omnes
1788 4017 1906 4070 inde

346 4077 515 4144 gratia
542 4077 743 4132 Domini
764 4077 978 4136 rectores
1000 4081 1247 4138 Ecclesia:
1260 4087 1613 4154 gauderemus,
1639 4088 1906 4155 divulgan-

470 4338 507 4356 σ.

2019 3245 2208 3299 Filium
2251 3252 2309 3299 et
2337 3244 2593 3313 Spiritum
2639 3253 2915 3307 sanctum;
2948 3256 3041 3311 per
3069 3241 3216 3295 illum
3251 3242 3339 3308 qui
3389 3242 3443 3295 in
3474 3257 3596 3296 uno

2018 3337 2185 3391 triuus
2211 3343 2455 3404 apparet,
2485 3344 2539 3388 et
2561 3334 2622 3417 in.
2646 3334 2818 3388 tribus
2839 3348 2976 3388 unus
2997 3335 3329 3402 agnoscitur,
3356 3343 3412 3386 ut
3440 3343 3497 3388 te
3528 3335 3598 3389 de

2018 3424 2282 3480 horrenda
2302 3435 2447 3479 secta
2465 3432 2519 3478 et
2536 3422 2879 3477 abominabili
2902 3422 3272 3490 persecutione
3287 3436 3599 3489 semovcas,

2017 3524 2071 3570 et
2102 3516 2219 3569 illos
2262 3515 2350 3584 qui
2393 3524 2444 3568 te
2493 3514 2754 3568 suadente
2786 3514 2847 3569 in.
2869 3513 3036 3582 ipsam
3082 3513 3461 3581 crediderunt,
3529 3514 3600 3569 ad

2020 3606 2292 3661 meliorem
2326 3604 2461 3658 viam
2489 3603 2670 3659 venire
2695 3602 2930 3658 studeas.

2008 3888 2054 3932 te
2080 3880 2245 3943 fama,
2269 3893 2333 3932 ea:
2371 3876 2520 3945 lapsu
2550 3885 2712 3930 vestro
2748 3892 2893 3946 quem
2919 3892 3177 3946 nunquam
3200 3876 3473 3943 prwvidere
3512 3882 3599 3932 dc-

2010 3948 2211 4022 buimus
2231 3988 2252 4022 _,
2292 3947 2577 4001 contristati
2599 3957 2650 4022 et
2671 3947 2935 4022 humiliati
2959 3962 3117 4016 usque
3152 3947 3203 4000 in
3230 3957 3364 4000 terra
3393 3964 3600 4022 sumus.

2008 4016 2198 4072 Com.
2230 4018 2266 4071 I.
2296 4032 2372 4083 c.,
2404 4031 2584 4084 pagg..
2622 4017 2690 4071 8t)
2714 4026 2767 4071 et
2795 4016 2885 4073 81.

2084 4086 2109 4125 δ
2142 4088 2345 4142 Concil.
2364 4127 2379 4153 ,
2409 4087 2541 4155 ipsa,
2578 4086 2956 4156 praepositione
2985 4086 3047 4140 de
3074 4087 3291 4141 omissa.

369 4227 3604 4280 Μ

1662 4384 1829 4427 ANNO
1873 4384 2099 4427 DOMINI
2145 4385 2276 4429 DLH

1456 4522 2492 4671 AGNELLUS

1332 4753 1943 4833 EPISCOPUS
2044 4758 2667 4863 BANENNAS.‘

1594 4991 1862 5048 NOTITM
1912 4993 2000 5061 (ex
2038 4989 2362 5060 Gallandio).

431 5118 471 5175 1.
500 5120 627 5188 Qua:
655 5122 723 5177 de
759 5123 925 5193 gestis
951 5124 1155 5195 Agnelli
1184 5126 1426 5195 praesulis
1457 5127 1780 5184 Ravennatis
1804 5142 1923 5183 cer-
1949 5131 2001 5191 D
2025 5126 2402 5182 sertationibus
2425 5133 2479 5180 et
2503 5124 2962 5181 observationibus
3001 5124 3353 5191 illustratum;
3382 5125 3621 5196 ejusque

362 5212 499 5265 tiora
523 5221 762 5279 prostant
790 5213 1130 5281 documenta,
1157 5232 1293 5272 ttnus
1315 5217 1568 5287 Agnellus
1595 5218 1760 5273 abbas
1786 5220 1926 5273 San-

361 5302 430 5357 cti
465 5300 841 5357 Bartholomzei
872 5303 1059 5361 litteris
1086 5309 1419 5377 consignavit
1456 5309 1508 5362 in
1557 5310 1717 5364 Libro
1748 5309 1925 5364 Ponti-

365 5390 499 5445 lieali
539 5406 681 5446 anno
710 5392 812 5448 839
864 5395 1165 5465 conscripto
1195 5413 1209 5448 :
1242 5396 1382 5465 quod
1415 5398 1626 5466 quidem
1681 5412 1815 5466 opus
1861 5415 1928 5452 ex

367 5481 603 5537 Estensis
633 5484 963 5540 bibliotheca:
990 5486 1173 5541 codice
1202 5503 1303 5540 ms.
1351 5503 1494 5543 anno
1542 5490 1677 5543 1708
1707 5489 1921 5543 Mutinae

366 5574 568 5641 primus
596 5575 862 5645 evulgavit
910 5576 972 5630 V.
1002 5575 1061 5630 C.
1113 5577 1430 5633 Benedictus
1459 5579 1772 5633 Bacehiuius
1817 5580 1925 5633 dis-

440 5708 515 5770 (al
556 5708 680 5765 Rcr.
715 5711 827 5765 Ital.
861 5692 1043 5782 script.
1078 5722 1207 5769 tom.
1240 5713 1302 5781 ll,
1331 5728 1448 5783 pag.
1493 5716 1541 5768 l.

2034 5219 2199 5273 editio
2226 5219 2479 5286 deinceps
2529 5232 2669 5270 anno
2702 5216 2839 5269 1725
2890 5218 3027 5271 inter
3058 5216 3252 5270 Rerum
3295 5216 3609 5270 Italicarum

2035 5308 2325 5376 scriptores
2346 5308 2539 5377 prodiit
2555 5307 2834 5362 Mediolani
2849 5307 3251 5362 emendatioret
3272 5308 3479 5361 auctior
3498 5308 3611 5377 (a).

2037 5400 2222 5454 Tradit
2246 5400 2421 5469 itaque
2439 5390 2766 5453 Pontiﬁealis
2792 5407 2976 5453 auctor
2995 5397 3093 5466 (b),
3118 5396 3394 5465 Agnellum
3413 5410 3476 5450 ex
3508 5412 3607 5448 no-

2039 5491 2130 5546 bili
2152 5500 2325 5545 ortum
2356 5491 2595 5560 prosapia
2621 5491 2915 5559 opibusque
2945 5488 3325 5554 abundantem,
3377 5503 3612 5540 uxorein

2046 5582 2272 5649 primum
2302 5581 2515 5635 duxisse
2568 5594 2630 5634 ac
2666 5580 2906 5633 militiam
2938 5588 3175 5635 secutum
3203 5596 3216 5633 :
3250 5579 3342 5633 sed
3374 5590 3613 5647 pOSIIlIO-

2118 5715 2193 5785 (b)
2222 5716 2427 5786 Agnell.
2456 5716 2570 5771 Lib.
2605 5716 2796 5772 Pontif.
2832 5728 2963 5788 part.
2996 5734 3053 5786 tt,
3088 5734 3133 5799 ς.
3169 5719 3216 5785 l,
3244 5718 3394 5780 ibid..
3420 5734 3470 5786 p.
3492 5719 3509 5771 l
3531 5718 3619 5774 13.
