3968 6166
286 284 384 340 381

1305 283 1595 342 AGNELLl
1631 287 1722 342 AD
1766 266 2127 344 antistitum
2171 276 2518 345 EPISTULA.
2585 353 2591 365 ,

3439 291 3543 345 38’2

285 402 410 452 dum
450 406 656 452 mortua
706 397 932 467 conjuge
963 410 1024 451 ac
1072 395 1287 464 cingulo
1333 398 1547 452 militari
1580 398 1850 467 deposito,
1888 401 1938 460 Α
1965 399 2157 467 ligione
2183 410 2236 455 et
2263 401 2436 455 bonus
2486 400 2537 454 in
2571 399 2807 453 moribus
2837 408 2890 453 et
2929 399 2979 453 in
3030 400 3330 456 resistendo
3357 402 3543 455 adver-

288 498 453 541 tonnn
491 501 547 540 se
570 486 680 541 Deo
713 488 1049 554 mancipasse
1073 494 1233 554 atque
1262 485 1678 541 ecclesiasticam
1703 489 1862 543 vitam

286 578 606 633 excoluisse.
638 576 822 645 ltaque
849 578 992 631 circa
1037 590 1234 629 annum
1268 574 1396 639 527,
1426 576 1603 632 relatis
1630 590 1741 631 sua:
1769 576 1862 645 44,

287 670 355 721 ab
383 666 622 723 Ecclesio
651 667 893 722 antistite
934 666 1243 721 Ravennate
1276 665 1417 721 inter
1439 665 1666 722 clericos
1695 668 1868 722 ascri~

287 769 409 826 plus
429 769 483 811 et
507 757 822 811 diaconatus
848 756 1041 811 ordine
1063 756 1371 825 insignitus,
1398 755 1643 811 ecclesia:
1673 766 1861 825 postea

288 847 466 900 Beata:
501 846 722 916 Agathae
771 843 1145 913 praefecturam
1197 843 1451 899 obtinuit.
1501 845 1707 901 Exinde
1734 859 1867 900 vero

284 951 487 990 annum
516 950 681 1004 agens
707 935 779 990 70
806 934 1076 989 communi
1102 948 1372 990 consensu
1399 934 1723 989 Maximiano
1753 936 1867 1002 epi-

284 1041 454 1095 scopo
484 1024 743 1081 suffectus
767 1033 851 1079 est
889 1023 978 1079 die
1007 1023 1081 1077 2%
1107 1022 1251 1079 Junii
1278 1038 1405 1079 ann.
1439 1025 1567 1080 555.
1593 1024 1690 1091 Qui
1721 1033 1869 1094 post-

281 1131 443 1186 quam
494 1114 791 1170 Ecclesiam
842 1114 1211 1169 Ravennatem
1277 1115 1511 1169 rexisset
1568 1128 1740 1169 annos
1799 1117 1869 1171 l5

281 1222 529 1266 mensem
563 1208 587 1262 l
621 1215 676 1261 et
723 1205 842 1261 dies
872 1205 929 1274 8,
976 1220 1008 1261 e
1033 1205 1167 1259 vivis
1194 1205 1430 1260 excessit
1456 1218 1599 1259 anno
1621 1205 1747 1269 566,
1779 1220 1869 1259 ea-

281 1299 463 1353 lcndis
488 1298 768 1367 Augustis,
800 1298 973 1352 {etatis
1003 1297 1094 1353 8'5.
1141 1297 1218 1351 De
1245 1296 1327 1351 his
1359 1297 1505 1365 plura
1536 1298 1718 1353 videas
1763 1298 1868 1353 itu-

281 1394 472 1462 primis
492 1395 632 1463 apud
661 1396 1005 1450 Baccbinium
1037 1394 1117 1465 (a)
1150 1412 1163 1447 :
1189 1409 1289 1449 nec
1310 1396 1685 1463 praetermittas
1710 1397 1869 1452 velim

282 1484 671 1557 Hieronymum
710 1486 955 1541 Rubeum
988 1485 1063 1557 (b)
1093 1496 1255 1555 atque
1294 1485 1571 1555 Ugbellum
1617 1484 1732 1557 (c);
1779 1489 1868 1556 qui

281 1585 467 1630 tamen
504 1576 715 1647 Agnelli
768 1576 1163 1632 ordinationem
1208 1591 1354 1631 anno
1400 1578 1504 1632 558
1544 1579 1869 1649 consignatis

280 1668 532 1737 erravit,
593 1679 648 1725 et
714 1670 769 1725 in
825 1667 1075 1725 eumdem
1152 1682 1392 1725 errorem
1450 1669 1659 1724 induxit
1706 1669 1872 1726 Oudi-

283 1776 413 1816 unm
443 1763 549 1834 (Δ).

349 1853 419 1907 ll.
446 1852 678 1920 Scripsit
704 1852 961 1923 Agnellus
988 1852 1410 1909 Ravennatensis
1426 1855 1651 1911 antistes
1674 1856 1873 1923 episto-

279 1941 387 1996 lam
419 1942 490 1996 ad
516 1942 830 2010 Armehium
864 1943 1076 1998 Arianis
1117 1946 1437 2012 oppositam,
1472 1960 1593 2015 quae
1640 1947 1869 2015 primum

282 2032 486 2101 prodiit
508 2031 735 2087 Basilea:
764 2047 907 2088 anno
936 2033 1095 2099 1528,
1122 2033 1434 2088 ἰηπιοεηηίε
1474 2035 1717 2091 Sichardi
1762 2038 1870 2091 An-

281 2121 754 2177 tidoto'adversus
796 2108 1034 2178 haereses
1072 2138 1087 2177 :
1119 2123 1311 2179 exinde
1350 2138 1482 2177 vero
1512 2124 1637 2179 alibi
1670 2126 1870 2194 pluries

277 2225 506 2267 excusa.
532 2210 637 2266 Nos
660 2227 777 2267 eam
801 2212 1181 2282 descripsimus
1205 2227 1271 2268 ex
1293 2213 1620 2270 Bibliotheca
1646 2214 1865 2270 Patrum

278 2298 578 2356 Parisiensi
608 2299 682 2369 te)
702 2342 717 2367 ,
765 2300 964 2371 quippe
1012 2301 1223 2356 caeteris
1252 2302 1616 2369 emendatior;
1645 2304 1868 2374 ejusque

277 2390 601 2455 lectionem,
620 2391 664 2445 si
686 2405 790 2459 qua
816 2391 1000 2455 dubia,
1021 2393 1308 2447 restituere
1336 2392 1659 2447 studuimus.
1685 2394 1868 2463 Neque

278 2482 369 2536 hic
397 2482 785 2557 omittendum,
807 2482 1178 2537 existimamus
1224 2483 1579 2553 fragmentum
1620 2486 1864 2553 epistolae

280 2571 493 2642 Pelagii
528 2573 632 2627 lad
661 2574 909 2629 eumdem
939 2574 1243 2643 Agnellum,
1270 2576 1414 2644 quod
1453 2577 1504 2629 in
1534 2576 1703 2631 lucem
1732 2576 1867 2632 emi-

273 2664 346 2719 sit
390 2664 768 2734 Baluziusu‘).
813 2663 910 2718 Est
951 2673 1129 2719 autem
1162 2664 1510 2734 bujusmodi;
1563 2685 1581 2718 ι
1626 2667 1866 2740 Pelagius

274 2757 501 2827 Agnelfo
532 2758 835 2812 Ravennati.
874 2758 1215 2813 Fraternitati
1259 2767 1362 2813 tute
1409 2759 1758 2831 iniungimus,
1809 2773 1866 2816 ut

274 2850 452 2919 eligas
482 2849 643 2904 talem
677 2852 848 2905 virum
882 2851 933 2905 in
973 2850 1367 2921 presbyterum,
1400 2852 1499 2937 .qui
1534 2851 1669 2905 ﬁxus
1696 2852 1749 2906 in
1780 2870 1865 2907 re-

1971 491 2128 545 sariis
2152 492 2340 546 efticax
2372 492 2542 561 possit
2569 491 2833 565 existere;
2864 498 2917 543 et
2967 490 3168 561 dirigas
3196 492 3259 544 ad
3298 502 3542 546 sanctum

1969 579 2143 634 virum
2193 581 2483 650 gloriosum
2527 579 2787 634 Joannem
2837 580 3119 648 patricium
3156 596 3171 633 :
3204 581 3305 634 hoc
3330 581 3380 635 ei
3422 592 3547 635 ante

1969 671 2148 724 omnia
2190 670 2525 740 przecipiens,
2559 678 2617 724 ut
2644 668 2846 723 nullum
2874 669 3017 723 aliud
3058 679 3255 737 praeter
3283 686 3457 723 meum
3486 680 3544 725 et

1970 773 2118 817 tuum
2161 765 2398 818 nominet
2435 777 2628 817 nomen
2678 762 2815 815 inter
2844 775 2997 814 sacra
3046 763 3320 830 mysteria.
3354 780 3371 811 ι
3400 762 3543 815 ldetn

1969 852 2329 924 fragmentum
2376 869 2497 908 cum
2525 853 2643 907 aliis
2673 854 3022 919 epistolarnm
3056 850 3297 919 ejusdem
3325 851 3544 921 Pelagii,

1971 957 2091 1011 qua:
2130 958 2199 997 ex
2252 957 2384 999 mss.
2441 942 2717 997 codicibus
2759 940 2902 995 4047
2932 951 2986 995 et
3013 940 3175 1004 4048,
3209 939 3547 993 bibliotheca:

1972 1031 2296 1088 Colbertina:
2325 1048 2425 1087 nec
2450 1048 2556 1087 non
2607 1047 2673 1087 ex
2718 1032 2825 1086 alio
2872 1032 3163 1095 exempiari
3199 1030 3546 1099 Rivipullensi

1971 1124 2205 1194 vulgavit
2258 1124 2500 1178 laudatus
2555 1124 2830 1188 Baluzius,
2888 1120 3274 1189 Supplenento
3326 1134 3422 1171 suo
3479 1119 3549 1175 ad

1972 1215 2211 1271 Concilia
2233 1215 2749 1271 Venetolabbeana
2774 1214 3020 1284 intexuit,
3045 1212 3139 1269 sed
3164 1213 3342 1267 minus
3362 1227 3549 1291 einen-

1973 1308 2117 1372 date,
2145 1307 2215 1361 el.
2244 1307 2479 1362 Mansius
2510 1305 2613 1377 (g).

2046 1396 2138 1453 lll.
2162 1397 2432 1452 Craterum
2464 1397 2684 1452 minime
2712 1394 3030 1459 audiendus,
3060 1395 3149 1463 qui
3174 1404 3327 1448 notas
3355 1394 3419 1447 ad
3451 1410 3547 1448 no-

1974 1500 2094 1541 vam
2142 1486 2393 1542 Historias
2424 1487 2699 1547 litterarize
2739 1485 3008 1540 Guilielnii
3060 1483 3222 1538 Cavei
3253 1485 3545 1539 editionem

1975 1588 2129 1633 notas
2154 1577 2418 1645 attexnit;
2448 1578 2534 1632 ubi
2566 1579 2640 1632 ait
2662 1576 2765 1648 (Ii),
2794 1576 3074 1645 Agnellum
3096 1589 3202 1643 quo
3224 1575 3291 1628 de
3320 1575 3544 1641 agimus,

1973 1681 2171 1741 praeter
2198 1672 2465 1726 laudatam
2498 1670 2776 1739 epistolam
2805 1670 2872 1724 ad
2902 1669 3236 1732 Armenium,
3266 1668 3546 1733 scripsisse

1902 1760 1948 1820 B
1976 1778 2185 1834 quoque
2205 1763 2511 1833 Pontiﬁcale
2532 1779 2618 1818 seu
2649 1763 2786 1815 Vitas
2801 1764 3154 1831 epist-aperitin
3173 1756 3544 1815 Ravennaturn'.

1974 1853 2234 1909 Nimirum
2264 1870 2390 1909 vera
2420 1854 2566 1909 falsis
2594 1854 2948 1919 confundens,
2984 1851 3267 1922 Agnellutn
3311 1860 3548 1905 nostrum

1975 1945 2221 1999 eumdem
2250 1945 2460 2001 censuit
2489 1959 2551 1999 ac
2579 1945 2861 2013 Agnellum
2906 1943 3176 2013 juniorem
3222 1939 3552 1995 Pontiticalis

1974 2046 2266 2099 auctorem,
2309 2037 2399 2106 qui
2441 2036 2610 2090 tribus
2639 2035 2807 2089 ferme
2848 2034 3059 2089 smenlis
3086 2033 3254 2089 altero
3282 2032 3550 2102 posterior

1974 2126 2095 2193 fuit,
2127 2140 2299 2195 neque
2335 2139 2563 2194 unquam
2590 2124 2877 2194 episcOpali
2908 2124 3167 2193 dignitate
3208 2121 3546 2184 honestatus,

1976 2228 2034 2272 ut
2060 2218 2315 2291 superius
2345 2217 2671 2271 monuimus.
2704 2216 2968 2283 Deceptus
3001 2216 3227 2269 fortasse
3267 2213 3424 2268 fuerit
3451 2212 3550 2266 ad-

1975 2313 2193 2361 hotator
2240 2307 2328 2360 ille
2357 2321 2388 2359 a
2421 2306 2630 2374 Vossio,
2664 2306 2753 2375 qui
2800 2306 2948 2374 gravi
2994 2319 3124 2361 sane
3170 2304 3367 2373 duplici
3401 2303 3550 2371 lapsu

1975 2398 2225 2453 eumdem
2258 2397 2539 2466 Agnellum
2589 2396 2897 2451 historicum
2942 2396 3266 2449 Ravennatis
3296 2394 3552 2449 Ecclesia:

1975 2488 2137 2542 fuisse
2165 2487 2649 2557 archiepiscopum,
2693 2495 2748 2540 et
2791 2486 3005 2556 quidem
3033 2486 3085 2539 in
3116 2499 3180 2539 ea
3205 2484 3333 2538 sede
3359 2483 3552 2537 ordine

1973 2579 2261 2645 decimum,
2291 2578 2479 2633 scribit
2512 2576 2577 2647 (i)
2608 2595 2622 2631 :
2649 2577 2771 2647 jure
2799 2585 3079 2646 propterea
3111 2584 3324 2629 notatus
3350 2590 3379 2627 a
3406 2575 3543 2629 San-

1972 2655 2063 2724 dio
2092 2670 2335 2738 primum
2370 2668 2462 2739 (j),
2490 2667 2684 2723 deinde
2722 2683 2752 2722 a
2781 2668 2851 2723 cl.
2882 2676 3099 2722 auctore
3126 2664 3288 2721 Diarii
3313 2664 3550 2720 erudito-

1976 2776 2095 2814 rum
2126 2759 2287 2815 ltalia:
2315 2759 2412 2831 (k).

345 2960 435 3031 (a)
462 2957 543 3013 Ad
572 2958 780 3029 Agnell.
806 2959 844 3013 l.
873 2975 949 3028 c.,
981 2973 1098 3029 pag.
1129 2959 1219 3026 88,
1248 2958 1275 3029 ς
1302 2960 1333 3011 2
1360 2967 1412 3013 et
1440 2972 1590 3029 pagg.
1623 2959 1712 3026 94,
1739 2961 1840 3017 115
1894 2964 1941 3028 C
2045 2959 2113 3031 (f)
2136 2961 2319 3015 Baiuz.
2344 2960 2592 3026 Miscell.,
2625 2959 2721 3014 lib.
2755 2975 2807 3023 ν,
2841 2974 2895 3029 p.
2924 2959 3050 3016 464.

346 3097 432 3168 (b)
462 3099 600 3153 Rub.
630 3099 763 3153 llist.
800 3100 1042 3154 Ravenn.
1072 3100 1164 3153 lib.
1194 3114 1277 3169 tu,
1305 3115 1356 3169 p.
1396 3099 1519 3155 l69.

344 3170 427 3291 (9
452 3169 662 3249 Ughell.
698 3169 808 3222 Ital.
836 3184 1001 3249 δέξει-η
1031 3179 1159 3224 tum.
1185 3168 1248 3231 ll,
1287 3168 1337 3237 p.
1374 3172 1498 3225 557.

344 3242 361 3291 t
422 3242 436 3291 i
467 3240 665 3291 Oudm.
696 3240 762 3291 de
786 3242 981 3291 εει-ποι.
1011 3240 1172 3291 ecel..
1197 3248 1327 3291 tom.
1363 3242 1403 3291 Ι.
1438 3257 1487 3291 n.

342 3239 436 3306 (ἀ)
467 3240 665 3292 Oudin.
696 3240 762 3294 de
786 3242 981 3306 script.
1011 3240 1172 3305 eccl.,
1197 3248 1327 3293 tom.
1363 3242 1404 3305 l,
1438 3257 1487 3308 p.
1519 3239 1674 3295 1413.

274 3308 428 3437 “(70
461 3309 599 3364 Bibl.
632 3310 734 3364 PP.
786 3310 983 3377 Paris.,
1036 3324 1162 3363 attn.
1214 3310 1370 3377 1654,
1413 3321 1543 3365 tom.
1597 3311 1695 3379 ΙΙΙ,⁶
1732 3324 1854 3381 pag.

318 3401 405 3433 Η.

2040 3027 2120 3151 (ἵ)
2145 3031 2313 3085 Mans.
2347 3032 2625 3112 Supplein,
2653 3033 2717 3084 ad
2744 3027 2974 3113 Cotieil.,
3004 3039 3133 3109 tom.
3166 3030 3206 3093 Ι,
3240 3042 3292 3097 p.
3312 3027 3438 3082 451.

2040 3107 2054 3151 t
2105 3102 2123 3151 l
2155 3102 2232 3151 Ad
2254 3099 2385 3151 Cav.
2412 3101 2547 3151 Hist.
2585 3101 2667 3151 litt
2698 3141 2713 3151 .
2740 3109 2868 3151 tum.
2899 3101 2938 3151 l.
2973 3116 3026 3151 ι).
3054 3101 3181 3151 529.
3208 3110 3318 3151 not.
3350 3099 3438 3151 if).

2037 3099 2123 3169 (Ii)
2155 3102 2232 3154 Ad
2254 3099 2385 3155 Cav.
2412 3101 2547 3154 Hist.
2585 3101 2667 3154 litt
2698 3141 2713 3165 ,
2740 3109 2868 3155 tum.
2899 3101 2938 3165 l,
2966 3110 3026 3169 'p.
3054 3101 3181 3163 529,
3208 3110 3318 3169 not.
3350 3099 3440 3166 (Ι).

2036 3168 2110 3240 (if
2134 3172 2284 3225 Voss.
2314 3171 2383 3226 de
2413 3171 2548 3224 llist.
2585 3172 2699 3225 Lat.
2733 3171 2820 3224 lib.
2855 3186 2935 3234 nt,
2965 3185 3083 3236 cap.
3117 3172 3171 3233 4,
3196 3186 3247 3237 p.
3281 3168 3405 3240 757.

2036 3238 2106 3310 (ί)
2129 3240 2293 3295 Sand.
2322 3240 2446 3294 Not.
2470 3244 2533 3292 ad
2566 3240 2721 3294 Voss.
2750 3240 2817 3294 de
2841 3240 2976 3293 Hist.
3003 3239 3141 3305 L:tt.,
3175 3254 3291 3310 pag.
3314 3238 3440 3292 290.

2048 3309 2124 3382 (Is)
2153 3311 2337 3366 Giorn.
2359 3310 2439 3365 de‘
2462 3310 2647 3366 Litter.
2678 3311 2729 3363 d‘
2750 3310 2891 3378 ltal.,
2923 3320 3055 3364 tom.
3087 3312 3126 3376 l,
3155 3325 3209 3378 p.
3236 3309 3325 3363 8t.

281 3531 3527 3581 mw

1703 3616 2175 3741 AGNELLI'

1146 3836 1305 3934 AD
1377 3832 2019 3917 ABMENIUM
2095 3829 2647 3912 EPISTOLA
2663 3887 2684 3927 ,

1479 4024 1589 4072 DE
1633 4019 2022 4070 RATIONE
2070 4016 2343 4065 FIDE].

352 4226 545 4283 Fra‘er
571 4223 825 4281 Martinus
847 4224 1023 4294 exegit
1044 4223 1249 4278 litteras
1270 4220 1337 4276 ad
1369 4228 1510 4275 tuam
1540 4218 1857 4273 charitatem
1888 4219 1938 4277 D
1964 4223 2011 4268 te
2041 4212 2187 4265 mitto
2210 4226 2229 4264 :
2261 4210 2361 4277 Qui
2404 4217 2501 4271 est,
2552 4208 2689 4260 misit
2722 4222 2800 4259 me
2832 4201 3024 4274 (Exod.
3074 4215 3152 4294 Ill,
3195 4198 3283 4294 ι)
3319 4214 3330 4249 :
3366 4195 3430 4294 id
3465 4204 3550 4250 est

279 4319 605 4387 mittendas,
650 4332 899 4374 asserens
939 4316 1352 4371 sollicitudinem
1410 4321 1553 4367 tuam
1618 4324 1865 4380 quzrrere

280 4413 537 4467 solatium
579 4408 910 4465 defensionis
960 4406 1236 4461 catholica:
1268 4403 1415 4467 fidei,
1447 4416 1606 4471 quam
1649 4401 1865 4470 quidam

281 4501 432 4555 varia
463 4501 766 4554 assertione
807 4496 1165 4553 conturbavit.
1209 4494 1312 4550 Sed
1365 4493 1479 4562 ipsa
1517 4491 1862 4547 conturbatio

279 4605 403 4645 cum
434 4589 626 4643 collata
656 4588 840 4653 fuerit,
893 4586 1070 4642 omnis
1109 4584 1413 4639 faeculentia
1458 4582 1778 4652 projicitur;
1814 4588 1871 4635 et

285 4680 387 4735 hoc
416 4678 559 4748 quod
614 4678 873 4749 liquatum
922 4677 1104 4740 fuerit,
1135 4674 1451 4729 custoditur.
1487 4675 1626 4727 Ante
1680 4672 1865 4726 omnia

282 4773 460 4841 itaque
487 4770 689 4827 credere
715 4778 911 4838 oportet
956 4767 1141 4832 Deum,
1170 4767 1292 4836 quia
1318 4774 1391 4819 est
1419 4763 1608 4834 (Hebr.
1643 4779 1721 4827 XI,
1756 4764 1812 4832 6)
1844 4777 1859 4824 ;

282 4860 524 4918 secundo
551 4859 679 4929 quid
728 4859 799 4914 sit
846 4858 1005 4913 Deus.
1039 4856 1217 4924 Quare
1259 4854 1396 4909 hoc?
1425 4854 1548 4924 quia
1580 4854 1707 4906 dixit
1736 4852 1866 4905 iusi-

230 4964 231 4971 ‘
279 4953 420 5023 piata
450 4952 504 5004 in
525 4951 680 5004 corde
702 4965 797 5003 suo
827 4965 840 5001 :
872 4946 995 5001 Non
1023 4957 1095 5001 est
1120 4945 1254 5000 Dens
1277 4944 1447 5016 (Psal.
1473 4959 1587 5010 xm,
1620 4942 1699 5011 l).
1725 4942 1866 5013 Ergo

281 5045 369 5111 qui
399 5041 660 5110 insipiens
689 5056 795 5094 non
819 5049 921 5104 est,
948 5039 1051 5094 hoc
1073 5053 1178 5092 non
1209 5036 1358 5101 dicit,
1385 5036 1480 5090 sed
1505 5034 1635 5090 dicit
1660 5052 1673 5089 :
1698 5024 1865 5089 Credo

282 5134 334 5186 in
366 5132 553 5186 Deum.
598 5131 654 5187 Si
686 5130 887 5184 dixerit
928 5128 1025 5183 tibi
1069 5129 1414 5207 quicunque:
1443 5124 1578 5191 Quid
1607 5134 1691 5179 est
1726 5124 1866 5179 Deus

283 5238 440 5294 quem
479 5222 691 5278 credis?
720 5219 1155 5290 respondendum
1184 5227 1314 5273 este
1345 5216 1444 5272 llic
1482 5226 1567 5272 est
1599 5216 1740 5270 Deus
1769 5214 1863 5283 qui

285 5315 476 5369 clamat
524 5313 578 5367 in
624 5310 1082 5366 Deuteronomio:
1126 5308 1332 5373 Videte,
1386 5307 1548 5361 videte
1604 5307 1724 5373 quia
1771 5314 1864 5373 ego

284 5421 394 5458 sum
428 5404 566 5457 Deus
593 5412 643 5470 ⁸,
668 5411 718 5457 et
744 5416 843 5454 non
872 5409 945 5454 est
987 5398 1123 5454 alius
1139 5409 1348 5469 epraeter
1378 5413 1456 5451 me
1478 5394 1659 5467 (Deut.
1691 5408 1862 5459 χχχιι,

287 5497 397 5567 39).
439 5496 572 5552 item
596 5510 717 5551 cum
751 5495 925 5550 Moses
962 5494 1314 5563 interrogaret
1340 5505 1499 5560 quem
1532 5489 1676 5551 illum
1720 5485 1864 5540 dicc-

287 5597 384 5655 tet,
411 5587 686 5657 respondit
711 5605 723 5641 :
750 5584 861 5656 Ego
888 5604 998 5643 sum
1024 5586 1110 5655 qui
1131 5599 1276 5651 sum;
1305 5593 1351 5638 et
1368 5580 1517 5674 ’ἄρα
1543 5580 1614 5634 eis
1638 5578 1705 5632 ad
1733 5593 1861 5651 quos

355 5780 374 5813 ⁸
414 5771 569 5843 Vulg.
596 5766 732 5824 Deus
760 5768 914 5824 tatur.

1970 4263 2340 4367 immutabilis,
2382 4307 2438 4355 et
2483 4313 2697 4367 semper
2728 4296 2869 4351 idem
2901 4312 2915 4348 :
2948 4308 3053 4348 non
3103 4290 3220 4346 heri
3254 4263 3545 4343 Deus’tan-

1971 4403 2105 4457 tum,
2130 4393 2287 4447 hodie
2311 4403 2441 4445 vero
2470 4389 2605 4442 Deus
2631 4396 2686 4442 et
2710 4387 2896 4451 Pater;
2928 4384 3022 4438 sed
3045 4394 3260 4450 semper
3287 4378 3383 4432 fuit
3405 4376 3545 4431 Deus

1973 4495 2030 4540 et
2059 4484 2238 4548 Pater,
2268 4492 2324 4538 et
2349 4496 2563 4552 semper
2593 4480 2694 4534 fuit
2733 4478 2885 4549 cujus
2932 4484 3071 4531 esset
3104 4475 3280 4551 Pater.
3312 4470 3371 4526 Si
3402 4470 3544 4524 enim

1973 4574 2289 4630 accessisset
2314 4573 2364 4628 ei
2394 4581 2451 4626 ut
2505 4578 2649 4624 esset
2695 4570 2877 4633 Pater,
2906 4567 3012 4620 vini
3053 4577 3242 4634 passus
3285 4567 3450 4624 esset,
3492 4569 3551 4611 ut

1972 4663 2233 4733 inciperet
2282 4675 2405 4717 esse
2435 4659 2578 4730 quod
2624 4673 2731 4712 non
2762 4665 2898 4713 erat.
2950 4656 3017 4709 At
3050 4662 3131 4707 est
3180 4648 3550 4717 blaspheinum

1970 4755 2044 4809 ita
2070 4751 2295 4807 sentire.
2450 4740 2461 4749 ’
2673 4819 2677 4824 ν

2042 4843 2148 4900 Sed
2188 4842 2318 4897 dicit
2366 4839 2562 4908 aliquis
2593 4856 2608 4894 :
2641 4837 2757 4892 Non
2808 4842 2892 4891 est
2933 4832 3040 4886 vim
3072 4840 3283 4899 passus,
3328 4824 3423 4880 sed
3451 4839 3546 4878 sua

1968 4937 2246 4992 volunta‘e
2275 4932 2462 5003 genuit
2496 4931 2723 4995 Filium;
2752 4929 2873 4995 quia
2903 4925 2945 4978 si
2974 4920 3256 4984 noluisset,
3282 4929 3387 4971 non
3422 4931 3544 4968 eum

1967 5025 2258 5097 genuisset.
2286 5022 2367 5076 Ad
2399 5021 2512 5075 ltzec
2533 5020 2852 5089 exigendum
2900 5022 2983 5068 est
3020 5021 3077 5066 ut
3103 5010 3287 5064 dicat:
3318 5005 3546 5074 Quando

1970 5116 2140 5171 voluit
2166 5128 2424 5185 generare
2459 5111 2672 5175 Filium,
2720 5105 3035 5163 lialtueritne
3092 5101 3345 5155 virtutem
3387 5112 3555 5167 gene—

1971 5206 2148 5272 randi,
2184 5215 2236 5259 et
2262 5203 2579 5272 sapientiam
2611 5200 2712 5254 hoc
2740 5200 2913 5267 ipsum
2938 5194 3190 5250 valendi?
3220 5192 3274 5247 Si
3302 5188 3499 5244 dixerit
3531 5202 3547 5240 :

1970 5300 2086 5356 Non
2116 5297 2367 5363 habebat,
2392 5296 2640 5350 confutas
2670 5291 3039 5361 blaSpheinuin
3066 5304 3079 5341 :
3112 5285 3168 5341 Si
3200 5280 3422 5338 dixerit:
3448 5278 3551 5330 Ha.

1971 5390 2155 5458 bebat,
2208 5388 2423 5443 obtines
2480 5386 2763 5440 victoriam
2814 5402 2826 5436 :
2873 5381 3042 5435 Fitius
3095 5378 3259 5439 enim,
3312 5368 3544 5458 utidicit

1975 5480 2290 5551 Apostolus,
2322 5479 2414 5532 Dei
2448 5475 2618 5530 Patris
2647 5477 2803 5528 rirtus
2832 5484 2900 5527 est
2931 5482 2975 5525 et
2999 5465 3248 5537 sapientia
3273 5459 3323 5533 (1
3357 5457 3476 5551 Cor.
3508 5472 3549 5521 t,

1972 5548 2091 5642 2i).
2122 5572 2252 5629 Nam
2284 5570 2373 5642 qui
2404 5569 2529 5625 dicit
2556 5585 2569 5621 :
2606 5564 2866 5621 Virtutem
2918 5577 3019 5619 non
3047 5554 3252 5624 habuit,
3297 5548 3551 5618 blasphe-
