3968 6166
345 279 448 335 535
1365 261 1659 321 AGNELLI
1702 259 1790 316 AD
1836 254 2189 312 ARMENIUM
2234 251 2583 309 EPISTOLA.
3510 242 3616 297 εει

342 400 452 449 mat
483 408 495 442 :
528 389 615 460 qui
646 386 767 443 dicit
791 404 801 439 :
823 382 1152 454 Sapientiam
1185 394 1287 435 non
1316 378 1521 442 habuit,
1555 374 1915 441 blasphemat.
1950 378 1992 433 Α
2024 367 2270 429 indivisa,
2302 374 2356 422 et
2383 366 2433 417 iu
2468 378 2629 417 unum
2663 358 2983 429 conglobata
3021 366 3075 412 et
3108 356 3323 412 virtutis
3371 358 3616 413 efﬁcacia

347 480 458 534 lloc
497 476 696 547 quare?
728 477 847 544 quia
904 475 956 529 in
1017 473 1191 543 capite
1242 469 1364 523 libri
1403 467 1485 521 sui
1542 463 1704 518 Arius
1747 461 1919 515 dicit:

346 572 469 625 Fuit
498 570 658 637 Deus,
688 568 900 641 quando
952 568 1108 621 Pater
1137 581 1243 618 non
1296 562 1393 615 fuit
1427 578 1440 612 :
1476 568 1532 612 ut
1558 557 1805 611 videatur
1846 556 1925 608 itt-

342 672 396 715 tr
420 661 629 713 ducere
661 659 923 712 minorem
950 656 1140 710 Filium
1166 654 1230 707 ad
1258 653 1515 706 horrorem
1539 646 1735 700 Patris.
1775 644 1925 699 Blas-

345 751 559 821 phemat
590 749 747 819 igitur
774 749 987 803 Patrem
1011 745 1191 800 multis
1213 743 1384 798 modis
1409 757 1422 793 :
1451 740 1623 809 primo
1644 736 1779 807 jam,
1804 735 1928 805 quia

353 858 459 896 non
494 850 668 910 potest
720 850 868 894 stare
895 847 953 893 ut
982 838 1227 891 dicatur:
1261 834 1361 903 Qui
1397 842 1469 886 est
1514 830 1648 883 misit
1676 845 1777 894 me,
1808 828 1929 897 quia

345 935 458 1004 jam
485 948 595 997 non
638 940 810 1001 potest
838 931 942 985 dici
970 946 983 983 :
1013 929 1112 996 Qui
1139 940 1233 994 est,
1278 925 1366 996 qui
1413 924 1526 980 heri
1555 922 1696 976 alius
1728 921 1847 984 fuit,
1878 930 1932 973 et

350 1024 513 1081 hodie
551 1024 686 1077 alius
714 1031 816 1077 est.
852 1022 988 1091 Ergo
1010 1021 1057 1075 si
1075 1026 1285 1074 non’est
1307 1016 1444 1070 alius
1472 1013 1654 1081 hodie,
1680 1025 1799 1066 cras
1826 1025 1931 1064 non

350 1117 509 1178 alius,
533 1124 588 1169 et
608 1128 818 1181 semper
844 1111 1185 1165 immutabilis
1207 1116 1532 1178 perseverat.
1557 1104 1782 1167 Semper
1806 1115 1935 1170 ergo

354 1206 453 1261 fuit
498 1206 675 1269 Pater,
716 1218 928 1273 semper
968 1201 1064 1256 fuit
1118 1202 1266 1270 cujus
1312 1207 1454 1253 esset
1500 1196 1676 1249 Pater.
1711 1192 1934 1255 Deinde,

353 1296 563 1353 etiamsi
594 1296 696 1349 hoc
723 1296 894 1363 ipsum
925 1294 1001 1347 illi
1028 1291 1345 1355 consentiat,
1376 1288 1498 1357 quia
1530 1287 1801 1340 voluntate
1846 1298 1931 1351 με

356 1389 471 1443 ιιιιί
502 1404 513 1441 :
547 1401 739 1456 cogere
781 1385 928 1440 illum
970 1392 1144 1452 potest
1188 1380 1505 1444 catholicus,
1536 1386 1627 1431 aut
1677 1386 1734 1428 ut
1774 1375 1935 1437 dicat,

355 1490 639 1548 antequam
669 1477 827 1533 vellet
852 1491 1111 1545 generare
1136 1475 1349 1538 Filium,
1374 1473 1578 1536 noluit;
1611 1479 1661 1523 ct
1691 1468 1811 1522 ideo
1834 1481 1943 1523 non

354 1568 576 1636 genuit:
608 1578 700 1621 aut
731 1567 916 1632 voluit,
947 1575 1002 1622 et
1030 1581 1133 1620 non
1167 1563 1354 1633 potuit.
1388 1563 1444 1617 Si
1490 1561 1680 1624 noluit,
1739 1559 1940 1613 bonum

357 1671 443 1718 est
472 1668 497 1695 ι
530 1658 671 1727 quod
704 1656 894 1712 noluit.
948 1656 1005 1712 Si
1034 1666 1211 1709 autem
1240 1653 1428 1720 voluit,
1461 1660 1515 1706 et
1569 1648 1940 1716 blaSpltemum

359 1758 444 1806 est
466 1760 522 1805 ut
549 1750 789 1804 dicatur:
817 1746 940 1801 Fuit
972 1746 1106 1801 Deus
1135 1744 1339 1817 quando
1371 1744 1557 1796 bonum
1581 1739 1737 1794 voluit
1763 1746 1805 1789 et
1839 1753 1939 1790 non
1975 1753 2019 1812 Β

362 1844 572 1909 potuit:
599 1851 682 1896 est
711 1839 1106 1908 blasphemum,
1162 1847 1224 1907 ut
1261 1836 1471 1890 dicatur
1516 1830 1803 1901 aliquando
1851 1843 1943 1882 vo-

361 1932 528 1989 luisse
557 1942 609 1988 et
641 1949 745 1987 non
780 1933 1015 2001 potuisse
1046 1931 1230 1985 Deum.

437 2025 549 2079 [loc
576 2026 691 2078 loco
720 2030 1001 2091 superatus
1020 2021 1203 2085 Arius,
1224 2016 1397 2071 adhuc
1416 2025 1559 2070 tenet
1583 2013 1906 2068 catholicum
1925 2027 1940 2065 :

363 2116 504 2172 Vere
540 2117 747 2186 genuit,
794 2124 885 2170 aut
942 2113 1213 2184 putative?
1246 2109 1552 2180 Respondet
1600 2107 1942 2162 catholicus:

368 2206 507 2262 Vere
530 2208 739 2278 genuit.
770 2205 1064 2261 ilmreticus
1089 2203 1152 2257 ad
1189 2203 1305 2257 ltzec
1336 2217 1351 2255 :
1385 2200 1440 2256 Si
1464 2213 1588 2254 vere
1617 2197 1818 2267 genuit,
1851 2210 1945 2250 an-

365 2309 577 2368 tequam
605 2305 908 2368 generaret,
933 2310 1039 2351 non
1066 2295 1159 2349 fuit
1191 2294 1293 2349 iste
1313 2307 1468 2361 quem
1488 2291 1689 2360 genuit.
1728 2289 1804 2341 Ad
1835 2288 1946 2341 haec

364 2390 794 2459 respondendum
817 2399 901 2444 cst
931 2407 941 2441 :
976 2389 1142 2443 multa
1166 2402 1284 2440 esse
1304 2386 1355 2439 in
1379 2383 1662 2455 fragilitate
1693 2382 1944 2445 humana,

364 2496 486 2551 quae
511 2482 590 2536 sic
612 2482 849 2537 oriantur
869 2494 932 2535 ex
959 2480 1070 2549 ipsa
1093 2478 1397 2548 fragilitate,
1423 2485 1479 2529 ut
1504 2474 1664 2527 simul
1694 2473 1955 2541 incipiant

363 2575 575 2643 genitor
600 2582 653 2629 et
679 2573 909 2643 genitus.
941 2572 1072 2626 Nam
1103 2585 1206 2625 vox
1250 2567 1482 2622 hominis
1510 2580 1814 2623 sermonem
1857 2579 1948 2632 pa-

365 2667 459 2736 rit,
508 2675 569 2721 et
615 2682 719 2720 non
749 2675 830 2721 est
856 2680 1039 2719 sermo
1083 2662 1183 2717 nisi
1236 2661 1382 2715 vocis
1431 2660 1591 2715 filius.
1625 2659 1781 2713 Modo
1826 2657 1946 2726 quia

368 2774 549 2814 sermo
583 2760 732 2813 vocis
782 2768 862 2812 est
914 2758 1075 2825 ﬁlius,
1119 2771 1185 2810 ex
1233 2769 1298 2809 eo
1349 2754 1523 2807 minor
1568 2750 1826 2807 d;cendus
1869 2757 1953 2804 est

368 2868 570 2916 sermo,
595 2853 718 2921 quia
749 2850 892 2904 vocis
913 2859 995 2904 est
1018 2848 1189 2902 filius?
1213 2848 1323 2904 lloc
1351 2847 1560 2915 penitus
1589 2843 1690 2897 dici
1717 2858 1821 2896 non
1856 2856 1950 2909 po-

371 2952 478 2999 test
504 2959 520 2998 :
551 2941 766 3009 Quare?
789 2940 921 3007 Quia
950 2956 1018 2995 ex
1045 2938 1292 3010 qudvox,
1317 2953 1379 2991 ex
1412 2950 1478 2991 eo
1503 2944 1557 2990 et
1577 2950 1777 3005 sermo.
1802 2933 1953 2987 Adde

371 3038 427 3090 in
459 3037 577 3104 ipso
626 3048 875 3089 sermone
923 3032 1240 3098 efﬁcaciam,
1292 3041 1346 3084 et
1398 3028 1677 3097 complesti
1742 3026 1952 3081 tertiam

2024 458 2393 522 redundantia,
2437 456 2489 509 id
2540 464 2640 519 est,
2689 466 2873 508 vocem
2926 451 3235 522 genitricem
3276 452 3479 505 verbi:
3548 466 3619 506 ex

2026 551 2189 604 verbo
2221 562 2349 602 vero
2390 547 2548 600 simul
2586 560 2704 600 cum
2735 557 2867 599 voce
2899 542 3279 613 procedentem
3320 540 3621 597 efficaciam

2028 654 2147 711 quae
2170 637 2330 691 faciat
2353 637 2576 691 alterum
2600 634 2875 690 consulem
2901 632 3039 699 fieri,
3064 632 3294 688 alterum
3326 632 3622 686 trucidari:

2028 730 2116 785 dic
2163 728 2315 794 mihi,
2353 728 2566 790 Ariane,
2620 725 2722 780 ista
2755 725 2853 778 tria
2897 737 3064 778 unum
3114 734 3262 788 sunt,
3292 738 3360 777 an
3390 725 3543 777 non?
3568 724 3626 777 Si

2032 835 2194 876 unum
2219 834 2323 873 non
2341 828 2483 882 sunt,
2508 815 2690 871 divide
2713 828 2899 869 vocem
2927 828 2958 867 a
2987 815 3172 879 verbo,
3196 823 3250 869 et
3270 812 3571 868 efﬁcaciam
3594 830 3628 868 a

2032 924 2164 965 voce
2191 920 2243 965 et
2292 908 2476 963 verbo.
2510 906 2659 974 Quod
2692 906 2739 962 si
2790 906 2891 959 hoc
2938 904 2991 958 in
3043 902 3218 975 fragili
3272 904 3490 960 homine
3552 905 3630 959 ita

2036 1018 2199 1057 unum
2229 1011 2352 1055 sunt
2401 1001 2498 1054 tria
2535 1010 2584 1064 ε,
2615 1014 2750 1065 vox,
2794 1005 2849 1052 et
2874 996 3118 1060 verbum,
3162 1004 3218 1051 et
3246 996 3524 1061 efﬁcacia;
3571 1006 3635 1052 ut

2038 1103 2145 1147 tres
2174 1090 2386 1159 quidem
2422 1103 2665 1159 personae
2695 1087 2824 1153 sint,
2856 1086 2949 1141 sed
2998 1101 3103 1141 una
3149 1087 3483 1142 subsistendi
3534 1103 3634 1157 po-

2040 1184 2205 1238 tentia
2237 1200 2250 1236 :
2286 1186 2338 1235 in
2368 1181 2584 1235 homine
2626 1178 2995 1249 fragilissimo,
3029 1186 3087 1231 ut
3127 1177 3378 1246 diximus,
3416 1178 3463 1234 si
3515 1180 3641 1235 ha-c

2040 1274 2108 1327 sit
2139 1282 2281 1327 tanta
2311 1273 2545 1342 potentia
2570 1289 2583 1337 ;
2616 1282 2816 1339 quanto
2844 1269 3014 1339 magis
3036 1269 3088 1323 in
3118 1270 3509 1339 omniporentia
3536 1271 3639 1326 Dei

2042 1368 2114 1421 ita
2141 1376 2243 1433 est,
2277 1376 2333 1419 ιιι
2375 1366 2443 1419 sit
2476 1366 2631 1419 Pater
2673 1364 3016 1432 omnipotens
3054 1362 3265 1431 genitor
3295 1363 3439 1430 Filii,
3474 1374 3537 1418 et
3564 1378 3637 1419 ex

2043 1458 2203 1513 Patre
2229 1466 2284 1512 et
2309 1458 2445 1511 Filio
2476 1455 2773 1523 procedens
2803 1454 2990 1519 virtus,
3022 1457 3109 1523 qui
3144 1462 3229 1509 est
3253 1453 3486 1522 Spiritus
3511 1464 3642 1508 san-

2045 1548 2197 1604 ctus?
2225 1547 2385 1603 Forte
2419 1547 2578 1601 homo
2624 1545 2830 1623 fragilis
2860 1544 2962 1599 hoc
3008 1545 3209 1600 habere
3238 1554 3445 1613 potest,
3491 1545 3641 1599 Deus

2046 1640 2387 1708 omnipotens
2416 1638 2519 1692 hoc
2547 1637 2745 1691 habere
2771 1650 2874 1690 non
2903 1636 3113 1705 potest?

2122 1752 2402 1819 [lucusque
2443 1750 2582 1803 ratio
2606 1758 2830 1818 operata
2860 1749 2967 1813 sit;
3016 1763 3159 1802 nunc
3187 1751 3477 1804 auctoritas
3500 1762 3640 1816 ope-

2048 1856 2215 1898 retur.
2239 1842 2530 1911 Apostolus
2559 1842 2756 1896 Paulus
2779 1829 2922 1895 'duas
2960 1839 3165 1896 formas
3192 1843 3428 1910 aequales
3448 1840 3504 1894 in
3541 1841 3643 1895 Pa-

2050 1943 2131 1990 tre
2152 1944 2204 1989 et
2233 1933 2370 1988 Filio
2405 1935 2604 2001 posuit,
2639 1945 2697 1988 ut
2726 1933 3090 2002 aequalitatem
3121 1934 3461 2003 exprimeret.
3502 1932 3644 1987 Dicit

2049 2026 2189 2087 enim
2220 2026 2298 2080 sic
2346 2025 2412 2080 de
2460 2024 2634 2079 Filio:
2667 2022 2767 2088 Qui
2793 2039 2909 2077 cum
2939 2023 2994 2076 in
3035 2025 3205 2091 forma
3229 2021 3325 2077 Dei
3349 2031 3501 2087 esset,
3536 2037 3641 2074 non

2049 2119 2286 2189 rapinam
2314 2119 2593 2170 arbitratus
2613 2126 2688 2169 est
2716 2132 2824 2171 esse
2852 2131 2906 2168 se
2935 2115 3187 2183 aqualem
3211 2113 3337 2180 Deo,
3360 2113 3450 2166 sed
3479 2119 3645 2166 semet

2050 2211 2219 2279 ipsum
2235 2211 2508 2264 exinanivit
2531 2210 2750 2278 formam
2779 2208 2909 2262 servi
2926 2208 3203 2275 suscipiens
3230 2205 3451 2274 (Philip.
3483 2221 3552 2269 rt,
3585 2206 3641 2267 6,

2053 2301 2130 2369 7).
2165 2284 2327 2354 Vides
2352 2299 2576 2354 formam
2612 2310 2666 2354 et
2691 2298 3051 2368 aequalitatem
3078 2295 3366 2365 apostolica
3391 2295 3642 2351 auctori-

2054 2401 2162 2448 tate
2186 2392 2546 2448 declaratam?
2568 2392 2671 2447 Sed
2700 2391 2936 2447 occurrit
2958 2390 3191 2445 Arianus
3210 2399 3263 2444 et
3291 2390 3420 2442 dicit
3446 2407 3460 2443 :
3495 2388 3645 2442 Velis

2054 2486 2214 2549 nolis,
2239 2499 2435 2553 negare
2477 2498 2587 2539 non
2613 2481 2813 2551 poteris
2843 2483 2945 2536 hoc
2983 2481 3125 2550 quod
3146 2481 3279 2539 dicit
3309 2481 3423 2550 ipse
3454 2482 3641 2534 Domi-

2054 2593 2155 2633 nus
2182 2593 2199 2632 :
2226 2576 2383 2631 Pater
2407 2579 2572 2648 major
2597 2593 2676 2631 me
2702 2586 2777 2631 est
2816 2574 2995 2646 (Joan.
3031 2591 3140 2639 xtv,
3163 2574 3277 2646 ‘28).
3311 2575 3385 2629 A‘d
3420 2575 3540 2628 haec
3564 2590 3645 2629 rc-

2054 2669 2424 2737 spondendum
2449 2668 2549 2723 hoc
2570 2667 2712 2736 quod
2733 2667 2865 2722 dixit
2889 2666 3179 2735 Apostolus
3202 2683 3216 2719 :
3248 2664 3455 2719 Cantia
3474 2666 3647 2732 fama

2059 2757 2155 2813 Dei
2184 2768 2328 2821 esset,
2364 2775 2465 2813 non
2493 2759 2731 2827 rapinam
2757 2756 3029 2811 arbitratus
3060 2769 3135 2810 est
3177 2772 3283 2810 esse
3317 2773 3371 2809 se
3393 2758 3645 2825 aequalem

2060 2849 2192 2914 Deo,
2233 2852 2320 2904 sed
2345 2860 2498 2904 semet
2523 2851 2692 2919 ipsum
2731 2849 3011 2903 exinanivit
3050 2848 3270 2917 formant
3315 2850 3644 2902 meismei-

2059 2946 2222 3014 piens.
2251 2944 2307 2998 ιιι
2332 2943 2429 2999 hac
2456 2944 2639 3012 utique
2666 2943 2836 2997 forma
2868 2943 3075 3009 servili,
3109 2942 3315 3006 minor;
3359 2942 3510 2996 salva
3561 2942 3647 2995 illa

2061 3041 2250 3107 forma,
2284 3039 2334 3092 in
2362 3054 2463 3106 qua
2488 3054 2585 3091 non
2630 3039 2867 3105 rapinam
2907 3035 3182 3090 arbitratus
3210 3046 3280 3089 est
3323 3050 3374 3088 se
3394 3036 3650 3107 aequalem

372 3141 682 3198 personam,
731 3139 850 3194 quae
906 3124 1119 3193 Penitus
1150 3120 1422 3175 individua
1480 3127 1803 3188 perseverat.
1839 3116 1951 3170 Vox

2067 3134 2192 3189 Deo.
2221 3135 2296 3187 Ac
2329 3148 2421 3203 per
2450 3132 2551 3187 hoc
2572 3132 2650 3186 sic
2676 3132 2783 3197 ﬁet,
2818 3140 2873 3184 ut
2904 3140 2957 3185 et
2981 3138 3159 3185 tecum
3181 3130 3441 3184 minorem
3470 3128 3648 3182 dicam

371 3233 502 3288 ergo
529 3232 765 3285 egressa,
814 3229 1115 3270 sermonem
1146 3213 1346 3283 promit
1374 3207 1425 3275 ι’,
1485 3217 1540 3265 et
1569 3223 1746 3263 sermo
1773 3221 1954 3277 egres-

372 3326 485 3378 sus,
517 3309 810 3365 efficaciam
840 3308 1031 3379 gignit.
1068 3306 1135 3363 Ut
1186 3314 1337 3377 puta,
1385 3304 1590 3374 iussum
1627 3312 1706 3358 est
1739 3318 1831 3371 per
1863 3317 1953 3355 vo-

374 3418 491 3458 cem
520 3418 535 3460 ;
564 3401 655 3456 ille
700 3400 790 3455 fiat
818 3399 1027 3463 consul,
1062 3399 1145 3453 vel
1178 3405 1321 3452 certe
1349 3394 1672 3461 denudctur,
1698 3394 1778 3447 vel
1810 3401 1957 3446 certe

375 3490 745 3554 interﬁciatur,
802 3488 883 3544 vel
934 3499 1081 3543 certe
1109 3487 1177 3542 de
1222 3485 1461 3555 periculo
1508 3485 1784 3539 liberetur.
1815 3482 1957 3537 Ecce

375 3596 477 3636 vos
507 3581 711 3649 peperit
741 3580 984 3645 verbum,
1016 3578 1241 3633 verbum
1287 3585 1465 3629 autem
1496 3588 1602 3627 non
1643 3574 1851 3642 peperit
1879 3571 1960 3627 ef-

377 3671 613 3726 ﬁcaciam
650 3690 664 3727 :
694 3670 784 3725 sed
814 3683 878 3724 ex
928 3671 1043 3736 ipsa
1082 3680 1215 3720 voce
1241 3673 1297 3719 et
1323 3665 1487 3720 verbo
1526 3663 1694 3717 virtus
1721 3676 1958 3731 egressa,

376 3763 603 3820 alterum
634 3763 761 3817 fecit
804 3762 1105 3826 consulem,
1148 3759 1371 3813 alterum
1418 3757 1704 3813 interfecit.
1736 3757 1804 3811 Et
1838 3755 1961 3811 ideo

378 3870 444 3910 ex
480 3855 653 3921 Patre,
688 3852 891 3925 Filius;
920 3867 984 3907 ex
1018 3851 1175 3907 Patre
1219 3858 1273 3905 et
1300 3848 1436 3906 Filio
1463 3848 1707 3920 procedit
1732 3848 1963 3919 Spiritus

280 3980 283 3983 ν
378 3956 619 4001 sanctus.
651 3945 783 4012 Nec,
835 3953 892 3999 ut
935 3943 1150 4013 qu’dam
1192 3941 1399 4007 dicunt,
1449 3941 1585 3996 duos
1618 3939 1776 3995 habet
1821 3940 1963 3994 Deus

379 4040 566 4107 Filios,
614 4038 886 4093 Christum
941 4048 995 4094 et
1023 4036 1281 4113 Spiritum
1326 4042 1572 4090 sanctum
1606 4051 1621 4090 :
1656 4034 1751 4089 sed
1803 4033 1965 4089 habet

379 4131 573 4189 Filium
603 4129 944 4190 invisibilem.
988 4130 1126 4183 sicut
1155 4129 1269 4196 ipse
1298 4127 1578 4182 invisibilis
1630 4134 1745 4191 est;
1790 4126 1881 4195 qui
1909 4135 1962 4179 ut

379 4236 521 4278 esset
551 4222 777 4277 visibilis
799 4261 814 4287 ,
846 4234 1042 4289 corpus
1074 4227 1271 4274 nostra:
1300 4218 1604 4287 fragilitatis
1635 4218 1922 4284 assumpsit
1950 4234 1963 4269 :

380 4330 487 4369 non
520 4291 576 4367 ιῗι
606 4314 886 4369 invisibilis
908 4326 1027 4367 esse
1056 4322 1312 4377 cessaret,
1338 4311 1433 4365 sed
1463 4320 1518 4363 ut
1542 4310 1595 4364 in
1618 4310 1733 4379 ipso
1751 4310 1975 4364 Christo,

384 4407 669 4463 invisibilis
714 4404 1003 4460 incredulis
1059 4413 1416 4473 permaneret.
1450 4402 1583 4456 Nam
1639 4417 1760 4456 cum
1794 4401 1922 4455 dicit
1952 4419 1975 4453 ιη

2061 3224 2254 3279 factum
2295 3225 2346 3278 in
2378 3224 2745 3292 assumptione
2769 3222 3003 3277 hominis
3028 3222 3234 3285 Deum;
3266 3229 3321 3275 et
3352 3231 3405 3273 tu
3435 3233 3649 3273 mecum

2059 3333 2167 3371 non
2199 3332 2377 3387 neges,
2410 3317 2556 3373 salva
2589 3317 2680 3369 illa
2714 3315 2905 3382 forma,
2937 3315 2990 3369 in
3022 3329 3126 3384 qua
3163 3313 3385 3383 aequalis
3405 3312 3520 3367 Deo
3547 3312 3650 3365 Pa-

2063 3406 2127 3461 tri
2154 3422 2367 3461 cessare
2392 3422 2495 3460 non
2526 3407 2713 3474 potuit.

2131 3499 2320 3554 Restat
2343 3508 2401 3553 ut
2429 3499 2529 3554 hoc
2557 3508 2827 3567 quaeratur
2855 3512 2923 3552 ao
2956 3498 3247 3562 nteretico,
3266 3512 3395 3552 cum
3419 3495 3649 3551 formam

2062 3590 2203 3645 servi
2234 3590 2559 3657 suscepisset
2589 3589 2775 3656 Filius,
2815 3599 2869 3644 et
2907 3589 3145 3644 venisset
3189 3590 3241 3643 in
3284 3588 3570 3653 mundum,
3602 3588 3648 3640 si

2061 3680 2301 3737 deseruit
2330 3680 2567 3734 Patrem.
2597 3678 2678 3735 Ad
2703 3680 2803 3735 hoc
2831 3679 3264 3749 respondendum
3290 3690 3372 3734 est
3399 3698 3412 3732 :
3447 3679 3504 3735 Si
3530 3693 3651 3733 ver-

2063 3772 2190 3850 bum
2220 3770 2361 3839 quod
2397 3770 2589 3825 exierit
2619 3770 2686 3825 de
2727 3784 2822 3825 ore
2858 3784 2979 3824 meo
3004 3779 3058 3825 et
3090 3768 3355 3823 introierit
3383 3767 3437 3821 in
3464 3782 3651 3821 aurem

2066 3873 2230 3929 tuam,
2260 3871 2312 3917 et
2340 3877 2435 3931 per
2463 3877 2661 3917 aurem-
2677 3872 2820 3917 tuam
2851 3862 2903 3917 in
2938 3862 3103 3917 corde
3149 3872 3240 3916 tuo
3284 3864 3507 3929 coeperit
3538 3875 3652 3913 ma-

2067 3968 2232 4019 nerc;
2279 3953 2365 4008 die
2392 3953 2547 4019 mihi,
2580 3952 2818 4023 nunquid
2847 3952 2968 4022 quia
3003 3954 3056 4006 in
3084 3962 3176 4008 tuo
3207 3962 3424 4020 pectore
3447 3962 3650 4011 manet,

2062 4044 2172 4116 jam
2201 4049 2254 4100 in
2283 4060 2405 4101 meo
2436 4056 2652 4114 pectore
2680 4060 2785 4100 non
2816 4045 2933 4101 est?
2976 4045 3031 4101 Si
3052 4060 3180 4116 ergo
3211 4045 3350 4100 inter
3373 4059 3564 4099 sensus
3593 4042 3649 4108 ἀ,

2068 4151 2163 4205 per
2193 4151 2367 4190 meum
2400 4151 2462 4190 os
2491 4150 2760 4206 egressus,
2797 4135 2851 4190 in
2871 4162 2877 4167 ~
2898 4134 3042 4191 tuam
3074 4144 3308 4190 mentem
3347 4135 3648 4204 ingressus,

2072 4242 2244 4283 meam
2294 4245 2399 4283 non
2431 4227 2634 4283 deserit
2660 4229 2925 4292 animam;
2955 4237 3154 4296 quanto
3195 4225 3361 4296 magis
3390 4241 3467 4280 es
3491 4225 3651 4279 Patre

2072 4320 2180 4373 Deo
2205 4334 2454 4388 egressus
2481 4317 2703 4382 Sermo,
2732 4318 2910 4373 Patris
2937 4325 3122 4386 pectus
3143 4316 3395 4371 deserere
3426 4331 3528 4369 non
3554 4330 3654 4385 po-

2069 4410 2203 4475 tuit;
2229 4424 2351 4464 nam
2390 4410 2505 4479 ipse
2536 4408 2699 4465 Filius
2721 4409 2886 4463 dicit:
2919 4407 3034 4479 Ego
3060 4424 3127 4463 ea:
3148 4410 3303 4463 corde
3328 4406 3499 4461 Patris
3525 4423 3653 4475 pro-

383 4496 531 4554 Βατιιὲ
558 4499 692 4551 oculi
728 4497 815 4569 qui
854 4498 1023 4551 vident
1052 4498 1164 4564 qua:
1193 4496 1369 4548 videtis
1401 4493 1550 4563 (Luc.
1582 4510 1639 4558 ιι,
1667 4493 1760 4563 23)
1794 4511 1806 4545 :
1838 4506 2047 4563 ergoel)
2070 4501 2143 4554 dii
2169 4499 2357 4570 (Eccli.
2399 4516 2545 4565 xxiv,
2625 4500 2681 4571 5)
2711 4518 2723 4552 :
2754 4502 2819 4555 Et
2852 4500 3009 4555 Pater
3051 4501 3180 4561 dicit
3208 4518 3220 4553 :
3258 4498 3524 4552 Eructaoit
3565 4513 3660 4550 cor

385 4592 528 4647 beati
577 4598 731 4644 erant
774 4589 942 4644 Judaei
981 4603 1187 4653 omnes,
1220 4596 1274 4641 et
1303 4587 1356 4640 hi
1395 4588 1485 4655 qui
1516 4601 1638 4641 eum
1678 4586 1962 4641 eruciﬁxe-

383 4692 532 4751 rttnt,
563 4682 632 4737 de
659 4682 854 4753 quibus
899 4696 994 4751 per
1023 4681 1189 4735 David
1219 4679 1345 4734 dicit
1376 4695 1390 4733 :
1425 4678 1538 4757 Ipsi
1585 4695 1701 4733 vero
1732 4680 1965 4733 conside-

385 4786 623 4831 raverunt
668 4784 713 4830 et
744 4782 1112 4845 conspexerunt
1158 4790 1237 4827 me
1288 4770 1460 4843 (Psal.
1512 4787 1621 4839 χιιι,
1656 4773 1767 4841 l8).
1799 4771 1981 4825 Vides

383 4882 512 4936 ergo
551 4868 674 4937 quia
718 4866 1000 4921 invisibilis
1044 4873 1371 4936 perseverat,
1422 4874 1475 4918 et
1503 4873 1681 4919 mente
1726 4864 1966 4918 cernitur

386 4973 517 5024 pura
559 4969 614 5013 et
643 4960 893 5027 credula:
910 4960 1050 5029 Ergo
1085 4959 1127 5013 si
1158 4956 1440 5013 invisibilis
1468 4957 1648 5025 Pater,
1680 4958 1975 5013 invisibilis

387 5049 573 5113 Filius,
604 5048 881 5107 invisibilis
907 5050 1137 5121 Spiritus
1160 5059 1397 5107 sanctus.

459 5143 526 5198 Et
571 5151 628 5197 ut
657 5143 722 5196 ad
752 5145 852 5198 hoc
872 5160 1119 5201 revocem
1146 5146 1288 5201 unde
1331 5148 1525 5200 factum
1555 5156 1655 5208 est.
1684 5154 1744 5200 ut
1769 5145 1870 5201 hoc
1901 5146 1969 5201 de

388 5235 560 5308 fragili
613 5235 830 5291 homine
883 5236 1368 5294 doceamus:'l‘ria
1416 5241 1530 5296 lucc
1589 5240 1875 5296 invisibilia
1915 5252 1969 5294 et

460 5406 487 5434 ι
539 5396 699 5449 Forte
736 5391 945 5452 melius.
996 5389 1342 5457 blasphemum
1386 5401 1458 5445 est
1498 5408 1515 5445 :
1550 5405 1709 5459 quam
1756 5391 1970 5443 restitu-

392 5466 590 5520 tionem
645 5464 876 5518 insinuat
952 5475 1183 5532 sequens
1255 5462 1480 5515 alterum
1534 5462 1869 5526 membrum,
1924 5470 1971 5514 et

391 5536 593 5599 blaaph.

467 5606 494 5644 lt
523 5607 677 5660 Forte
704 5605 857 5671 parii,
889 5613 945 5658 ut
968 5604 1123 5673 paulo
1155 5612 1295 5654 ante.

472 5689 493 5713 ο
517 5674 674 5727 ’λιιιις
702 5670 779 5728 Sic
808 5670 995 5742 legitur
1028 5675 1081 5727 ιιι
1107 5677 1291 5726 (ὀιιιριξ
1319 5671 1623 5723 Trevit-onsi
1655 5687 1667 5726 :
1707 5670 1787 5722 Ila
1813 5672 1972 5724 utinm

400 5757 517 5804 sunt
543 5748 655 5812 .‘riu,
692 5755 743 5799 ut
781 5762 887 5799 vero
917 5748 1011 5797 tria
1050 5756 1161 5799 sunt
1194 5760 1299 5798 t‘t‘TC
1332 5757 1521 5806 unum;
1552 5758 1661 5796 rere
1694 5742 1821 5795 enim
1850 5743 1966 5807 tria,

2073 4609 2241 4647 meum
2270 4593 2475 4647 verbum
2504 4593 2690 4646 bonum
2721 4591 2892 4661 (Psal.
2920 4606 3064 4657 xuv,
3085 4590 3143 4661 ε)
3168 4608 3182 4645 :
3210 4591 3338 4645 Item
3393 4588 3658 4655 objiciunt

2074 4685 2290 4741 aliunde
2321 4702 2336 4738 :
2370 4683 2517 4738 Alibi»
2538 4683 2653 4749 ivit,
2685 4683 2737 4737 id
2789 4692 2893 4747 est,
2924 4682 2993 4737 de
3022 4683 3160 4737 cmlo
3199 4681 3266 4735 ad
3299 4690 3494 4735 terram
3525 4693 3651 4731 vere

2075 4777 2223 4832 venit
2250 4795 2261 4829 :
2288 4776 2558 4845 quomodo
2607 4774 2781 4843 potuit
2826 4773 2962 4840 fieri,
3006 4786 3065 4828 ut
3091 4773 3159 4829 de
3194 4772 3315 4833 sinu
3348 4770 3517 4825 Patris
3547 4784 3655 4823 non

2076 4867 2387 4924 recederet?
2430 4865 2510 4919 Ad
2543 4867 2644 4919 hoc
2684 4865 2883 4920 dicitur
2923 4864 3073 4935 (Gen.
3110 4880 3168 4930 ιι,
3203 4863 3290 4932 l0)
3320 4881 3332 4915 :
3364 4862 3652 4916 Considi-ra

2078 4968 2309 5030 quatuor
2341 4956 2560 5010 ﬁumina
2602 4956 2671 5011 de
2704 4970 2813 5011 uno
2845 4957 2966 5010 sinu
3004 4955 3236 5024 paradisi
3280 4954 3483 5024 egredi.
3514 4952 3655 5005 Fons

2078 5066 2223 5121 ergo,
2248 5050 2423 5113 Pater,
2441 5058 2523 5102 est
2538 5056 2763 5115 quatuor
2780 5047 3056 5101 fluminum
3080 5064 3092 5097 :
3111 5056 3165 5101 et
3185 5060 3306 5100 cum
3320 5045 3649 5099 circumeant

2076 5158 2290 5198 omnem
2311 5151 2529 5206 terram,
2558 5149 2733 5193 tamen
2751 5140 2818 5193 de
2844 5140 2963 5193 sinu
2980 5137 3153 5192 Patris
3179 5138 3279 5202 sui,
3316 5138 3368 5191 id
3390 5149 3469 5191 est
3498 5137 3657 5187 fontis

2079 5236 2220 5292 illius
2241 5237 2427 5305 quiest
2450 5236 2501 5289 in
2536 5235 2803 5304 paradiso,
2841 5248 2945 5287 non
2978 5232 3253 5287 recedunt.
3280 5235 3380 5285 Aut
3401 5232 3447 5285 si
3480 5237 3658 5300 putes,

2080 5403 2198 5448 rex,
2244 5388 2444 5440 verbum
2473 5396 2522 5439 et
2558 5386 2780 5453 efﬁcacia
2802 5402 2821 5442 .‘
2845 5395 2946 5441 tres
2984 5400 3107 5457 ergo
3156 5401 3406 5456 personae,
3436 5383 3523 5440 sed
3554 5398 3658 5436 una

2079 5458 2387 5511 subsis'endi
2412 5457 2657 5521 potentia.

2150 5528 2179 5565 ά
2213 5527 2289 5580 Ex
2318 5527 2756 5582 antecedentibus
2803 5539 2855 5581 et
2904 5526 3361 5596 consequentibus
3402 5525 3535 5579 forte
3576 5522 3662 5574 le-.

2081 5598 2307 5667 gendum
2344 5615 2356 5649 :
2394 5598 2451 5652 Si
2482 5614 2599 5671 ergo
2629 5614 2846 5657 INTER!!!
2876 5612 3050 5653 senato
3091 5615 3179 5669 per
3210 5613 3378 5651 meum
3414 5612 3467 5652 os
3493 5610 3653 5666 egres-

2081 5687 2184 5735 sus,
2211 5678 2314 5725 etc.
