3968 6166
295 219 403 272 385

986 218 1039 274 S.
1086 217 1452 273 AUREIJANI
1499 216 1968 274 ARELA'IENSIS
2012 218 2282 274 IlEGULA
2323 220 2411 274 AD
2462 218 2846 276 MONACIIOS.

3500 184 3526 209 Ω

3443 222 3546 276 :85

295 305 622 362 dividcinter
645 304 844 360 fontem
864 313 920 360 et
947 304 1185 360 lluvium.
1215 306 1366 373 Quod
1382 306 1425 360 si
1453 307 1552 359 hoc
1571 306 1745 362 facere
1762 322 1864 362 non
1904 314 1947 371 Α
1978 302 2262 364 crucifixus
2291 311 2362 364 sit
2392 311 2550 365 Deus.
2584 310 2661 365 Ad
2716 312 2829 365 hace
2854 311 3041 367 all‘rres
3089 312 3260 381 ipsum
3316 316 3547 382 priorem

290 409 467 468 potes,
496 412 650 453 cessa
675 397 914 454 dividere
943 397 1133 454 Filium
1172 415 1202 453 a
1232 399 1408 466 Patre,
1441 400 1708 469 quomodo
1730 401 1872 470 quod

292 506 404 544 non
428 499 578 559 potes
596 488 664 543 de
710 504 862 559 aqua:
889 489 1159 545 elemento
1186 490 1288 544 ulla
1318 506 1538 559 prorsus
1563 491 1741 547 facere
1781 507 1872 547 ra.

293 581 461 636 tione.
493 579 620 635 Item
668 580 736 635 de
786 580 1134 648 passibilitate
1175 591 1294 652 aget
1336 590 1509 638 tecum
1563 583 1867 650 haereticus,

293 677 484 731 Utrum
520 677 660 732 Deus
705 676 776 732 ibi
808 676 906 730 fuit
936 676 1150 746 quando
1178 691 1365 746 passus
1387 686 1469 732 est
1501 678 1774 733 Dominus.
1810 679 1870 733 Si

287 766 513 832 dixeris,
542 765 700 820 simul
730 780 918 835 passus
966 776 1047 820 est
1086 766 1229 821 Deus
1258 766 1540 834 indivisus,
1600 764 1867 837 Patripas.

292 860 507 914 sionem
540 859 792 915 incurris.
835 858 893 915 Si
939 872 1102 928 negas
1138 858 1298 914 simul
1328 858 1402 913 ibi
1431 858 1595 913 fuisse
1625 859 1872 913 divinita-

290 959 423 1015 tem,
450 949 697 1005 haeresim
726 949 878 1005 facis.
902 951 1033 1005 Cum
1059 965 1188 1020 ergo
1208 965 1314 1005 non
1341 964 1505 1020 negas
1525 950 1597 1005 ibi
1630 952 1684 1005 in
1709 966 1869 1009 cruce

287 1039 459 1094 fuisse
492 1039 651 1094 Deum
690 1039 849 1095 simul
887 1040 941 1093 in
970 1039 1173 1095 Christo
1222 1041 1465 1094 mundum
1514 1039 1871 1096 conciliantem

288 1129 384 1200 (11
414 1129 539 1185 Cor.
573 1147 625 1197 v,
668 1130 787 1199 l9),
821 1130 1162 1200 compelleris
1204 1130 1416 1198 docere,
1448 1141 1624 1187 utrum
1653 1131 1810 1186 simul
1843 1139 1871 1167 ἰ

362 1254 390 1281 ⁸·
430 1245 597 1307 Alias,
623 1245 790 1299 dicere
818 1246 958 1314 quod
979 1247 1153 1301 simul.

1976 400 2199 455 verbera
2229 401 2553 470 suscepisse,
2595 401 2689 456 sed
2737 402 3112 470 impassibilem
3161 407 3542 471 peimanzsisse.

1974 492 2106 547 Nam
2150 492 2404 562 splendor
2444 493 2576 548 solis
2628 493 2683 546 in
2722 493 2914 548 arbore
2945 508 3185 556 manens,
3212 510 3278 549 co
3309 506 3547 562 tempore

1974 597 2082 652 quo
2100 583 2261 638 arbor
2290 583 2560 649 inciditur,
2596 584 2824 652 priorem
2859 584 3065 639 securis
3095 586 3257 640 ictum
3299 588 3496 656 accipit
3525 604 3538 639 :

1974 677 2066 729 sed
2091 676 2428 743 impassibilis
2460 690 2797 743 permanens,
2834 677 3039 745 integer
3071 688 3413 745 perseverat;
3454 693 3543 731 ar-

1973 764 2073 821 bor
2099 779 2225 819 vero
2253 765 2520 820 inciditur.
2544 766 2598 820 Si
2622 781 2749 835 ergo
2771 773 3016 821 creatura
3044 768 3262 822 luminis
3287 769 3422 823 hanc
3445 773 3544 824 ol-

1976 858 2107 911 tinet
2152 856 2423 923 virtutem,
2454 866 2515 911 ut
2539 871 2659 912 cum
2705 858 2774 912 sit
2803 858 2858 912 in
2910 858 3053 927 ligno
3081 857 3358 915 verberata
3390 862 3547 916 simul

1976 962 2096 1003 cum
2130 947 2291 1017 ligno,
2327 949 2524 1017 lignum
2576 950 2809 1018 passioni
2862 950 3227 1021 derelinquat;
3275 953 3388 1021 ipsa
3418 969 3547 1006 vero

1976 1039 2166 1095 evadat
2208 1038 2453 1107 iniuriam
2482 1057 2494 1091 :
2525 1050 2726 1109 quanto
2776 1041 2944 1112 magis
2990 1044 3104 1112 ipse
3142 1053 3352 1097 creator
3380 1045 3551 1097 omni-

1981 1140 2171 1199 potens
2190 1145 2337 1198 ,vera
2356 1130 2468 1199 lux,
2484 1132 2829 1201 impassibilis
2847 1133 3206 1202 perseverabit
3225 1135 3276 1189 in
3297 1134 3508 1189 Christo
3528 1132 3551 1187 ?

298 1332 3537 1369 Μ

298 1366 3301 1591 Μ’Ᾰῖῖἱῇἒῖίξῇῦῖ

2574 1372 3081 1381 ης--ρ--ᾡ-

3120 1375 3461 1383 ἡ..---ι

1075 1685 1968 1792 ARELATENSIS
2046 1688 2780 1794 EPISCOPHS.

1186 1942 1286 2003 DE
1329 1942 1391 2001 S.
1446 1942 1908 2004 AUBELIANO
1950 1941 2291 2013 EJUSQUE
2336 1939 2657 2002 REGULA

1188 2058 1193 2063 ⁷
1498 2063 1880 2124 VETERUM
1924 2064 2438 2124 TESTIMONIA.

357 2202 422 2259 S.
463 2157 753 2271 dregorius
781 2200 851 2253 Μ.
882 2199 974 2255 lib.
997 2214 1090 2265 vn,
1112 2199 1271 2267 epist.
1303 2199 1428 2254 117.
1459 2199 1572 2254 Ind.
1592 2199 1648 2264 2,
1674 2200 1739 2255 ad
1775 2201 1862 2253 Vi-

1984 2215 2063 2255 nae
2083 2201 2216 2255 sedis
2235 2201 2462 2253 antistite
2484 2201 2552 2253 ad
2590 2201 2893 2271 prtvdecess:
2906 2217 3009 2256 rem
3036 2211 3249 2258 vestrum
3291 2208 3551 2265 Aurelium

290 2291 487 2357 gilium
511 2290 716 2345 Arelat.
744 2288 1054 2358 episcopum
1080 2307 1093 2343 :
1124 2287 1377 2343 Gloriatu:
1396 2289 1650 2343 memoria:
1671 2288 1874 2346 Chitdo

284 2386 467 2439 bertus
496 2383 818 2437 Francorum
846 2399 936 2437 rea:
967 2382 1233 2436 catholica:
1259 2381 1522 2453 religionis
1560 2398 1734 2437 amore
1753 2398 1874 2437 suc-

282 2491 475 2531 census
512 2477 647 2529 intra
672 2481 862 2579 'mws
902 2474 1213 2529 Arelatensis
1251 2475 1467 2528 civitatis
1506 2476 1875 2528 monasterium

284 2569 546 2631 virorum,
575 2576 629 2620 ut
660 2565 846 2633 scripto
872 2567 1170 2633 reperimus,
1195 2581 1287 2633 pro
1315 2582 1410 2618 sua
1437 2565 1662 2617 mercede
1688 2566 1876 2618 consti—

283 2668 473 2723 tuens,
518 2658 752 2729 quadam
778 2658 966 2711 ibidem
1007 2673 1100 2727 pro
1144 2656 1480 2710 habitantium
1509 2658 1875 2712 sustentatioue

282 2751 566 2804 concessit.
591 2749 747 2817 Cujus
777 2763 838 2801 ne
865 2746 1099 2800 voluntas
1125 2762 1352 2815 unquam
1380 2746 1651 2807 duceretur
1678 2746 1729 2797 in
1759 2746 1878 2798 irri-

284 2850 423 2909 tum,
446 2850 491 2894 et
509 2857 569 2894 ea
584 2857 695 2910 qua?
709 2856 803 2909 pro
817 2839 983 2910 quiete
1005 2838 1369 2892 monachorum
1382 2837 1627 2905 dispositu
1649 2838 1874 2906 fuerunt,

282 2938 655 2997 turbarentur;
683 2951 895 3005 quaeque
922 2933 1140 2989 contulit
1178 2933 1232 2986 iu
1253 2935 1376 3003 jure
1404 2932 1635 3001 ejusdem
1675 2947 1876 2985 manas-

284 3031 431 3096 terii,
458 3029 687 3100 epistolis
711 3029 820 3082 suis
847 3028 1129 3098 apostolica
1153 3026 1296 3092 petiit
1317 3026 1621 3078 auctoritate
1651 3023 1871 3091 ﬁrmari.

285 3120 451 3176 Uade
472 3121 597 3189 quia
625 3118 859 3186 eﬂ'ectum
881 3127 929 3171 et
955 3117 1098 3184 regia
1127 3115 1363 3169 voluntas
1388 3124 1435 3167 et
1457 3129 1533 3166 res
1565 3112 1710 3166 valde
1739 3112 1874 3189 desi-

280 3213 477 3265 derata
506 3210 769 3280 poscebat,
799 3228 830 3261 a
857 3208 1221 3278 prwdecessore
1249 3216 1419 3259 nostra
1460 3203 1645 3275 Vigilio
1676 3202 1870 3255 Roma-

1983 2291 2003 2360 (
2026 2291 2130 2359 leg.
2161 2291 2495 2345 Aurelianum
2516 2291 2534 2361 )
2558 2293 2747 2359 seripta
2772 2295 3069 2347 transmissa
3093 2306 3230 2349 sunt.

2054 2381 2315 2448 Egbertus
2358 2381 2791 2451 archiepiscopus
2829 2384 3180 2440 Eboracensis
3219 2386 3270 2440 iu
3308 2401 3553 2459 cxcerpt.

1980 2470 2047 2526 de
2093 2471 2220 2526 lure
2259 2471 2509 2534 Sacerd.,
2547 2486 2662 2539 cap.
2705 2473 2809 2538 69,
2848 2474 2898 2527 in
2937 2476 3129 2529 concil.
3171 2477 3412 2532 Britan.:
3450 2481 3549 2532 Au-

1980 2562 2209 2616 relianus
2250 2563 2521 2630 episcopus
2566 2564 2689 2615 dicit
2728 2577 2747 2616 :
2793 2561 2993 2618 Carnes
3038 2566 3091 2618 in
3139 2567 3256 2621 cibo
3308 2570 3554 2626 lllttnat'lli

1982 2655 2249 2724 nunquam
2281 2663 2528 2708 sumant:
2556 2655 2677 2723 pulli
2704 2669 2851 2722 vero,
2882 2665 3011 2723 elc.,
3041 2668 3096 2710 ut
3124 2675 3238 2728 cap.
3268 2660 3355 2714 51.

2044 2745 2108 2801 S.
2141 2746 2461 2800 Benedictus
2494 2746 2712 2800 Aniante
2749 2747 2912 2801 abbas
2963 2750 3012 2800 in
3044 2749 3338 2805 Concordia
3378 2754 3549 2823 Regu-

1980 2836 2147 2890 larum
2180 2851 2297 2905 cap.
2330 2836 2383 2902 6,
2415 2837 2471 2903 '7,
2498 2835 2590 2900 22,
2629 2837 2718 2900 51,
2752 2838 2843 2903 42,
2872 2854 2935 2892 ea:
2976 2838 3172 2911 Regula
3200 2844 3363 2897 sancti
3389 2846 3555 2903 Aure-

1978 2927 2105 2980 liani
2132 2927 2359 2996 episwpi
2386 2927 2451 2979 ad
2483 2925 2773 2980 Monachos
2803 2928 3106 2983 testimonia
3136 2932 3372 2987 adducit.

2049 3018 2369 3087 Smaragdus
2388 3032 2597 3086 quoque
2620 3018 2668 3070 in
2696 3019 3041 3086 Expositione
3063 3021 3277 3090 Regula:
3299 3025 3356 3079 S.
3382 3025 3551 3081 Bene-

1978 3108 2106 3163 dicti
2134 3108 2371 3175 ejusdem
2394 3107 2710 3163 auctoritate
2725 3119 2777 3162 et
2798 3110 3119 3165 testimoniis
3147 3117 3342 3167 utitur:
3373 3133 3554 3186 quain-

1974 3203 2056 3257 vis
2078 3201 2188 3255 fere
2208 3215 2420 3269 semper
2434 3194 2844 3268 ‘Aurcliummon
2868 3202 3211 3260 Aurelianum
3236 3219 3405 3264 vocet.

286 3306 3536 3340 MM

1064 3381 1500 3439 OBSERVATIO
1535 3380 1807 3437 CRITICA
1849 3381 1913 3435 IN
1952 3381 2281 3436 REGULAM
2320 3383 2764 3452 SEQUENTEM.

355 3495 812 3567 Quemadmodum
856 3493 917 3551 S.
951 3493 1203 3549 Caesarius
1236 3493 1366 3547 duas
1407 3492 1629 3561 Regulos
1670 3507 1873 3561 compo-
1903 3493 1948 3555 C
1979 3464 2265 3560 exemplum
2310 3494 2639 3558 exetnptionis
2663 3511 2696 3547 a
2722 3496 2845 3562 jure
2867 3496 3146 3566 episcopali
3178 3498 3449 3565 habemus,
3484 3502 3553 3555 ab

281 3592 411 3656 suit,
438 3591 513 3643 sic
536 3589 686 3641 etiam
712 3597 756 3641 et
780 3586 843 3642 S.
872 3586 1206 3649 Aurelianus,
1231 3585 1406 3636 itidem
1427 3582 1736 3637 Arelatensis
1762 3584 1870 3652 epi-

279 3697 509 3750 scopus,
555 3694 657 3731 non
710 3676 972 3746 proximus
1026 3674 1088 3729 S.
1146 3673 1356 3727 (.‘a'sarii
1402 3687 1687 3736 successor,
1744 3673 1873 3725 inter

214 3814 217 3815 ν
278 3783 564 3842 utrunth
585 3770 717 3824 enim
737 3768 872 3822 hanc
890 3768 1058 3823 sedem
1078 3765 1558 3836 are/tiepiscopalem
1579 3782 1667 3835 ρει·
1682 3781 1871 3834 paucos

279 3879 455 3918 annos
482 3862 778 3932 gubernavit
810 3860 1100 3913 Auxanius.
1121 3856 1239 3910 Duo
1263 3866 1462 3909 monast
1491 3857 1569 3909 ria
1594 3857 1866 3920 ordinavit,

280 3971 450 4007 unum
500 3969 593 4023 pro
633 3952 783 4018 viris,
825 3952 1039 4004 alterum
1090 3965 1181 4013 pro
1223 3949 1382 4000 sacris
1428 3948 1723 4016 virginibus,
1777 3962 1868 4013 pro

249 4046 469 4112 'quibus
508 4051 556 4095 ct
592 4043 734 4095 binas
778 4040 1002 4110 Regulas
1032 4037 1281 4092 condidit.
1316 4035 1429 4090 Hoc
1456 4047 1624 4090 autent
1654 4036 1873 4089 virorum

279 4134 572 4188 ccnobiun:
600 4132 955 4188 Clti'ulebertus
998 4126 1320 4183 Francorum
1361 4144 1452 4183 rex
1480 4130 1735 4194 condidit,
1776 4131 1869 4182 do-

277 4228 468 4297 nisque
520 4225 672 4295 regiis
718 4223 1072 4293 locupletavit;
1115 4220 1537 4290 quemadmodum
1568 4229 1614 4273 et
1654 4219 1870 4289 Vigilius

277 4334 419 4386 papa
437 4316 495 4369 iu
517 4331 659 4369 suam
677 4312 942 4381 specialem
970 4313 1329 4381 protectionem
1354 4312 1595 4380 suscepit.
1626 4309 1713 4365 Sic
1736 4310 1869 4363 enim

276 4416 501 4460 testatur
543 4404 603 4459 S.
650 4403 920 4473 Gregorius
964 4401 1044 4457 Μ.
1070 4418 1229 4472 supra
1260 4404 1476 4469 citatus,
1524 4402 1609 4456 ubi
1647 4402 1870 4456 vividum

1980 3583 2090 3651 ipso
2120 3583 2356 3651 episcopo
2381 3585 2647 3639 ordinario
2670 3586 2971 3657 impetratis.
3010 3587 3157 3641 Hanc
3182 3591 3337 3658 igitur
3368 3606 3550 3645 mona-

1982 3674 2191 3727 chorum
2222 3673 2469 3744 Regulum
2496 3678 2699 3745 scripsit
2724 3677 2784 3731 S.
2805 3677 3109 3733 Aurelianus
3131 3681 3417 3733 imme.:'iate
3439 3694 3553 3750 post

1978 3765 2215 3835 adeptum
2242 3772 2616 3837 episcopatum,
2642 3769 2780 3823 circa
2809 3771 3049 3823 nimirum
3079 3789 3268 3826 annum
3290 3773 3426 3836 545;
3456 3777 3553 3828 sub

1980 3857 2128 3911 initio
2164 3861 2300 3913 enim
2327 3860 2481 3933 hujus
2512 3862 2635 3913 anni
2660 3870 2860 3915 creatus
2887 3871 2959 3914 est
2986 3864 3396 3933 archiepiscopus
3425 3870 3550 3919 Are-

1978 3949 2182 4003 latensis
2217 3932 2436 4017 obiifque
2465 3966 2601 4002 anno
2641 3949 2763 4007 545.
2799 3951 2967 4005 Habet
2995 3955 3194 4021 quidem
3216 3932 3328 4026 ipsa
3357 3957 3553 4030 Rrgulu

1976 4055 2209 4107 magnam
2251 4042 2613 4093 cunnexionrm
2652 4058 2764 4094 cum
2802 4041 2862 4097 S.
2902 4041 3110 4097 Ca’sarii
3154 4044 3393 4116 Regula:
3430 4065 3551 4101 nam

1977 4130 2101 4183 ordo
2148 4130 2305 4184 divini
2356 4132 2523 4200 "(ficii
2579 4136 2683 4202 fere
2718 4132 2850 4187 idem
2885 4143 2959 4186 est
3002 4135 3054 4188 in
3098 4146 3342 4207 utraque;
3390 4140 3553 4207 fusior

1978 4228 2145 4275 tamen
2176 4232 2253 4275 est
2282 4224 2467 4287 altera,
2497 4226 2833 4294 complectens
2863 4227 2932 4281 55
2956 4230 3152 4296 capita,
3196 4241 3375 4297 prater
3414 4248 3548 4303 pra:-

1975 4313 2221 4381 scriptum
2244 4314 2497 4384 psallendi
2518 4318 2748 4385 modum,
2776 4326 2924 4386 atque
2942 4321 3298 4388 partirularrm
3327 4323 3553 4377 ciborum

1976 4415 2024 4456 et
2055 4412 2202 4473 potus
2222 4406 2453 4461 ordinem
2482 4408 2534 4461 in
2564 4408 2833 4477 refectorio
2858 4398 3239 4466 observandum.

279 4520 3539 4552 ————.—-——-—-—————-——-—————-—-———-—————————_

1038 4594 1067 4611 “
1553 4598 1636 4670 S.
1713 4597 1860 4669 ΛΠ
1873 4597 2273 4671 BELIAN
2280 4599 2317 4670 Ι

1054 4730 1055 4739 ψ
1143 4764 1661 4874 REGULA
1737 4767 1902 4866 AD
1976 4761 2718 4871 MONACHOS.

1712 5011 2123 5070 PROOEMIUM.

357 5155 568 5212 Sanctis
595 5163 638 5208 et
659 5153 861 5209 Christo
884 5150 1181 5205 venerandis
1208 5148 1514 5215 fratribusin
1536 5144 1865 5209 monasterio,
1900 5152 1948 5210 D
1975 5147 2133 5201 simul
2180 5148 2264 5201 vel
2318 5147 2536 5216 spretis,
2566 5144 2840 5216 eligeretis
2870 5144 3223 5201 sanctissima:
3253 5145 3374 5201 vita:
3407 5148 3548 5200 niur—

277 5247 424 5333 quod
446 5244 552 5298 Deo
578 5245 851 5298 miserante
872 5259 932 5296 ac
933 5245 961 5313 j
969 5242 1143 5295 ubente
1162 5256 1279 5311 rege
1294 5238 1616 5293 Childeberto
1630 5235 1864 5307 fecimus,

283 5339 604 5402 constitutis,
634 5337 941 5391 Aurelianus
972 5335 1259 5405 episcopus.

364 5429 498 5495 Quia
525 5429 637 5483 Deo
669 5428 982 5496 inspirante,
1016 5425 1104 5493 qui
1159 5438 1256 5479 nos
1310 5423 1570 5493 przevenit
1613 5419 1867 5475 iuell'abili

292 5520 665 5575 misericordia
698 5533 814 5583 sua,
845 5519 1017 5573 visum
1042 5517 1196 5572 nobis
1223 5524 1326 5578 est.
1359 5523 1418 5568 ut
1449 5513 1736 5581 repudiatis
1764 5528 1867 5567 sae-

1980 5251 2116 5299 rem.
2135 5247 2190 5292 et
2211 5236 2532 5308 virginitatis
2560 5251 2623 5291 ac
2652 5236 2910 5291 castitatis
2936 5236 3155 5307 gratiam
3185 5237 3542 5306 complcctm—
3628 5288 3653 5301 κ

1974 5338 2081 5391 tes,
2116 5343 2351 5385 amorem
2380 5326 2474 5383 Dei
2515 5335 2623 5384 tota
2669 5328 2933 5384 viscerum
2974 5339 3028 5384 et
3072 5329 3249 5384 cordis
3289 5329 3545 5401 θνίιιὶιηις

1971 5430 2259 5484 sectantes,
2290 5421 2558 5489 conligere
2584 5419 2777 5474 timore
2800 5419 3079 5474 Dominico
3106 5433 3291 5473 cannes
3314 5428 3545 5479 vvstras;

1971 5524 2025 5567 et
2054 5513 2231 5567 dicere
2258 5510 2386 5566 illirl
2419 5528 2433 5565 :
2464 5510 2642 5564 Juravi
2677 5520 2725 5564 et
2758 5513 2914 5564 statui
2944 5502 3197 5564 custodire
3220 5511 3419 5579 judicia
3451 5514 3544 5580 ju-

299 5611 789 5677 tul'n'otuptatibus
820 5626 880 5667 ac
907 5609 1286 5680 temporalibus
1307 5606 1513 5678 gaudiis
1544 5608 1870 5676 contemptis
1951 5602 2103 5655 stitia’
2131 5611 2231 5654 tua:
2261 5600 2558 5671 (psul.CX}'t
2588 5599 2649 5667 ι).
2686 5599 2794 5666 Et,
2822 5603 2944 5654 mihi
2999 5598 3213 5654 minutus
3262 5601 3545 5667 crucifixus
