3968 6166
282 206 463 260 ὖὸθη

1489 207 1760 265 REGULA
1806 208 1894 262 AI)
1933 207 2318 266 MONXCIIOS.

3438 209 3537 264 sea
3582 214 3585 217 ’

361 323 422 375 I-l.
450 321 717 389 Exceptus
746 336 872 376 vero
897 336 1060 391 usque
1086 321 1149 375 ad
1178 329 1403 377 mortem
1430 336 1577 375 suam
1604 321 1701 374 nec
1721 335 1850 390 prm-
1882 322 1930 381 Α
1961 320 2182 391 (Matth.
2218 322 2387 392 xvtu).
2425 323 2488 375 Et
2519 321 2618 374 alia
2647 320 2918 391 Scriptura
2947 342 2957 375 :
2996 323 3083 376 Ira
3119 323 3253 377 enim
3280 323 3539 393 ririjustio

291 424 484 475 sumat,
520 428 618 468 nec
640 417 975 482 permittatur
996 414 1064 467 de
1098 414 1427 468 monasterio
1456 413 1659 482 egredi,
1694 427 1858 481 prop.

286 514 370 556 ter
400 502 530 557 illud
556 504 960 573 propheticum:
989 502 1155 557 Unam
1169 504 1290 571 petii
1320 519 1351 555 a
1376 502 1619 567 Domino,
1639 504 1863 555 hancre-

287 595 510 663 quiram,
536 604 591 647 ut
620 594 894 649 inhabilem
927 596 981 648 in
1009 595 1159 648 domo
1176 592 1386 648 Domini
1415 595 1646 648 omnibus
1684 594 1861 646 diebus

285 687 402 739 vita
431 700 555 739 mra:
579 683 752 755 (Psal.
783 685 957 754 xxvi).

363 777 450 831 Ill.
478 776 803 831 Vestimenta
835 790 964 831 vero
984 775 1232 846 religiosa
1260 789 1366 830 non
1399 774 1644 844 accipiet,
1672 774 1772 829 nisi
1796 773 1864 829 de

286 870 434 923 omni
470 867 721 923 facultate
759 882 855 921 sua
880 867 993 921 sive
1022 866 1210 937 grandi
1237 866 1351 921 sive
1395 880 1554 933 parva
1580 905 1595 929 ,
1649 865 1866 920 chartas

285 958 595 1013 donationis
618 967 710 1012 aut
729 956 1054 1012 venditionis
1068 959 1154 1011 cui
1176 954 1410 1010 voluerit
1427 955 1587 1010 iaciat
1610 973 1624 1010 :
1650 964 1867 1026 propter

287 1051 499 1105 Domini
536 1048 867 1111 mandatum,
902 1048 993 1103 ubi
1021 1046 1153 1102 dicit
1199 1063 1212 1077 ο
1256 1045 1318 1102 Si
1343 1047 1416 1100 vis
1447 1046 1701 1116 perfectus
1740 1059 1866 1109 esse,

282 1143 447 1196 vende
484 1141 655 1196 omnia
681 1155 796 1215 qua;
820 1139 975 1194 habes
1022 1138 1237 1210 (Matth.
1257 1136 1369 1209 nx)
1392 1154 1410 1191 :
1434 1139 1518 1201 Et,
1551 1137 1594 1190 si
1622 1136 1732 1204 quis
1770 1151 1870 1188 non

282 1235 545 1301 reliquerit
574 1233 747 1286 omnia
771 1247 884 1301 quia
905 1231 1154 1300 possidet,
1182 1246 1284 1284 non
1310 1240 1472 1301 potest
1492 1245 1602 1285 esse
1624 1245 1763 1283 meus
1784 1230 1869 1282 di-

281 1322 519 1393 sripulus
545 1322 700 1394 (Luc.
730 1324 879 1390 xw).

357 1414 448 1469 IV.
479 1413 537 1469 Si
566 1413 683 1482 quis
703 1411 871 1468 laicus
888 1411 1247 1467 tonsurandus
1267 1419 1370 1475 est,
1403 1410 1472 1467 de
1500 1410 1707 1480 capillis
1731 1410 1871 1464 illius

282 1504 338 1558 in
371 1502 713 1559 confessione
739 1503 997 1569 mittatur,
1032 1511 1092 1557 ut
1110 1502 1161 1557 ei
1187 1502 1239 1555 in
1265 1501 1571 1557 testimonio
1600 1502 1688 1555 sit.
1717 1499 1869 1567 Quod

282 1597 328 1650 si
362 1605 696 1660 tonsuratus,
722 1603 816 1649 aut
839 1595 892 1649 in
921 1594 1106 1648 habitu
1132 1593 1384 1664 religioso
1405 1592 1630 1657 venerit,
1650 1608 1755 1647 non
1779 1607 1868 1646 ex-

1964 414 2089 467 tiam
2122 412 2215 466 Dei
2242 430 2341 466 non
2376 423 2613 482 aperatur
2642 411 2781 482 (Jac.
2813 412 2873 480 ι).
2903 413 3301 481 EtApos'olus:
3329 415 3421 467 Sol
3445 431 3542 467 non

1963 506 2163 560 occidat
2184 522 2334 574 super
2350 504 2669 558 iracundiam
2698 515 2913 557 vestram
2941 504 3151 574 (Ephes.
3177 506 3270 573 tv).
3297 507 3447 572 Quod
3475 508 3540 565 si.

1968 596 2110 664 quod
2143 597 2281 651 Deus
2307 604 2536 663 avertat,
2578 596 2794 650 diabolo
2825 597 3107 666 instigante
3139 597 3205 648 ita
3238 597 3397 652 fuerit
3427 599 3540 665 quis

1968 688 2147 743 lurore
2177 689 2427 755 re,.lettts,
2457 697 2515 742 ut
2544 688 2641 741 ista
2669 688 2915 741 mandata
2949 688 3202 756 pertinaci
3228 689 3387 743 corde
3406 704 3536 742 con-

1970 785 2197 841 temnat,
2222 786 2277 831 et
2298 792 2436 832 unus
2458 776 2524 831 de
2546 776 2652 831 illis
2673 776 2762 845 qui
2790 776 3156 831 discordantes
3180 787 3304 831 sunt
3335 792 3539 846 praeve-

1972 869 2112 923 nerit
2143 870 2327 933 alium,
2357 870 2566 923 veniam
2599 869 2649 922 ei
2680 876 2896 937 petent;
2944 869 2987 923 si
3032 868 3119 922 ille
3163 870 3247 923 cui
3280 871 3407 938 petit
3436 884 3542 923 non

1970 963 2257 1026 dimiserit,
2287 961 2576 1031 legitimam
2608 960 2946 1029 disciplinam
2978 962 3226 1029 aceip‘at,
3253 971 3308 1015 ut
3336 961 3399 1014 ad
3418 952 3553 1014 alia;

1975 1051 2186 1104 ritatem
2215 1065 2275 1105 se
2296 1050 2546 1120 corrigat.
2575 1050 2727 1117 Quod
2758 1052 2801 1104 si
2820 1050 2975 1106 ambo
2996 1049 3364 1119 despexerint,
3388 1050 3546 1105 ambo

1970 1141 2212 1210 paritera
2238 1142 2633 1205 communione,
2652 1140 2735 1195 vel
2758 1140 2920 1196 acibo
2932 1140 3347 1208 suspendantur,
3373 1142 3545 1195 donec

1972 1233 2197 1287 invicem
2225 1233 2325 1288 sibi
2350 1232 2783 1287 reconcilientur.

2042 1324 2178 1380 XIII.
2213 1325 2466 1379 Fraterin
2497 1322 2717 1379 fratrem
2749 1323 2793 1378 si
2822 1336 2982 1377 ausus
3005 1322 3165 1376 fuerit
3188 1337 3398 1376 manum
3422 1323 3544 1376 mit-

1972 1424 2108 1481 tere,
2142 1416 2425 1483 legitimam
2450 1413 2782 1483 dtsciplinam
2804 1413 3051 1482 accipiat.

2044 1505 2178 1560 XIV.
2213 1505 2399 1559 Nullus
2430 1505 2595 1559 laicus
2619 1547 2632 1569 ,
2662 1504 2782 1559 sive
2814 1504 3009 1558 nobilis
3038 1503 3151 1556 sive
3185 1502 3429 1569 ignobili:
3456 1546 3469 1569 ,
3496 1505 3546 1559 in

1974 1596 2246 1650 basilicam
2288 1596 2402 1650 sive
2436 1595 2824 1649 monasterium
2852 1594 3074 1648 introire
3097 1594 3434 1662 permittatur
3467 1594 3548 1675 :si

280 1687 537 1758 cipiatur,
572 1686 674 1741 nisi
704 1693 763 1741 ut
784 1684 1035 1755 superius
1051 1684 1301 1748 diximus,
1315 1683 1531 1739 chartas
1548 1683 1619 1738 de
1642 1697 1707 1737 eo
1727 1682 1867 1752 quod
1903 1678 1944 1736 Β
1973 1686 2103 1755 quis,
2122 1701 2220 1756 pro
2249 1686 2535 1741 devotione
2566 1694 2657 1739 aut
2683 1687 2954 1755 parentela
2984 1700 3270 1755 occurrere
3294 1685 3550 1753 voluerit,

282 1778 564 1847 proprium
587 1780 639 1833 in
666 1780 866 1837 sarculo
891 1778 1171 1845 habuerat,
1196 1776 1383 1843 faciat;
1411 1786 1472 1831 ut
1502 1776 1632 1830 nihil
1662 1775 1765 1830 sibi
1789 1790 1875 1830 re-

281 1877 471 1925 servet
492 1870 634 1940 quod
665 1886 771 1925 non
800 1884 829 1923 a
857 1884 919 1926 se
946 1870 1178 1925 alienet:
1210 1881 1265 1924 et
1296 1868 1347 1922 id
1390 1867 1531 1939 quod
1563 1882 1742 1923 secum
1772 1882 1873 1922 ex-

283 1962 545 2031 hibuerit,
574 1962 754 2019 omnia
792 1962 845 2018 in
878 1969 1193 2032 potestatem
1218 1960 1393 2015 tradat
1417 1961 1649 2026 abbatis,
1681 1959 1876 2013 timens

284 2058 599 2126 exemp‘um
631 2056 855 2112 Anania:
898 2064 951 2111 et
1001 2054 1239 2124 Saphiraa
1270 2054 1408 2124 (Act.
1438 2058 1529 2123 v),
1554 2052 1645 2124 qui
1675 2064 1874 2121 partem

287 2146 629 2213 obtulerunt,
654 2155 858 2216 partem
890 2145 992 2201 sibi
1022 2145 1309 2202 inﬁdeliter
1328 2154 1764 2200 reservaverunt.

364 2238 431 2290 ν.
472 2238 618 2292 Nihil
648 2237 855 2293 occulte
885 2236 1160 2307 accipiatis
1186 2236 1323 2291 :-scd
1350 2236 1392 2291 si
1412 2235 1532 2306 quis
1553 2237 1877 2306 propinquus

283 2338 385 2385 aut
409 2330 615 2384 amicus
635 2328 832 2398 aliquid
847 2329 898 2384 in
921 2329 1261 2393 vestimento,
1284 2326 1447 2382 autin
1462 2328 1711 2393 auro,vel
1735 2327 1877 2381 aliud

284 2420 650 2490 quodcunque
691 2420 902 2475 dederit
944 2430 1034 2471 aut
1083 2417 1461 2482 transmiserit,
1526 2416 1580 2469 in
1612 2425 1880 2485 petestate

287 2512 365 2565 sit
390 2510 601 2565 abbatis
629 2527 643 2564 :
674 2520 729 2565 et
756 2512 803 2565 si
823 2510 897 2564 illi
920 2509 1008 2564 eui
1030 2508 1408 2562 transmittitur
1442 2520 1663 2561 necesse
1695 2506 1875 2572 fuerit,

290 2602 595 2656 tribuatur:
624 2600 707 2656 sin
736 2616 866 2656 vero
889 2600 981 2656 ille
1008 2600 1138 2654 nihil
1161 2600 1384 2669 indiget,
1408 2599 1462 2654 in
1485 2613 1768 2654 commune
1794 2613 1882 2653 re-

287 2692 513 2747 dactum
541 2692 625 2747 cui
657 2692 1017 2747 necessarium
1044 2699 1128 2745 est
1168 2690 1454 2745 tribuatur.

376 2785 467 2839 Vl.
509 2786 777 2854 Epistolas
791 2786 1056 2854 praecipue
1071 2798 1168 2839 nec
1192 2782 1395 2838 dandas
1419 2795 1520 2837 nec
1545 2779 1881 2851 accipiendas

291 2876 421 2930 sine
449 2875 670 2930 scientia
698 2885 788 2929 aut
816 2874 1076 2943 permisso
1106 2874 1333 2929 abbatis.

360 2952 489 3020 'YII.
529 2965 717 3020 Nullus
745 2966 885 3019 circa
917 2966 1112 3019 lectum
1157 2978 1337 3028 suum,
1369 2963 1512 3033 quod
1559 2962 1882 3018 manducare

1982 1776 2035 1830 in
2060 1777 2430 1830 salutatorium
2463 1775 2774 1831 monasterii
2792 1783 3055 1830 occurrat.

2047 1866 2163 1922 XV.
2196 1866 2447 1921 Mulieres
2477 1881 2631 1931 vero,
2679 1881 2779 1921 nec
2810 1866 3077 1936 religiosae
3106 1879 3206 1921 nec
3233 1865 3549 1930 smculares,

1980 1961 2136 2015 nulla
2158 1960 2400 2026 omnino,
2424 1972 2525 2013 nec
2546 1958 2775 2023 abbatis,
2806 1973 2906 2012 nec
2930 1958 3291 2028 cujuscunque
3307 1956 3555 2012 monachi

1979 2060 2168 2117 mater,
2196 2060 2287 2104 aut
2314 2050 2566 2120 quaelibet
2610 2051 2906 2120 prOpiuqna
2938 2061 3029 2103 aut
3059 2060 3182 2103 nota
3216 2049 3283 2103 ad
3322 2049 3554 2103 salutan-

1978 2142 2129 2207 dum,
2166 2149 2259 2195 aut
2287 2142 2353 2196 ad
2395 2140 2691 2195 orationem
2723 2140 2924 2209 ingredi
2958 2139 3311 2208 permittatur.
3344 2138 3553 2193 Domini

1979 2244 2033 2288 et
2063 2231 2298 2301 Magistri
2327 2240 2616 2301 sequentes
2645 2230 2972 2299 exemplum,
2997 2245 3118 2284 cum
3149 2229 3276 2283 dicit
3301 2246 3315 2279 ε
3344 2229 3408 2281 Et
3442 2246 3555 2297 quae

1979 2335 2051 2379 est
2082 2334 2245 2378 mater
2266 2340 2397 2390 mea,
2427 2334 2476 2378 et
2505 2326 2691 2393 fratres
2731 2326 2867 2377 mei?
2894 2325 2957 2378 Et
2989 2324 3119 2378 illud
3153 2342 3164 2375 :
3202 2323 3261 2379 Si
3299 2325 3414 2395 quis
3457 2341 3557 2377 non

1978 2416 2237 2485 reliquerit
2285 2425 2480 2484 patrem
2530 2422 2619 2467 aut
2661 2426 2889 2477 matrem,
2920 2431 3019 2467 non
3060 2424 3219 2485 pateat
3272 2431 3413 2469 meus
3449 2432 3557 2469 esse

1981 2505 2285 2576 discipulus.
2336 2505 2400 2559 Et
2440 2505 2541 2560 alia
2572 2500 2865 2575 ‘Scriptura
2899 2524 2911 2558 :
2950 2506 3049 2572 Qui
3076 2509 3313 2560 dixerunt
3343 2510 3473 2575 patri
3513 2516 3557 2562 et

1982 2599 2157 2672 matri,
2184 2614 2287 2653 non
2311 2598 2544 2652 novimus
2575 2615 2681 2667 vos,
2716 2598 2768 2651 hi
2803 2599 3148 2652 custodierunt
3176 2610 3427 2669 praecepta
3449 2612 3565 2667 tua,

1987 2687 2222 2745 Domine.

2054 2779 2195 2836 XVI.
2238 2780 2372 2850 Ipsis
2403 2795 2531 2835 vero
2562 2779 2712 2835 laicis
2736 2779 2863 2833 viris
2890 2780 3080 2849 quibus
3109 2782 3424 2849 permissum
3472 2783 3565 2833 de»

1983 2869 2158 2926 dimus
2186 2871 2525 2936 occurrendi,
2556 2870 2760 2925 nullum
2786 2886 3017 2941 unquam
3041 2873 3421 2925 monachorum
3444 2873 3562 2926 sine

1986 2960 2176 3015 abbate
2198 2970 2287 3015 aut
2328 2962 2641 3030 praeposito,
2673 2962 2756 3016 vel
2797 2971 2946 3017 certe
2976 2962 3082 3016 alio
3119 2975 3437 3031 quocunque
3481 2977 3567 3016 se-

291 3064 401 3110 aut
427 3056 607 3111 bibere
638 3056 825 3124 possit,
857 3070 1117 3124 reponere
1148 3064 1469 3123 praesumat;
1502 3053 1595 3109 sed
1624 3068 1812 3107 omnes
1830 3053 1883 3107 in
1912 3046 1957 3109 C
1990 3054 2161 3117 niore,
2191 3052 2277 3106 cui
2309 3053 2473 3107 abbas
2500 3054 2838 3122 praeceperit,
2870 3053 3086 3108 videant
3111 3062 3203 3108 aut
3244 3054 3562 3123 loquantur;

293 3149 576 3204 communi
596 3148 815 3203 cellario
848 3147 1143 3202 recondant
1176 3162 1191 3199 :
1221 3156 1272 3201 et
1298 3149 1342 3201 si
1385 3146 1715 3215 inaequalitas
1759 3161 1888 3201 exe-

293 3241 468 3313 gerit,
492 3241 715 3311 juhente
738 3233 1121 3309 seniore'quod
1152 3239 1555 3295 necesse-luerit
1584 3254 1692 3294 non
1717 3240 1766 3296 ei
1793 3254 1889 3294 ne-

296 3343 485 3405 getur.

383 3425 517 3480 VIII.
561 3425 697 3479 Nulli
743 3425 899 3479 liceat
924 3422 1115 3478 cellam
1143 3432 1237 3478 aut
1262 3423 1630 3492 armariolum,
1661 3433 1751 3479 aut
1777 3424 1876 3479 ali-

299 3519 437 3587 quid
472 3517 772 3587 ltnjusmodi
808 3517 948 3587 quod
989 3515 1311 3587 peeuliarius
1339 3516 1511 3571 claudi
1544 3517 1734 3587 possit,
1790 3518 1887 3572 ba-

304 3613 463 3666 bere.

384 3700 476 3754 IX.
510 3698 626 3754 Non
653 3699 842 3769 juretis
875 3716 891 3755 :
920 3698 1042 3770 quia
1082 3700 1341 3757 Dominus
1388 3700 1520 3755 dixit
1548 3717 1563 3754 :
1596 3700 1773 3756 Nolite
1787 3705 1886 3774 ju-

302 3807 433 3847 rare
455 3790 666 3861 (Matth.
691 3790 770 3859 v).
796 3791 863 3846 Et
888 3791 987 3846 alia
1011 3792 1286 3863 Scriptura
1312 3811 1324 3845 :
1361 3791 1448 3846 Vir
1476 3794 1692 3847 multum
1706 3797 1891 3866 jurans

301 3880 610 3950 implebitur
635 3882 940 3950 iniquitate;
967 3891 1015 3937 et
1059 3899 1161 3938 non
1202 3881 1425 3936 discedet
1472 3883 1536 3936 de
1564 3886 1715 3936 domo
1752 3884 1894 3937 illius

309 3972 474 4043 plaga
502 3972 888 4044 (Eccillum).
1388 4044 1391 4046 ι

389 4062 461 4118 X.
501 4064 613 4120 Non
662 4065 991 4121 maledicatis
1030 4081 1045 4120 :
1078 4066 1200 4132 quia
1241 4065 1501 4134 scriptum
1531 4074 1613 4119 est
1658 4082 1671 4117 :
1717 4063 1896 4135 Neque

310 4155 557 4208 maledici
592 4172 803 4227 regnum
849 4155 947 4211 Dei
968 4155 1292 4226 possidebunt
1326 4155 1375 4224 (Ι
1406 4154 1525 4210 Car.
1552 4157 1652 4225 vt).

393 4245 485 4302 XI.
525 4246 736 4302 Mentiri
766 4249 987 4302 omnino
1014 4262 1119 4303 non
1150 4248 1337 4312 liceat;
1364 4248 1484 4316 quia
1512 4264 1566 4300 os
1593 4247 1730 4316 quod
1760 4263 1900 4301 men—

312 4338 447 4391 titur
469 4338 650 4392 occidit
678 4339 900 4393 animam
924 4338 1074 4409 (Sap.
1106 4341 1167 4407 t);
1194 4348 1249 4393 et
1269 4338 1402 4393 illud
1433 4356 1445 4392 :
1481 4337 1675 4393 Perdes
1700 4355 1783 4394 eos
1806 4341 1895 4409 qui

313 4431 595 4496 loquuntur
615 4430 930 4484 mendacium
970 4428 1148 4500 (Psal.
1178 4428 1255 4499 v).

393 4518 509 4573 XII.
549 4519 879 4575 Iracundiam
904 4520 1081 4576 nullus
1112 4535 1283 4590 usque
1307 4521 1358 4574 iu
1392 4520 1545 4575 aliam
1584 4521 1725 4576 diem
1767 4536 1895 4589 pro-

316 4610 535 4665 trahere
562 4618 870 4679 praasnmat,
903 4611 1043 4679 quod
1070 4610 1138 4676 si,
1166 4620 1220 4664 ut
1249 4611 1408 4666 habet
1436 4610 1661 4664 humana
1691 4611 1894 4681 fragili-

316 4710 423 4765 tas,
456 4714 636 4756 sermo
664 4701 846 4755 durior
878 4701 1019 4756 inter
1050 4702 1241 4756 fratres
1270 4706 1419 4756 ortus
1453 4703 1629 4768 fuerit,
1659 4703 1892 4759 invicem

315 4811 344 4848 s
368 4795 423 4849 bi
454 4794 668 4849 veniam
699 4805 901 4863 petere,
918 4802 975 4849 et
994 4792 1174 4849 debita
1202 4793 1444 4849 relaxare
1464 4795 1751 4862 debebunt,
1775 4811 1899 4866 pro-

318 4896 441 4952 pter
475 4884 682 4938 Domini
712 4884 1045 4950 mandatum,
1069 4883 1159 4939 ubi
1184 4883 1313 4939 dicit
1341 4901 1357 4937 :
1389 4884 1450 4939 Si
1473 4885 1768 4940 recordatus
1787 4891 1898 4957 fue-

314 4977 389 5029 ris
420 4976 542 5044 quia
572 4975 867 5045 frater'tuus
898 4975 1042 5030 habet
1069 4976 1262 5046 aliquid
1291 4976 1528 5031 adversus
1566 4984 1645 5041 te,
1672 4977 1898 5046 relinque

318 5076 669 5119 munustuum
691 5066 996 5133 antealtare,
1014 5074 1061 5121 et
1087 5069 1214 5121 vade
1242 5070 1383 5137 prius
1408 5068 1729 5122 reconciliari
1748 5069 1898 5137 fratri

322 5164 409 5215 tuo
434 5170 457 5220 ;
486 5166 533 5209 et
572 5165 691 5208 tunc
718 5158 917 5211 veniens
959 5156 1147 5222 oﬂ'eres
1172 5174 1356 5211 munus
1392 5166 1535 5211 tuum
1570 5156 1787 5229 (Matth.
1822 5156 1897 5227 v).

322 5246 391 5302 Et
418 5266 433 5299 :
460 5247 519 5302 Si
547 5264 648 5320 non
675 5250 969 5303 dimiseritis
1014 5251 1300 5304 hominibus
1339 5261 1543 5321 peccata
1578 5268 1781 5318 eorum,
1814 5269 1904 5305 nec

324 5341 491 5397 Pater
504 5352 663 5398 vester
676 5345 886 5399 cmlestis
905 5345 1116 5398 dimittet
1127 5345 1265 5398 vobis
1286 5353 1491 5415 peccata
1511 5356 1673 5400 vestra
1688 5344 1899 5415 (Matth.

327 5444 433 5500 vt).
466 5432 595 5489 Item
622 5450 635 5486 :
668 5433 729 5488 Si
753 5436 937 5503 septies
965 5436 1015 5488 in
1037 5436 1120 5489 die
1140 5441 1416 5505 peccaverit
1438 5437 1492 5488 in
1516 5445 1592 5501 te,
1621 5446 1666 5489 et
1693 5452 1904 5491 conver-

326 5537 417 5576 sus
446 5521 630 5578 dixerit
657 5542 674 5581 :
709 5526 922 5581 Paenitet
962 5543 1071 5593 me;
1103 5526 1299 5581 dimitte
1324 5527 1402 5581 illi
1434 5526 1599 5597 (Luc.
1621 5543 1726 5582 xvtt
1748 5528 1785 5597 ).
1815 5528 1903 5592 Et,

330 5631 432 5669 ιοη
454 5618 567 5670 dico
596 5618 684 5671 tibi
713 5634 871 5689 usque
899 5619 1205 5687 septies,sed
1236 5635 1393 5689 usque
1419 5620 1704 5689 septuagics
1726 5623 1906 5688 septies

1988 3157 2089 3197 nec
2119 3152 2352 3211 unquam
2376 3142 2566 3197 altiore
2587 3157 2719 3199 voce
2741 3143 3047 3213 loquantur.

2062 3232 2220 3287 XVII.
2244 3232 2437 3287 Minori
2464 3242 2623 3289 aetate
2646 3234 2699 3289 in
2732 3235 3060 3289 monasterio
3100 3250 3205 3290 non
3236 3235 3570 3305 excipiantur

1992 3327 2092 3380 nisi
2121 3325 2189 3379 ab
2218 3325 2375 3380 anuis
2403 3325 2588 3380 decem
2619 3334 2708 3380 aut
2737 3325 3041 3395 duodecim,
3064 3328 3154 3398 qui
3175 3336 3229 3384 et
3248 3329 3437 3384 nutriri
3464 3345 3573 3385 non

1994 3428 2209 3488 egeant,
2242 3427 2297 3472 et
2326 3432 2519 3472 cavere
2548 3418 2796 3472 noverint
2822 3418 3027 3487 culpas.

2066 3508 2254 3564 XVIII.
2295 3508 2496 3565 Servus
2533 3524 2640 3564 non
2669 3509 2963 3580 excipiatur
2995 3527 3008 3562 :
3041 3511 3262 3566 libertus
3290 3522 3488 3578 tamen,
3520 3514 3569 3567 si

1990 3602 2157 3657 fuerit
2186 3604 2361 3659 adhuc
2388 3602 2714 3658 adolescenti
2745 3611 2901 3658 aetate
2925 3646 2939 3668 ,
2972 3612 3021 3658 et
3060 3617 3180 3657 cum
3210 3605 3451 3673 epistolis
3482 3621 3574 3674 pa-

2004 3698 2143 3750 troni
2170 3697 2253 3750 sui
2287 3696 2519 3762 venerit,
2552 3696 2606 3751 in
2628 3696 2836 3751 abbatis
2862 3695 2933 3751 sit
2959 3694 3180 3749 arbitrio
3200 3694 3244 3749 si
3274 3696 3450 3765 excipi
3474 3697 3573 3752 de-

1997 3790 2140 3844 beat.

2073 3880 2213 3936 XlX.
2257 3881 2571 3937 Provisores
2588 3897 2719 3937 vero
2740 3880 3071 3947 monasterii,
3095 3882 3138 3936 si
3162 3881 3213 3936 in
3234 3881 3417 3937 habitu
3438 3882 3576 3937 laico

2001 3972 2225 4042 fuerint,
2259 3989 2359 4029 nec
2385 3974 2484 4043 ipsi
2514 3964 2896 4043 permittantur
2921 3973 3147 4039 intrare;
3179 3988 3277 4043 pro
3317 3974 3400 4029 his
3431 3974 3575 4027 utili-

2001 4066 2199 4123 tatibus
2224 4081 2358 4136 quas
2385 4068 2438 4121 in
2474 4066 2575 4120 hac
2602 4068 2781 4137 regula
2809 4052 3112 4133 statuimus,
3144 4080 3266 4121 eum
3291 4065 3578 4122 marcioni-

2001 4158 2100 4214 bus
2132 4170 2225 4215 aut
2265 4157 2653 4228 carpentariis,
2687 4159 2731 4213 si
2758 4158 2956 4227 aliquid
2988 4172 3213 4213 necesse
3239 4168 3323 4212 est
3350 4158 3465 4213 ﬁeri
3494 4174 3579 4213 re-

2002 4251 2207 4320 parari,
2241 4262 2332 4305 aut
2356 4260 2502 4306 certa
2532 4250 2710 4319 aliqua
2744 4250 2949 4304 ratione
2975 4248 3154 4303 abbati
3198 4249 3461 4318 facienda,
3491 4250 3578 4304 in-

2003 4351 2230 4399 troeant.
2257 4342 2334 4397 De
2362 4349 2557 4396 extero
2582 4341 2784 4395 nullam
2826 4339 3094 4395 licentiam
3136 4347 3229 4394 aut
3275 4341 3578 4396 libertatem

1904 4404 1972 4474 ’θ
2001 4434 2233 4489 habeant
2259 4433 2584 4488 introeundi.

2070 4526 2190 4581 XX.
2230 4524 2417 4581 Nullus
2444 4525 2699 4580 infantem
2730 4525 2797 4580 de
2825 4525 3088 4595 baptismo
3111 4526 3362 4594 excipiat.

2071 4618 2213 4672 XXI.
2256 4617 2662 4683 Quibuvclaves
2690 4618 2757 4671 de
2781 4617 3019 4692 cellario,
3059 4634 3315 4684 caunava,
3361 4623 3584 4685 horreo,

2003 4708 2248 4779 poeticio,
2277 4710 2579 4763 etoratorio
2603 4707 2871 4762 tradenda:
2896 4717 3039 4769 sunt,
3069 4711 3302 4775 probatae
3331 4709 3437 4762 sint
3460 4723 3588 4775 per-

2003 4812 2177 4862 sonte;
2206 4808 2259 4852 et
2286 4797 2515 4865 desuper
2543 4796 2696 4850 altari
2721 4795 2803 4850 vel
2830 4795 3119 4864 Evangelia
3159 4810 3249 4848 eas
3279 4795 3538 4862 accipient
3569 4815 3584 4849 ;

2003 4891 2233 4945 scientes
2255 4902 2315 4944 se
2358 4888 2471 4945 Deo
2508 4888 2808 4944 reddituros
2861 4886 3118 4940 rationem
3162 4884 3228 4939 de
3275 4885 3581 4939 ministerio

2002 4980 2101 5035 sibi
2133 4979 2356 5035 credito.

2074 5072 2238 5126 XXII.
2279 5073 2332 5126 In
2357 5073 2501 5126 omni
2522 5067 2834 5132 ministerio,
2863 5066 2977 5121 sive
3005 5066 3058 5120 in
3082 5066 3275 5121 ordine
3296 5066 3581 5134 psallendi,

2004 5174 2094 5217 aut
2126 5164 2351 5232 legendi,
2381 5165 2466 5219 vel
2495 5160 2993 5229 Operandi,vic.bus
3021 5158 3121 5212 εἰὶί
3146 5159 3584 5224 ςιιρεοάιιιιι,η1›ς-

2006 5267 2107 5323 que
2137 5262 2321 5306 sancto
2350 5252 2576 5315 abbate;
2620 5259 2671 5305 et
2702 5250 2860 5304 nimis
2902 5249 3139 5313 senibus,
3169 5257 3223 5302 et
3258 5249 3586 5316 perparvuli'a

2009 5342 2319 5408 infantibus,
2344 5354 2433 5397 aut
2460 5351 2602 5398 certe
2633 5343 2699 5397 ita
2730 5341 2973 5407 inﬁrmis,
3006 5349 3061 5395 ut
3108 5354 3326 5407 surgere
3368 5340 3587 5391 omnino

2012 5447 2116 5488 non
2163 5434 2388 5501 possint,
2440 5448 2545 5487 non
2589 5433 2977 5503 compellantur
3010 5430 3203 5489 facere,
3235 5444 3329 5497 pro
3354 5444 3417 5480 eo
3446 5430 3591 5497 quod

2014 5542 2116 5581 non
2144 5527 2446 5596 prmvalent.

2087 5619 2274 5674 XXIII.
2312 5618 2609 5674 Artificium
2651 5632 2774 5671 vero
2817 5614 3143 5680 discendum,
3190 5612 3286 5664 'ant
3339 5611 3601 5683 (ιιιτρὲἱιιει
