3904 6176
388 259 482 317 301

1524 258 1579 313 S.
1623 257 1991 314 AURELIANI
2032 262 2070 314 Α
2083 260 2500 316 REI.ATI’.NSIS

3536 272 3634 325 59%

388 388 548 442 opera
581 371 815 426 facienda
845 386 949 425 non
981 386 1075 439 pro
1097 354 1193 424 suo
1218 371 1366 426 libito
1405 372 1627 441 eligant;
1663 376 1754 428 sed
1787 375 1839 428 in
1882 390 1967 428 ar-
1997 378 2042 435 Α
2073 375 2350 439 gressione
2380 375 2575 443 regun-
2603 376 2932 444 iucrepatur,
2961 389 3044 430 aut
3071 378 3402 449 disciplinam
3432 386 3633 453 πάρει,

390 463 548 516 bitrio
577 461 784 515 abbatis
828 466 951 527 erLt,
998 461 1137 530 quod
1170 477 1201 514 ιι
1227 460 1297 516 ile
1329 463 1659 531 prospexetit
1695 464 1960 532 imperan-

389 556 537 610 dum.
1360 538 1377 549 κ

463 650 648 704 XXIV.
683 649 782 704 Per
826 657 992 703 totum
1021 648 1163 702 diem
1204 662 1324 702 eum
1374 649 1614 702 manibus
1649 656 1961 716 operantur,

389 743 662 798 meditatio
702 752 885 796 sancta
926 740 990 794 de
1019 740 1182 795 corde
1222 754 1325 793 non
1356 749 1551 804 cesset,
1594 750 1809 805 propter
1836 737 1963 792 illud

390 834 630 903 Apostoli
684 849 700 887 :
760 831 1019 896 Psalmis,
1065 832 1302 901 hymnis,
1351 833 1559 886 canticis
1612 830 1965 898 spiritualibus

387 935 648 977 cantantes
705 935 748 976 e.’
797 922 1066 989 psallentes
1112 922 1165 975 in
1216 922 1454 975 cordibus
1518 922 1694 975 vestris
1747 920 1963 974 Domina

387 1016 587 1086 (Calas.
621 1016 726 1083 Ill).

464 1104 629 1160 XXV.
678 1104 865 1159 Nullus
914 1102 1526 1172 prmsumatquidquam
1576 1117 1729 1156 suum
1759 1102 1961 1166 dicere,

386 1206 483 1252 aut
506 1212 657 1250 suum
692 1196 963 1264 pr0prium
994 1195 1296 1257 vindicare;
1345 1195 1437 1248 sed
1479 1193 1770 1248 secundum
1801 1194 1964 1247 Actus

390 1285 935 1354 apostolorum‘(Cop.
979 1285 1076 1355 tv),
1107 1285 1214 1338 sint
1240 1284 1392 1338 vobis
1415 1284 1594 1337 omnia
1625 1284 1960 1345 communia;

388 1378 461 1428 sit
487 1376 635 1430 vobis
662 1376 834 1429 anima
863 1390 965 1428 una
994 1384 1048 1429 et
1075 1389 1169 1428 cor
1198 1390 1359 1428 unum
1389 1374 1444 1428 in
1476 1375 1719 1427 Domino.

460 1467 651 1522 XXVI.
698 1466 1025 1521 Vestimenta
1073 1464 1181 1519 alio
1221 1464 1401 1520 colore
1452 1479 1557 1518 non
1603 1464 1835 1518 induatis
1863 1463 1965 1520 nisi

332 1624 333 1629 η
390 1560 515 1623 Iaia,
543 1559 754 1621 laetitia,
779 1567 832 1611 ct
850 1557 996 1624 nigra
1022 1558 1223 1609 nativa.

462 1649 671 1703 XXVII.
719 1648 995 1700 Lcetuaria
1031 1644 1309 1700 sa‘cularia
1335 1644 1401 1700 de
1429 1644 1699 1699 coloribus
1746 1642 1882 1699 facta
1913 1645 1966 1699 in

390 1840 482 1885 aut
505 1831 571 1883 de
601 1827 823 1898 gemmis
858 1835 1059 1879 ornata:
1089 1840 1119 1878 a
1157 1825 1307 1878 vobis
1348 1839 1617 1893 nunquam
1662 1840 1973 1893 comparen-

392 1932 498 1977 tur.
525 1921 581 1977 Si
610 1918 802 1988 aliquis
825 1917 892 1972 de
921 1918 1167 1972 ﬁdelibus
1212 1932 1307 1984 pro
1336 1926 1460 1970 voto
1487 1931 1586 1971 suo
1611 1916 1887 1982 obtulerit,
1921 1924 1975 1971 et

389 2018 568 2073 abbati
592 2016 762 2069 visum
791 2013 968 2078 fuerit,
991 2021 1084 2065 aut
1114 2010 1407 2065 necessitas
1433 2010 1689 2080 exegerit,
1709 2010 1974 2065 vendendi

392 2106 588 2160 faciant
638 2119 811 2158 usum.

465 2195 704 2249 XXVIII.
745 2194 870 2247 Post
902 2191 1185 2246 matutinas
1216 2190 1485 2244 orationes
1515 2190 1578 2243 ad
1610 2204 1853 2244 somnum
1885 2204 1972 2245 re-

392 2287 525 2339 verti
557 2300 660 2338 nou
693 2287 847 2336 liceat
874 2301 885 2335 :
916 2282 1008 2335 sed
1033 2280 1309 2347 completis
1332 2281 1602 2334 matutinis
1626 2281 1803 2334 statim
1831 2282 1975 2333 diea-

393 2388 480 2431 tur
510 2373 701 2445 prima,
724 2373 915 2428 deinde
937 2386 1103 2441 usque
1130 2369 1194 2425 ad
1226 2373 1411 2427 horam
1444 2372 1653 2426 tertiam
1684 2385 1871 2425 omnes
1898 2370 1976 2425 le-

392 2465 557 2520 ctiooi
598 2470 805 2516 vacent.
1576 2530 1582 2541 η

464 2553 655 2608 XXIX.
691 2552 767 2607 Ad
799 2552 1004 2621 vigilias
1025 2551 1151 2606 dum
1188 2550 1349 2606 lectio
1373 2551 1584 2620 legitur,
1611 2552 1783 2606 autde
1797 2544 1975 2620 sporta

392 2661 485 2706 aut
510 2650 575 2704 de
602 2662 803 2717 canape
848 2657 938 2700 aut
978 2645 1122 2700 aliud
1169 2645 1470 2714 Itujusmodi
1518 2643 1760 2699 manibus
1788 2660 1977 2713 opera-

390 2740 547 2801 mini,
590 2748 646 2790 ut
676 2752 778 2790 nou
811 2750 1029 2789 somnus
1055 2735 1294 2803 obrepat.
1324 2734 1380 2789 Si
1404 2748 1533 2789 vero
1562 2734 1862 2789 dominicus
1888 2739 1979 2789 aut

392 2829 516 2887 testi
548 2836 668 2886 sunt
696 2827 832 2892 dies,
863 2825 949 2882 cui
996 2839 1217 2881 somnus
1254 2826 1482 2891 venerit,
1512 2825 1641 2895 aliis,
1670 2825 1980 2883 sedentibus

390 2923 640 2993 iubeatur
667 2930 833 2985 stare,
861 2930 916 2973 ut
944 2917 1112 2989 possit
1141 2933 1170 2970 a
1193 2933 1252 2972 se
1271 2918 1446 2972 somni
1474 2932 1773 2971 marcorein
1806 2917 1975 2987 repel-

400 3015 541 3077 lere;
576 3028 641 3066 uc
674 3012 726 3065 in
758 3024 921 3079 opere
953 3010 1043 3064 Dei
1068 3018 1158 3063 aut
1180 3006 1390 3076 lepidus
1416 3006 1741 3073 inveniatur,
1765 3016 1858 3062 aut
1881 3021 1979 3062 tte-

397 3107 620 3176 gligens.

471 3194 640 3249 XXX.
672 3193 836 3260 Signo
868 3201 1006 3245 tacto
1026 3204 1186 3244 omne
1204 3204 1337 3257 opus
1360 3188 1814 3257 prauermittatur,
1840 3190 1981 3244 sicut

398 3300 527 3357 apes
555 3283 981 3354 prudentissima:
1018 3281 1083 3334 ad
1111 3281 1421 3343 alvearium,
1459 3281 1529 3333 ita
1554 3281 1722 3335 veloci
1754 3279 1977 3336 feStina-

334 3400 349 3419 ς
401 3377 546 3431 tione
586 3386 872 3442 properare
900 3370 1228 3425 contendite.
1278 3367 1335 3423 Si
1372 3369 1491 3439 quis
1522 3369 1722 3425 tardius
1743 3369 1976 3436 venerit,

396 3468 723 3523 districtioui
763 3461 1055 3534 subiaceat.

472 3558 667 3615 XXXI.
702 3558 836 3611 Dum
866 3556 1126 3625 psallitur,
1157 3555 1409 3609 studeant
1446 3566 1644 3608 sancta:
1677 3554 1869 3608 anima:
1891 3569 1982 3608 ve-

399 3661 527 3707 stra:
549 3667 652 3705 non
680 3649 859 3720 vagari
886 3648 1095 3714 animo;
1129 3662 1317 3702 verum
1345 3648 1503 3701 etiam
1534 3662 1629 3701 nec
1650 3648 1860 3715 Operari
1887 3655 1979 3707 aut

398 3743 541 3811 loqui
574 3749 916 3811 praesumant.
949 3739 1052 3795 Sed
1077 3741 1279 3810 psallite
1308 3741 1562 3810 sapienter
1588 3738 1761 3808 (Ρεαι.
1795 3742 1937 3811 xui)
1964 3759 1975 3793 :

399 3834 538 3886 sicut
558 3832 691 3886 dixit
723 3833 977 3899 propheta
1005 3849 1017 3883 :
1051 3831 1281 3884 Psallam
1316 3841 1363 3883 et
1386 3831 1666 3900 intelligam
1694 3831 1845 3901 (Psal
1899 3836 1975 3901 ς).

399 3924 467 3978 Et
496 3925 621 3977 illud
653 3941 667 3977 :
702 3922 932 3978 Psallam
979 3924 1183 3992 spiritu,
1233 3922 1450 3991 psallam
1493 3934 1538 3977 et
1575 3935 1739 3978 mente
1769 3926 1819 3996 (Ι
1853 3925 1975 3980 Cor.

399 4016 534 4085 xw).
562 4016 852 4070 Metuentes
883 4015 1008 4069 illud
1036 4033 1047 4067 :
1075 4014 1384 4069 Maledictus
1406 4015 1562 4070 Ιιυιιιο
1587 4017 1673 4087 qui
1700 4018 1824 4087 facit
1851 4034 1978 4089 aptis

400 4106 609 4159 Domini
638 4107 950 4177 negligenter
981 4105 1113 4176 (Jer.
1147 4106 1353 4172 XLVIII).

477 4198 688 4251 XXXII.
725 4198 955 4251 Litteras
981 4211 1168 4249 omnes
1198 4196 1424 4250 discant.
1540 4266 1544 4270 ἱ

469 4288 704 4343 XXXIII.
737 4289 933 4343 Omnes
962 4286 1147 4342 divisis
1179 4296 1430 4341 maneant
1457 4287 1682 4342 lectulis.

474 4380 712 4434 XXXIV.
743 4382 968 4435 Sanetus
997 4381 1160 4433 abbas
1190 4393 1340 4435 eXIra
1377 4384 1842 4452 congregationem
1874 4396 1978 4437 non

398 4481 635 4525 Iuaueat.
888 4462 893 4467 ’

474 4561 686 4616 XXXV.
720 4561 831 4615 lIoe
870 4560 1154 4627 specialius
1184 4576 1362 4637 coram
1410 4562 1519 4614 Deo
1550 4577 1831 4616 monemus
1874 4577 1971 4617 cu-

392 4654 606 4722 stodiri,
641 4664 695 4708 ut
726 4654 853 4708 nulli
882 4654 1038 4707 liceat
1072 4671 1189 4708 cum
1239 4655 1343 4708 alio
1385 4659 1647 4735 seggtius
1693 4658 1854 4727 loqui,
1880 4669 1976 4714 aut

392 4746 621 4812 sedere;
670 4747 932 4815 praecipue
972 4746 1291 4814 vespertinis
1330 4758 1382 4799 et
1419 4749 1691 4802 nocturnis
1723 4748 1888 4805 boris.
1918 4749 1972 4805 Si

392 4847 603 4892 secrete
629 4837 829 4891 inventi
882 4834 1097 4898 fuerint,
1127 4847 1374 4905 tanquun
1417 4838 1460 4890 si
1508 4837 1711 4891 crimen
1741 4839 1975 4895 admise-

391 4934 524 4996 rint,
554 4929 898 4985 severissime
926 4928 1346 4999 distringantur;
1369 4931 1571 4998 absque
1618 4932 1721 4986 illis
1747 4932 1837 5003 qui
1860 4948 1976 5001 pro-

392 5021 508 5073 bati
537 5029 661 5074 sunt
687 5030 843 5076 (etate
871 5029 921 5073 et
952 5021 1253 5075 sanctitate.

472 5108 719 5175 XXXVI.
753 5112 889 5167 Nulli
923 5112 1084 5169 liceat
1123 5113 1265 5183 loqui
1294 5127 1414 5167 eum
1455 5112 1547 5166 illo
1570 5115 1658 5183 qui
1703 5114 1858 5169 fuerit
1880 5130 1977 5170 ex-

387 5200 840 5265 communicatus,
876 5212 1067 5267 prtcter
1102 5204 1251 5259 illum
1281 5220 1440 5274 quem
1482 5204 1533 5257 ei
1572 5214 1787 5260 sanctus
1815 5204 1979 5263 abbas

387 5288 676 5344 Custodem
715 5289 946 5343 dederit.

471 5380 736 5435 XXXVII.
795 5378 1001 5434 Obedite
1046 5384 1331 5451 prwpositis
1380 5386 1576 5446 uestris,
1628 5397 1673 5437 et
1726 5387 1981 5454 stthjarete

395 5473 503 5525 illis
518 5487 538 5526 :
565 5472 663 5540 ipsi
689 5472 819 5524 enim
839 5471 1135 5541 pervigilant
1155 5487 1243 5538 pro
1259 5474 1523 5528 animabus
1545 5476 1714 5529 vestris
1735 5478 1979 5530 rationem

400 5544 665 5618 relldentes
700 5564 802 5619 Deo
833 5562 1019 5635 (Hebr.
1049 5564 1191 5633 xm).

474 5655 755 5711 XXXVIII.
786 5656 984 5725 Siquis
1013 5656 1384 5729 pro.qualibet
1432 5660 1606 5730 culpa,
1664 5670 1756 5715 aut
1809 5671 1980 5715 trans-

2066 466 2313 534 arguenti
2337 465 2660 533 respondere
2710 482 2814 521 non
2843 478 3168 535 przesnmat:
3209 472 3330 537 quia
3373 485 3636 540 peceatqu

2066 554 2206 623 quod
2256 555 2344 609 bie
2386 554 2745 624 distringitur,
2794 555 2847 607 in
2892 565 3091 611 aeterna
3122 560 3513 616 examinatione
3540 578 3637 617 non

2016 690 2019 693 .
2069 643 2309 711 punitur.
2337 644 2402 697 Et
2439 642 2515 697 sic
2538 643 2746 697 debetis
2776 644 2967 698 anima:
2992 660 3176 700 curam
3210 650 3477 717 excipere,
3509 667 3638 719 quo-

2067 731 2225 785 modo
2242 747 2385 801 aeger
2411 747 2592 785 curam
2613 734 2803 786 medici
2826 750 2838 784 :
2867 743 3107 788 tenentes
3131 737 3256 789 illud
3281 747 3481 792 sancta:
3503 739 3643 794 Ξυνι-

2068 832 2237 890 plura:
2265 840 2277 876 :
2310 824 2410 887 Qui
2452 823 2630 893 objicit
2668 824 2991 889 disriplinam
3019 826 3202 894 infelix
3232 828 3344 894 εει(
3378 826 3506 898 Sap.
3538 831 3641 896 ιιι.)

2069 915 2130 969 Et
2160 914 2318 968 illud:
2352 913 2461 985 Ego
2487 918 2541 969 in
2581 916 2787 985 ﬂagella
2814 928 3029 986 parum:
3056 934 3167 971 sum
3201 918 3369 988 (Psal.
3414 926 3643 991 xxxvii).

2140 1005 2376 1063 XXXIX.
2412 1007 2555 1061 Lites
2586 1008 2762 1061 nullas
2809 1009 3070 1075 habeatis,
3100 1011 3409 1067 obedientes
3441 1028 3643 1081 prace-

2068 1108 2158 1165 pto
2190 1100 2455 1167 Apostoli,
2490 1100 2579 1153 ubi
2618 1096 2787 1153 dicit:
2820 1100 3033 1155 Servum
3080 1103 3284 1156 Domini
3324 1116 3424 1157 non
3451 1114 3646 1174 oportet

2064 1187 2287 1258 litigare,
2314 1191 2403 1243 sed
2430 1200 2755 1245 mansuetum
2783 1206 2890 1244 esse
2914 1191 3001 1262 (Η
3025 1192 3181 1256 Tim.,
3217 1194 3299 1263 ιι).

2138 1280 2248 1334 XL.
2291 1280 2547 1348 Superbis
2572 1297 2722 1345 vero,
2753 1283 3201 1350 inobedicn'ibus,
3232 1294 3284 1338 et
3322 1284 3650 1339 Iracundizun

2067 1366 2502 1442 protrahentibus
2543 1389 2811 1444 nunquam
2861 1375 3212 1443 parcendum,
3262 1377 3432 1431 donec
3473 1378 3649 1431 corri-

2064 1470 2274 1531 gantnr.

2139 1554 2276 1608 XLI.
2305 1552 2410 1607 Pro
2438 1554 2671 1622 qualibet
2702 1552 2854 1621 culpa
2884 1554 2931 1607 si
2976 1567 3196 1608 necesse
3242 1555 3404 1608 fuerit
3451 1556 3649 1624 ﬂagelli

2068 1646 2311 1712 accipere
2335 1643 2693 1711 disciplinam,
2733 1659 3000 1712 nunquam
3060 1645 3322 1713 legitimus
3361 1648 3656 1700 exredatur

304 1799 315 1809 ,
392 1740 488 1793 usu
509 1754 610 1792 non
643 1736 900 1791 habeatis.
928 1735 1088 1789 Palla:
1116 1734 1429 1789 Italoserica:
1452 1735 1519 1789 ad
1541 1736 1726 1789 altaria
1752 1736 1820 1789 de
1837 1750 1967 1791 auro
1997 1731 2046 1791 Β
2073 1749 2352 1799 numerus,
2381 1734 2433 1788 id
2456 1743 2557 1798 est,
2583 1734 2797 1803 triginta
2824 1745 2877 1788 et
2904 1748 3119 1789 novem.

2150 1824 2308 1878 XLII.
2346 1825 2409 1879 Et
2445 1824 2731 1893 quamlibet
2762 1826 2900 1892 justa
2948 1824 3227 1893 disciplina
3274 1835 3535 1889 teneatur,
3566 1835 3655 1880 ta-

2079 1930 2198 1968 men
2229 1914 2519 1969 secundum
2550 1914 2675 1967 illud
2710 1932 2723 1967 :
2752 1914 3034 1968 Bonitatem
3057 1929 3103 1967 et
3126 1916 3451 1980 disciplinam
3473 1916 3654 1984 (I’sal.

2077 2007 2288 2075 cxvtu),
2319 2016 2599 2075 paternum
2630 2007 2877 2061 allectum
2904 2016 3120 2060 sanctus
3151 2006 3315 2060 abbas
3351 2008 3489 2061 circa
3537 2023 3656 2061 om-

2081 2114 2172 2153 nes
2205 2108 2400 2163 teneat,
2432 2100 2725 2153 secundum
2750 2100 3062 2167 Apostolum
3091 2117 3103 2151 :
3134 2106 3375 2167 tanquam
3406 2101 3451 2152 si
3473 2102 3655 2154 nutris

2081 2189 2241 2255 foveat
2272 2191 2510 2258 parvulos
2531 2206 2652 2242 suos
2679 2190 2734 2257 (1
2764 2189 2962 2255 Thess,
2996 2188 3074 2253 ιι).
3105 2191 3199 2253 Iit,
3233 2190 3461 2243 οηυιξὺιιε
3482 2192 3661 2245 omnia

2081 2277 2247 2346 fartus
2276 2293 2406 2339 sum,
2436 2289 2489 2332 ut
2518 2292 2688 2332 omnes
2717 2279 3065 2346 lucrifacere»:
3100 2278 3149 2347 (I
3172 2278 3313 2344 Con,
3341 2281 3440 2349 Ix).

2154 2367 2333 2422 XLIII.
2369 2374 2565 2423 Sancto
2592 2370 2767 2423 abbati
2799 2384 2904 2423 non
2938 2370 3088 2423 liceat
3118 2369 3319 2432 aliquid
3342 2371 3410 2425 de
3435 2371 3663 2429 faculta-

2083 2462 2222 2516 tibus
2251 2463 2557 2516 monasterii
2605 2463 2805 2518 donare
2846 2472 2937 2516 aut
2992 2464 3256 2529 vendere;
3311 2478 3409 2519 nec
3454 2465 3659 2535 aliquid

2082 2563 2267 2608 contra
2296 2552 2513 2622 Regula:
2542 2554 2781 2608 instituta
2812 2569 2989 2622 agere.
3022 2555 3175 2618 Quod
3200 2555 3243 2608 si
3274 2556 3448 2609 facere
3476 2565 3664 2608 tenta-

2083 2647 2238 2704 verit.
2292 2656 2477 2700 saneto
2525 2647 2749 2701 consilio
2798 2657 2851 2701 et
2891 2662 2994 2700 uno
3023 2661 3287 2702 consensu
3335 2649 3559 2703 Iratrum
3588 2664 3659 2703 ex

2086 2747 2270 2792 nostro
2314 2739 2579 2807 permisso
2622 2754 2725 2793 non
2755 2741 2803 2793 ei
2855 2740 3231 2807 acquieseatis;
3284 2748 3339 2793 et
3387 2740 3489 2794 hoc
3542 2741 3663 2794 ﬁeri

2085 2830 2225 2883 nulla
2254 2831 2459 2884 ratione
2482 2830 2806 2898 permittite;
2834 2832 2953 2899 quia
2981 2844 3194 2883 causam
3232 2844 3291 2883 se
3332 2839 3457 2882 ante
3486 2830 3662 2884 Deum

2084 2920 2291 2975 noverit
2316 2934 2436 2974 esse
2462 2920 2752 2973 dicturum.

2156 3010 2335 3066 XLIV.
2363 3011 2418 3067 Si
2442 3011 2566 3080 quid
2596 3024 2723 3066 vero
2747 3008 3066 3078 superfuerit
3086 3010 3334 3079 expensis
3362 3019 3449 3062 aut
3476 3008 3670 3064 usibus

2001 3098 2045 3159 Ο
2081 3102 2328 3170 fratrum,
2368 3103 2421 3156 iu
2453 3117 2606 3168 auro,
2649 3113 2743 3155 aut
2788 3101 2842 3155 in
2872 3101 3126 3165 vestibus,
3155 3100 3240 3154 vel
3269 3100 3508 3161 cellario,
3539 3114 3672 3153 san-

2080 3208 2197 3248 cnts
2226 3193 2387 3247 abbas
2418 3209 2510 3262 per
2545 3208 2731 3246 manus
2762 3192 3074 3261 provisoris,
3105 3201 3195 3245 aut
3226 3205 3322 3261 per
3363 3192 3674 3260 quamlibet

2082 3284 2292 3340 ﬁdelem
2318 3298 2601 3354 personam
2633 3282 2970 3353 pauperibus,
3005 3282 3323 3352 peregrinis,
3355 3292 3449 3335 aut
3488 3285 3669 3352 capti-

2081 3377 2162 3429 vis
2187 3374 2345 3428 faciat
2373 3373 2689 3442 dispensari.

2152 3464 2316 3523 XLV.
2353 3466 2677 3519 Vestimenta
2715 3466 2874 3520 etiam
2917 3479 3036 3528 eum
3068 3478 3223 3543 nova.
3252 3463 3543 3531 accipiunt,
3576 3477 3672 3517 Vc-

2082 3568 2199 3615 tera
2231 3558 2409 3613 abbati
2459 3558 2762 3622 mlundant,
2795 3555 3171 3624 incipientibus
3216 3566 3307 3609 aut
3336 3556 3667 3625 pauperibus

2081 3652 2370 3720 eroganda.

2156 3741 2337 3795 XLVI.
2379 3740 2563 3794 Nullus
2593 3742 2846 3794 honorem
2880 3738 3193 3808 presbyterii
3225 3746 3313 3791 aut
3340 3738 3664 3792 diaconatus

2081 3832 2329 3902 accipiat,
2364 3843 2559 3901 praeter
2583 3833 2827 3887 abbatem
2856 3832 2900 3886 si
2925 3831 3150 3884 voluerit
3172 3831 3405 3883 ordinari
3441 3831 3669 3901 presby-

2086 3935 2280 3990 terum,
2313 3935 2365 3977 et
2397 3940 2557 3977 unum
2582 3926 2883 3990 diaeonem,
2910 3933 2963 3976 et
2986 3922 3389 3985 subdiaconeui,
3413 3936 3521 3987 quo
3548 3922 3669 3988 ipse

2086 4019 2336 4083 voluerit,
2372 4031 2419 4071 ct
2443 4018 2653 4086 quando
2681 4017 2931 4082 voluerit,
2964 4015 3249 4069 ordinandi
3292 4015 3479 4068 habeat
3510 4026 3670 4083 pote-

2083 4117 2296 4161 Statum.
2327 4108 2380 4161 Si
2414 4124 2542 4161 vero
2593 4108 2698 4161 Deo
2727 4108 2955 4175 propitio
2984 4107 3054 4159 ita
3084 4105 3436 4173 proliceretis,
3468 4116 3526 4157 ut
3565 4106 3666 4158 ali-

2032 4268 2043 4275 .
2084 4199 2201 4266 quis
2231 4216 2293 4253 ex
2336 4200 2485 4254 vobis
2525 4199 2588 4253 ad
2621 4200 2983 4268 episcopatum
3031 4206 3328 4265 expetatur,
3373 4200 3483 4263 ipse
3511 4196 3670 4250 solus

2083 4291 2408 4360 egrediatur.

2154 4387 2358 4441 XLVII.
2393 4387 2490 4453 Qui
2525 4402 2651 4442 vero
2700 4386 2921 4440 minoris
2960 4388 3135 4439 aetatis
3185 4395 3327 4447 sunt,
3381 4394 3472 4436 aut
3522 4382 3666 4437 vivis

2010 4469 2387 4544 Dpareutibus
2444 4476 2494 4529 iu
2557 4479 2937 4530 monasterium
2990 4475 3392 4543 ingrediuntur,
3445 4471 3666 4527 chartas

2080 4580 2205 4624 tutae
2230 4571 2405 4625 facere
2433 4571 2844 4639 compellantur,
2877 4562 3089 4639 quando
3121 4578 3276 4620 relate
3298 4565 3507 4635 probati
3545 4565 3666 4620 I’ue-

2078 4664 2203 4726 rint,
2227 4672 2320 4715 aut
2352 4678 2437 4716 res
2469 4669 2741 4729 parentum
2772 4660 2824 4735 in
2851 4669 3113 4729 potestate
3143 4659 3442 4713 habuerint.

2148 4754 2373 4807 XLVIII.
2416 4753 2728 4809 Convivium
2764 4754 2915 4817 nulli,
2947 4750 3345 4819 necopiseopis,
3379 4764 3476 4803 nec
3498 4749 3664 4803 abba-

2077 4845 2240 4910 tibus,
2287 4859 2385 4899 uec
2416 4846 2804 4912 provisoribus,
2856 4842 3073 4899 neeulli
3123 4841 3373 4907 religioso
3402 4849 3493 4891 aut
3526 4840 3665 4891 Ialm

2082 4938 2283 5006 parenti
2314 4948 2405 4989 aut
2433 4939 2730 5005 propinquo
2757 4938 2825 4992 de
2857 4937 2956 4991 bac
2988 4936 3211 4989 civitate
3252 4932 3303 4985 iu
3334 4941 3546 4985 monast
3566 4931 3664 4983 -rio

2081 5030 2192 5082 Iiat.
2224 5027 2327 5081 Sed
2359 5026 2402 5079 si
2425 5027 2567 5095 quis,
2601 5037 2659 5081 ut
2685 5027 2902 5091 assolet,
2928 5027 3111 5091 abbas,
3136 5033 3227 5078 aut
3256 5023 3522 5093 peregrini
3554 5036 3662 5074 mo-

2081 5117 2234 5172 nachi
2269 5133 2361 5186 pra
2383 5126 2653 5173 tereuutes
2676 5120 3011 5185 advenerint,
3039 5126 3092 5170 et
3119 5117 3440 5169 monasterio
3467 5128 3660 5167 occur-

2083 5224 2201 5265 rere
2228 5209 2516 5276 voluerint,
2560 5210 2634 5264 sit
2659 5210 2710 5263 in
2739 5218 3001 5280 potestate
3027 5206 3194 5262 sancti
3233 5204 3461 5269 abbati<,
3493 5205 3541 5257 si
3566 5217 3672 5263 eos

2082 5302 2306 5356 Voluerit
2348 5301 2412 5354 ad
2447 5301 2797 5358 refectionem
2829 5303 3079 5356 invitare.
3122 5300 3251 5368 Quia
3298 5299 3660 5353 indesinenter

2082 5401 2321 5446 sanetam
2351 5392 2667 5449 ebaritatem
2689 5402 2918 5447 vestram
2945 5394 3172 5446 orationi
3202 5402 3256 5445 et
3285 5391 3498 5445 let-tioui
3530 5390 3658 5444 insi-

2080 5494 2243 5551 stere,
2273 5497 2327 5538 et
2353 5483 2453 5538 soli
2482 5485 2591 5539 Deo
2620 5499 2812 5539 vacare
2842 5484 3083 5537 Volumus
3109 5499 3123 5535 :
3176 5484 3296 5536 ideo
3329 5496 3423 5534 vos
3453 5480 3523 5533 ab
3565 5480 3657 5531 hac

2082 5574 2467 5642 prmparatione
2512 5583 2603 5630 aut
2651 5572 3018 5644 inquietudine
3066 5573 3262 5629 liberos
3308 5584 3429 5627 esse
3472 5569 3665 5638 pracci-

2080 5682 2277 5735 pttnus.
