3968 6166
218 257 336 310 595

1445 251 1719 307 REGULA
1762 249 1851 303 AD
1891 246 2274 302 MUNACIIOS.

3387 243 3487 303 3M

301 362 488 420 XLIX.
513 360 773 418 Sedentes
798 361 863 416 ad
893 376 1132 416 mensam
1163 371 1394 426 taceam,
1424 372 1477 416 et
1500 362 1659 416 lectio
1681 378 1810 429 quo-
1841 368 1887 422 Α
1987 360 2118 414 LIV.
2166 359 2231 412 Et
2259 359 2381 429 quia
2411 359 2518 413 Deo
2559 358 2788 427 propitio
2823 359 2977 427 digna
3010 367 3062 412 et
3099 359 3373 413 sufficiens
3400 374 3493 410 vu-

220 454 364 508 tidie
399 453 539 506 omni
574 464 834 518 tempore,
863 451 988 504 dum
1018 451 1169 504 cibus
1193 453 1439 514 sumitur,
1475 452 1675 520 legatur
1705 468 1718 503 :
1756 462 1811 504 ut

220 551 458 609 uterque
478 541 658 605 homo,
691 550 740 594 et
768 541 1001 593 exterior
1029 539 1168 602 cibo,
1199 550 1254 593 et
1282 540 1502 593 interior
1527 542 1691 593 verbo
1717 540 1807 594 Dei

222 631 522 684 reficiatur.
546 633 678 695 Quia
705 630 962 698 scriptum
994 639 1078 684 cst
1111 649 1125 683 :
1160 629 1282 682 Non
1311 631 1362 683 in
1400 646 1533 698 pane
1559 632 1670 684 solo
1694 631 1812 683 vivit

223 722 405 784 ’N‘luo,
436 721 523 772 sed
560 720 614 772 in
645 720 781 773 omni
809 721 956 773 verba
988 719 1079 772 Dei
1103 719 1315 788 (Matth.
1341 721 1435 788 tv).

300 811 370 865 L.
409 812 635 866 Sanctus
656 814 840 876 abbas,
871 812 974 866 nisi
1003 813 1360 882 inaequalitate
1390 812 1637 878 faciente,
1661 824 1812 868 extra

220 905 700 972 congregationem
733 919 836 957 non
870 904 1097 958 reiiciet.

298 997 389 1051 [ιι.
434 995 637 1051 Carnes
667 997 717 1050 in
739 997 859 1049 cibo
889 1012 1148 1066 nusquam
1179 999 1476 1049 sumantur;
1521 995 1654 1050 Pulli
1683 1011 1813 1051 vero

221 1092 310 1144 vel
344 1100 538 1144 cuncta
566 1090 728 1144 altilia
759 1089 811 1142 in
839 1089 1251 1158 congregatione
1273 1103 1377 1142 non
1402 1088 1810 1142 miniSIrentur:

224 1185 467 1238 infirmis
497 1193 698 1237 tantum
733 1183 1134 1251 provideantur,
1167 1191 1222 1236 et
1252 1183 1495 1250 accipere
1527 1181 1702 1234 liceat.
1736 1180 1817 1234 Pi—

223 1290 352 1330 sces
389 1290 518 1330 vero
555 1274 717 1328 certis
756 1273 1155 1335 festivitatibus,
1205 1283 1298 1326 aut
1349 1272 1563 1342 quando
1601 1284 1820 1326 sanctus

224 1365 402 1419 abbas
430 1365 810 1433 indulgentiam
829 1365 1001 1419 facere
1033 1365 1279 1427 voluerit,
1310 1373 1432 1416 tunc
1448 1373 1814 1430 procurentur.

305 1454 417 1507 Lll.
467 1455 628 1508 Extra
660 1469 897 1507 mensam
926 1466 1264 1506 Communem
1290 1467 1387 1505 nec
1410 1453 1696 1519 quidquam
1720 1453 1821 1505 cibi

229 1557 470 1616 potus-ve
497 1555 710 1616 gustare
751 1545 932 1610 liceat,
984 1545 1186 1612 absque
1216 1545 1438 1609 infirmis
1469 1553 1522 1598 et
1552 1544 1658 1598 illis
1699 1554 1824 1596 acta-

231 1639 409 1701 tibus,
447 1651 564 1706 qua:
596 1637 770 1690 adhuc
800 1636 1116 1704 perenutriri
1149 1634 1407 1704 indigent.

1913 452 1995 506 bis
2042 452 2262 505 facultas
2310 451 2503 504 collata
2550 460 2654 516 est,
2707 466 2824 516 qua:
2872 451 3121 505 sufficere
3168 456 3496 505 monasterio

1914 551 2088 594 vestro
2117 541 2302 610 possit,
2334 557 2512 594 coram
2548 540 2655 592 Deo
2685 550 2737 592 et
2777 541 2981 606 angelis
3013 540 3139 608 'ejns
3185 551 3257 604 lc,
3307 552 3492 596 s:mcte

1915 633 2078 686 frater
2108 633 2264 699 abba,
2298 642 2352 686 et
2379 643 2450 697 te,
2478 633 2797 686 venerabilis
2819 633 3119 701 quicunque
3151 633 3311 687 fueris
3352 651 3492 702 prte-

1915 721 2137 789 positus,
2167 721 2429 776 admoneo
2457 733 2509 776 et
2539 732 2837 783 contestor,
2881 733 2938 775 ut
2979 733 3177 776 sancta:
3217 740 3499 792 congrega-

1916 811 2069 875 tioni,
2100 827 2218 879 quae
2249 812 2358 865 Deo
2383 813 2674 879 inspirante
2695 822 2747 865 et
2774 811 2998 880 jubente
3028 815 3326 866 secundum
3356 815 3501 868 insti-

1917 910 2025 951 tuta
2059 915 2178 967 qua:
2207 899 2427 954 fecimus
2473 901 2791 969 regulariter
2838 901 2987 967 vivit,
3035 901 3212 955 omnia
3260 917 3378 964 ane
3425 905 3504 956 eis

1915 1000 2040 1043 sunt
2085 993 2385 1045 necessaria
2433 993 2483 1046 in
2531 995 2724 1047 vestitu
2755 1004 2807 1047 et
2837 995 2978 1047 victu
3023 1010 3142 1047 cum
3183 994 3502 1050 sufficientia

1920 1082 2180 1136 tribuatis.
2215 1083 2384 1148 Quam
2417 1100 2526 1138 rem
2571 1085 2612 1136 si
2657 1083 3023 1153 neglexeritis,
3047 1095 3099 1138 et
3138 1085 3210 1138 illi
3243 1088 3506 1152 coeperint

1919 1177 2141 1244 aliquid,
2176 1179 2495 1230 necessitate
2524 1178 2892 1244 compellente,
2928 1193 3260 1232 murmurare
3290 1189 3378 1231 aut
3429 1178 3506 1230 in-

1920 1267 2120 1334 digere,
2173 1282 2389 1321 causam
2421 1283 2518 1320 vos
2559 1281 2683 1322 ante
2738 1268 2971 1322 tribunal
3013 1267 3212 1322 Christi
3247 1269 3502 1322 noveritis

1924 1372 2127 1411 mecum
2156 1374 2272 1412 esse
2303 1360 2560 1412 dicturos.

1996 1449 2101 1503 LV.
2145 1450 2211 1503 Et
2243 1464 2358 1516 vos,
2416 1465 2599 1504 sancta
2643 1452 3004 1519 congregatio,
3060 1467 3154 1519 per
3207 1453 3505 1519 prof-ctum

1925 1552 2159 1596 vestrum
2215 1557 2267 1596 et
2300 1559 2393 1610 per
2449 1543 2611 1597 Deum
2663 1543 3086 1610 omnipotentem
3147 1543 3389 1612 c«-njuro,
3450 1557 3506 1597 ut

1928 1634 2101 1686 omnia
2134 1650 2253 1701 qua:
2284 1635 2333 1686 in
2364 1635 2463 1688 hac
2491 1636 2671 1702 regula
2706 1651 2797 1700 pro
2830 1634 3067 1688 remedio
3099 1635 3289 1687 animm
3318 1647 3511 1688 nostra;

308 1727 448 1781 Llll.
493 1725 720 1779 lnlirmis
763 1741 889 1780 vero
921 1726 990 1778 ita
1031 1724 1507 1791 obtemperantium
1545 1733 1647 1789 est,
1693 1733 1750 1777 ut
1778 1723 1823 1776 si
1860 1731 1900 1788 Β
1929 1733 1982 1777 et
2012 1739 2107 1792 pro
2133 1725 2432 1778 animarum
2465 1737 2766 1780 vestrarum
2804 1727 2973 1778 salute
3002 1727 3400 1788 constituimus,
3431 1727 3511 1779 in-

234 1833 259 1869 s
280 1825 433 1870 -ncto
466 1816 643 1870 abbati
670 1815 872 1885 jusmm
909 1817 1081 1868 visum
1115 1814 1292 1880 fuerit,
1318 1814 1474 1868 etiam
1495 1813 1826 1868 cellariolum

235 1921 395 1958 suum
434 1906 486 1958 iu
533 1920 840 1970 commune,
889 1914 942 1958 et
981 1903 1264 1973 coquinam
1296 1913 1685 1972 sequestratam
1737 1904 1832 1956 ha.-

240 1998 407 2050 bi-ant
435 2015 450 2048 :
497 2005 550 2051 et
576 2012 704 2052 eura
736 1997 839 2050 illis
872 1995 952 2050 vel
984 1997 1215 2049 studium
1260 1996 1615 2065 impendatur,
1657 1995 1829 2050 donec

237 2103 342 2141 cun
355 2090 653 2142 valescant.

1933 1825 2079 1883 tegra
2103 1826 2155 1868 et
2178 1816 2378 1869 illibata
2403 1817 2738 1870 custodiatis.
2775 1818 2841 1870 Et
2871 1832 2936 1870 ne
2962 1832 3054 1883 per
3076 1817 3403 1871 oblivionem
3420 1819 3514 1870 ali.

1932 1905 2057 1972 quid
2087 1907 2393 1975 negligatis,
2427 1909 2594 1962 semel
2621 1923 2679 1962 ea
2710 1909 2763 1961 in
2798 1908 3012 1976 trTginta
3043 1907 3231 1962 diebus
3263 1907 3514 1977 relegite;

1934 1995 1986 2049 id
2017 2005 2098 2050 est
2124 1996 2176 2050 in
2209 1998 2468 2054 colendis.

439 2223 746 2286 Ordinem
792 2204 1156 2301 etiam-quo
1199 2225 1470 2301 psallere
1515 2227 1821 2296 debeatis,
1874 2230 1935 2286 in
1985 2229 2104 2288 hoc
2150 2227 2368 2287 libello
2408 2224 2836 2303 judicavimus
2880 2225 3309 2284 inserendum.

314 2331 372 2384 ln
405 2330 583 2398 primo
612 2328 696 2381 die
739 2327 959 2382 Paschae
986 2328 1049 2381 ad
1083 2327 1288 2380 tertiam
1321 2337 1400 2380 ter
1431 2326 1590 2396 Kyrie
1625 2329 1840 2392 cleison,

245 2421 447 2490 psalmi
479 2419 757 2474 duodecim
789 2435 802 2472 :
832 2418 884 2471 id
907 2428 1008 2483 est,
1048 2428 1272 2482 quatuor
1297 2416 1489 2472 fratres
1527 2417 1677 2469 binos
1704 2418 1840 2483 psal-

247 2529 365 2567 mos
409 2522 470 2566 et
499 2510 872 2565 alleluiaticum
911 2508 1122 2561 tertium
1164 2506 1340 2560 dicant
1377 2524 1387 2556 :
1422 2506 1673 2570 perdit‘lis
1698 2507 1838 2574 psal-

248 2607 371 2668 mis,
417 2603 580 2672 κεν-ξε
614 2600 801 2654 elcison
835 2608 888 2654 et
915 2597 1234 2666 antiphouas
1257 2611 1368 2660 sex,
1402 2597 1656 2650 lectiones
1687 2605 1793 2649 tres
1821 2614 1833 2646 :

248 2709 352 2748 una
375 2692 456 2746 de
487 2690 702 2744 Actibus
729 2687 1122 2756 apostolorum,
1157 2685 1257 2739 alia
1281 2691 1346 2739 de
1368 2685 1704 2753 Apocalypsi,
1739 2693 1839 2738 tur-

251 2784 319 2836 tia
344 2781 418 2836 de
457 2779 767 2847 Evangelio;
802 2777 1029 2847 hymnus
1055 2775 1176 2829 Jam
1215 2775 1387 2845 surgit
1417 2775 1544 2827 liora
1575 2775 1742 2841 tertia,
1786 2785 1842 2829 et

251 2869 598 2938 capitellum;
626 2865 820 2920 deinde
853 2865 1012 2934 Kyrie
1038 2867 1246 2919 eleison.
1272 2865 1362 2918 Sic
1403 2866 1453 2917 in
1499 2865 1646 2918 omni
1675 2879 1840 2934 opere

254 2961 345 3015 Dei
379 2959 544 3013 tertia
580 2956 698 3010 vice
743 2954 902 3024 Kyrie
931 2957 1120 3009 eleison
1161 2955 1340 3018 dicite,
1391 2964 1671 3024 antequam
1705 2956 1835 3010 inci-

256 3051 415 3119 piatis
446 3066 461 3102 :
489 3058 544 3104 et
572 3049 790 3117 psalmis
822 3049 1074 3116 perdictis
1103 3058 1156 3104 et
1181 3049 1429 3118 capitello
1471 3049 1730 3117 pcrdicto.
1765 3049 1843 3103 Ad

1946 2328 2162 2391 minico,
2213 2336 2267 2382 et
2292 2327 2537 2382 omnibus
2578 2325 2869 2394 majoribus
2898 2324 3292 2390 festivitatibus,
3328 2327 3376 2378 in
3405 2328 3519 2396 qni-

1944 2420 2040 2472 bus
2072 2419 2138 2471 ab
2165 2433 2328 2485 opere
2358 2416 2632 2470 vacabitis.
2683 2415 3018 2482 Quotidianis
3063 2432 3188 2469 vero
3234 2417 3423 2471 diebus
3454 2421 3517 2470 ad

1945 2523 2237 2562 noczurnos
2291 2508 2552 2575 imprimis
2599 2507 2933 2560 dircctaneus
2978 2506 3234 2563 dieatur:
3285 2507 3522 2561 Miserere

1942 2598 2060 2656 mei.
2110 2598 2264 2662 Deus,
2311 2600 2587 2650 secundum
2619 2613 2852 2664 magnam
2902 2597 3302 2649 misericordiam
3349 2606 3523 2652 tuam:

1942 2678 2135 2745 deinde
2159 2691 2346 2758 psalmi
2375 2691 2560 2743 decem
2586 2699 2638 2744 et
2659 2697 2799 2742 octo.
2832 2689 3132 2755 Ant'phona
3159 2687 3255 2742 tria
3281 2692 3523 2757 parvula,

1940 2784 2199 2840 lectiones
2234 2782 2468 2850 Apostoli
2501 2793 2590 2834 aut
2623 2780 3004 2849 Prophetarum
3035 2780 3174 2845 dum,
3224 2790 3278 2835 et
3306 2783 3526 2850 capitel-

1941 2877 2070 2930 lum.
2100 2873 2393 2941 Completis
2424 2871 2699 2926 nocturnis
2721 2871 2881 2925 dicite
2905 2873 3211 2924 matutinos.
3236 2871 3290 2925 ln
3316 2882 3522 2935 :e-tate,

1944 2967 1998 3022 id
2019 2975 2267 3033 est,_post
2295 2964 2498 3018 Pascha
2542 2979 2707 3031 usque
2736 2963 2987 3018 calendas
3010 2962 3275 3029 Octobris,
3303 2963 3416 3032 ipse
3438 2981 3526 3018 or-

1944 3057 2015 3112 do
2043 3031 2163 3111 erii.
2221 3055 2383 3110 Sexta
2414 3054 2546 3108 feria
2577 3069 2705 3108 vero
2735 3061 2853 3122 post
2882 3062 3173 3107 nocturnos
3203 3053 3322 3108 dum
3349 3055 3527 3109 missa:

255 3156 470 3200 sextam
501 3144 641 3197 idem
690 3156 942 3197 numerus
987 3142 1334 3209 psalmorum,
1385 3141 1670 3211 antipltoua
1718 3157 1840 3208 una,
1873 3171 1916 3231 Ο
1949 3150 2077 3203 ﬁant
2105 3150 2157 3202 in
2187 3157 2392 3212 aestate,
2446 3148 2496 3200 in
2529 3149 2704 3200 hieme
2735 3156 2864 3201 tres,
2913 3145 3043 3200 Nam
3087 3147 3351 3202 dominica
3380 3153 3526 3203 omni

258 3237 499 3305 hymnus
531 3251 546 3286 :
576 3233 695 3284 Jam
717 3241 859 3285 sexta
887 3233 1073 3284 sensim
1098 3230 1335 3296 volvitur,
1379 3232 1534 3286 lectio
1566 3233 1841 3301 Evangelii

259 3336 312 3380 et
339 3321 678 3392 capit-:llum.
704 3320 784 3373 Ad
817 3336 1011 3374 nonam
1054 3321 1166 3388 ipse
1204 3320 1338 3374 ordo
1381 3330 1621 3374 teneatur
1650 3339 1660 3371 :
1696 3321 1846 3389 bym-

262 3431 381 3480 nus,
416 3412 525 3466 Ter
554 3413 680 3464 liora
709 3413 845 3464 trina
862 3411 1096 3466 volvitur.
1129 3410 1209 3465 Ad
1234 3411 1588 3465 lucernarium
1614 3411 1758 3465 direc
1785 3429 1844 3466 a-

265 3524 396 3562 ncus
447 3505 729 3575 parvulus;
782 3503 836 3558 id
886 3513 988 3571 est,
1021 3503 1199 3575 Regna
1245 3513 1410 3566 ται-τω,
1469 3513 1664 3556 cantate
1719 3503 1846 3565 Deo,

267 3602 476 3669 psallite
511 3597 730 3651 Domino
777 3595 949 3666 (Psal.
1002 3596 1193 3665 vau).
1247 3595 1362 3648 Alia
1405 3595 1530 3649 die:
1584 3595 1846 3657 Laudato,

270 3691 440 3757 pueri,
490 3688 802 3751 Dominum;
833 3688 1122 3754 antiphona
1169 3686 1300 3749 tria;
1336 3685 1565 3756 hymnus
1596 3703 1608 3737 :
1645 3685 1743 3739 Hic
1779 3695 1849 3740 est

271 3785 375 3836 dies
403 3797 558 3834 verus
589 3779 704 3844 Dei,
751 3789 802 3832 et
842 3777 1185 3848 capitellum;
1217 3791 1376 3846 quem
1437 3775 1693 3844 hymnum
1743 3786 1853 3830 toto

273 3872 480 3926 Pascha
529 3871 594 3924 ad
641 3869 928 3924 matutinos
972 3877 1025 3923 et
1062 3868 1128 3921 ad
1177 3866 1528 3920 lucernarium
1560 3867 1734 3922 dicite.
1774 3869 1852 3920 Ad

276 3961 648 4018 duodecimam
696 3959 961 4027 imprimis
1003 3957 1345 4012 dircctaneus
1403 3957 1696 4025 parvulus:
1761 3956 1854 4010 Sol

279 4053 508 4122 cognorit
531 4067 766 4106 occasum
803 4065 950 4104 suum
979 4047 1150 4117 (Psal.
1178 4048 1314 4117 CIII).
1345 4048 1450 4102 Sex
1485 4048 1673 4101 fratres
1705 4049 1856 4100 binos

281 4145 516 4212 psalmos
571 4156 691 4195 cum
745 4140 856 4196 suis
907 4139 1242 4194 alleluiaticis
1299 4139 1517 4202 dieant,
1567 4140 1858 4206 antiplona

283 4238 413 4305 tria,
481 4233 735 4290 lectiones
784 4234 949 4299 duas,
1001 4248 1160 4286 unam
1215 4231 1282 4286 de
1337 4232 1631 4300 Apostolo,
1701 4232 1856 4285 aliam

285 4328 347 4382 de
437 4327 751 4397 Evangelio.
842 4323 924 4379 Ad
1009 4333 1298 4378 nocturnos
1384 4321 1660 4388 paschales
1743 4322 1858 4389 ipso

288 4439 509 4477 numero
540 4422 716 4476 omnia
767 4421 950 4484 dicite,
992 4420 1132 4472 sicut
1175 4421 1226 4473 in
1274 4417 1586 4471 duodecima
1617 4415 1861 4483 designa-

1949 3249 2190 3310 tempore
2215 3249 2269 3295 et
2301 3241 2353 3294 in
2386 3249 2570 3294 testate
2596 3248 2650 3294 et
2676 3239 2728 3292 in
2776 3239 2948 3294 hieme
2973 3248 3090 3308 post
3113 3251 3406 3296 nocturnos
3431 3257 3527 3296 sex

1950 3333 2127 3385 mis<a3
2169 3333 2317 3386 fiant.
2371 3332 2425 3386 Si
2457 3346 2586 3386 vero
2627 3333 2868 3385 evenerit
2897 3341 2952 3384 ut
2999 3332 3200 3386 tardius
3227 3334 3292 3388 ad
3326 3334 3529 3404 vigilias

1949 3433 2218 3492 surgatur,
2268 3433 2521 3490 quantum
2556 3422 2736 3476 abbati
2767 3423 2938 3476 visum
2987 3421 3166 3490 fuerit,
3219 3435 3422 3480 tantum
3452 3427 3530 3481 lc-

1950 3529 2123 3582 gatur.
2175 3512 2399 3580 Quando
2449 3513 2655 3582 signum
2686 3511 2892 3575 fecerit,
2939 3514 3029 3578 qui
3056 3513 3183 3582 legit
3214 3515 3330 3569 sine
3379 3530 3529 3569 mora

1953 3616 2257 3674 consurgat,
2308 3604 2682 3658 utcanonicus
2734 3604 3014 3657 missarum
3058 3621 3311 3660 numerus
3363 3609 3534 3674 possit

1957 3696 2181 3756 impleri.
2234 3694 2538 3748 Acalendis
2582 3709 2713 3746 vero
2742 3694 2991 3747 Octobris
3034 3695 3121 3746 a'ii
3151 3697 3395 3749 nocturni
3435 3696 3533 3748 ad-

1956 3787 2111 3837 dendi
2142 3795 2292 3837 sunt:
2338 3787 2402 3836 ad
2435 3783 2635 3852 primos
2665 3783 2948 3837 dicendum
2981 3794 3092 3838 est:
3139 3785 3380 3840 Miserere
3410 3789 3529 3850 mei,

1960 3877 2117 3932 Deus.
2146 3877 2424 3928 secundum
2447 3891 2681 3944 magnam
2706 3876 3100 3928 misericordiam
3131 3886 3270 3928 tuam
3295 3893 3312 3940 ;
3355 3878 3421 3931 ad
3450 3895 3535 3933 sc-

1957 3967 2199 4020 ouudos:
2257 3965 2497 4019 Miserere
2525 3966 2641 4029 mei,
2686 3963 2843 4027 Deus,
2886 3966 3124 4020 miserere
3152 3969 3269 4031 mei,
3303 3969 3536 4022 directa-

1961 4074 2092 4109 ncus
2123 4056 2384 4110 dicendus
2411 4065 2513 4120 est,
2556 4056 2745 4124 psalmi
2774 4055 2958 4110 decem
2989 4067 3043 4112 et
3070 4069 3223 4121 octo;
3279 4060 3536 4114 lectiones

1959 4148 2079 4201 duie
2126 4147 2192 4202 de
2236 4147 2540 4217 Prophetis,
2596 4157 2688 4200 aut
2723 4147 2790 4201 de
2834 4147 3145 4203 Salomone.
3190 4149 3428 4220 Hymnus
3468 4153 3536 4204 ad

1962 4240 2161 4305 primos
2186 4246 2503 4291 nocturnos:
2533 4235 2643 4290 Rea:
2666 4247 2851 4290 ateriae
2877 4238 3112 4294 Domine.
3137 4239 3216 4294 Ad
3241 4242 3538 4300 secundos:

1963 4326 2156 4398 Magna
2179 4337 2227 4380 et
2249 4327 2524 4379 mirabilia.
2552 4326 2680 4380 Post
2699 4327 2892 4391 dictos,
2917 4329 3036 4394 quia
3062 4339 3246 4385 noctes
3267 4345 3535 4400 crescunt,

1962 4418 2200 4488 quotidie
2240 4420 2305 4472 ad
2347 4419 2540 4472 librum
2574 4418 2730 4473 facite
2777 4422 2968 4474 missas
2997 4429 3128 4476 tres.
3186 4422 3334 4479 Unus
3382 4426 3544 4482 frater

289 4516 481 4567 vimus.
527 4514 602 4566 Ad
638 4512 926 4567 matutinos
965 4510 1226 4577 imprimis
1250 4508 1647 4562 directaneum:
1699 4506 1862 4562 Exal-
1894 4548 1938 4606 υ
1966 4510 2106 4578 legat
2153 4509 2368 4577 paginas
2401 4519 2508 4563 tres
2553 4517 2643 4563 aut
2681 4518 2930 4578 quatuor,
2984 4512 3253 4578 quomodo
3292 4529 3542 4571 mensura

293 4608 484 4674 tabote,
509 4601 644 4654 Deus
660 4617 801 4654 meus
819 4610 863 4652 ct
882 4599 990 4653 Rea:
1012 4615 1169 4652 meus.
1197 4597 1543 4663 lnde,Judica
1568 4614 1666 4660 me,
1694 4597 1861 4661 Deus;

294 4705 363 4760 et,
399 4694 538 4746 Deus
565 4693 696 4745 Deus
719 4708 881 4754 meus,
905 4691 971 4742 ad
994 4701 1039 4743 te
1060 4691 1122 4742 de
1144 4689 1257 4743 luce
1284 4688 1457 4759 vigilo,
1487 4704 1605 4743 cum
1633 4689 1863 4743 allelu'a.

297 4783 513 4846 llcinde,
545 4780 866 4850 Conﬁtcmiui
895 4781 1133 4843 Domino,
1163 4794 1284 4834 cunt
1309 4781 1550 4843 alleluia;
1585 4779 1706 4834 inde
1732 4778 1866 4833 Can-

297 4882 454 4924 temus
486 4872 724 4935 Domino,
771 4881 825 4925 et
852 4871 1023 4937 ipsum
1047 4871 1152 4934 sic;
1206 4878 1410 4938 postea,
1453 4868 1652 4933 Lauda,
1696 4870 1867 4922 anima

299 4981 423 5027 mea,
476 4955 766 5016 Dominam.
829 4961 1058 5014 Laudate
1100 4960 1394 5023 Dominum,
1422 4963 1661 5028 quoniam
1709 4960 1868 5013 bonus

299 5065 365 5107 est
395 5057 641 5124 psalmus.
683 5052 882 5111 Lauda.
915 5051 1220 5114 Jtrusalem,
1253 5049 1568 5103 Dominum:
1598 5061 1734 5106 totos
1761 5061 1868 5105 tres

301 5144 546 5206 alleluia;
601 5143 792 5197 deinde
843 5142 1143 5196 benedictio
1171 5140 1393 5195 dicenda
1447 5149 1547 5193 est.
1599 5140 1720 5194 p03!
1771 5140 1868 5194 be-

303 5233 680 5286 nedictionem:
741 5232 972 5284 Luudate
1022 5230 1297 5282 Dominum
1346 5231 1408 5282 de
1451 5230 1610 5282 caelis.
1658 5229 1870 5284 Caritate

308 5323 520 5377 Domino
541 5326 792 5376 canticum
823 5339 1026 5376 novum.
1052 5321 1280 5374 Laudate
1300 5319 1580 5374 Dominum
1610 5323 1661 5374 in
1687 5323 1874 5376 sanctis

308 5419 414 5486 ejus
439 5433 456 5479 ;
483 5431 599 5470 eum
631 5415 871 5470 alleluia.
907 5413 1207 5484 Magniﬁcat
1235 5414 1408 5465 anima
1439 5429 1549 5465 mea
1576 5412 1873 5478 Dominum,

312 5520 398 5559 aut
451 5523 563 5562 cum
612 5507 930 5572 autiplimia,
981 5513 1072 5557 aut
1121 5519 1243 5556 cum
1298 5503 1547 5565 alleluia;
1599 5503 1871 5572 hymnum,

316 5597 489 5651 Gloria
531 5603 581 5652 in
613 5600 822 5652 excelsis
857 5597 982 5659 Deo,
1038 5607 1085 5649 et
1120 5596 1448 5664 capitellum.
1504 5595 1568 5647 Et
1611 5595 1877 5662 cuitnplete

324 5692 595 5745 matutinos
622 5694 735 5756 ips"
765 5693 946 5742 Ul'tlllll,‘
970 5698 1078 5741 toto
1113 5688 1329 5743 Pascha.
1364 5690 1449 5744 Sic
1473 5687 1614 5742 omni
1647 5687 1731 5741 dic
1775 5690 1881 5741 do—

633 5786 893 5842 l‘nuot.
948 5782 1224 5843 LXVIII.

1974 4599 2132 4654 fuerit
2170 4599 2327 4653 libri:
2365 4597 2407 4652 si
2440 4597 2640 4652 minute
2686 4599 2936 4666 scriptus,
2982 4608 3074 4653 aut
3118 4603 3304 4670 majori
3351 4602 3542 4669 forma,

1973 4702 2153 4745 ternas
2183 4691 2442 4758 paginas;
2483 4689 2527 4743 si
2561 4690 2754 4755 minor,
2811 4700 3072 4757 quatuor:
3107 4699 3184 4756 βε
3218 4691 3306 4745 fiat
3332 4695 3542 4759 oratio;

1975 4781 2165 4835 iterum
2218 4781 2356 4849 legat
2407 4789 2632 4846 tantum,
2689 4779 2779 4832 fiat
2824 4780 2926 4832 alia
2981 4780 3196 4844 oratio;
3253 4783 3412 4835 tertio
3463 4783 3538 4839 le-

1975 4886 2059 4943 gat
2109 4873 2246 4926 idem
2295 4881 2519 4937 tantum,
2591 4882 2646 4925 et
2694 4870 2916 4938 surgite,
2985 4867 3147 4922 dicite
3198 4871 3543 4940 antiphonam

1976 4966 2042 5018 de
2085 4966 2300 5032 psalmis
2352 4966 2402 5016 in
2447 4965 2654 5025 ordine,
2711 4973 2895 5032 postea
2944 4976 3279 5029 responsum,
3351 4966 3544 5022 doinle

1977 5056 2344 5119 atllipltonam.
2399 5054 2591 5108 lterum
2634 5055 2773 5122 legat
2813 5052 2948 5105 alius
2997 5053 3190 5119 frater;
3241 5066 3293 5109 et
3345 5059 3420 5112 sic
3453 5061 3549 5112 im-

1979 5146 2131 5212 pletis
2181 5140 2346 5197 tribus
2379 5145 2553 5196 missis
2601 5143 2759 5197 dicite
2811 5142 3182 5197 matutinarios
3230 5151 3548 5212 canonicos;

1976 5238 2025 5289 id
2055 5247 2155 5298 est,
2212 5237 2382 5303 primo
2417 5237 2678 5289 canticum
2723 5235 2774 5288 in
2820 5236 3131 5304 antiphona,
3168 5238 3361 5295 deinde
3403 5243 3544 5296 dire-

1975 5339 2222 5381 ctanenm
2249 5345 2258 5377 :
2313 5325 2503 5378 Judira
2533 5341 2632 5390 me,
2674 5325 2826 5379 Deus.
2880 5326 3016 5380 Deus
3045 5327 3181 5381 Deus
3213 5347 3370 5393 meus,
3400 5334 3466 5384 ad
3505 5344 3553 5385 te

1978 5423 2038 5469 de
2078 5419 2188 5470 lure
2228 5417 2397 5486 vigilo.
2430 5417 2658 5468 Lnudote
2694 5418 2988 5481 Dominum,
3017 5420 3258 5485 quoniam
3291 5422 3449 5474 bonus
3479 5435 3554 5476 est

1980 5511 2222 5576 psalmus.
2252 5507 2451 5563 Lauda.
2481 5507 2787 5573 Jerusalem,
2819 5507 3114 5560 Dominum.
3148 5509 3292 5572 Inde,
3320 5509 3554 5566 Laudat:

1987 5597 2254 5650 Dutniutmt
2287 5601 2349 5652 de
2379 5601 2534 5651 caelis.
2583 5595 2797 5648 Caritate
2824 5597 3038 5650 Domino
3067 5599 3320 5652 canticum
3350 5618 3550 5657 novum.

1986 5688 2209 5741 Laudutc
2239 5688 2508 5743 Dominum
2538 5690 2586 5740 in
2615 5687 2802 5740 sanctis
2819 5689 2970 5759 ejus:
3001 5691 3049 5741 in
3074 5691 3362 5759 antiphona
3392 5693 3557 5748 dicite

2974 5778 3043 5839 13
