3904 6176
374 254 477 311 395

1511 253 1567 308 S.
1609 249 1981 307 AURELIANI
2023 250 2490 309 ARELATENSIS

3518 261 3619 314 5D".

374 367 653 437 hymnum,
687 361 952 433 Splendor
981 372 1202 433 paternae
1230 361 1437 432 gloriw;
1468 361 1569 417 alia
1599 362 1709 428 die,
1739 359 1954 415 zEterne
1980 359 2029 418 Α
2127 357 2183 412 In
2215 358 2402 414 Natale
2429 360 2635 414 Domini
2670 374 2719 416 et
2760 361 2812 415 in
2842 361 3136 432 Epiphania
3172 363 3326 418 tertia
3357 363 3482 418 liora
3511 380 3625 421 sur.

374 456 500 508 lucis
521 454 779 519 conditor,
823 463 878 507 et
905 452 1233 521 capitalium,
1265 458 1320 506 et
1345 449 1504 521 Kgrie
1532 450 1721 505 eleison
1749 451 1952 506 duode-

374 549 478 603 cim
507 544 729 598 vicibus.
781 543 1042 601 Omnibus
1071 542 1259 597 diebus
1289 540 1616 611 quotidianis
1641 543 1707 596 ita
1735 542 1954 609 impleas

376 650 483 695 tur.
532 637 659 691 Post
707 636 997 690 matutinos
1046 634 1112 689 ad
1167 634 1393 703 primam
1436 632 1714 687 duodecim
1761 633 1954 701 psalmi

373 728 658 790 dicantur;
694 726 946 795 hymnus,
980 723 1249 793 Fulgentis
1270 730 1451 778 auctor
1474 724 1717 787 tet/teris;
1763 723 1952 776 lectio-

377 832 471 872 nes
498 817 638 882 dum,
672 831 775 870 una
800 815 867 868 de
898 813 1097 877 Veteri,
1132 813 1235 867 alia
1256 813 1324 867 de
1354 813 1502 875 Novo
1523 814 1874 867 Testamento
1899 820 1954 865 et

373 906 697 976 capitellum.
764 904 1010 960 Posthth
1064 918 1251 959 omnes
1303 902 1518 959 lectioni
1565 913 1751 957 vacent
1787 918 1955 973 usque

373 1000 439 1055 ad
469 1000 652 1053 horam
686 997 924 1053 tertiam:
954 995 1021 1049 de
1049 996 1253 1064 reliquo
1278 1010 1403 1047 vero
1428 994 1534 1048 diei
1562 994 1734 1063 spatio
1757 994 1955 1047 faciant

371 1108 533 1162 opera
563 1106 656 1147 sua
687 1088 976 1145 secundum
1006 1087 1133 1142 illud
1164 1087 1305 1156 quod
1336 1087 1591 1141 Dominus
1625 1086 1760 1140 dixit
1788 1103 1801 1131 τ
1845 1084 1950 1138 Pa-

372 1194 448 1240 ter
468 1200 608 1238 meus
633 1181 941 1253 usquemodo
973 1187 1233 1247 operatur,
1264 1186 1307 1232 et
1333 1193 1426 1246 ego
1458 1193 1641 1245 operor
1662 1176 1842 1247 (Jonn.
1868 1178 1948 1244 ν).

373 1276 437 1330 Et
467 1274 596 1328 illud
619 1272 855 1343 Apostoli
875 1290 886 1325 :
910 1271 1187 1339 Operantes
1215 1270 1443 1322 manibus
1471 1272 1655 1323 nostris
1681 1267 1730 1339 (I
1798 1268 1949 1324 Thes.

371 1367 467 1436 tv).
493 1365 579 1431 Et,
615 1366 713 1432 Qui
736 1380 837 1418 non
866 1371 1108 1432 operatur
1132 1378 1232 1413 non
1260 1361 1526 1414 nianducet
1558 1360 1608 1430 (Ι
1618 1360 1647 1414 1
1662 1360 1814 1415 'I‘st.
1846 1365 1946 1427 tu).

369 1459 501 1524 Quia
530 1458 786 1526 scriptum
816 1465 936 1510 est:
996 1453 1106 1507 Via:
1136 1454 1416 1507 otiosorum
1445 1463 1619 1508 strnue
1643 1468 1762 1509 sunt
1790 1455 1949 1522 spinis

371 1547 552 1614 (Prov.
579 1547 689 1617 xv).
746 1547 831 1611 Et,
873 1561 1069 1598 servum
1109 1542 1342 1597 inutilem
1365 1546 1600 1614 projicite
1638 1545 1691 1598 iu
1723 1549 1952 1600 tenebras

368 1639 643 1694 exteriores
670 1638 885 1709 (Matth.
917 1635 1062 1705 xxv).
1107 1635 1438 1703 Quotidianis
1474 1637 1636 1707 igitur
1661 1638 1854 1693 diebus
1882 1637 1947 1693 ad

2052 456 2193 525 gite:
2244 455 2408 511 dicite
2439 472 2599 511 unum
2635 466 2976 524 nocturnum,
3029 468 3084 512 et
3128 458 3285 513 facile
3316 474 3409 513 se:
3438 462 3624 515 missas

2054 547 2120 601 de
2150 546 2282 601 Isaia
2313 547 2603 617 propheta;
2662 548 2856 603 iterum
2905 549 3065 604 dicite
3093 550 3385 604 secundum
3416 562 3624 605 nocturo

2055 651 2203 701 num,
2233 645 2287 691 et
2314 638 2559 707 legantur
2586 639 2705 691 alia:
2737 654 2832 693 sex
2862 639 2936 694 de
2968 640 3277 708 Evangelio.
3312 640 3368 693 In
3402 641 3628 707 ερῑμικι-

2057 730 2142 783 nia
2181 730 2251 782 ita
2285 747 2296 780 :
2333 730 2384 783 in
2418 730 2591 799 primo
2633 745 2794 783 unum
2828 740 3165 794 nocturnum,
3216 731 3409 785 deinde
3440 732 3504 786 de
3534 734 3626 784 Dn-

2055 820 2201 876 uiele
2226 820 2482 891 propheta
2510 820 2671 875 facite
2703 821 2821 875 illas
2849 838 2941 874 sex
2973 822 3186 887 missas,
3220 832 3275 877 et
3303 832 3588 876 nocturnos
3615 842 3627 875 :

2055 918 2111 965 et
2134 912 2204 964 ita
2235 912 2302 965 de
2336 910 2627 980 Evangelia
2656 925 2751 965 sex
2781 911 3071 963 matutinos
3093 924 3158 963 eo
3184 909 3393 975 ordino,
3422 914 3559 963 sicut
3582 916 3631 962 in

2055 1002 2256 1058 Pascha
2283 1002 2617 1070 scripsimus,
2665 1012 2757 1057 aut
2778 1002 3060 1057 dominicis
3087 1002 3295 1055 diebus.
3349 1001 3402 1056 In
3434 1012 3632 1071 marty-

2055 1111 2171 1150 rum
2195 1095 2573 1150 festivitatibus
2598 1104 2708 1150 tres
2740 1104 2831 1148 aut
2858 1102 3087 1162 quatuor
3116 1094 3290 1149 mitisa:
3318 1093 3466 1147 fiant.
3520 1093 3632 1147 Pri-

2057 1204 2196 1242 mam
2222 1188 2437 1243 missam
2460 1187 2527 1242 de
2544 1187 2833 1253 Evangelia
2862 1187 3041 1255 legite,
3075 1185 3307 1255 reliquas
3326 1184 3394 1239 de
3423 1186 3636 1253 passio.

2055 1279 2213 1333 nibus
2252 1287 2566 1348 martyrum.
2613 1278 2767 1331 Omni
2791 1288 2940 1332 sexta
2964 1276 3094 1331 feria
3121 1276 3634 1343 postduodecimam

2053 1384 2148 1423 sex
2197 1369 2372 1421 missae
2418 1366 2483 1420 ad
2525 1367 2719 1421 librum
2774 1367 3045 1435 legantur;
3099 1373 3153 1420 et
3196 1374 3316 1434 post
3342 1374 3635 1419 nocturnos

2054 1468 2181 1516 tres.
2213 1459 2366 1513 Omni
2395 1458 2619 1513 sabbato
2640 1458 2705 1511 ad
2734 1459 3043 1521 matutinos,
3073 1458 3350 1510 Cantemus
3378 1455 3635 1519 Damno;

2054 1560 2130 1616 et,
2165 1550 2234 1603 Te
2266 1550 2429 1602 Deum
2468 1549 2766 1602 laudamus.
2824 1547 2904 1602 Ad
2949 1548 3160 1602 tertiam
3201 1557 3310 1601 tres
3336 1546 3631 1601 lectione~z

2055 1658 2157 1696 una
2191 1642 2257 1695 de
2288 1640 2590 1710 Prophetis,
2637 1640 2740 1693 alia
2780 1641 2847 1695 de
2874 1640 3150 1708 Aposmlo,
3177 1640 3330 1694 t--rtia
3360 1638 3428 1693 de
3459 1638 3635 1692 Evan-

370 1728 582 1783 tertiam
608 1728 886 1784 duodecim
916 1729 1148 1798 psalmos
1177 1730 1360 1796 dicite,
1388 1728 1761 1798 antiphouam,
1795 1729 1947 1798 bym-
1978 1712 2030 1777 Β
2056 1732 2196 1803 gelio
2224 1732 2489 1786 dicantur.
2536 1730 2691 1784 Omni
2723 1730 2990 1784 dominica
3037 1740 3156 1799 post
3184 1738 3340 1785 noctu
3372 1744 3469 1784 nos
3512 1744 3633 1782 cum

374 1835 522 1884 num,
573 1819 694 1873 Jam
745 1823 907 1891 surgit
938 1821 1066 1874 hora
1113 1822 1301 1887 tertia;
1335 1819 1616 1876 lectionem
1645 1829 1699 1874 et
1728 1820 1948 1889 capiteI-

372 1911 503 1976 lutn,
531 1909 677 1973 Fiat,
713 1907 953 1967 Domine.
976 1911 1055 1965 Ad
1085 1921 1285 1965 sextam
1302 1910 1371 1965 sit
1396 1910 1510 1979 ipse
1532 1923 1784 1965 numerus
1804 1911 1946 1978 psal-

370 2018 600 2065 morum,
632 2002 945 2071 antiphona,
1000 2003 1248 2073 hymnus,
1301 2001 1424 2055 Jam
1450 2012 1597 2058 sexta
1623 2003 1817 2056 sensim
1842 2002 1951 2057 vol-
1983 2035 1995 2048 ο

370 2093 535 2158 ritur;
578 2095 734 2148 lcetio
772 2104 827 2149 et
863 2095 1194 2164 capitalium.
1251 2096 1332 2150 Ad
1373 2111 1565 2150 nonam
1609 2096 1725 2165 ipso
1763 2096 1950 2151 ordine

367 2189 691 2242 dicendum:
761 2187 991 2257 hymnus
1032 2204 1192 2257 vero,
1238 2188 1334 2242 Ter
1371 2188 1501 2243 hora
1540 2188 1674 2242 tritta
1712 2189 1946 2243 volvitur.

367 2280 446 2333 Ad
479 2279 835 2334 lucernarium
867 2282 1009 2334 omni
1052 2290 1291 2349 tempore
1319 2289 1373 2336 et
1403 2279 1556 2337 festis
1599 2291 1653 2337 et
1679 2281 1950 2352 quotidia-

365 2371 448 2423 uis
474 2369 682 2433 diebus,
728 2371 993 2439 imprimis
1019 2369 1379 2437 directaneus,
1424 2381 1609 2441 postea
1640 2372 1947 2443 antiphonas

365 2462 511 2526 dum;
554 2462 707 2517 tertia
738 2476 950 2530 semper
995 2476 1117 2516 cum
1167 2464 1384 2518 alleluia
1413 2463 1665 2519 dicatur:
1715 2465 1946 2535 hymnus

367 2570 468 2607 una
495 2555 601 2621 die,
638 2552 880 2624 Deus,qui
902 2556 1051 2610 certis
1083 2555 1310 2625 legibus;
1339 2556 1442 2610 alia
1465 2556 1571 2622 die,
1598 2556 1731 2610 Deus
1749 2567 1946 2613 creator

364 2648 617 2713 omnium,
649 2657 702 2702 et
724 2636 1049 2716 capitellum.
1080 2647 1160 2701 Ad
1188 2648 1557 2703 duodecimam
1595 2650 1829 2719 psalmos
1852 2651 1947 2706 de-

376 2756 492 2797 cem
519 2750 572 2796 et
596 2751 738 2805 octo,
768 2742 1111 2809 antiphonam
1165 2749 1221 2797 et
1248 2741 1526 2811 hymnum,
1576 2741 1860 2796 lectionem
1892 2753 1946 2799 et

368 2834 698 2903 eapiteilnm.
751 2832 976 2900 Quando
1002 2835 1332 2901 repausatnri
1363 2834 1512 2900 estis,
1570 2834 1623 2888 in
1669 2834 1850 2889 schola
1889 2835 1942 2889 in

374 2940 477 2993 qua
536 2925 763 2978 manetis
809 2924 1070 2993 completa
1115 2923 1355 2979 dicatur:
1405 2923 1667 2993 imprimis
1712 2925 1944 2981 directa-

361 3031 513 3082 nens,
547 3020 781 3083 psalmus
812 3014 1188 3085 nonagesimus
1217 3014 1445 3081 dicatur,
1474 3014 1671 3071 deinde
1697 3017 1940 3085 capitella

361 3105 857 3161 consuetudinaria.

2057 1825 2222 1893 prima
2251 1824 2413 1878 missa
2438 1823 2647 1893 legitur,
2680 1822 2731 1875 id
2760 1831 2843 1877 est
2866 1822 3209 1887 resurrectio,
3242 1821 3420 1874 nullus
3438 1819 3633 1874 sedere

2053 1923 2362 1986 praesumat,
2403 1914 2498 1969 sed
2529 1927 2717 1968 omnes
2746 1922 2908 1968 stent.
2967 1914 3082 1967 Alia
3114 1912 3377 1967 dominica
3405 1912 3511 1965 alia
3549 1926 3630 1963 re-

2049 2010 2330 2073 surrectio,
2355 2018 2402 2063 et
2431 2009 2508 2062 sic
2531 2008 2581 2061 in
2599 2007 2788 2061 ordine
2814 2016 2935 2060 totzc
2957 2016 3183 2075 quatuor
3203 2006 3633 2060 resurrectione:

2049 2113 2146 2169 per
2170 2098 2408 2167 singulas
2437 2097 2733 2152 dominicas
2762 2098 3024 2167 legantur.
3077 2096 3204 2150 Post
3235 2096 3438 2151 tertiam
3474 2112 3626 2162 vero,

2054 2188 2391 2243 Paternosler
2433 2189 2595 2244 dicite
2621 2196 2675 2242 et
2704 2186 2978 2257 psallendo
3000 2201 3186 2243 omnes
3205 2186 3631 2242 communicent.

2050 2281 2139 2337 Sic
2167 2290 2221 2336 et
2252 2281 2306 2335 in
2356 2279 2729 2334 festivitatibus
2777 2278 2954 2332 facite.
3019 2277 3191 2333 Missa:
3238 2291 3367 2332 vero
3411 2279 3633 2345 quando

2049 2382 2239 2427 sancto
2269 2371 2445 2424 abbati
2468 2371 2636 2425 visum
2669 2369 2823 2424 fuerit
2858 2378 2982 2423 tunc
3008 2368 3158 2423 fiant.

2119 2462 2344 2531 Quando
2376 2461 2569 2530 aliquis
2592 2459 2873 2514 defunctus
2905 2460 3083 2525 fuerit,
3130 2475 3297 2528 usque
3326 2459 3504 2514 media
3541 2476 3632 2514 no-

2047 2567 2133 2611 cte
2157 2571 2275 2610 cum
2305 2554 2456 2623 pauci
2485 2553 2674 2605 fratres
2699 2551 2748 2605 in
2773 2552 3009 2607 oratorio
3039 2552 3378 2620 pervigilem,
3409 2561 3465 2607 et
3500 2552 3631 2606 tnis-

2045 2663 2134 2704 sas
2173 2646 2389 2700 faciant.
2446 2645 2571 2699 Post
2615 2644 2843 2698 mediam
2886 2656 3093 2699 noctem
3143 2646 3233 2715 qui
3264 2645 3629 2713 vigilare-runt

2045 2741 2337 2812 quiescant,
2394 2746 2449 2793 et
2493 2740 2689 2808 iterum
2714 2738 2801 2792 alii
2831 2738 3067 2808 vigilent.
3122 2738 3186 2793 Et
3217 2740 3395 2807 ponite
3425 2737 3538 2792 hoc
3575 2739 3629 2792 in

2045 2833 2289 2888 notitiam
2318 2840 2504 2884 sancto
2531 2830 2801 2900 episcopo,
2853 2839 2912 2885 ut
2938 2844 3062 2885 eum
3101 2829 3286 2900 jubeat
3332 2830 3399 2884 ad
3445 2831 3631 2885 locum

2048 2921 2136 2976 ubi
2171 2920 2447 2990 ponendus
2475 2926 2561 2974 est
2619 2918 2910 2987 deportari.
2962 2919 3054 2973 Sin
3088 2934 3213 2974 vero
3245 2930 3506 2988 prastare
3532 2919 3630 2974 de-

2051 3011 2307 3083 spexerit,
2341 3010 2410 3065 de
2439 3023 2755 3077 quacunque
2796 3008 3024 3062 ecclesia
3051 3008 3275 3063 clericos
3298 3014 3506 3079 rogate,
3536 3007 3629 3079 qui

2050 3119 2170 3159 eum
2202 3101 2498 3164 deducant;
2530 3108 2583 3152 et
2607 3099 2728 3154 date
2750 3098 2855 3154 illis
2884 3100 3141 3169 eulogias.

1075 3353 1386 3433 Ordinem
1431 3353 1622 3415 etiam
1667 3357 1942 3419 convivii
1990 3360 2138 3423 huic
2178 3356 2416 3436 regula:
2461 3355 2875 3416 inseruimus.

429 3474 635 3531 Cibaria
668 3472 903 3541 quotidie
931 3471 995 3524 ad
1025 3471 1366 3527 refectionem
1397 3472 1517 3538 tria,
1546 3471 1611 3526 ad
1645 3474 1932 3541 prandium
1962 3497 1967 3503 ·

356 3568 485 3631 duo,
528 3564 593 3618 ad
614 3578 819 3618 coenam
849 3563 972 3616 duo.
1030 3562 1244 3617 Biberes
1273 3564 1337 3616 ad
1369 3564 1733 3631 refectionem,
1766 3566 1815 3618 id
1848 3577 1931 3620 est

282 3663 285 3666 ⁴
360 3659 413 3713 in
461 3664 646 3709 :rstale
678 3667 880 3707 merum
928 3660 980 3705 et
1032 3661 1141 3707 tres
1188 3653 1481 3719 caldellos;
1533 3655 1597 3706 ad
1652 3657 1930 3723 prandium

358 3760 464 3802 tres
497 3755 696 3801 tantum
726 3761 738 3798 :
787 3741 853 3796 ad
883 3732 1088 3797 orenam
1119 3743 1172 3796 in
1217 3752 1423 3807 testate,
1454 3745 1725 3799 mensibus
1750 3744 1930 3814 Junio,

354 3838 494 3893 Julio
522 3846 576 3891 et
606 3835 863 3904 Augusto,
900 3843 1114 3894 ternas;
1159 3834 1377 3902 reliquis
1408 3834 1596 3889 diebus
1624 3835 1688 3888 ad
1719 3850 1927 3890 omnem

355 3930 510 3983 binas
538 3928 738 3981 bibant.
770 3913 823 3979 1ιὶ
856 3924 1232 3978 festivitatibus
1262 3938 1411 3987 vero,
1451 3934 1505 3979 et
1530 3926 1741 3994 quando
1766 3926 1931 3979 abbas

354 4016 710 4085 indulgentias
755 4016 980 4066 voluerit
1025 4012 1237 4076 facere,
1286 4023 1341 4068 et
1385 4014 1618 4077 cibaria,
1674 4025 1929 4083 quantum

354 4110 468 4178 ipse
503 4107 751 4173 voluerit,
805 4116 857 4158 et
886 4114 1129 4158 recentes
1170 4103 1459 4157 addimur.
1513 4105 1760 4171 Quotidie
1803 4120 1930 4158 vero

2040 3478 2172 3533 feria
2213 3475 2562 3547 jejunandnm
2593 3482 2693 3528 est.
2754 3475 2797 3528 A
2832 3472 3072 3529 calendis
3101 3472 3415 3535 Novembris
3442 3489 3624 3547 usque

2043 3570 2256 3624 Domini
2284 3566 2470 3621 Natale
2495 3564 2733 3636 quotidie
2759 3563 3105 3632 jejunandum
3130 3574 3233 3628 est,
3266 3564 3469 3634 absque
3504 3549 3629 3623 sub.

2041 3660 2165 3713 bato
2193 3669 2247 3715 et
2275 3658 2541 3713 dominica
2568 3674 2587 3722 ;
2634 3657 2703 3711 ab
2735 3656 3028 3725 Epiphania
3062 3671 3188 3711 vero
3217 3670 3385 3724 usque
3413 3657 3628 3713 Pascha

2040 3749 2278 3820 quotidie
2302 3731 2784 3820 jejunandum'est,
2815 3746 3017 3815 absque
3040 3746 3332 3815 majoribus
3354 3747 3627 3802 festivita-

2038 3843 2201 3907 tibus,
2242 3841 2463 3896 sabbato
2494 3848 2549 3894 et
2576 3838 2862 3894 dominica.
2905 3839 3033 3893 Post
3062 3839 3265 3893 Pascha
3288 3853 3416 3894 vero
3441 3853 3625 3906 usque

2036 3934 2425 3996 Pentecosten,
2478 3939 2627 3986 sexta
2689 3928 2819 3985 feria
2869 3938 3071 3985 tantum
3113 3928 3463 3999 jejunandnm
3515 3938 3621 3983 est.

2038 4026 2167 4079 Post
2193 4024 2574 4088 Pentecosten,
2632 4035 2815 4078 mense
2858 4021 3039 4085 Junio,
3074 4022 3215 4079 Julio
3255 4032 3309 4077 et
3350 4022 3616 4090 Augusto.

2038 4118 2091 4171 in
2118 4126 2381 4187 potestate
2411 4116 2618 4171 abbatis
2649 4115 2719 4168 sit
2746 4114 2812 4169 de
2838 4113 3046 4184 jejunio
3071 4124 3163 4169 aut
3186 4114 3442 4183 prandio;
3473 4116 3621 4169 sicut

353 4203 499 4257 olera
520 4215 679 4256 caseo
704 4209 754 4253 et
779 4200 898 4251 oleo
925 4212 1138 4263 semper
1166 4197 1498 4250 condiantur.
1537 4198 1753 4251 ltiheres
1778 4198 1928 4249 binas
1961 4187 2008 4244 D
2037 4207 2230 4261 ﬁdem
2287 4206 2689 4275 possibilitatem
2739 4204 2985 4271 fratrum.
3028 4205 3101 4258 ira
3147 4204 3360 4261 studeat
3403 4216 3623 4275 tempe-

296 4282 299 4285 λ
354 4294 420 4346 ad
452 4291 754 4358 prandium,
785 4290 936 4343 binas
966 4288 1030 4339 ad
1064 4302 1271 4342 cuinam
1306 4289 1605 4354 accipiant;
1640 4290 1681 4340 si
1710 4288 1911 4356 jejuna-

352 4383 545 4445 verint,
588 4391 785 4436 ternas.
820 4380 1082 4445 Jejnniunt
1116 4394 1243 4432 vero
1275 4395 1304 4431 a
1332 4379 1569 4434 Calendis
1593 4379 1927 4448 Septembris

354 4488 520 4543 usque
550 4472 799 4527 calendas
830 4470 1076 4523 Octobris
1124 4474 1378 4536 secunda,
1424 4482 1633 4541 quarta,
1682 4484 1737 4528 et
1778 4484 1926 4528 sexta

421 4692 479 4745 in
508 4689 703 4747 Christi
736 4688 951 4742 nomine
996 4685 1270 4742 fundatum
1304 4697 1388 4743 est
1419 4691 1799 4745 monasterium
1834 4692 1922 4747 vi-

351 4799 529 4839 rorum
558 4783 654 4839 Dei
697 4781 753 4834 in
776 4779 991 4837 civitate
1018 4778 1316 4834 Arelatensi
1361 4795 1389 4834 a
1422 4787 1608 4834 sancto
1636 4781 1925 4836 Aureliano

349 4877 626 4947 episeopo,
653 4872 877 4944 jubente
905 4878 1106 4927 sach
1136 4868 1409 4925 memoriae
1432 4868 1777 4926 Gltildeberto
1802 4886 1926 4940 rege

352 4969 700 5030 Francorum,
748 4963 933 5034 quinto
956 4961 1165 5017 decimo
1191 4960 1441 5016 calendas
1471 4961 1802 5024 Decembris.
1845 4962 1927 5015 in-

350 5058 588 5112 dictione
628 5054 951 5109 undecima:
995 5066 1137 5109 anno
1167 5052 1194 5088 "
1225 5052 1413 5120 quinto
1441 5061 1557 5120 post
1593 5052 1928 5108 consulatum

350 5144 537 5203 Basilii
585 5142 812 5213 junioris
847 5158 901 5197 γ.
935 5156 1010 5209 c.,
1057 5151 1113 5198 et
1140 5142 1359 5197 basilica
1398 5143 1593 5198 ibidem
1642 5144 1694 5197 in
1729 5145 1929 5196 honore

356 5244 672 5291 sanctorum
728 5235 1098 5302 apostolorum
1154 5243 1210 5291 et
1246 5243 1548 5307 martyrum
1599 5249 1616 5288 :
1658 5232 1931 5301 habetque

357 5328 562 5388 ibidem
601 5326 864 5399 reliquias
894 5327 1140 5398 positas;
1172 5327 1223 5382 id
1258 5337 1362 5395 est,
1406 5328 1472 5382 de
1512 5340 1676 5382 cruce
1714 5322 1934 5379 Domini

2038 4310 2179 4348 rare.

2111 4383 2429 4437 Aurelianus
2478 4394 2726 4450 peccator
2752 4384 2990 4453 regulam
3022 4383 3160 4439 hanc
3186 4384 3240 4438 in
3268 4383 3470 4441 Christi
3522 4403 3619 4444 no.

2037 4473 2177 4525 mitte
2200 4473 2444 4527 inStituit.

2030 4694 2195 4747 nostri
2236 4692 2360 4747 Jesn
2385 4692 2609 4757 Christi,
2662 4693 2833 4747 beatte
2878 4694 3057 4747 Mar-im
3096 4695 3366 4763 genitricis
3395 4696 3614 4751 Domini

2031 4781 2195 4834 nostri
2229 4781 2350 4833 Jesu
2378 4780 2597 4842 Christi,
2646 4780 2865 4836 Joannis
2898 4781 3143 4849 Baptista:
3172 4792 3225 4837 et
3264 4789 3616 4847 praecursoris

2030 4870 2238 4924 Domini
2275 4870 2440 4923 nostri
2471 4870 2593 4923 Jt-sn
2624 4871 2847 4938 Christi,
2897 4873 3175 4939 Stephani,
3218 4873 3384 4947 Petri,
3434 4877 3611 4942 Pauli,

2026 4960 2271 5024 Joannis,
2301 4960 2507 5023 Jacobi,
2539 4962 2781 5025 Andr-ea),
2816 4962 3060 5030 Philippi,
3095 4964 3333 5029 'l‘hornze,
3369 4966 3610 5019 Bartho-

2026 5050 2222 5110 lomaai,
2278 5051 2531 5111 Matthxi,
2582 5053 2787 5119 Jacobi,
2836 5055 3091 5118 SilthttiS,
3146 5055 3316 5119 Jud.e,
3358 5057 3607 5120 Malitize,

2026 5141 2259 5206 Cenesii,
2319 5142 2729 5213 Symphmiani,
2794 5145 3051 5212 Baudilii,
3112 5146 3359 5212 Victoris,
3416 5148 3606 5202 lliiarii

2024 5233 2261 5302 episcopi
2291 5243 2343 5287 et
2381 5234 2725 5299 confessoris,
2778 5236 2984 5289 Martini
3017 5236 3257 5306 episcopi
3288 5247 3342 5291 et
3367 5235 3609 5291 confes-

2023 5327 2185 5390 soris,
2213 5324 2427 5378 Ctesarii
2457 5324 2713 5393 episcopi.
2800 5326 2821 5349 ‘

2087 5442 2220 5453 —_

1361 5512 1492 5587 (Ea:
1527 5509 1845 5588 ἀέρα]σῆιέ
1884 5507 2146 5588 ejusdem
2180 5504 2592 5568 monasterii.)

435 5644 717 5715 Simulque
746 5649 1029 5714 precantes
1063 5650 1284 5694 oramus
1323 5637 1508 5703 etiam,
1548 5636 1793 5702 Domino,
1828 5649 1923 5704 pio

2033 5633 2227 5687 animal
2250 5650 2313 5688 us
2340 5633 2661 5688 famulorum
2695 5642 2932 5701 tuorum,
2958 5641 3172 5703 patrum
3199 5642 3361 5702 atque
3384 5630 3617 5689 instituo
