  <div class='ocr_page' id='page_1' title='image "/cluster/home/n/w/nwhite01/storage/ocr_20150623/68/hvd.32044054758719/207.png"; bbox 0 0 3904 6176; ppageno 0'>
   <div class='ocr_carea' id='block_1_1' title="bbox 256 241 379 297">
    <p class='ocr_par' dir='ltr' id='par_1_1' title="bbox 256 241 379 297">
     <span class='ocr_line' id='line_1_1' title="bbox 256 241 379 297; baseline 0 -2"><span class='ocrx_word' id='word_1_1' title='bbox 256 241 379 297; x_wconf 58' lang='grc'><strong>399</strong></span> 
     </span>
    </p>
   </div>
   <div class='ocr_carea' id='block_1_2' title="bbox 298 339 715 350">
    <p class='ocr_par' dir='ltr' id='par_1_2' title="bbox 298 339 715 350">
     <span class='ocr_line' id='line_1_2' title="bbox 298 339 715 350; baseline 0 -1"><span class='ocrx_word' id='word_1_2' title='bbox 298 339 715 350; x_wconf 74' lang='lat'><strong>_._.__———__.—</strong></span> 
     </span>
    </p>
   </div>
   <div class='ocr_carea' id='block_1_3' title="bbox 1401 232 2400 294">
    <p class='ocr_par' dir='ltr' id='par_1_3' title="bbox 1401 232 2400 294">
     <span class='ocr_line' id='line_1_3' title="bbox 1401 232 2400 294; baseline 0 -1"><span class='ocrx_word' id='word_1_3' title='bbox 1401 238 1467 294; x_wconf 84' lang='lat' dir='ltr'><strong>S.</strong></span> <span class='ocrx_word' id='word_1_4' title='bbox 1512 232 1888 294; x_wconf 71' lang='lat' dir='ltr'><strong>AURELIANI</strong></span> <span class='ocrx_word' id='word_1_5' title='bbox 1930 236 2400 294; x_wconf 79' lang='lat' dir='ltr'><strong>ARELATENSIS</strong></span> 
     </span>
    </p>
   </div>
   <div class='ocr_carea' id='block_1_4' title="bbox 3432 242 3533 295">
    <p class='ocr_par' dir='ltr' id='par_1_4' title="bbox 3432 242 3533 295">
     <span class='ocr_line' id='line_1_4' title="bbox 3432 242 3533 295; baseline 0.02 -3"><span class='ocrx_word' id='word_1_6' title='bbox 3432 242 3533 295; x_wconf 60' lang='grc' dir='ltr'><strong>δύο</strong></span> 
     </span>
    </p>
   </div>
   <div class='ocr_carea' id='block_1_5' title="bbox 3306 338 3535 353">
    <p class='ocr_par' dir='ltr' id='par_1_5' title="bbox 3306 338 3535 353">
     <span class='ocr_line' id='line_1_5' title="bbox 3306 338 3535 353; baseline 0.004 -4"><span class='ocrx_word' id='word_1_7' title='bbox 3306 338 3535 353; x_wconf 64' lang='lat'><strong><em>__</em></strong></span> 
     </span>
    </p>
   </div>
   <div class='ocr_carea' id='block_1_6' title="bbox 1523 433 2272 506">
    <p class='ocr_par' dir='ltr' id='par_1_6' title="bbox 1523 433 2272 506">
     <span class='ocr_line' id='line_1_6' title="bbox 1523 433 2272 506; baseline 0 -1"><span class='ocrx_word' id='word_1_8' title='bbox 1523 433 1604 506; x_wconf 90' lang='lat' dir='ltr'><strong>S.</strong></span> <span class='ocrx_word' id='word_1_9' title='bbox 1684 433 2272 505; x_wconf 81' lang='lat' dir='ltr'><strong>AUBELIANI</strong></span> 
     </span>
    </p>
   </div>
   <div class='ocr_carea' id='block_1_7' title="bbox 1158 576 2645 687">
    <p class='ocr_par' dir='ltr' id='par_1_7' title="bbox 1158 576 2645 687">
     <span class='ocr_line' id='line_1_7' title="bbox 1158 576 2645 687; baseline 0 -3"><span class='ocrx_word' id='word_1_10' title='bbox 1158 576 1678 687; x_wconf 80' lang='lat' dir='ltr'><strong>REGULA</strong></span> <span class='ocrx_word' id='word_1_11' title='bbox 1753 581 1920 681; x_wconf 88' lang='lat' dir='ltr'><strong>AD</strong></span> <span class='ocrx_word' id='word_1_12' title='bbox 1993 580 2445 685; x_wconf 80' lang='lat' dir='ltr'><strong>VIRGIN</strong></span> <span class='ocrx_word' id='word_1_13' title='bbox 2455 584 2645 685; x_wconf 88' lang='lat' dir='ltr'><strong>ES.</strong></span> 
     </span>
    </p>
   </div>
   <div class='ocr_carea' id='block_1_8' title="bbox 1722 786 2106 844">
    <p class='ocr_par' dir='ltr' id='par_1_8' title="bbox 1722 786 2106 844">
     <span class='ocr_line' id='line_1_8' title="bbox 1722 786 2106 844; baseline -0.005 -1"><span class='ocrx_word' id='word_1_14' title='bbox 1722 786 2106 844; x_wconf 82' lang='lat' dir='ltr'><strong>PROLOGUS.</strong></span> 
     </span>
    </p>
   </div>
   <div class='ocr_carea' id='block_1_9' title="bbox 349 879 3538 952">
    <p class='ocr_par' dir='ltr' id='par_1_9' title="bbox 349 879 3538 952">
     <span class='ocr_line' id='line_1_9' title="bbox 349 879 3538 952; baseline 0.003 -19"><span class='ocrx_word' id='word_1_15' title='bbox 349 880 553 937; x_wconf 87' lang='lat' dir='ltr'><strong>Sanctis</strong></span> <span class='ocrx_word' id='word_1_16' title='bbox 581 891 631 933; x_wconf 91' lang='lat' dir='ltr'><strong>et</strong></span> <span class='ocrx_word' id='word_1_17' title='bbox 679 883 730 934; x_wconf 86' lang='lat' dir='ltr'><strong>in</strong></span> <span class='ocrx_word' id='word_1_18' title='bbox 758 879 959 936; x_wconf 77' lang='lat' dir='ltr'><strong>Christo</strong></span> <span class='ocrx_word' id='word_1_19' title='bbox 986 882 1280 936; x_wconf 74' lang='lat' dir='ltr'><strong>venerandis</strong></span> <span class='ocrx_word' id='word_1_20' title='bbox 1310 883 1566 937; x_wconf 75' lang='lat' dir='ltr'><strong>sororibus</strong></span> <span class='ocrx_word' id='word_1_21' title='bbox 1608 882 1660 936; x_wconf 88' lang='lat' dir='ltr'><strong>in</strong></span> <span class='ocrx_word' id='word_1_22' title='bbox 1683 898 1864 936; x_wconf 85' lang='lat' dir='ltr'><strong>mona-</strong></span> <span class='ocrx_word' id='word_1_23' title='bbox 1890 888 1942 944; x_wconf 81' lang='grc' dir='ltr'>Α</span> <span class='ocrx_word' id='word_1_24' title='bbox 1967 881 2208 952; x_wconf 81' lang='lat' dir='ltr'><strong>ﬁgeretis</strong></span> <span class='ocrx_word' id='word_1_25' title='bbox 2238 880 2427 935; x_wconf 95' lang='lat' dir='ltr'><strong>timore</strong></span> <span class='ocrx_word' id='word_1_26' title='bbox 2456 881 2640 936; x_wconf 92' lang='lat' dir='ltr'><strong>divino</strong></span> <span class='ocrx_word' id='word_1_27' title='bbox 2666 899 2854 939; x_wconf 79' lang='lat' dir='ltr'><strong>carnes</strong></span> <span class='ocrx_word' id='word_1_28' title='bbox 2872 893 3095 950; x_wconf 88' lang='lat' dir='ltr'><strong>vestras,</strong></span> <span class='ocrx_word' id='word_1_29' title='bbox 3118 895 3361 942; x_wconf 62' lang='lat' dir='ltr'><strong>tenentes</strong></span> <span class='ocrx_word' id='word_1_30' title='bbox 3384 888 3538 944; x_wconf 72' lang='lat' dir='ltr'><strong>illud:</strong></span> 
     </span>
    </p>
   </div>
   <div class='ocr_carea' id='block_1_10' title="bbox 276 971 1853 1046">
    <p class='ocr_par' dir='ltr' id='par_1_10' title="bbox 276 971 1853 1046">
     <span class='ocr_line' id='line_1_10' title="bbox 276 971 1853 1046; baseline 0.002 -21"><span class='ocrx_word' id='word_1_31' title='bbox 276 974 431 1025; x_wconf 86' lang='lat' dir='ltr'><strong>sterio</strong></span> <span class='ocrx_word' id='word_1_32' title='bbox 474 972 632 1025; x_wconf 77' lang='lat' dir='ltr'><strong>beatte</strong></span> <span class='ocrx_word' id='word_1_33' title='bbox 677 971 861 1027; x_wconf 76' lang='lat' dir='ltr'><strong>Maria:</strong></span> <span class='ocrx_word' id='word_1_34' title='bbox 896 976 1065 1044; x_wconf 89' lang='lat' dir='ltr'><strong>quod,</strong></span> <span class='ocrx_word' id='word_1_35' title='bbox 1093 973 1202 1028; x_wconf 89' lang='lat' dir='ltr'><strong>Deo</strong></span> <span class='ocrx_word' id='word_1_36' title='bbox 1237 973 1468 1046; x_wconf 90' lang='lat' dir='ltr'><strong>jubente,</strong></span> <span class='ocrx_word' id='word_1_37' title='bbox 1501 975 1637 1028; x_wconf 90' lang='lat' dir='ltr'><strong>intra</strong></span> <span class='ocrx_word' id='word_1_38' title='bbox 1681 991 1853 1029; x_wconf 87' lang='lat' dir='ltr'><strong>muros</strong></span> 
     </span>
    </p>
   </div>
   <div class='ocr_carea' id='block_1_11' title="bbox 277 1063 1856 1135">
    <p class='ocr_par' dir='ltr' id='par_1_11' title="bbox 277 1063 1856 1135">
     <span class='ocr_line' id='line_1_11' title="bbox 277 1063 1856 1135; baseline 0.001 -19"><span class='ocrx_word' id='word_1_39' title='bbox 277 1063 592 1117; x_wconf 78' lang='lat' dir='ltr'><strong>Arelatensis</strong></span> <span class='ocrx_word' id='word_1_40' title='bbox 619 1064 757 1118; x_wconf 88' lang='lat' dir='ltr'><strong>urbis</strong></span> <span class='ocrx_word' id='word_1_41' title='bbox 772 1064 1012 1135; x_wconf 86' lang='lat' dir='ltr'><strong>fecimus,</strong></span> <span class='ocrx_word' id='word_1_42' title='bbox 1056 1064 1344 1119; x_wconf 88' lang='lat' dir='ltr'><strong>constitutis</strong></span> <span class='ocrx_word' id='word_1_43' title='bbox 1368 1105 1383 1130; x_wconf 87' lang='lat'><strong>,</strong></span> <span class='ocrx_word' id='word_1_44' title='bbox 1415 1065 1718 1118; x_wconf 69' lang='lat' dir='ltr'><strong>Aurelianus</strong></span> <span class='ocrx_word' id='word_1_45' title='bbox 1748 1065 1856 1134; x_wconf 89' lang='lat' dir='ltr'><strong>epi-</strong></span> 
     </span>
    </p>
   </div>
   <div class='ocr_carea' id='block_1_12' title="bbox 277 1170 504 1224">
    <p class='ocr_par' dir='ltr' id='par_1_12' title="bbox 277 1170 504 1224">
     <span class='ocr_line' id='line_1_12' title="bbox 277 1170 504 1224; baseline -0.009 -16"><span class='ocrx_word' id='word_1_46' title='bbox 277 1170 481 1224; x_wconf 80' lang='lat' dir='ltr'><strong>scOpus.</strong></span> <span class='ocrx_word' id='word_1_47' title='bbox 499 1217 504 1223; x_wconf 25' lang='lat'><strong><em>~</em></strong></span> 
     </span>
    </p>
   </div>
   <div class='ocr_carea' id='block_1_13' title="bbox 346 1240 1853 1313">
    <p class='ocr_par' dir='ltr' id='par_1_13' title="bbox 346 1240 1853 1313">
     <span class='ocr_line' id='line_1_13' title="bbox 346 1240 1853 1313; baseline 0 -18"><span class='ocrx_word' id='word_1_48' title='bbox 346 1243 477 1310; x_wconf 83' lang='lat' dir='ltr'><strong>Quia</strong></span> <span class='ocrx_word' id='word_1_49' title='bbox 501 1243 609 1298; x_wconf 89' lang='lat' dir='ltr'><strong>Deo</strong></span> <span class='ocrx_word' id='word_1_50' title='bbox 639 1242 935 1312; x_wconf 83' lang='lat' dir='ltr'><strong>inspirante</strong></span> <span class='ocrx_word' id='word_1_51' title='bbox 956 1243 1043 1312; x_wconf 90' lang='lat' dir='ltr'><strong>qui</strong></span> <span class='ocrx_word' id='word_1_52' title='bbox 1073 1258 1171 1298; x_wconf 89' lang='lat' dir='ltr'><strong>nos</strong></span> <span class='ocrx_word' id='word_1_53' title='bbox 1190 1243 1452 1313; x_wconf 65' lang='lat' dir='ltr'><strong>pravenit</strong></span> <span class='ocrx_word' id='word_1_54' title='bbox 1475 1240 1727 1297; x_wconf 78' lang='lat' dir='ltr'><strong>ineﬂ‘abili</strong></span> <span class='ocrx_word' id='word_1_55' title='bbox 1751 1241 1853 1296; x_wconf 88' lang='lat' dir='ltr'><strong>mi-</strong></span> 
     </span>
    </p>
   </div>
   <div class='ocr_carea' id='block_1_14' title="bbox 277 1334 1853 1404">
    <p class='ocr_par' dir='ltr' id='par_1_14' title="bbox 277 1334 1853 1404">
     <span class='ocr_line' id='line_1_14' title="bbox 277 1334 1853 1404; baseline -0.003 -14"><span class='ocrx_word' id='word_1_56' title='bbox 277 1337 567 1392; x_wconf 83' lang='lat' dir='ltr'><strong>sericordia</strong></span> <span class='ocrx_word' id='word_1_57' title='bbox 594 1350 714 1401; x_wconf 86' lang='lat' dir='ltr'><strong>sua,</strong></span> <span class='ocrx_word' id='word_1_58' title='bbox 741 1335 913 1389; x_wconf 91' lang='lat' dir='ltr'><strong>visum</strong></span> <span class='ocrx_word' id='word_1_59' title='bbox 940 1335 1093 1390; x_wconf 80' lang='lat' dir='ltr'><strong>vobis</strong></span> <span class='ocrx_word' id='word_1_60' title='bbox 1114 1344 1197 1391; x_wconf 87' lang='lat' dir='ltr'><strong>est</strong></span> <span class='ocrx_word' id='word_1_61' title='bbox 1225 1344 1307 1391; x_wconf 92' lang='lat' dir='ltr'><strong>ut.</strong></span> <span class='ocrx_word' id='word_1_62' title='bbox 1348 1334 1642 1404; x_wconf 74' lang='lat' dir='ltr'><strong>repudiatis</strong></span> <span class='ocrx_word' id='word_1_63' title='bbox 1673 1334 1853 1388; x_wconf 71' lang='lat' dir='ltr'><strong>saeculi</strong></span> 
     </span>
    </p>
   </div>
   <div class='ocr_carea' id='block_1_15' title="bbox 278 1423 1855 1499">
    <p class='ocr_par' dir='ltr' id='par_1_15' title="bbox 278 1423 1855 1499">
     <span class='ocr_line' id='line_1_15' title="bbox 278 1423 1855 1499; baseline -0.003 -15"><span class='ocrx_word' id='word_1_64' title='bbox 278 1429 660 1499; x_wconf 75' lang='lat' dir='ltr'><strong>voluptatibus,</strong></span> <span class='ocrx_word' id='word_1_65' title='bbox 676 1442 740 1484; x_wconf 88' lang='lat' dir='ltr'><strong>ac</strong></span> <span class='ocrx_word' id='word_1_66' title='bbox 761 1427 1142 1496; x_wconf 78' lang='lat' dir='ltr'><strong>temporalibus</strong></span> <span class='ocrx_word' id='word_1_67' title='bbox 1168 1427 1377 1497; x_wconf 78' lang='lat' dir='ltr'><strong>gaudiis</strong></span> <span class='ocrx_word' id='word_1_68' title='bbox 1400 1424 1716 1494; x_wconf 88' lang='lat' dir='ltr'><strong>contemptis</strong></span> <span class='ocrx_word' id='word_1_69' title='bbox 1740 1423 1855 1479; x_wconf 90' lang='lat' dir='ltr'><strong>sive</strong></span> 
     </span>
    </p>
   </div>
   <div class='ocr_carea' id='block_1_16' title="bbox 284 1511 1860 1587">
    <p class='ocr_par' dir='ltr' id='par_1_16' title="bbox 284 1511 1860 1587">
     <span class='ocr_line' id='line_1_16' title="bbox 284 1511 1860 1587; baseline -0.004 -15"><span class='ocrx_word' id='word_1_70' title='bbox 284 1520 505 1587; x_wconf 80' lang='lat' dir='ltr'><strong>spretis,</strong></span> <span class='ocrx_word' id='word_1_71' title='bbox 534 1516 802 1586; x_wconf 78' lang='lat' dir='ltr'><strong>eligeretis</strong></span> <span class='ocrx_word' id='word_1_72' title='bbox 833 1516 1186 1571; x_wconf 73' lang='lat' dir='ltr'><strong>sanctissimae</strong></span> <span class='ocrx_word' id='word_1_73' title='bbox 1235 1516 1356 1570; x_wconf 69' lang='lat' dir='ltr'><strong>vita:</strong></span> <span class='ocrx_word' id='word_1_74' title='bbox 1385 1515 1639 1579; x_wconf 88' lang='lat' dir='ltr'><strong>nitorem,</strong></span> <span class='ocrx_word' id='word_1_75' title='bbox 1672 1519 1727 1568; x_wconf 90' lang='lat' dir='ltr'><strong>et</strong></span> <span class='ocrx_word' id='word_1_76' title='bbox 1752 1511 1860 1566; x_wconf 89' lang='lat' dir='ltr'><strong>vir-</strong></span> 
     </span>
    </p>
   </div>
   <div class='ocr_carea' id='block_1_17' title="bbox 281 1604 1859 1677">
    <p class='ocr_par' dir='ltr' id='par_1_17' title="bbox 281 1604 1859 1677">
     <span class='ocr_line' id='line_1_17' title="bbox 281 1604 1859 1677; baseline -0.003 -16"><span class='ocrx_word' id='word_1_77' title='bbox 281 1607 521 1677; x_wconf 84' lang='lat' dir='ltr'><strong>ginitatis</strong></span> <span class='ocrx_word' id='word_1_78' title='bbox 551 1620 615 1661; x_wconf 87' lang='lat' dir='ltr'><strong>ac</strong></span> <span class='ocrx_word' id='word_1_79' title='bbox 640 1604 899 1660; x_wconf 82' lang='lat' dir='ltr'><strong>castitatis</strong></span> <span class='ocrx_word' id='word_1_80' title='bbox 943 1605 1164 1674; x_wconf 78' lang='lat' dir='ltr'><strong>gratiam</strong></span> <span class='ocrx_word' id='word_1_81' title='bbox 1195 1604 1631 1673; x_wconf 86' lang='lat' dir='ltr'><strong>complectentes,</strong></span> <span class='ocrx_word' id='word_1_82' title='bbox 1673 1616 1859 1657; x_wconf 87' lang='lat' dir='ltr'><strong>amore</strong></span> 
     </span>
    </p>
   </div>
   <div class='ocr_carea' id='block_1_18' title="bbox 282 1696 1861 1760">
    <p class='ocr_par' dir='ltr' id='par_1_18' title="bbox 282 1696 1861 1760">
     <span class='ocr_line' id='line_1_18' title="bbox 282 1696 1861 1760; baseline -0.001 -9"><span class='ocrx_word' id='word_1_83' title='bbox 282 1697 379 1751; x_wconf 90' lang='lat' dir='ltr'><strong>Dei</strong></span> <span class='ocrx_word' id='word_1_84' title='bbox 411 1706 517 1751; x_wconf 89' lang='lat' dir='ltr'><strong>tota</strong></span> <span class='ocrx_word' id='word_1_85' title='bbox 542 1698 810 1753; x_wconf 89' lang='lat' dir='ltr'><strong>viscerum</strong></span> <span class='ocrx_word' id='word_1_86' title='bbox 838 1704 893 1752; x_wconf 85' lang='lat' dir='ltr'><strong>et</strong></span> <span class='ocrx_word' id='word_1_87' title='bbox 916 1696 1097 1751; x_wconf 83' lang='lat' dir='ltr'><strong>cordis</strong></span> <span class='ocrx_word' id='word_1_88' title='bbox 1134 1696 1386 1752; x_wconf 81' lang='lat' dir='ltr'><strong>aviditate</strong></span> <span class='ocrx_word' id='word_1_89' title='bbox 1414 1704 1706 1760; x_wconf 79' lang='lat' dir='ltr'><strong>sectantes,</strong></span> <span class='ocrx_word' id='word_1_90' title='bbox 1732 1707 1861 1750; x_wconf 86' lang='lat' dir='ltr'><strong>con-</strong></span> 
     </span>
    </p>
   </div>
   <div class='ocr_carea' id='block_1_19' title="bbox 1955 970 3543 1046">
    <p class='ocr_par' dir='ltr' id='par_1_19' title="bbox 1955 970 3543 1046">
     <span class='ocr_line' id='line_1_19' title="bbox 1955 970 3543 1046; baseline 0.006 -23"><span class='ocrx_word' id='word_1_91' title='bbox 1955 970 2139 1025; x_wconf 80' lang='lat' dir='ltr'><strong>Juraoi</strong></span> <span class='ocrx_word' id='word_1_92' title='bbox 2164 982 2210 1024; x_wconf 89' lang='lat' dir='ltr'><strong>et</strong></span> <span class='ocrx_word' id='word_1_93' title='bbox 2237 972 2391 1024; x_wconf 88' lang='lat' dir='ltr'><strong>statui</strong></span> <span class='ocrx_word' id='word_1_94' title='bbox 2421 973 2676 1026; x_wconf 76' lang='lat' dir='ltr'><strong>custodite</strong></span> <span class='ocrx_word' id='word_1_95' title='bbox 2714 975 2916 1043; x_wconf 85' lang='lat' dir='ltr'><strong>judicia</strong></span> <span class='ocrx_word' id='word_1_96' title='bbox 2939 978 3159 1046; x_wconf 81' lang='lat' dir='ltr'><strong>justitia:</strong></span> <span class='ocrx_word' id='word_1_97' title='bbox 3210 988 3311 1031; x_wconf 78' lang='lat' dir='ltr'><strong>tua:</strong></span> <span class='ocrx_word' id='word_1_98' title='bbox 3366 979 3543 1046; x_wconf 71' lang='lat' dir='ltr'><strong>(Psal.</strong></span> 
     </span>
    </p>
   </div>
   <div class='ocr_carea' id='block_1_20' title="bbox 1956 1060 3544 1136">
    <p class='ocr_par' dir='ltr' id='par_1_20' title="bbox 1956 1060 3544 1136">
     <span class='ocr_line' id='line_1_20' title="bbox 1956 1060 3544 1136; baseline 0.004 -19"><span class='ocrx_word' id='word_1_99' title='bbox 1956 1062 2171 1130; x_wconf 76' lang='lat' dir='ltr'><strong>csvut);</strong></span> <span class='ocrx_word' id='word_1_100' title='bbox 2202 1070 2275 1126; x_wconf 91' lang='lat' dir='ltr'><strong>et,</strong></span> <span class='ocrx_word' id='word_1_101' title='bbox 2306 1060 2435 1114; x_wconf 83' lang='lat' dir='ltr'><strong>Mihi</strong></span> <span class='ocrx_word' id='word_1_102' title='bbox 2461 1063 2680 1116; x_wconf 85' lang='lat' dir='ltr'><strong>mundus</strong></span> <span class='ocrx_word' id='word_1_103' title='bbox 2731 1066 3007 1132; x_wconf 71' lang='lat' dir='ltr'><strong>crucifixus</strong></span> <span class='ocrx_word' id='word_1_104' title='bbox 3029 1076 3121 1132; x_wconf 87' lang='lat' dir='ltr'><strong>est,</strong></span> <span class='ocrx_word' id='word_1_105' title='bbox 3151 1078 3198 1121; x_wconf 90' lang='lat' dir='ltr'><strong>et</strong></span> <span class='ocrx_word' id='word_1_106' title='bbox 3224 1084 3315 1136; x_wconf 94' lang='lat' dir='ltr'><strong>ego</strong></span> <span class='ocrx_word' id='word_1_107' title='bbox 3344 1073 3544 1124; x_wconf 86' lang='lat' dir='ltr'><strong>mundo</strong></span> 
     </span>
    </p>
   </div>
   <div class='ocr_carea' id='block_1_21' title="bbox 1959 1148 3548 1229">
    <p class='ocr_par' dir='ltr' id='par_1_21' title="bbox 1959 1148 3548 1229">
     <span class='ocr_line' id='line_1_21' title="bbox 1959 1148 3548 1229; baseline 0.008 -25"><span class='ocrx_word' id='word_1_108' title='bbox 1959 1150 2103 1222; x_wconf 81' lang='lat' dir='ltr'><strong>(Gal.</strong></span> <span class='ocrx_word' id='word_1_109' title='bbox 2131 1148 2208 1222; x_wconf 78' lang='lat' dir='ltr'><strong>Vl)</strong></span> <span class='ocrx_word' id='word_1_110' title='bbox 2238 1169 2251 1203; x_wconf 89' lang='lat'><strong>:</strong></span> <span class='ocrx_word' id='word_1_111' title='bbox 2283 1151 2671 1221; x_wconf 85' lang='lat' dir='ltr'><strong>disposuimus,</strong></span> <span class='ocrx_word' id='word_1_112' title='bbox 2701 1154 2921 1222; x_wconf 86' lang='lat' dir='ltr'><strong>jubente</strong></span> <span class='ocrx_word' id='word_1_113' title='bbox 2952 1156 3179 1212; x_wconf 86' lang='lat' dir='ltr'><strong>Domino</strong></span> <span class='ocrx_word' id='word_1_114' title='bbox 3226 1169 3386 1227; x_wconf 84' lang='lat' dir='ltr'><strong>atque</strong></span> <span class='ocrx_word' id='word_1_115' title='bbox 3410 1178 3548 1229; x_wconf 75' lang='lat' dir='ltr'><strong>ope-</strong></span> 
     </span>
    </p>
   </div>
   <div class='ocr_carea' id='block_1_22' title="bbox 1961 1240 3546 1315">
    <p class='ocr_par' dir='ltr' id='par_1_22' title="bbox 1961 1240 3546 1315">
     <span class='ocr_line' id='line_1_22' title="bbox 1961 1240 3546 1315; baseline 0.004 -19"><span class='ocrx_word' id='word_1_116' title='bbox 1961 1250 2113 1296; x_wconf 87' lang='lat' dir='ltr'><strong>rante</strong></span> <span class='ocrx_word' id='word_1_117' title='bbox 2138 1241 2193 1295; x_wconf 92' lang='lat' dir='ltr'><strong>in</strong></span> <span class='ocrx_word' id='word_1_118' title='bbox 2223 1240 2375 1296; x_wconf 91' lang='lat' dir='ltr'><strong>nobis</strong></span> <span class='ocrx_word' id='word_1_119' title='bbox 2405 1242 2539 1298; x_wconf 85' lang='lat' dir='ltr'><strong>velle</strong></span> <span class='ocrx_word' id='word_1_120' title='bbox 2565 1252 2619 1298; x_wconf 90' lang='lat' dir='ltr'><strong>et</strong></span> <span class='ocrx_word' id='word_1_121' title='bbox 2644 1244 2924 1315; x_wconf 78' lang='lat' dir='ltr'><strong>perlicere,</strong></span> <span class='ocrx_word' id='word_1_122' title='bbox 2965 1258 3022 1302; x_wconf 89' lang='lat' dir='ltr'><strong>ut</strong></span> <span class='ocrx_word' id='word_1_123' title='bbox 3044 1252 3423 1304; x_wconf 80' lang='lat' dir='ltr'><strong>monasterium</strong></span> <span class='ocrx_word' id='word_1_124' title='bbox 3448 1268 3546 1303; x_wconf 78' lang='lat' dir='ltr'><strong>vo.</strong></span> 
     </span>
    </p>
   </div>
   <div class='ocr_carea' id='block_1_23' title="bbox 1962 1331 3539 1407">
    <p class='ocr_par' dir='ltr' id='par_1_23' title="bbox 1962 1331 3539 1407">
     <span class='ocr_line' id='line_1_23' title="bbox 1962 1331 3539 1407; baseline 0.003 -20"><span class='ocrx_word' id='word_1_125' title='bbox 1962 1333 2043 1387; x_wconf 85' lang='lat' dir='ltr'><strong>bis</strong></span> <span class='ocrx_word' id='word_1_126' title='bbox 2069 1347 2165 1402; x_wconf 91' lang='lat' dir='ltr'><strong>pro</strong></span> <span class='ocrx_word' id='word_1_127' title='bbox 2178 1331 2414 1401; x_wconf 82' lang='lat' dir='ltr'><strong>proiectu</strong></span> <span class='ocrx_word' id='word_1_128' title='bbox 2440 1332 2737 1387; x_wconf 86' lang='lat' dir='ltr'><strong>animarum</strong></span> <span class='ocrx_word' id='word_1_129' title='bbox 2754 1344 3044 1391; x_wconf 90' lang='lat' dir='ltr'><strong>vestrarum</strong></span> <span class='ocrx_word' id='word_1_130' title='bbox 3069 1349 3507 1394; x_wconf 67' lang='lat' dir='ltr'><strong>construeremm</strong></span> <span class='ocrx_word' id='word_1_131' title='bbox 3524 1388 3539 1407; x_wconf 77' lang='lat'><strong>,</strong></span> 
     </span>
    </p>
   </div>
   <div class='ocr_carea' id='block_1_24' title="bbox 1962 1423 3537 1499">
    <p class='ocr_par' dir='ltr' id='par_1_24' title="bbox 1962 1423 3537 1499">
     <span class='ocr_line' id='line_1_24' title="bbox 1962 1423 3537 1499; baseline 0.001 -20"><span class='ocrx_word' id='word_1_132' title='bbox 1962 1425 2103 1481; x_wconf 85' lang='lat' dir='ltr'><strong>sicut</strong></span> <span class='ocrx_word' id='word_1_133' title='bbox 2128 1432 2184 1479; x_wconf 91' lang='lat' dir='ltr'><strong>et</strong></span> <span class='ocrx_word' id='word_1_134' title='bbox 2211 1423 2455 1479; x_wconf 80' lang='lat' dir='ltr'><strong>fecimus.</strong></span> <span class='ocrx_word' id='word_1_135' title='bbox 2480 1424 2549 1478; x_wconf 87' lang='lat' dir='ltr'><strong>Et</strong></span> <span class='ocrx_word' id='word_1_136' title='bbox 2578 1424 2699 1481; x_wconf 88' lang='lat' dir='ltr'><strong>ideo</strong></span> <span class='ocrx_word' id='word_1_137' title='bbox 2729 1426 2984 1496; x_wconf 79' lang='lat' dir='ltr'><strong>Regulam</strong></span> <span class='ocrx_word' id='word_1_138' title='bbox 3013 1430 3164 1485; x_wconf 87' lang='lat' dir='ltr'><strong>vobis</strong></span> <span class='ocrx_word' id='word_1_139' title='bbox 3207 1430 3274 1484; x_wconf 87' lang='lat' dir='ltr'><strong>ad</strong></span> <span class='ocrx_word' id='word_1_140' title='bbox 3298 1432 3537 1499; x_wconf 70' lang='lat' dir='ltr'><strong>disciptt-</strong></span> 
     </span>
    </p>
   </div>
   <div class='ocr_carea' id='block_1_25' title="bbox 1963 1515 3543 1589">
    <p class='ocr_par' dir='ltr' id='par_1_25' title="bbox 1963 1515 3543 1589">
     <span class='ocr_line' id='line_1_25' title="bbox 1963 1515 3543 1589; baseline 0.003 -20"><span class='ocrx_word' id='word_1_141' title='bbox 1963 1529 2087 1570; x_wconf 91' lang='lat' dir='ltr'><strong>nam</strong></span> <span class='ocrx_word' id='word_1_142' title='bbox 2147 1515 2500 1581; x_wconf 90' lang='lat' dir='ltr'><strong>instituimus,</strong></span> <span class='ocrx_word' id='word_1_143' title='bbox 2555 1530 2675 1585; x_wconf 63' lang='lat' dir='ltr'><strong>quae</strong></span> <span class='ocrx_word' id='word_1_144' title='bbox 2719 1530 2814 1571; x_wconf 90' lang='lat' dir='ltr'><strong>vos</strong></span> <span class='ocrx_word' id='word_1_145' title='bbox 2862 1534 2959 1589; x_wconf 91' lang='lat' dir='ltr'><strong>per</strong></span> <span class='ocrx_word' id='word_1_146' title='bbox 2995 1520 3131 1574; x_wconf 88' lang='lat' dir='ltr'><strong>viam</strong></span> <span class='ocrx_word' id='word_1_147' title='bbox 3171 1523 3543 1577; x_wconf 56' lang='lat' dir='ltr'><strong>mandaturum</strong></span> 
     </span>
    </p>
   </div>
   <div class='ocr_carea' id='block_1_26' title="bbox 1964 1603 3545 1679">
    <p class='ocr_par' dir='ltr' id='par_1_26' title="bbox 1964 1603 3545 1679">
     <span class='ocr_line' id='line_1_26' title="bbox 1964 1603 3545 1679; baseline 0.007 -21"><span class='ocrx_word' id='word_1_148' title='bbox 1964 1603 2059 1660; x_wconf 89' lang='lat' dir='ltr'><strong>Dei</strong></span> <span class='ocrx_word' id='word_1_149' title='bbox 2089 1604 2306 1659; x_wconf 85' lang='lat' dir='ltr'><strong>doceret</strong></span> <span class='ocrx_word' id='word_1_150' title='bbox 2332 1617 2570 1671; x_wconf 88' lang='lat' dir='ltr'><strong>currere,</strong></span> <span class='ocrx_word' id='word_1_151' title='bbox 2602 1615 2655 1661; x_wconf 90' lang='lat' dir='ltr'><strong>et</strong></span> <span class='ocrx_word' id='word_1_152' title='bbox 2680 1607 2746 1662; x_wconf 89' lang='lat' dir='ltr'><strong>ad</strong></span> <span class='ocrx_word' id='word_1_153' title='bbox 2772 1622 2934 1679; x_wconf 82' lang='lat' dir='ltr'><strong>regna</strong></span> <span class='ocrx_word' id='word_1_154' title='bbox 2963 1608 3218 1666; x_wconf 61' lang='lat' dir='ltr'><strong>caelorum</strong></span> <span class='ocrx_word' id='word_1_155' title='bbox 3245 1612 3443 1669; x_wconf 84' lang='lat' dir='ltr'><strong>laceret</strong></span> <span class='ocrx_word' id='word_1_156' title='bbox 3465 1618 3545 1668; x_wconf 60' lang='lat' dir='ltr'><strong>te-</strong></span> 
     </span>
    </p>
   </div>
   <div class='ocr_carea' id='block_1_27' title="bbox 1965 1694 2458 1763">
    <p class='ocr_par' dir='ltr' id='par_1_27' title="bbox 1965 1694 2458 1763">
     <span class='ocr_line' id='line_1_27' title="bbox 1965 1694 2458 1763; baseline 0.002 -15"><span class='ocrx_word' id='word_1_157' title='bbox 1965 1694 2139 1750; x_wconf 88' lang='lat' dir='ltr'><strong>liciter</strong></span> <span class='ocrx_word' id='word_1_158' title='bbox 2161 1695 2458 1763; x_wconf 82' lang='lat' dir='ltr'><strong>pervenire.</strong></span> 
     </span>
    </p>
   </div>
   <div class='ocr_carea' id='block_1_28' title="bbox 1282 1854 2540 1919">
    <p class='ocr_par' dir='ltr' id='par_1_28' title="bbox 1282 1854 2540 1919">
     <span class='ocr_line' id='line_1_28' title="bbox 1282 1854 2540 1919; baseline -0.004 0"><span class='ocrx_word' id='word_1_159' title='bbox 1282 1857 1682 1919; x_wconf 85' lang='lat' dir='ltr'><strong>INCIPIUNT</strong></span> <span class='ocrx_word' id='word_1_160' title='bbox 1728 1854 2121 1916; x_wconf 78' lang='lat' dir='ltr'><strong>CAPITULA</strong></span> <span class='ocrx_word' id='word_1_161' title='bbox 2167 1854 2540 1917; x_wconf 70' lang='lat' dir='ltr'><strong>REGULE.</strong></span> 
     </span>
    </p>
   </div>
   <div class='ocr_carea' id='block_1_29' title="bbox 280 1957 1859 2027">
    <p class='ocr_par' dir='ltr' id='par_1_29' title="bbox 280 1957 1859 2027">
     <span class='ocr_line' id='line_1_29' title="bbox 280 1957 1859 2027; baseline -0.004 -12"><span class='ocrx_word' id='word_1_162' title='bbox 280 1960 333 2015; x_wconf 93' lang='grc'><strong>1.</strong></span> <span class='ocrx_word' id='word_1_163' title='bbox 377 1958 700 2027; x_wconf 74' lang='lat' dir='ltr'><strong>Qmunque</strong></span> <span class='ocrx_word' id='word_1_164' title='bbox 718 1960 789 2013; x_wconf 89' lang='lat' dir='ltr'><strong>ad</strong></span> <span class='ocrx_word' id='word_1_165' title='bbox 815 1959 1193 2014; x_wconf 82' lang='lat' dir='ltr'><strong>conversionem</strong></span> <span class='ocrx_word' id='word_1_166' title='bbox 1234 1960 1440 2022; x_wconf 78' lang='lat' dir='ltr'><strong>venerit,</strong></span> <span class='ocrx_word' id='word_1_167' title='bbox 1460 1968 1509 2010; x_wconf 91' lang='lat' dir='ltr'><strong>et</strong></span> <span class='ocrx_word' id='word_1_168' title='bbox 1551 1957 1710 2027; x_wconf 80' lang='lat' dir='ltr'><strong>recipi</strong></span> <span class='ocrx_word' id='word_1_169' title='bbox 1731 1972 1785 2010; x_wconf 90' lang='lat' dir='ltr'><strong>se</strong></span> <span class='ocrx_word' id='word_1_170' title='bbox 1804 1957 1859 2009; x_wconf 90' lang='lat' dir='ltr'><strong>in</strong></span> 
     </span>
    </p>
   </div>
   <div class='ocr_carea' id='block_1_30' title="bbox 347 2026 1864 2108">
    <p class='ocr_par' dir='ltr' id='par_1_30' title="bbox 347 2026 1864 2108">
     <span class='ocr_line' id='line_1_30' title="bbox 347 2026 1864 2108; baseline -0.003 -27"><span class='ocrx_word' id='word_1_171' title='bbox 347 2026 708 2108; x_wconf 72' lang='lat' dir='ltr'><strong>monasterium</strong></span> <span class='ocrx_word' id='word_1_172' title='bbox 728 2040 997 2097; x_wconf 74' lang='lat' dir='ltr'><strong>rogaverit,</strong></span> <span class='ocrx_word' id='word_1_173' title='bbox 1021 2028 1275 2108; x_wconf 72' lang='lat' dir='ltr'><strong>Regulaei</strong></span> <span class='ocrx_word' id='word_1_174' title='bbox 1296 2029 1516 2108; x_wconf 68' lang='lat' dir='ltr'><strong>primum</strong></span> <span class='ocrx_word' id='word_1_175' title='bbox 1538 2028 1589 2079; x_wconf 91' lang='lat' dir='ltr'><strong>in</strong></span> <span class='ocrx_word' id='word_1_176' title='bbox 1612 2026 1864 2108; x_wconf 65' lang='lat' dir='ltr'><strong>salutato-</strong></span> 
     </span>
    </p>
   </div>
   <div class='ocr_carea' id='block_1_31' title="bbox 351 2096 1861 2168">
    <p class='ocr_par' dir='ltr' id='par_1_31' title="bbox 351 2096 1861 2168">
     <span class='ocr_line' id='line_1_31' title="bbox 351 2096 1861 2168; baseline -0.002 -17"><span class='ocrx_word' id='word_1_177' title='bbox 351 2099 429 2151; x_wconf 92' lang='lat' dir='ltr'><strong>rio</strong></span> <span class='ocrx_word' id='word_1_178' title='bbox 449 2097 649 2165; x_wconf 53' lang='lat' dir='ltr'><strong>legatur</strong></span> <span class='ocrx_word' id='word_1_179' title='bbox 677 2117 690 2152; x_wconf 89' lang='lat'><strong>:</strong></span> <span class='ocrx_word' id='word_1_180' title='bbox 721 2096 891 2154; x_wconf 82' lang='lat' dir='ltr'><strong>etcum</strong></span> <span class='ocrx_word' id='word_1_181' title='bbox 913 2107 1144 2168; x_wconf 85' lang='lat' dir='ltr'><strong>suscepta</strong></span> <span class='ocrx_word' id='word_1_182' title='bbox 1174 2096 1351 2168; x_wconf 87' lang='lat' dir='ltr'><strong>fuerit,</strong></span> <span class='ocrx_word' id='word_1_183' title='bbox 1372 2112 1533 2166; x_wconf 89' lang='lat' dir='ltr'><strong>usque</strong></span> <span class='ocrx_word' id='word_1_184' title='bbox 1555 2096 1623 2149; x_wconf 91' lang='lat' dir='ltr'><strong>ad</strong></span> <span class='ocrx_word' id='word_1_185' title='bbox 1650 2108 1861 2148; x_wconf 85' lang='lat' dir='ltr'><strong>mortem</strong></span> 
     </span>
    </p>
   </div>
   <div class='ocr_carea' id='block_1_32' title="bbox 350 2166 1390 2235">
    <p class='ocr_par' dir='ltr' id='par_1_32' title="bbox 350 2166 1390 2235">
     <span class='ocr_line' id='line_1_32' title="bbox 350 2166 1390 2235; baseline -0.002 -14"><span class='ocrx_word' id='word_1_186' title='bbox 350 2183 496 2221; x_wconf 89' lang='lat' dir='ltr'><strong>suam</strong></span> <span class='ocrx_word' id='word_1_187' title='bbox 516 2169 579 2221; x_wconf 85' lang='lat' dir='ltr'><strong>de</strong></span> <span class='ocrx_word' id='word_1_188' title='bbox 618 2170 920 2222; x_wconf 86' lang='lat' dir='ltr'><strong>monasterio</strong></span> <span class='ocrx_word' id='word_1_189' title='bbox 949 2166 1390 2235; x_wconf 36' lang='lat' dir='ltr'><strong>non&#39;egrediatur.</strong></span> 
     </span>
    </p>
   </div>
   <div class='ocr_carea' id='block_1_33' title="bbox 1970 1954 3544 2027">
    <p class='ocr_par' dir='ltr' id='par_1_33' title="bbox 1970 1954 3544 2027">
     <span class='ocr_line' id='line_1_33' title="bbox 1970 1954 3544 2027; baseline 0.002 -19"><span class='ocrx_word' id='word_1_190' title='bbox 1970 1954 2060 2010; x_wconf 88' lang='grc'><strong>19.</strong></span> <span class='ocrx_word' id='word_1_191' title='bbox 2090 1954 2253 2027; x_wconf 83' lang='lat' dir='ltr'><strong>Nulla</strong></span> <span class='ocrx_word' id='word_1_192' title='bbox 2291 1972 2445 2027; x_wconf 84' lang='lat' dir='ltr'><strong>opera</strong></span> <span class='ocrx_word' id='word_1_193' title='bbox 2492 1970 2585 2024; x_wconf 88' lang='lat' dir='ltr'><strong>pro</strong></span> <span class='ocrx_word' id='word_1_194' title='bbox 2614 1972 2705 2027; x_wconf 85' lang='lat' dir='ltr'><strong>suo</strong></span> <span class='ocrx_word' id='word_1_195' title='bbox 2750 1956 2892 2010; x_wconf 88' lang='lat' dir='ltr'><strong>libita</strong></span> <span class='ocrx_word' id='word_1_196' title='bbox 2927 1957 3118 2027; x_wconf 82' lang='lat' dir='ltr'><strong>eligant</strong></span> <span class='ocrx_word' id='word_1_197' title='bbox 3157 1959 3405 2026; x_wconf 77' lang='lat' dir='ltr'><strong>facienda,</strong></span> <span class='ocrx_word' id='word_1_198' title='bbox 3452 1961 3544 2013; x_wconf 80' lang='lat' dir='ltr'><strong>sed</strong></span> 
     </span>
    </p>
   </div>
   <div class='ocr_carea' id='block_1_34' title="bbox 2032 2025 3455 2097">
    <p class='ocr_par' dir='ltr' id='par_1_34' title="bbox 2032 2025 3455 2097">
     <span class='ocr_line' id='line_1_34' title="bbox 2032 2025 3455 2097; baseline 0.003 -20"><span class='ocrx_word' id='word_1_199' title='bbox 2032 2026 2169 2097; x_wconf 70' lang='lat' dir='ltr'><strong>qugd</strong></span> <span class='ocrx_word' id='word_1_200' title='bbox 2188 2025 2252 2078; x_wconf 89' lang='lat' dir='ltr'><strong>ab</strong></span> <span class='ocrx_word' id='word_1_201' title='bbox 2276 2025 2532 2079; x_wconf 81' lang='lat' dir='ltr'><strong>abbatissa</strong></span> <span class='ocrx_word' id='word_1_202' title='bbox 2550 2025 2626 2079; x_wconf 80' lang='lat' dir='ltr'><strong>vel</strong></span> <span class='ocrx_word' id='word_1_203' title='bbox 2654 2028 2929 2097; x_wconf 63' lang='lat' dir='ltr'><strong>praeposita</strong></span> <span class='ocrx_word' id='word_1_204' title='bbox 2957 2025 3255 2094; x_wconf 80' lang='lat' dir='ltr'><strong>imperatum</strong></span> <span class='ocrx_word' id='word_1_205' title='bbox 3285 2031 3455 2097; x_wconf 88' lang='lat' dir='ltr'><strong>fuerit.</strong></span> 
     </span>
    </p>
   </div>
   <div class='ocr_carea' id='block_1_35' title="bbox 1961 2093 3544 2218">
    <p class='ocr_par' dir='ltr' id='par_1_35' title="bbox 1961 2093 3544 2218">
     <span class='ocr_line' id='line_1_35' title="bbox 1961 2093 3544 2165; baseline 0.001 -17"><span class='ocrx_word' id='word_1_206' title='bbox 1961 2093 2050 2148; x_wconf 88' lang='grc'><strong>20.</strong></span> <span class='ocrx_word' id='word_1_207' title='bbox 2082 2093 2210 2148; x_wconf 88' lang='lat' dir='ltr'><strong>Cum</strong></span> <span class='ocrx_word' id='word_1_208' title='bbox 2234 2106 2507 2165; x_wconf 82' lang='lat' dir='ltr'><strong>operantur</strong></span> <span class='ocrx_word' id='word_1_209' title='bbox 2531 2093 2783 2163; x_wconf 76' lang='lat' dir='ltr'><strong>manibus,</strong></span> <span class='ocrx_word' id='word_1_210' title='bbox 2810 2093 3073 2151; x_wconf 82' lang='lat' dir='ltr'><strong>meditatio</strong></span> <span class='ocrx_word' id='word_1_211' title='bbox 3101 2093 3369 2152; x_wconf 44' lang='lat' dir='ltr'><strong>sancta&#39;de</strong></span> <span class='ocrx_word' id='word_1_212' title='bbox 3389 2100 3544 2151; x_wconf 81' lang='lat' dir='ltr'><strong>corde</strong></span> 
     </span>
     <span class='ocr_line' id='line_1_36' title="bbox 2033 2174 2975 2218; baseline 0.002 -2"><span class='ocrx_word' id='word_1_213' title='bbox 2033 2180 2133 2217; x_wconf 89' lang='lat' dir='ltr'><strong>non</strong></span> <span class='ocrx_word' id='word_1_214' title='bbox 2163 2174 2339 2218; x_wconf 80' lang='lat' dir='ltr'><strong>cesset.</strong></span> <span class='ocrx_word' id='word_1_215' title='bbox 2908 2190 2975 2218; x_wconf 63' lang='grc' dir='ltr'><strong>ρ</strong></span> 
     </span>
    </p>
   </div>
   <div class='ocr_carea' id='block_1_36' title="bbox 277 2190 3542 2329">
    <p class='ocr_par' dir='ltr' id='par_1_36' title="bbox 277 2190 3542 2329">
     <span class='ocr_line' id='line_1_37' title="bbox 350 2190 2975 2250; baseline -0.002 -29"><span class='ocrx_word' id='word_1_216' title='bbox 350 2190 496 2221; x_wconf 72' lang='lat' dir='ltr'><strong>suum</strong></span> <span class='ocrx_word' id='word_1_217' title='bbox 516 2190 579 2221; x_wconf 75' lang='lat' dir='ltr'><strong>ac</strong></span> <span class='ocrx_word' id='word_1_218' title='bbox 618 2190 920 2222; x_wconf 76' lang='lat' dir='ltr'><strong>monasteria</strong></span> <span class='ocrx_word' id='word_1_219' title='bbox 949 2190 1050 2221; x_wconf 85' lang='lat' dir='ltr'><strong>non</strong></span> <span class='ocrx_word' id='word_1_220' title='bbox 1080 2190 1410 2248; x_wconf 52' lang='grc' dir='ltr'><strong>εςϊερψιιιτ..</strong></span> <span class='ocrx_word' id='word_1_221' title='bbox 1440 2234 1453 2247; x_wconf 54' lang='grc'><strong>⁸</strong></span> <span class='ocrx_word' id='word_1_222' title='bbox 2033 2190 2360 2246; x_wconf 50' lang='lat'><strong>&quot;011.563665.‘</strong></span> <span class='ocrx_word' id='word_1_223' title='bbox 2542 2235 2556 2249; x_wconf 51' lang='grc'><strong><em>⁸</em></strong></span> <span class='ocrx_word' id='word_1_224' title='bbox 2874 2236 2885 2245; x_wconf 47' lang='grc'><strong><em>⁸</em></strong></span> <span class='ocrx_word' id='word_1_225' title='bbox 2908 2190 2975 2250; x_wconf 74' lang='lat'><em>.</em></span> 
     </span>
     <span class='ocr_line' id='line_1_38' title="bbox 277 2232 3542 2329; baseline 0 0"><span class='ocrx_word' id='word_1_226' title='bbox 277 2237 333 2292; x_wconf 65' lang='grc' dir='ltr'><strong>ε·</strong></span> <span class='ocrx_word' id='word_1_227' title='bbox 361 2236 1328 2329; x_wconf 49' lang='lat' dir='ltr'><strong>Isauria“retractantem</strong></span> <span class='ocrx_word' id='word_1_228' title='bbox 1356 2249 1451 2329; x_wconf 66' lang='lat' dir='ltr'><strong>me</strong></span> <span class='ocrx_word' id='word_1_229' title='bbox 1474 2233 1677 2288; x_wconf 59' lang='lat' dir='ltr'><strong>dum</strong></span> <span class='ocrx_word' id='word_1_230' title='bbox 1698 2233 1762 2286; x_wconf 73' lang='grc' dir='ltr'><em>άε</em></span> <span class='ocrx_word' id='word_1_231' title='bbox 1783 2235 1863 2303; x_wconf 76' lang='grc' dir='ltr'><strong>ια·</strong></span> <span class='ocrx_word' id='word_1_232' title='bbox 1894 2269 1939 2329; x_wconf 89' lang='lat' dir='ltr'><strong>B</strong></span> <span class='ocrx_word' id='word_1_233' title='bbox 1963 2232 2209 2329; x_wconf 57' lang='lat'><strong>&quot;£332</strong></span> <span class='ocrx_word' id='word_1_234' title='bbox 2416 2235 3216 2329; x_wconf 64' lang='lat' dir='ltr'><strong>€TP1?.5?.’1‘.&quot;3&quot;.&#39;1‘2:_:‘_P“““</strong></span> <span class='ocrx_word' id='word_1_235' title='bbox 3247 2252 3396 2289; x_wconf 75' lang='grc' dir='ltr'><strong>ειιιυκ</strong></span> <span class='ocrx_word' id='word_1_236' title='bbox 3420 2255 3542 2306; x_wconf 65' lang='lat' dir='ltr'><strong>Pw-</strong></span> 
     </span>
    </p>
   </div>
   <div class='ocr_carea' id='block_1_37' title="bbox 353 2306 1218 2373">
    <p class='ocr_par' dir='ltr' id='par_1_37' title="bbox 353 2306 1218 2373">
     <span class='ocr_line' id='line_1_39' title="bbox 353 2306 1218 2373; baseline -0.001 -14"><span class='ocrx_word' id='word_1_237' title='bbox 353 2306 541 2359; x_wconf 89' lang='lat' dir='ltr'><strong>cultate</strong></span> <span class='ocrx_word' id='word_1_238' title='bbox 568 2323 664 2360; x_wconf 86' lang='lat' dir='ltr'><strong>sua</strong></span> <span class='ocrx_word' id='word_1_239' title='bbox 692 2308 774 2360; x_wconf 87' lang='lat' dir='ltr'><strong>cui</strong></span> <span class='ocrx_word' id='word_1_240' title='bbox 800 2306 1011 2360; x_wconf 73' lang='lat' dir='ltr'><strong>uoluerit</strong></span> <span class='ocrx_word' id='word_1_241' title='bbox 1042 2307 1218 2373; x_wconf 87' lang='lat' dir='ltr'><strong>faciat.</strong></span> 
     </span>
    </p>
   </div>
   <div class='ocr_carea' id='block_1_38' title="bbox 279 2372 1862 2445">
    <p class='ocr_par' dir='ltr' id='par_1_38' title="bbox 279 2372 1862 2445">
     <span class='ocr_line' id='line_1_40' title="bbox 279 2372 1862 2445; baseline -0.005 -13"><span class='ocrx_word' id='word_1_242' title='bbox 279 2377 335 2433; x_wconf 74' lang='lat'><strong>3.</strong></span> <span class='ocrx_word' id='word_1_243' title='bbox 378 2375 527 2430; x_wconf 79' lang='lat' dir='ltr'><strong>Nihil</strong></span> <span class='ocrx_word' id='word_1_244' title='bbox 548 2378 743 2430; x_wconf 85' lang='lat' dir='ltr'><strong>occulte</strong></span> <span class='ocrx_word' id='word_1_245' title='bbox 764 2372 1155 2444; x_wconf 74' lang='lat' dir='ltr'><strong>accipiendum;</strong></span> <span class='ocrx_word' id='word_1_246' title='bbox 1183 2376 1273 2429; x_wconf 84' lang='lat' dir='ltr'><strong>sed</strong></span> <span class='ocrx_word' id='word_1_247' title='bbox 1293 2375 1338 2429; x_wconf 92' lang='lat' dir='ltr'><strong>si</strong></span> <span class='ocrx_word' id='word_1_248' title='bbox 1356 2374 1480 2445; x_wconf 89' lang='lat' dir='ltr'><strong>quid</strong></span> <span class='ocrx_word' id='word_1_249' title='bbox 1508 2372 1862 2445; x_wconf 79' lang='lat' dir='ltr'><strong>transmissum</strong></span> 
     </span>
    </p>
   </div>
   <div class='ocr_carea' id='block_1_39' title="bbox 352 2443 1863 2515">
    <p class='ocr_par' dir='ltr' id='par_1_39' title="bbox 352 2443 1863 2515">
     <span class='ocr_line' id='line_1_41' title="bbox 352 2443 1863 2515; baseline -0.002 -17"><span class='ocrx_word' id='word_1_250' title='bbox 352 2447 529 2515; x_wconf 87' lang='lat' dir='ltr'><strong>fuerit,</strong></span> <span class='ocrx_word' id='word_1_251' title='bbox 556 2457 600 2499; x_wconf 90' lang='lat' dir='ltr'><strong>et</strong></span> <span class='ocrx_word' id='word_1_252' title='bbox 626 2447 703 2499; x_wconf 84' lang='lat' dir='ltr'><strong>illi</strong></span> <span class='ocrx_word' id='word_1_253' title='bbox 724 2448 803 2499; x_wconf 89' lang='lat' dir='ltr'><strong>cui</strong></span> <span class='ocrx_word' id='word_1_254' title='bbox 845 2443 1200 2500; x_wconf 80' lang='lat' dir='ltr'><strong>transmittitur</strong></span> <span class='ocrx_word' id='word_1_255' title='bbox 1229 2443 1429 2498; x_wconf 80' lang='lat' dir='ltr'><strong>necesse</strong></span> <span class='ocrx_word' id='word_1_256' title='bbox 1471 2459 1572 2496; x_wconf 88' lang='lat' dir='ltr'><strong>non</strong></span> <span class='ocrx_word' id='word_1_257' title='bbox 1602 2444 1776 2515; x_wconf 79' lang='lat' dir='ltr'><strong>fuerit,</strong></span> <span class='ocrx_word' id='word_1_258' title='bbox 1810 2443 1863 2495; x_wconf 91' lang='lat' dir='ltr'><strong>in</strong></span> 
     </span>
    </p>
   </div>
   <div class='ocr_carea' id='block_1_40' title="bbox 350 2512 1813 2579">
    <p class='ocr_par' dir='ltr' id='par_1_40' title="bbox 350 2512 1813 2579">
     <span class='ocr_line' id='line_1_42' title="bbox 350 2512 1813 2579; baseline -0.003 -12"><span class='ocrx_word' id='word_1_259' title='bbox 350 2512 615 2569; x_wconf 79' lang='lat' dir='ltr'><strong>commune</strong></span> <span class='ocrx_word' id='word_1_260' title='bbox 633 2517 913 2579; x_wconf 89' lang='lat' dir='ltr'><strong>redactum,</strong></span> <span class='ocrx_word' id='word_1_261' title='bbox 948 2518 1030 2569; x_wconf 89' lang='lat' dir='ltr'><strong>cui</strong></span> <span class='ocrx_word' id='word_1_262' title='bbox 1058 2524 1133 2568; x_wconf 89' lang='lat' dir='ltr'><strong>cst</strong></span> <span class='ocrx_word' id='word_1_263' title='bbox 1154 2516 1506 2577; x_wconf 84' lang='lat' dir='ltr'><strong>necessarium,</strong></span> <span class='ocrx_word' id='word_1_264' title='bbox 1542 2512 1813 2565; x_wconf 87' lang='lat' dir='ltr'><strong>tribuatur.</strong></span> 
     </span>
    </p>
   </div>
   <div class='ocr_carea' id='block_1_41' title="bbox 280 2581 1862 2653">
    <p class='ocr_par' dir='ltr' id='par_1_41' title="bbox 280 2581 1862 2653">
     <span class='ocr_line' id='line_1_43' title="bbox 280 2581 1862 2653; baseline -0.004 -14"><span class='ocrx_word' id='word_1_265' title='bbox 280 2585 337 2639; x_wconf 70' lang='grc'><strong>4.</strong></span> <span class='ocrx_word' id='word_1_266' title='bbox 380 2583 639 2651; x_wconf 81' lang='lat' dir='ltr'><strong>Epistolas</strong></span> <span class='ocrx_word' id='word_1_267' title='bbox 664 2601 755 2638; x_wconf 87' lang='lat' dir='ltr'><strong>nec</strong></span> <span class='ocrx_word' id='word_1_268' title='bbox 793 2586 989 2639; x_wconf 87' lang='lat' dir='ltr'><strong>dandas</strong></span> <span class='ocrx_word' id='word_1_269' title='bbox 1035 2600 1125 2637; x_wconf 88' lang='lat' dir='ltr'><strong>nec</strong></span> <span class='ocrx_word' id='word_1_270' title='bbox 1162 2584 1489 2653; x_wconf 87' lang='lat' dir='ltr'><strong>accipiendas</strong></span> <span class='ocrx_word' id='word_1_271' title='bbox 1514 2584 1624 2637; x_wconf 83' lang='lat' dir='ltr'><strong>sine</strong></span> <span class='ocrx_word' id='word_1_272' title='bbox 1652 2581 1862 2635; x_wconf 86' lang='lat' dir='ltr'><strong>scientia</strong></span> 
     </span>
    </p>
   </div>
   <div class='ocr_carea' id='block_1_42' title="bbox 353 2656 1032 2723">
    <p class='ocr_par' dir='ltr' id='par_1_42' title="bbox 353 2656 1032 2723">
     <span class='ocr_line' id='line_1_44' title="bbox 353 2656 1032 2723; baseline 0.004 -16"><span class='ocrx_word' id='word_1_273' title='bbox 353 2664 443 2708; x_wconf 85' lang='lat' dir='ltr'><strong>aut</strong></span> <span class='ocrx_word' id='word_1_274' title='bbox 471 2656 719 2723; x_wconf 84' lang='lat' dir='ltr'><strong>permissu</strong></span> <span class='ocrx_word' id='word_1_275' title='bbox 741 2656 1032 2710; x_wconf 71' lang='lat' dir='ltr'><strong>abbatisstz.</strong></span> 
     </span>
    </p>
   </div>
   <div class='ocr_carea' id='block_1_43' title="bbox 281 2727 1864 2802">
    <p class='ocr_par' dir='ltr' id='par_1_43' title="bbox 281 2727 1864 2802">
     <span class='ocr_line' id='line_1_45' title="bbox 281 2727 1864 2802; baseline -0.004 -14"><span class='ocrx_word' id='word_1_276' title='bbox 281 2733 334 2788; x_wconf 74' lang='grc' dir='ltr'><strong>ὅ.</strong></span> <span class='ocrx_word' id='word_1_277' title='bbox 379 2732 544 2788; x_wconf 82' lang='lat' dir='ltr'><strong>Nulla</strong></span> <span class='ocrx_word' id='word_1_278' title='bbox 566 2734 703 2788; x_wconf 90' lang='lat' dir='ltr'><strong>circa</strong></span> <span class='ocrx_word' id='word_1_279' title='bbox 729 2735 914 2788; x_wconf 90' lang='lat' dir='ltr'><strong>lectum</strong></span> <span class='ocrx_word' id='word_1_280' title='bbox 941 2748 1116 2798; x_wconf 90' lang='lat' dir='ltr'><strong>suum,</strong></span> <span class='ocrx_word' id='word_1_281' title='bbox 1140 2731 1278 2802; x_wconf 90' lang='lat' dir='ltr'><strong>quod</strong></span> <span class='ocrx_word' id='word_1_282' title='bbox 1316 2729 1612 2786; x_wconf 82' lang='lat' dir='ltr'><strong>manducari</strong></span> <span class='ocrx_word' id='word_1_283' title='bbox 1649 2737 1740 2783; x_wconf 86' lang='lat' dir='ltr'><strong>aut</strong></span> <span class='ocrx_word' id='word_1_284' title='bbox 1760 2727 1864 2782; x_wconf 88' lang='lat' dir='ltr'><strong>bibi</strong></span> 
     </span>
    </p>
   </div>
   <div class='ocr_carea' id='block_1_44' title="bbox 279 2812 1675 2927">
    <p class='ocr_par' dir='ltr' id='par_1_44' title="bbox 279 2812 1675 2927">
     <span class='ocr_line' id='line_1_46' title="bbox 279 2812 1675 2927; baseline -0.002 -1"><span class='ocrx_word' id='word_1_285' title='bbox 279 2869 335 2926; x_wconf 79' lang='grc' dir='ltr'><strong>ϐ.</strong></span> <span class='ocrx_word' id='word_1_286' title='bbox 353 2814 543 2926; x_wconf 53' lang='lat' dir='ltr'><strong>prmi};</strong></span> <span class='ocrx_word' id='word_1_287' title='bbox 556 2812 813 2926; x_wconf 57' lang='lat' dir='ltr'><strong>¢:s‘Iit</strong></span> <span class='ocrx_word' id='word_1_288' title='bbox 831 2871 1162 2927; x_wconf 88' lang='lat' dir='ltr'><strong>armariolum</strong></span> <span class='ocrx_word' id='word_1_289' title='bbox 1190 2870 1446 2926; x_wconf 76' lang='lat' dir='ltr'><strong>peculiare</strong></span> <span class='ocrx_word' id='word_1_290' title='bbox 1473 2867 1675 2923; x_wconf 77' lang='lat' dir='ltr'><strong>habeat.</strong></span> 
     </span>
    </p>
   </div>
   <div class='ocr_carea' id='block_1_45' title="bbox 283 2941 827 3013">
    <p class='ocr_par' dir='ltr' id='par_1_45' title="bbox 283 2941 827 3013">
     <span class='ocr_line' id='line_1_47' title="bbox 283 2941 827 3013; baseline 0.004 -18"><span class='ocrx_word' id='word_1_291' title='bbox 283 2943 339 3013; x_wconf 59' lang='grc' dir='ltr'><strong>ἶ.</strong></span> <span class='ocrx_word' id='word_1_292' title='bbox 382 2941 504 3013; x_wconf 60' lang='lat' dir='ltr'><strong>{Yon</strong></span> <span class='ocrx_word' id='word_1_293' title='bbox 524 2942 827 3013; x_wconf 70' lang='lat' dir='ltr'><strong>furandum.</strong></span> 
     </span>
    </p>
   </div>
   <div class='ocr_carea' id='block_1_46' title="bbox 282 3010 959 3068">
    <p class='ocr_par' dir='ltr' id='par_1_46' title="bbox 282 3010 959 3068">
     <span class='ocr_line' id='line_1_48' title="bbox 282 3010 959 3068; baseline 0.004 -3"><span class='ocrx_word' id='word_1_294' title='bbox 282 3012 339 3065; x_wconf 87' lang='lat'><strong>8.</strong></span> <span class='ocrx_word' id='word_1_295' title='bbox 380 3010 503 3065; x_wconf 87' lang='lat' dir='ltr'><strong>Non</strong></span> <span class='ocrx_word' id='word_1_296' title='bbox 525 3010 959 3068; x_wconf 76' lang='lat' dir='ltr'><strong>maledicendum.</strong></span> 
     </span>
    </p>
   </div>
   <div class='ocr_carea' id='block_1_47' title="bbox 284 3079 900 3135">
    <p class='ocr_par' dir='ltr' id='par_1_47' title="bbox 284 3079 900 3135">
     <span class='ocr_line' id='line_1_49' title="bbox 284 3079 900 3135; baseline 0.002 -2"><span class='ocrx_word' id='word_1_297' title='bbox 284 3082 338 3134; x_wconf 88' lang='lat'><strong>9.</strong></span> <span class='ocrx_word' id='word_1_298' title='bbox 383 3079 503 3134; x_wconf 89' lang='lat' dir='ltr'><strong>Non</strong></span> <span class='ocrx_word' id='word_1_299' title='bbox 535 3083 900 3135; x_wconf 83' lang='lat' dir='ltr'><strong>utentiendum.</strong></span> 
     </span>
    </p>
   </div>
   <div class='ocr_carea' id='block_1_48' title="bbox 282 3148 1407 3218">
    <p class='ocr_par' dir='ltr' id='par_1_48' title="bbox 282 3148 1407 3218">
     <span class='ocr_line' id='line_1_50' title="bbox 282 3148 1407 3218; baseline -0.002 -15"><span class='ocrx_word' id='word_1_300' title='bbox 282 3150 371 3205; x_wconf 88' lang='grc' dir='ltr'><strong>1ο.</strong></span> <span class='ocrx_word' id='word_1_301' title='bbox 415 3148 749 3204; x_wconf 81' lang='lat' dir='ltr'><strong>lracundiam</strong></span> <span class='ocrx_word' id='word_1_302' title='bbox 770 3151 968 3218; x_wconf 84' lang='lat' dir='ltr'><strong>penitus</strong></span> <span class='ocrx_word' id='word_1_303' title='bbox 995 3164 1096 3204; x_wconf 89' lang='lat' dir='ltr'><strong>non</strong></span> <span class='ocrx_word' id='word_1_304' title='bbox 1120 3148 1407 3203; x_wconf 85' lang='lat' dir='ltr'><strong>tenendam.</strong></span> 
     </span>
    </p>
   </div>
   <div class='ocr_carea' id='block_1_49' title="bbox 281 3219 1466 3274">
    <p class='ocr_par' dir='ltr' id='par_1_49' title="bbox 281 3219 1466 3274">
     <span class='ocr_line' id='line_1_51' title="bbox 281 3219 1466 3274; baseline -0.003 0"><span class='ocrx_word' id='word_1_305' title='bbox 281 3221 373 3274; x_wconf 87' lang='grc'><strong>11.</strong></span> <span class='ocrx_word' id='word_1_306' title='bbox 413 3219 579 3273; x_wconf 89' lang='lat' dir='ltr'><strong>Soror</strong></span> <span class='ocrx_word' id='word_1_307' title='bbox 598 3222 650 3273; x_wconf 86' lang='lat' dir='ltr'><strong>in</strong></span> <span class='ocrx_word' id='word_1_308' title='bbox 672 3236 894 3274; x_wconf 84' lang='lat' dir='ltr'><strong>sororem</strong></span> <span class='ocrx_word' id='word_1_309' title='bbox 922 3236 1125 3272; x_wconf 87' lang='lat' dir='ltr'><strong>manum</strong></span> <span class='ocrx_word' id='word_1_310' title='bbox 1145 3235 1247 3272; x_wconf 90' lang='lat' dir='ltr'><strong>non</strong></span> <span class='ocrx_word' id='word_1_311' title='bbox 1276 3219 1466 3271; x_wconf 86' lang='lat' dir='ltr'><strong>mittat.</strong></span> 
     </span>
    </p>
   </div>
   <div class='ocr_carea' id='block_1_50' title="bbox 280 3296 1859 3365">
    <p class='ocr_par' dir='ltr' id='par_1_50' title="bbox 280 3296 1859 3365">
     <span class='ocr_line' id='line_1_52' title="bbox 280 3296 1859 3365; baseline -0.004 -12"><span class='ocrx_word' id='word_1_312' title='bbox 280 3300 371 3353; x_wconf 80' lang='grc'><strong>12.</strong></span> <span class='ocrx_word' id='word_1_313' title='bbox 416 3298 565 3352; x_wconf 80' lang='lat' dir='ltr'><strong>Nulli</strong></span> <span class='ocrx_word' id='word_1_314' title='bbox 595 3300 744 3353; x_wconf 85' lang='lat' dir='ltr'><strong>liceat</strong></span> <span class='ocrx_word' id='word_1_315' title='bbox 771 3300 838 3353; x_wconf 91' lang='lat' dir='ltr'><strong>ad</strong></span> <span class='ocrx_word' id='word_1_316' title='bbox 868 3298 1199 3352; x_wconf 85' lang='lat' dir='ltr'><strong>salutandum</strong></span> <span class='ocrx_word' id='word_1_317' title='bbox 1226 3298 1364 3351; x_wconf 76' lang='lat' dir='ltr'><strong>exire</strong></span> <span class='ocrx_word' id='word_1_318' title='bbox 1390 3296 1486 3350; x_wconf 91' lang='lat' dir='ltr'><strong>nisi</strong></span> <span class='ocrx_word' id='word_1_319' title='bbox 1512 3310 1629 3349; x_wconf 89' lang='lat' dir='ltr'><strong>cum</strong></span> <span class='ocrx_word' id='word_1_320' title='bbox 1659 3310 1859 3365; x_wconf 64' lang='lat' dir='ltr'><strong>praepo-</strong></span> 
     </span>
    </p>
   </div>
   <div class='ocr_carea' id='block_1_51' title="bbox 350 3366 1002 3439">
    <p class='ocr_par' dir='ltr' id='par_1_51' title="bbox 350 3366 1002 3439">
     <span class='ocr_line' id='line_1_53' title="bbox 350 3366 1002 3439; baseline 0 -16"><span class='ocrx_word' id='word_1_321' title='bbox 350 3366 451 3423; x_wconf 86' lang='lat' dir='ltr'><strong>sita</strong></span> <span class='ocrx_word' id='word_1_322' title='bbox 479 3377 565 3422; x_wconf 88' lang='lat' dir='ltr'><strong>aut</strong></span> <span class='ocrx_word' id='word_1_323' title='bbox 584 3370 759 3439; x_wconf 87' lang='lat' dir='ltr'><strong>aliqua</strong></span> <span class='ocrx_word' id='word_1_324' title='bbox 784 3370 1002 3423; x_wconf 84' lang='lat' dir='ltr'><strong>seniore.</strong></span> 
     </span>
    </p>
   </div>
   <div class='ocr_carea' id='block_1_52' title="bbox 283 3444 1856 3513">
    <p class='ocr_par' dir='ltr' id='par_1_52' title="bbox 283 3444 1856 3513">
     <span class='ocr_line' id='line_1_54' title="bbox 283 3444 1856 3513; baseline -0.002 -13"><span class='ocrx_word' id='word_1_325' title='bbox 283 3447 368 3500; x_wconf 77' lang='grc'><strong>13.</strong></span> <span class='ocrx_word' id='word_1_326' title='bbox 411 3446 611 3501; x_wconf 80' lang='lat' dir='ltr'><strong>Ancilla</strong></span> <span class='ocrx_word' id='word_1_327' title='bbox 636 3465 738 3500; x_wconf 89' lang='lat' dir='ltr'><strong>non</strong></span> <span class='ocrx_word' id='word_1_328' title='bbox 767 3448 1082 3513; x_wconf 73' lang='lat' dir='ltr'><strong>excipiatur;</strong></span> <span class='ocrx_word' id='word_1_329' title='bbox 1125 3446 1306 3499; x_wconf 89' lang='lat' dir='ltr'><strong>liberta</strong></span> <span class='ocrx_word' id='word_1_330' title='bbox 1332 3454 1499 3499; x_wconf 91' lang='lat' dir='ltr'><strong>tamen</strong></span> <span class='ocrx_word' id='word_1_331' title='bbox 1523 3444 1568 3499; x_wconf 93' lang='lat' dir='ltr'><strong>si</strong></span> <span class='ocrx_word' id='word_1_332' title='bbox 1588 3454 1679 3512; x_wconf 90' lang='lat' dir='ltr'><strong>est,</strong></span> <span class='ocrx_word' id='word_1_333' title='bbox 1700 3452 1747 3497; x_wconf 88' lang='lat' dir='ltr'><strong>et</strong></span> <span class='ocrx_word' id='word_1_334' title='bbox 1768 3444 1856 3498; x_wconf 88' lang='lat' dir='ltr'><strong>ab-</strong></span> 
     </span>
    </p>
   </div>
   <div class='ocr_carea' id='block_1_53' title="bbox 353 3516 1267 3587">
    <p class='ocr_par' dir='ltr' id='par_1_53' title="bbox 353 3516 1267 3587">
     <span class='ocr_line' id='line_1_55' title="bbox 353 3516 1267 3587; baseline -0.001 -18"><span class='ocrx_word' id='word_1_335' title='bbox 353 3518 508 3570; x_wconf 88' lang='lat' dir='ltr'><strong>batiss</strong></span> <span class='ocrx_word' id='word_1_336' title='bbox 528 3535 554 3567; x_wconf 70' lang='lat' dir='ltr'><strong><em>v:</em></strong></span> <span class='ocrx_word' id='word_1_337' title='bbox 579 3520 739 3571; x_wconf 84' lang='lat' dir='ltr'><strong>uisum</strong></span> <span class='ocrx_word' id='word_1_338' title='bbox 762 3520 934 3587; x_wconf 87' lang='lat' dir='ltr'><strong>fuerit,</strong></span> <span class='ocrx_word' id='word_1_339' title='bbox 963 3516 1267 3585; x_wconf 76' lang='lat' dir='ltr'><strong>excipiatur.</strong></span> 
     </span>
    </p>
   </div>
   <div class='ocr_carea' id='block_1_54' title="bbox 283 3592 1855 3649">
    <p class='ocr_par' dir='ltr' id='par_1_54' title="bbox 283 3592 1855 3649">
     <span class='ocr_line' id='line_1_56' title="bbox 283 3592 1855 3649; baseline -0.001 -1"><span class='ocrx_word' id='word_1_340' title='bbox 283 3594 371 3648; x_wconf 77' lang='lat' dir='ltr'><strong>H.</strong></span> <span class='ocrx_word' id='word_1_341' title='bbox 405 3595 512 3647; x_wconf 83' lang='lat' dir='ltr'><strong>Nec</strong></span> <span class='ocrx_word' id='word_1_342' title='bbox 537 3596 631 3648; x_wconf 78' lang='lat' dir='ltr'><strong>viri</strong></span> <span class='ocrx_word' id='word_1_343' title='bbox 653 3612 745 3648; x_wconf 87' lang='lat' dir='ltr'><strong>nec</strong></span> <span class='ocrx_word' id='word_1_344' title='bbox 765 3597 1002 3649; x_wconf 81' lang='lat' dir='ltr'><strong>mulieres</strong></span> <span class='ocrx_word' id='word_1_345' title='bbox 1023 3595 1294 3649; x_wconf 70' lang='lat' dir='ltr'><strong>sa’culares</strong></span> <span class='ocrx_word' id='word_1_346' title='bbox 1322 3594 1373 3646; x_wconf 90' lang='lat' dir='ltr'><strong>in</strong></span> <span class='ocrx_word' id='word_1_347' title='bbox 1395 3592 1754 3646; x_wconf 89' lang='lat' dir='ltr'><strong>monasterium</strong></span> <span class='ocrx_word' id='word_1_348' title='bbox 1777 3593 1855 3646; x_wconf 86' lang='lat' dir='ltr'><strong>in-</strong></span> 
     </span>
    </p>
   </div>
   <div class='ocr_carea' id='block_1_55' title="bbox 351 3661 1854 3734">
    <p class='ocr_par' dir='ltr' id='par_1_55' title="bbox 351 3661 1854 3734">
     <span class='ocr_line' id='line_1_57' title="bbox 351 3661 1854 3734; baseline 0.001 -19"><span class='ocrx_word' id='word_1_349' title='bbox 351 3666 647 3734; x_wconf 86' lang='lat' dir='ltr'><strong>grediantur</strong></span> <span class='ocrx_word' id='word_1_350' title='bbox 699 3676 882 3734; x_wconf 70' lang='lat' dir='ltr'><strong>praeter</strong></span> <span class='ocrx_word' id='word_1_351' title='bbox 934 3666 986 3719; x_wconf 91' lang='lat' dir='ltr'><strong>in</strong></span> <span class='ocrx_word' id='word_1_352' title='bbox 1028 3664 1290 3719; x_wconf 89' lang='lat' dir='ltr'><strong>basilicam</strong></span> <span class='ocrx_word' id='word_1_353' title='bbox 1320 3661 1553 3717; x_wconf 80' lang='lat' dir='ltr'><strong>Dominte</strong></span> <span class='ocrx_word' id='word_1_354' title='bbox 1574 3661 1777 3730; x_wconf 68' lang='lat' dir='ltr'><strong>Marica,</strong></span> <span class='ocrx_word' id='word_1_355' title='bbox 1806 3673 1854 3717; x_wconf 90' lang='lat' dir='ltr'><strong>et</strong></span> 
     </span>
    </p>
   </div>
   <div class='ocr_carea' id='block_1_56' title="bbox 351 3738 815 3793">
    <p class='ocr_par' dir='ltr' id='par_1_56' title="bbox 351 3738 815 3793">
     <span class='ocr_line' id='line_1_58' title="bbox 351 3738 815 3793; baseline 0.006 -8"><span class='ocrx_word' id='word_1_356' title='bbox 351 3738 402 3786; x_wconf 85' lang='lat' dir='ltr'><strong>in</strong></span> <span class='ocrx_word' id='word_1_357' title='bbox 432 3738 815 3793; x_wconf 78' lang='lat' dir='ltr'><strong>salutatorium.</strong></span> 
     </span>
    </p>
   </div>
   <div class='ocr_carea' id='block_1_57' title="bbox 282 3811 1857 3881">
    <p class='ocr_par' dir='ltr' id='par_1_57' title="bbox 282 3811 1857 3881">
     <span class='ocr_line' id='line_1_59' title="bbox 282 3811 1857 3881; baseline -0.001 -15"><span class='ocrx_word' id='word_1_358' title='bbox 282 3812 370 3867; x_wconf 83' lang='grc'><strong>15.</strong></span> <span class='ocrx_word' id='word_1_359' title='bbox 416 3812 482 3865; x_wconf 86' lang='lat' dir='ltr'><strong>Ut</strong></span> <span class='ocrx_word' id='word_1_360' title='bbox 506 3830 597 3867; x_wconf 88' lang='lat' dir='ltr'><strong>nec</strong></span> <span class='ocrx_word' id='word_1_361' title='bbox 615 3814 742 3879; x_wconf 86' lang='lat' dir='ltr'><strong>ipsis</strong></span> <span class='ocrx_word' id='word_1_362' title='bbox 770 3812 1276 3881; x_wconf 79' lang='lat' dir='ltr'><strong>prouisoribusliceat</strong></span> <span class='ocrx_word' id='word_1_363' title='bbox 1300 3812 1357 3864; x_wconf 86' lang='lat' dir='ltr'><strong>in</strong></span> <span class='ocrx_word' id='word_1_364' title='bbox 1384 3811 1747 3866; x_wconf 87' lang='lat' dir='ltr'><strong>monasterium</strong></span> <span class='ocrx_word' id='word_1_365' title='bbox 1775 3812 1857 3865; x_wconf 89' lang='lat' dir='ltr'><strong>in-</strong></span> 
     </span>
    </p>
   </div>
   <div class='ocr_carea' id='block_1_58' title="bbox 350 3882 1855 3953">
    <p class='ocr_par' dir='ltr' id='par_1_58' title="bbox 350 3882 1855 3953">
     <span class='ocr_line' id='line_1_60' title="bbox 350 3882 1855 3953; baseline 0 -18"><span class='ocrx_word' id='word_1_366' title='bbox 350 3883 524 3948; x_wconf 87' lang='lat' dir='ltr'><strong>troire,</strong></span> <span class='ocrx_word' id='word_1_367' title='bbox 557 3884 656 3937; x_wconf 89' lang='lat' dir='ltr'><strong>nisi</strong></span> <span class='ocrx_word' id='word_1_368' title='bbox 679 3900 770 3952; x_wconf 88' lang='lat' dir='ltr'><strong>pro</strong></span> <span class='ocrx_word' id='word_1_369' title='bbox 800 3883 878 3937; x_wconf 83' lang='lat' dir='ltr'><strong>his</strong></span> <span class='ocrx_word' id='word_1_370' title='bbox 907 3882 1213 3937; x_wconf 86' lang='lat' dir='ltr'><strong>utilitatibus</strong></span> <span class='ocrx_word' id='word_1_371' title='bbox 1258 3897 1387 3951; x_wconf 88' lang='lat' dir='ltr'><strong>quas</strong></span> <span class='ocrx_word' id='word_1_372' title='bbox 1429 3882 1483 3935; x_wconf 90' lang='lat' dir='ltr'><strong>in</strong></span> <span class='ocrx_word' id='word_1_373' title='bbox 1524 3884 1635 3934; x_wconf 70' lang='lat' dir='ltr'><strong>&#39;Iiac</strong></span> <span class='ocrx_word' id='word_1_374' title='bbox 1678 3884 1855 3953; x_wconf 85' lang='lat' dir='ltr'><strong>regula</strong></span> 
     </span>
    </p>
   </div>
   <div class='ocr_carea' id='block_1_59' title="bbox 346 3954 637 4007">
    <p class='ocr_par' dir='ltr' id='par_1_59' title="bbox 346 3954 637 4007">
     <span class='ocr_line' id='line_1_61' title="bbox 346 3954 637 4007; baseline 0.003 -2"><span class='ocrx_word' id='word_1_375' title='bbox 346 3954 637 4007; x_wconf 86' lang='lat' dir='ltr'><strong>statuimus.</strong></span> 
     </span>
    </p>
   </div>
   <div class='ocr_carea' id='block_1_60' title="bbox 279 4020 1496 4091">
    <p class='ocr_par' dir='ltr' id='par_1_60' title="bbox 279 4020 1496 4091">
     <span class='ocr_line' id='line_1_62' title="bbox 279 4020 1496 4091; baseline 0.002 -18"><span class='ocrx_word' id='word_1_376' title='bbox 279 4020 365 4074; x_wconf 87' lang='grc'><strong>16.</strong></span> <span class='ocrx_word' id='word_1_377' title='bbox 398 4020 628 4091; x_wconf 81' lang='lat' dir='ltr'><strong>Infantes</strong></span> <span class='ocrx_word' id='word_1_378' title='bbox 656 4023 719 4076; x_wconf 89' lang='lat' dir='ltr'><strong>de</strong></span> <span class='ocrx_word' id='word_1_379' title='bbox 747 4022 994 4091; x_wconf 82' lang='lat' dir='ltr'><strong>baptismo</strong></span> <span class='ocrx_word' id='word_1_380' title='bbox 1014 4037 1116 4075; x_wconf 87' lang='lat' dir='ltr'><strong>non</strong></span> <span class='ocrx_word' id='word_1_381' title='bbox 1150 4024 1496 4091; x_wconf 73' lang='lat' dir='ltr'><strong>excipiendos.</strong></span> 
     </span>
    </p>
   </div>
   <div class='ocr_carea' id='block_1_61' title="bbox 278 4100 1856 4182">
    <p class='ocr_par' dir='ltr' id='par_1_61' title="bbox 278 4100 1856 4182">
     <span class='ocr_line' id='line_1_63' title="bbox 278 4100 1856 4182; baseline 0.003 -29"><span class='ocrx_word' id='word_1_382' title='bbox 278 4100 364 4153; x_wconf 79' lang='grc'><strong>17.</strong></span> <span class='ocrx_word' id='word_1_383' title='bbox 558 4104 611 4182; x_wconf 85' lang='lat' dir='ltr'><strong>in</strong></span> <span class='ocrx_word' id='word_1_384' title='bbox 657 4109 773 4154; x_wconf 87' lang='lat' dir='ltr'><strong>actu</strong></span> <span class='ocrx_word' id='word_1_385' title='bbox 803 4110 1065 4170; x_wconf 88' lang='lat' dir='ltr'><strong>ponuntur</strong></span> <span class='ocrx_word' id='word_1_386' title='bbox 1089 4100 1306 4171; x_wconf 82' lang='lat' dir='ltr'><strong>desuper</strong></span> <span class='ocrx_word' id='word_1_387' title='bbox 1332 4102 1622 4172; x_wconf 78' lang='lat' dir='ltr'><strong>evangelica</strong></span> <span class='ocrx_word' id='word_1_388' title='bbox 1642 4107 1657 4124; x_wconf 81' lang='lat'><strong>&#39;</strong></span> <span class='ocrx_word' id='word_1_389' title='bbox 1687 4101 1856 4157; x_wconf 88' lang='lat' dir='ltr'><strong>claves</strong></span> 
     </span>
    </p>
   </div>
   <div class='ocr_carea' id='block_1_62' title="bbox 348 4181 623 4237">
    <p class='ocr_par' dir='ltr' id='par_1_62' title="bbox 348 4181 623 4237">
     <span class='ocr_line' id='line_1_64' title="bbox 348 4181 623 4237; baseline 0.007 -15"><span class='ocrx_word' id='word_1_390' title='bbox 348 4181 623 4237; x_wconf 75' lang='lat' dir='ltr'><strong>accipiant.</strong></span> 
     </span>
    </p>
   </div>
   <div class='ocr_carea' id='block_1_63' title="bbox 275 4246 1855 4321">
    <p class='ocr_par' dir='ltr' id='par_1_63' title="bbox 275 4246 1855 4321">
     <span class='ocr_line' id='line_1_65' title="bbox 275 4246 1855 4321; baseline 0.002 -19"><span class='ocrx_word' id='word_1_391' title='bbox 275 4247 363 4321; x_wconf 70' lang='grc'><strong>18.</strong></span> <span class='ocrx_word' id='word_1_392' title='bbox 404 4246 468 4321; x_wconf 79' lang='lat' dir='ltr'><strong>In</strong></span> <span class='ocrx_word' id='word_1_393' title='bbox 490 4248 1027 4321; x_wconf 5' lang='lat' dir='ltr'><strong>ministeriumguicibus</strong></span> <span class='ocrx_word' id='word_1_394' title='bbox 1072 4247 1167 4321; x_wconf 79' lang='lat' dir='ltr'><strong>sibi</strong></span> <span class='ocrx_word' id='word_1_395' title='bbox 1212 4252 1504 4316; x_wconf 80' lang='lat' dir='ltr'><strong>succedant,</strong></span> <span class='ocrx_word' id='word_1_396' title='bbox 1550 4250 1737 4321; x_wconf 82' lang='lat' dir='ltr'><strong>absque</strong></span> <span class='ocrx_word' id='word_1_397' title='bbox 1762 4251 1855 4304; x_wconf 90' lang='lat' dir='ltr'><strong>ab-</strong></span> 
     </span>
    </p>
   </div>
   <div class='ocr_carea' id='block_1_64' title="bbox 345 4317 1188 4386">
    <p class='ocr_par' dir='ltr' id='par_1_64' title="bbox 345 4317 1188 4386">
     <span class='ocr_line' id='line_1_66' title="bbox 345 4317 1188 4386; baseline 0 -15"><span class='ocrx_word' id='word_1_398' title='bbox 345 4318 533 4371; x_wconf 83' lang='lat' dir='ltr'><strong>batissa</strong></span> <span class='ocrx_word' id='word_1_399' title='bbox 563 4328 607 4370; x_wconf 91' lang='lat' dir='ltr'><strong>et</strong></span> <span class='ocrx_word' id='word_1_400' title='bbox 632 4319 852 4386; x_wconf 86' lang='lat' dir='ltr'><strong>paruulis</strong></span> <span class='ocrx_word' id='word_1_401' title='bbox 883 4317 1188 4386; x_wconf 86' lang='lat' dir='ltr'><strong>infantibus.</strong></span> 
     </span>
    </p>
   </div>
   <div class='ocr_carea' id='block_1_65' title="bbox 2037 2303 3108 2371">
    <p class='ocr_par' dir='ltr' id='par_1_65' title="bbox 2037 2303 3108 2371">
     <span class='ocr_line' id='line_1_67' title="bbox 2037 2303 3108 2371; baseline 0.003 -16"><span class='ocrx_word' id='word_1_402' title='bbox 2037 2303 2206 2369; x_wconf 87' lang='lat' dir='ltr'><strong>prium</strong></span> <span class='ocrx_word' id='word_1_403' title='bbox 2232 2304 2398 2357; x_wconf 84' lang='lat' dir='ltr'><strong>dicere</strong></span> <span class='ocrx_word' id='word_1_404' title='bbox 2423 2315 2509 2357; x_wconf 86' lang='lat' dir='ltr'><strong>aut</strong></span> <span class='ocrx_word' id='word_1_405' title='bbox 2530 2306 2786 2358; x_wconf 77' lang='lat' dir='ltr'><strong>vindicare</strong></span> <span class='ocrx_word' id='word_1_406' title='bbox 2813 2314 3108 2371; x_wconf 83' lang='lat' dir='ltr'><strong>prtesumat.</strong></span> 
     </span>
    </p>
   </div>
   <div class='ocr_carea' id='block_1_66' title="bbox 1962 2372 3542 2495">
    <p class='ocr_par' dir='ltr' id='par_1_66' title="bbox 1962 2372 3542 2495">
     <span class='ocr_line' id='line_1_68' title="bbox 1962 2372 3542 2495; baseline 0.003 -68"><span class='ocrx_word' id='word_1_407' title='bbox 2094 2372 2402 2494; x_wconf 48' lang='lat' dir='ltr'><strong>liestintenta</strong></span> <span class='ocrx_word' id='word_1_408' title='bbox 2419 2373 2526 2428; x_wconf 86' lang='lat' dir='ltr'><strong>alio</strong></span> <span class='ocrx_word' id='word_1_409' title='bbox 2570 2374 2741 2429; x_wconf 86' lang='lat' dir='ltr'><strong>colore</strong></span> <span class='ocrx_word' id='word_1_410' title='bbox 2766 2390 2869 2429; x_wconf 87' lang='lat' dir='ltr'><strong>non</strong></span> <span class='ocrx_word' id='word_1_411' title='bbox 2896 2375 3214 2441; x_wconf 78' lang='lat' dir='ltr'><strong>induantur,</strong></span> <span class='ocrx_word' id='word_1_412' title='bbox 3246 2376 3343 2429; x_wconf 84' lang='lat' dir='ltr'><strong>nisi</strong></span> <span class='ocrx_word' id='word_1_413' title='bbox 3364 2375 3468 2431; x_wconf 75' lang='lat' dir='ltr'><strong>(aia</strong></span> <span class='ocrx_word' id='word_1_414' title='bbox 3486 2386 3542 2432; x_wconf 77' lang='lat' dir='ltr'><strong>et</strong></span> 
     </span>
     <span class='ocr_line' id='line_1_69' title="bbox 2052 2457 2240 2495; baseline 0 0"><span class='ocrx_word' id='word_1_415' title='bbox 2052 2457 2113 2495; x_wconf 91' lang='lat' dir='ltr'><strong>ac</strong></span> <span class='ocrx_word' id='word_1_416' title='bbox 2137 2459 2240 2495; x_wconf 86' lang='lat' dir='ltr'><strong>ma.</strong></span> 
     </span>
    </p>
   </div>
   <div class='ocr_carea' id='block_1_67' title="bbox 2052 2457 2240 2496">
    <p class='ocr_par' dir='ltr' id='par_1_67' title="bbox 2052 2457 2240 2496">
     <span class='ocr_line' id='line_1_70' title="bbox 2052 2457 2240 2496; baseline 0.005 -1"><span class='ocrx_word' id='word_1_417' title='bbox 2052 2457 2240 2496; x_wconf 80' lang='lat' dir='ltr'><strong>acnna.</strong></span> 
     </span>
    </p>
   </div>
   <div class='ocr_carea' id='block_1_68' title="bbox 1964 2510 3319 2582">
    <p class='ocr_par' dir='ltr' id='par_1_68' title="bbox 1964 2510 3319 2582">
     <span class='ocr_line' id='line_1_71' title="bbox 1964 2510 3319 2582; baseline 0 -15"><span class='ocrx_word' id='word_1_418' title='bbox 1964 2513 2057 2567; x_wconf 75' lang='grc'><strong>2⁷5.</strong></span> <span class='ocrx_word' id='word_1_419' title='bbox 2091 2510 2155 2582; x_wconf 83' lang='lat' dir='ltr'><strong>In</strong></span> <span class='ocrx_word' id='word_1_420' title='bbox 2183 2511 2370 2582; x_wconf 80' lang='lat' dir='ltr'><strong>vigiliis</strong></span> <span class='ocrx_word' id='word_1_421' title='bbox 2400 2513 2709 2567; x_wconf 82' lang='lat' dir='ltr'><strong>studendum</strong></span> <span class='ocrx_word' id='word_1_422' title='bbox 2745 2523 2817 2567; x_wconf 93' lang='lat' dir='ltr'><strong>est</strong></span> <span class='ocrx_word' id='word_1_423' title='bbox 2840 2522 2896 2565; x_wconf 90' lang='lat' dir='ltr'><strong>ut</strong></span> <span class='ocrx_word' id='word_1_424' title='bbox 2923 2514 3063 2567; x_wconf 82' lang='lat' dir='ltr'><strong>nulla</strong></span> <span class='ocrx_word' id='word_1_425' title='bbox 3084 2514 3319 2567; x_wconf 87' lang='lat' dir='ltr'><strong>dormiat.</strong></span> 
     </span>
    </p>
   </div>
   <div class='ocr_carea' id='block_1_69' title="bbox 1965 2581 3016 2652">
    <p class='ocr_par' dir='ltr' id='par_1_69' title="bbox 1965 2581 3016 2652">
     <span class='ocr_line' id='line_1_72' title="bbox 1965 2581 3016 2652; baseline 0 -17"><span class='ocrx_word' id='word_1_426' title='bbox 1965 2582 2055 2635; x_wconf 76' lang='grc'><strong>24.</strong></span> <span class='ocrx_word' id='word_1_427' title='bbox 2087 2581 2248 2652; x_wconf 84' lang='lat' dir='ltr'><strong>Signo</strong></span> <span class='ocrx_word' id='word_1_428' title='bbox 2278 2592 2411 2635; x_wconf 80' lang='lat' dir='ltr'><strong>tacto</strong></span> <span class='ocrx_word' id='word_1_429' title='bbox 2440 2585 2582 2637; x_wconf 85' lang='lat' dir='ltr'><strong>nulla</strong></span> <span class='ocrx_word' id='word_1_430' title='bbox 2613 2585 2805 2652; x_wconf 87' lang='lat' dir='ltr'><strong>tardius</strong></span> <span class='ocrx_word' id='word_1_431' title='bbox 2832 2584 3016 2637; x_wconf 78' lang='lat' dir='ltr'><strong>veniat.</strong></span> 
     </span>
    </p>
   </div>
   <div class='ocr_carea' id='block_1_70' title="bbox 1964 2651 3540 2773">
    <p class='ocr_par' dir='ltr' id='par_1_70' title="bbox 1964 2651 3540 2773">
     <span class='ocr_line' id='line_1_73' title="bbox 1964 2651 3540 2773; baseline 0.001 -65"><span class='ocrx_word' id='word_1_432' title='bbox 1964 2651 2225 2773; x_wconf 27' lang='lat' dir='ltr'><strong>ﬁnium</strong></span> <span class='ocrx_word' id='word_1_433' title='bbox 2266 2652 2504 2721; x_wconf 85' lang='lat' dir='ltr'><strong>psallitur</strong></span> <span class='ocrx_word' id='word_1_434' title='bbox 2537 2651 2682 2707; x_wconf 87' lang='lat' dir='ltr'><strong>nulla</strong></span> <span class='ocrx_word' id='word_1_435' title='bbox 2713 2653 2983 2722; x_wconf 85' lang='lat' dir='ltr'><strong>loquatur,</strong></span> <span class='ocrx_word' id='word_1_436' title='bbox 3025 2668 3119 2707; x_wconf 89' lang='lat' dir='ltr'><strong>nec</strong></span> <span class='ocrx_word' id='word_1_437' title='bbox 3151 2662 3388 2723; x_wconf 83' lang='lat' dir='ltr'><strong>operetur</strong></span> <span class='ocrx_word' id='word_1_438' title='bbox 3425 2672 3540 2709; x_wconf 78' lang='lat' dir='ltr'><strong>nta-</strong></span> 
     </span>
     <span class='ocr_line' id='line_1_74' title="bbox 2035 2736 2497 2773; baseline 0.002 -1"><span class='ocrx_word' id='word_1_439' title='bbox 2035 2736 2087 2773; x_wconf 86' lang='lat' dir='ltr'><strong>m</strong></span> <span class='ocrx_word' id='word_1_440' title='bbox 2125 2738 2204 2773; x_wconf 88' lang='lat' dir='ltr'><strong>us.</strong></span> <span class='ocrx_word' id='word_1_441' title='bbox 2490 2750 2497 2755; x_wconf 82' lang='lat'><strong><em>~</em></strong></span> 
     </span>
    </p>
   </div>
   <div class='ocr_carea' id='block_1_71' title="bbox 2035 2736 2497 2775">
    <p class='ocr_par' dir='ltr' id='par_1_71' title="bbox 2035 2736 2497 2775">
     <span class='ocr_line' id='line_1_75' title="bbox 2035 2736 2497 2775; baseline 0.017 -3"><span class='ocrx_word' id='word_1_442' title='bbox 2035 2736 2204 2775; x_wconf 64' lang='lat' dir='ltr'><strong>&quot;IDUS.</strong></span> <span class='ocrx_word' id='word_1_443' title='bbox 2490 2750 2497 2755; x_wconf 76' lang='lat'><strong><em>’</em></strong></span> 
     </span>
    </p>
   </div>
   <div class='ocr_carea' id='block_1_72' title="bbox 1961 2789 2739 2846">
    <p class='ocr_par' dir='ltr' id='par_1_72' title="bbox 1961 2789 2739 2846">
     <span class='ocr_line' id='line_1_76' title="bbox 1961 2789 2739 2846; baseline 0.004 -3"><span class='ocrx_word' id='word_1_444' title='bbox 1961 2790 2051 2845; x_wconf 91' lang='grc'><strong>26.</strong></span> <span class='ocrx_word' id='word_1_445' title='bbox 2081 2789 2298 2843; x_wconf 88' lang='lat' dir='ltr'><strong>Litteras</strong></span> <span class='ocrx_word' id='word_1_446' title='bbox 2323 2805 2497 2843; x_wconf 87' lang='lat' dir='ltr'><strong>omnes</strong></span> <span class='ocrx_word' id='word_1_447' title='bbox 2520 2792 2739 2846; x_wconf 81' lang='lat' dir='ltr'><strong>discant.</strong></span> 
     </span>
    </p>
   </div>
   <div class='ocr_carea' id='block_1_73' title="bbox 1963 2859 3270 2931">
    <p class='ocr_par' dir='ltr' id='par_1_73' title="bbox 1963 2859 3270 2931">
     <span class='ocr_line' id='line_1_77' title="bbox 1963 2859 3270 2931; baseline 0.003 -17"><span class='ocrx_word' id='word_1_448' title='bbox 1963 2860 2053 2931; x_wconf 87' lang='grc'><strong>27.</strong></span> <span class='ocrx_word' id='word_1_449' title='bbox 2084 2859 2274 2931; x_wconf 81' lang='lat' dir='ltr'><strong>Sancta</strong></span> <span class='ocrx_word' id='word_1_450' title='bbox 2289 2859 2544 2913; x_wconf 77' lang='lat' dir='ltr'><strong>abbatissa</strong></span> <span class='ocrx_word' id='word_1_451' title='bbox 2566 2862 2618 2914; x_wconf 89' lang='lat' dir='ltr'><strong>in</strong></span> <span class='ocrx_word' id='word_1_452' title='bbox 2639 2861 3027 2931; x_wconf 79' lang='lat' dir='ltr'><strong>congregatione</strong></span> <span class='ocrx_word' id='word_1_453' title='bbox 3049 2871 3270 2919; x_wconf 74' lang='lat' dir='ltr'><strong>maneat.</strong></span> 
     </span>
    </p>
   </div>
   <div class='ocr_carea' id='block_1_74' title="bbox 1960 2928 3529 3005">
    <p class='ocr_par' dir='ltr' id='par_1_74' title="bbox 1960 2928 3529 3005">
     <span class='ocr_line' id='line_1_78' title="bbox 1960 2928 3529 3005; baseline 0.003 -20"><span class='ocrx_word' id='word_1_454' title='bbox 1960 2930 2049 2986; x_wconf 90' lang='grc'><strong>28.</strong></span> <span class='ocrx_word' id='word_1_455' title='bbox 2080 2928 2140 2983; x_wconf 88' lang='lat' dir='ltr'><strong>Si</strong></span> <span class='ocrx_word' id='word_1_456' title='bbox 2159 2946 2271 3005; x_wconf 84' lang='lat' dir='ltr'><strong>qua_</strong></span> <span class='ocrx_word' id='word_1_457' title='bbox 2288 2944 2380 2998; x_wconf 88' lang='lat' dir='ltr'><strong>pro</strong></span> <span class='ocrx_word' id='word_1_458' title='bbox 2397 2931 2617 3005; x_wconf 78' lang='lat' dir='ltr'><strong>qualibet</strong></span> <span class='ocrx_word' id='word_1_459' title='bbox 2642 2932 2794 3001; x_wconf 90' lang='lat' dir='ltr'><strong>culpa</strong></span> <span class='ocrx_word' id='word_1_460' title='bbox 2814 2928 3097 3001; x_wconf 80' lang='lat' dir='ltr'><strong>corrigatur</strong></span> <span class='ocrx_word' id='word_1_461' title='bbox 3121 2941 3210 2987; x_wconf 82' lang='lat' dir='ltr'><strong>aut</strong></span> <span class='ocrx_word' id='word_1_462' title='bbox 3229 2934 3529 3005; x_wconf 62' lang='lat' dir='ltr'><strong>castiget&quot;,</strong></span> 
     </span>
    </p>
   </div>
   <div class='ocr_carea' id='block_1_75' title="bbox 1962 3000 3031 3122">
    <p class='ocr_par' dir='ltr' id='par_1_75' title="bbox 1962 3000 3031 3122">
     <span class='ocr_line' id='line_1_79' title="bbox 1962 3000 3031 3122; baseline 0.002 -1"><span class='ocrx_word' id='word_1_463' title='bbox 1962 3000 3031 3122; x_wconf 59' lang='lat' dir='ltr'><strong>aq“&#39;i’iii&#39;,i£iiﬁ&#39;iii23iii°&quot;”m&quot;&quot;““°</strong></span> 
     </span>
    </p>
   </div>
   <div class='ocr_carea' id='block_1_76' title="bbox 2004 3086 3527 3123">
    <p class='ocr_par' dir='ltr' id='par_1_76' title="bbox 2004 3086 3527 3123">
     <span class='ocr_line' id='line_1_80' title="bbox 2004 3086 3527 3123; baseline 0.003 -4"><span class='ocrx_word' id='word_1_464' title='bbox 2004 3086 2052 3121; x_wconf 69' lang='grc' dir='ltr'><strong>Η.</strong></span> <span class='ocrx_word' id='word_1_465' title='bbox 2085 3086 2223 3122; x_wconf 60' lang='lat' dir='ltr'><strong>bile!</strong></span> <span class='ocrx_word' id='word_1_466' title='bbox 2245 3086 2415 3122; x_wconf 68' lang='grc' dir='ltr'><strong>ηαιιιιι</strong></span> <span class='ocrx_word' id='word_1_467' title='bbox 2438 3086 2682 3123; x_wconf 83' lang='lat' dir='ltr'><strong>naoeatts.</strong></span> <span class='ocrx_word' id='word_1_468' title='bbox 3526 3110 3527 3113; x_wconf 59' lang='grc' dir='ltr'><strong>η</strong></span> 
     </span>
    </p>
   </div>
   <div class='ocr_carea' id='block_1_77' title="bbox 1962 3136 3525 3213">
    <p class='ocr_par' dir='ltr' id='par_1_77' title="bbox 1962 3136 3525 3213">
     <span class='ocr_line' id='line_1_81' title="bbox 1962 3136 3525 3213; baseline 0.004 -23"><span class='ocrx_word' id='word_1_469' title='bbox 1962 3136 2351 3213; x_wconf 79' lang='lat' dir='ltr'><strong>30.__Superbis,</strong></span> <span class='ocrx_word' id='word_1_470' title='bbox 2382 3139 2778 3213; x_wconf 35' lang='lat' dir='ltr'><strong>inobedienti‘bus</strong></span> <span class='ocrx_word' id='word_1_471' title='bbox 2806 3148 2855 3193; x_wconf 89' lang='lat' dir='ltr'><strong>et</strong></span> <span class='ocrx_word' id='word_1_472' title='bbox 2893 3140 3210 3195; x_wconf 87' lang='lat' dir='ltr'><strong>iracundiam</strong></span> <span class='ocrx_word' id='word_1_473' title='bbox 3237 3143 3525 3213; x_wconf 65' lang='lat' dir='ltr'><strong>protrahere</strong></span> 
     </span>
    </p>
   </div>
   <div class='ocr_carea' id='block_1_78' title="bbox 2032 3208 2798 3276">
    <p class='ocr_par' dir='ltr' id='par_1_78' title="bbox 2032 3208 2798 3276">
     <span class='ocr_line' id='line_1_82' title="bbox 2032 3208 2798 3276; baseline 0.003 -17"><span class='ocrx_word' id='word_1_474' title='bbox 2032 3210 2163 3261; x_wconf 91' lang='lat' dir='ltr'><strong>tibus</strong></span> <span class='ocrx_word' id='word_1_475' title='bbox 2184 3224 2442 3276; x_wconf 57' lang='lat' dir='ltr'><strong>nunquam</strong></span> <span class='ocrx_word' id='word_1_476' title='bbox 2470 3208 2798 3275; x_wconf 85' lang='lat' dir='ltr'><strong>parcendum.</strong></span> 
     </span>
    </p>
   </div>
   <div class='ocr_carea' id='block_1_79' title="bbox 1960 3277 3536 3348">
    <p class='ocr_par' dir='ltr' id='par_1_79' title="bbox 1960 3277 3536 3348">
     <span class='ocr_line' id='line_1_83' title="bbox 1960 3277 3536 3348; baseline 0.001 -17"><span class='ocrx_word' id='word_1_477' title='bbox 1960 3277 2049 3332; x_wconf 79' lang='lat' dir='ltr'><strong>3L</strong></span> <span class='ocrx_word' id='word_1_478' title='bbox 2083 3278 2290 3331; x_wconf 73' lang='lat' dir='ltr'><strong>Sancta:</strong></span> <span class='ocrx_word' id='word_1_479' title='bbox 2320 3279 2586 3332; x_wconf 69' lang='lat' dir='ltr'><strong>abbatissa</strong></span> <span class='ocrx_word' id='word_1_480' title='bbox 2607 3294 2707 3332; x_wconf 90' lang='lat' dir='ltr'><strong>non</strong></span> <span class='ocrx_word' id='word_1_481' title='bbox 2743 3279 2889 3331; x_wconf 83' lang='lat' dir='ltr'><strong>liceat</strong></span> <span class='ocrx_word' id='word_1_482' title='bbox 2911 3280 2973 3332; x_wconf 86' lang='lat' dir='ltr'><strong>de</strong></span> <span class='ocrx_word' id='word_1_483' title='bbox 3002 3281 3324 3348; x_wconf 76' lang='lat' dir='ltr'><strong>facultatibus</strong></span> <span class='ocrx_word' id='word_1_484' title='bbox 3349 3299 3536 3336; x_wconf 84' lang='lat' dir='ltr'><strong>mona-</strong></span> 
     </span>
    </p>
   </div>
   <div class='ocr_carea' id='block_1_80' title="bbox 2030 3348 3541 3429">
    <p class='ocr_par' dir='ltr' id='par_1_80' title="bbox 2030 3348 3541 3429">
     <span class='ocr_line' id='line_1_84' title="bbox 2030 3348 3541 3429; baseline 0.005 -30"><span class='ocrx_word' id='word_1_485' title='bbox 2030 3350 2169 3429; x_wconf 72' lang='lat' dir='ltr'><strong>sterii</strong></span> <span class='ocrx_word' id='word_1_486' title='bbox 2194 3348 2405 3401; x_wconf 84' lang='lat' dir='ltr'><strong>uendere</strong></span> <span class='ocrx_word' id='word_1_487' title='bbox 2430 3358 2517 3402; x_wconf 91' lang='lat' dir='ltr'><strong>aut</strong></span> <span class='ocrx_word' id='word_1_488' title='bbox 2545 3350 2761 3412; x_wconf 84' lang='lat' dir='ltr'><strong>donare;</strong></span> <span class='ocrx_word' id='word_1_489' title='bbox 2787 3364 2877 3403; x_wconf 89' lang='lat' dir='ltr'><strong>nec</strong></span> <span class='ocrx_word' id='word_1_490' title='bbox 2903 3350 3099 3415; x_wconf 86' lang='lat' dir='ltr'><strong>aliquid</strong></span> <span class='ocrx_word' id='word_1_491' title='bbox 3127 3360 3303 3405; x_wconf 88' lang='lat' dir='ltr'><strong>contra</strong></span> <span class='ocrx_word' id='word_1_492' title='bbox 3325 3352 3541 3423; x_wconf 72' lang='lat' dir='ltr'><strong>Regula:</strong></span> 
     </span>
    </p>
   </div>
   <div class='ocr_carea' id='block_1_81' title="bbox 2030 3426 2452 3487">
    <p class='ocr_par' dir='ltr' id='par_1_81' title="bbox 2030 3426 2452 3487">
     <span class='ocr_line' id='line_1_85' title="bbox 2030 3426 2452 3487; baseline 0.007 -20"><span class='ocrx_word' id='word_1_493' title='bbox 2030 3426 2264 3487; x_wconf 82' lang='lat' dir='ltr'><strong>instituta</strong></span> <span class='ocrx_word' id='word_1_494' title='bbox 2285 3433 2452 3487; x_wconf 86' lang='lat' dir='ltr'><strong>agere.</strong></span> 
     </span>
    </p>
   </div>
   <div class='ocr_carea' id='block_1_82' title="bbox 1959 3485 2923 3542">
    <p class='ocr_par' dir='ltr' id='par_1_82' title="bbox 1959 3485 2923 3542">
     <span class='ocr_line' id='line_1_86' title="bbox 1959 3485 2923 3542; baseline 0.003 -4"><span class='ocrx_word' id='word_1_495' title='bbox 1959 3485 2049 3538; x_wconf 76' lang='grc'><strong>52.</strong></span> <span class='ocrx_word' id='word_1_496' title='bbox 2083 3485 2331 3541; x_wconf 76' lang='lat' dir='ltr'><strong>Sedentes</strong></span> <span class='ocrx_word' id='word_1_497' title='bbox 2355 3488 2423 3539; x_wconf 83' lang='lat' dir='ltr'><strong>ad</strong></span> <span class='ocrx_word' id='word_1_498' title='bbox 2450 3502 2676 3541; x_wconf 87' lang='lat' dir='ltr'><strong>mensam</strong></span> <span class='ocrx_word' id='word_1_499' title='bbox 2705 3496 2923 3542; x_wconf 87' lang='lat' dir='ltr'><strong>taceant.</strong></span> 
     </span>
    </p>
   </div>
   <div class='ocr_carea' id='block_1_83' title="bbox 1961 3556 3536 3629">
    <p class='ocr_par' dir='ltr' id='par_1_83' title="bbox 1961 3556 3536 3629">
     <span class='ocr_line' id='line_1_87' title="bbox 1961 3556 3536 3629; baseline 0.004 -20"><span class='ocrx_word' id='word_1_500' title='bbox 1961 3557 2050 3629; x_wconf 58' lang='grc' dir='ltr'><strong>ἓξ.</strong></span> <span class='ocrx_word' id='word_1_501' title='bbox 2076 3556 2268 3629; x_wconf 75' lang='lat' dir='ltr'><strong>Sancta</strong></span> <span class='ocrx_word' id='word_1_502' title='bbox 2290 3556 2544 3629; x_wconf 82' lang='lat' dir='ltr'><strong>abbatissa</strong></span> <span class='ocrx_word' id='word_1_503' title='bbox 2570 3565 2711 3610; x_wconf 72' lang='lat' dir='ltr'><strong>extra</strong></span> <span class='ocrx_word' id='word_1_504' title='bbox 2736 3560 3173 3629; x_wconf 86' lang='lat' dir='ltr'><strong>congregationem</strong></span> <span class='ocrx_word' id='word_1_505' title='bbox 3191 3575 3290 3614; x_wconf 88' lang='lat' dir='ltr'><strong>non</strong></span> <span class='ocrx_word' id='word_1_506' title='bbox 3312 3560 3536 3629; x_wconf 79' lang='lat' dir='ltr'><strong>reficiat.</strong></span> 
     </span>
    </p>
   </div>
   <div class='ocr_carea' id='block_1_84' title="bbox 1881 3624 3003 3693">
    <p class='ocr_par' dir='ltr' id='par_1_84' title="bbox 1881 3624 3003 3693">
     <span class='ocr_line' id='line_1_88' title="bbox 1881 3624 3003 3693; baseline 0.005 -16"><span class='ocrx_word' id='word_1_507' title='bbox 1881 3627 1927 3693; x_wconf 75' lang='grc' dir='ltr'>ο</span> <span class='ocrx_word' id='word_1_508' title='bbox 1959 3624 2047 3678; x_wconf 75' lang='grc'><strong>54.</strong></span> <span class='ocrx_word' id='word_1_509' title='bbox 2073 3625 2261 3680; x_wconf 86' lang='lat' dir='ltr'><strong>Carnes</strong></span> <span class='ocrx_word' id='word_1_510' title='bbox 2288 3628 2341 3679; x_wconf 89' lang='lat' dir='ltr'><strong>in</strong></span> <span class='ocrx_word' id='word_1_511' title='bbox 2358 3627 2479 3679; x_wconf 87' lang='lat' dir='ltr'><strong>cibis</strong></span> <span class='ocrx_word' id='word_1_512' title='bbox 2503 3642 2761 3693; x_wconf 76' lang='lat' dir='ltr'><strong>nunquam</strong></span> <span class='ocrx_word' id='word_1_513' title='bbox 2782 3624 3003 3684; x_wconf 72' lang='lat' dir='ltr'><strong>sumant.</strong></span> 
     </span>
    </p>
   </div>
   <div class='ocr_carea' id='block_1_85' title="bbox 1963 3692 3535 3765">
    <p class='ocr_par' dir='ltr' id='par_1_85' title="bbox 1963 3692 3535 3765">
     <span class='ocr_line' id='line_1_89' title="bbox 1963 3692 3535 3765; baseline 0.003 -16"><span class='ocrx_word' id='word_1_514' title='bbox 1963 3692 2051 3749; x_wconf 81' lang='lat'><strong>&#39;55.</strong></span> <span class='ocrx_word' id='word_1_515' title='bbox 2087 3696 2227 3748; x_wconf 70' lang='lat' dir='ltr'><strong>Pulli</strong></span> <span class='ocrx_word' id='word_1_516' title='bbox 2250 3705 2295 3749; x_wconf 90' lang='lat' dir='ltr'><strong>et</strong></span> <span class='ocrx_word' id='word_1_517' title='bbox 2320 3697 2512 3765; x_wconf 90' lang='lat' dir='ltr'><strong>reliqua</strong></span> <span class='ocrx_word' id='word_1_518' title='bbox 2538 3692 2703 3750; x_wconf 85' lang='lat' dir='ltr'><strong>altilia</strong></span> <span class='ocrx_word' id='word_1_519' title='bbox 2728 3696 2945 3765; x_wconf 76' lang='lat' dir='ltr'><strong>inﬁrmis</strong></span> <span class='ocrx_word' id='word_1_520' title='bbox 2968 3709 3161 3752; x_wconf 88' lang='lat' dir='ltr'><strong>tantum</strong></span> <span class='ocrx_word' id='word_1_521' title='bbox 3187 3700 3535 3755; x_wconf 83' lang='lat' dir='ltr'><strong>ministrentur</strong></span> 
     </span>
    </p>
   </div>
   <div class='ocr_carea' id='block_1_86' title="bbox 2033 3765 3277 3838">
    <p class='ocr_par' dir='ltr' id='par_1_86' title="bbox 2033 3765 3277 3838">
     <span class='ocr_line' id='line_1_90' title="bbox 2033 3765 3277 3838; baseline 0.004 -20"><span class='ocrx_word' id='word_1_522' title='bbox 2033 3780 2082 3818; x_wconf 89' lang='lat' dir='ltr'><strong>et</strong></span> <span class='ocrx_word' id='word_1_523' title='bbox 2091 3765 2376 3838; x_wconf 87' lang='lat' dir='ltr'><strong>_delicatis:</strong></span> <span class='ocrx_word' id='word_1_524' title='bbox 2403 3769 2560 3833; x_wconf 86' lang='lat' dir='ltr'><strong>pisces</strong></span> <span class='ocrx_word' id='word_1_525' title='bbox 2588 3781 2703 3820; x_wconf 77' lang='lat' dir='ltr'><strong>vero</strong></span> <span class='ocrx_word' id='word_1_526' title='bbox 2723 3768 2873 3820; x_wconf 82' lang='lat' dir='ltr'><strong>certis</strong></span> <span class='ocrx_word' id='word_1_527' title='bbox 2904 3768 3277 3838; x_wconf 80' lang='lat' dir='ltr'><strong>festivitatibus.</strong></span> 
     </span>
    </p>
   </div>
   <div class='ocr_carea' id='block_1_87' title="bbox 1964 3834 3536 3911">
    <p class='ocr_par' dir='ltr' id='par_1_87' title="bbox 1964 3834 3536 3911">
     <span class='ocr_line' id='line_1_91' title="bbox 1964 3834 3536 3911; baseline 0.003 -20"><span class='ocrx_word' id='word_1_528' title='bbox 1964 3834 2244 3911; x_wconf 75' lang='lat' dir='ltr'><strong>56._E:ctra</strong></span> <span class='ocrx_word' id='word_1_529' title='bbox 2264 3849 2488 3911; x_wconf 62' lang='lat' dir='ltr'><strong>mensam</strong></span> <span class='ocrx_word' id='word_1_530' title='bbox 2504 3850 2821 3911; x_wconf 78' lang='lat' dir='ltr'><strong>communem</strong></span> <span class='ocrx_word' id='word_1_531' title='bbox 2845 3834 2972 3911; x_wconf 78' lang='lat' dir='ltr'><strong>nihil</strong></span> <span class='ocrx_word' id='word_1_532' title='bbox 2992 3839 3086 3893; x_wconf 88' lang='lat' dir='ltr'><strong>cibi</strong></span> <span class='ocrx_word' id='word_1_533' title='bbox 3104 3852 3317 3911; x_wconf 78' lang='lat' dir='ltr'><strong>potusoe</strong></span> <span class='ocrx_word' id='word_1_534' title='bbox 3329 3849 3536 3910; x_wconf 79' lang='lat' dir='ltr'><strong>gustare</strong></span> 
     </span>
    </p>
   </div>
   <div class='ocr_carea' id='block_1_88' title="bbox 2036 3904 2979 3975">
    <p class='ocr_par' dir='ltr' id='par_1_88' title="bbox 2036 3904 2979 3975">
     <span class='ocr_line' id='line_1_92' title="bbox 2036 3904 2979 3975; baseline 0.004 -18"><span class='ocrx_word' id='word_1_535' title='bbox 2036 3904 2213 3975; x_wconf 71' lang='lat' dir='ltr'><strong>liceat,</strong></span> <span class='ocrx_word' id='word_1_536' title='bbox 2237 3905 2333 3958; x_wconf 75' lang='lat' dir='ltr'><strong>nisi</strong></span> <span class='ocrx_word' id='word_1_537' title='bbox 2359 3905 2574 3972; x_wconf 80' lang='lat' dir='ltr'><strong>infirmis</strong></span> <span class='ocrx_word' id='word_1_538' title='bbox 2601 3916 2650 3959; x_wconf 91' lang='lat' dir='ltr'><strong>et</strong></span> <span class='ocrx_word' id='word_1_539' title='bbox 2679 3907 2979 3975; x_wconf 87' lang='lat' dir='ltr'><strong>infantibus.</strong></span> 
     </span>
    </p>
   </div>
   <div class='ocr_carea' id='block_1_89' title="bbox 1924 3973 3137 4047">
    <p class='ocr_par' dir='ltr' id='par_1_89' title="bbox 1924 3973 3137 4047">
     <span class='ocr_line' id='line_1_93' title="bbox 1924 3973 3137 4047; baseline 0.004 -18"><span class='ocrx_word' id='word_1_540' title='bbox 1924 4016 1927 4019; x_wconf 61' lang='grc' dir='ltr'><strong>ς</strong></span> <span class='ocrx_word' id='word_1_541' title='bbox 1961 3974 2058 4047; x_wconf 58' lang='grc'><strong>57.</strong></span> <span class='ocrx_word' id='word_1_542' title='bbox 2079 3973 2312 4047; x_wconf 69' lang='lat' dir='ltr'><strong>Qualiter</strong></span> <span class='ocrx_word' id='word_1_543' title='bbox 2339 3976 2556 4047; x_wconf 78' lang='lat' dir='ltr'><strong>inﬁrmis</strong></span> <span class='ocrx_word' id='word_1_544' title='bbox 2582 3973 3028 4047; x_wconf 76' lang='lat' dir='ltr'><strong>obtentperandum</strong></span> <span class='ocrx_word' id='word_1_545' title='bbox 3046 3988 3137 4034; x_wconf 89' lang='lat' dir='ltr'><strong>est.</strong></span> 
     </span>
    </p>
   </div>
   <div class='ocr_carea' id='block_1_90' title="bbox 1964 4043 3577 4106">
    <p class='ocr_par' dir='ltr' id='par_1_90' title="bbox 1964 4043 3577 4106">
     <span class='ocr_line' id='line_1_94' title="bbox 1964 4043 3577 4106; baseline 0.005 -8"><span class='ocrx_word' id='word_1_546' title='bbox 1964 4045 2053 4098; x_wconf 77' lang='lat'><strong>38.</strong></span> <span class='ocrx_word' id='word_1_547' title='bbox 2090 4043 2189 4099; x_wconf 87' lang='lat' dir='ltr'><strong>Ubi</strong></span> <span class='ocrx_word' id='word_1_548' title='bbox 2215 4059 2418 4097; x_wconf 80' lang='lat' dir='ltr'><strong>rursum</strong></span> <span class='ocrx_word' id='word_1_549' title='bbox 2453 4044 2486 4095; x_wconf 87' lang='lat' dir='ltr'><strong>d</strong></span> <span class='ocrx_word' id='word_1_550' title='bbox 2509 4059 2690 4098; x_wconf 72' lang='lat' dir='ltr'><strong>aruum</strong></span> <span class='ocrx_word' id='word_1_551' title='bbox 2716 4043 2795 4099; x_wconf 82' lang='lat' dir='ltr'><strong>vel</strong></span> <span class='ocrx_word' id='word_1_552' title='bbox 2825 4058 3125 4101; x_wconf 86' lang='lat' dir='ltr'><strong>nocturnum</strong></span> <span class='ocrx_word' id='word_1_553' title='bbox 3157 4050 3352 4104; x_wconf 87' lang='lat' dir='ltr'><strong>dicant.</strong></span> <span class='ocrx_word' id='word_1_554' title='bbox 3564 4095 3577 4106; x_wconf 88' lang='lat'><strong>.</strong></span> 
     </span>
    </p>
   </div>
   <div class='ocr_carea' id='block_1_91' title="bbox 1963 4113 3533 4190">
    <p class='ocr_par' dir='ltr' id='par_1_91' title="bbox 1963 4113 3533 4190">
     <span class='ocr_line' id='line_1_95' title="bbox 1963 4113 3533 4190; baseline 0.005 -22"><span class='ocrx_word' id='word_1_555' title='bbox 1963 4113 2148 4190; x_wconf 75' lang='lat' dir='ltr'><strong>39._Ut</strong></span> <span class='ocrx_word' id='word_1_556' title='bbox 2167 4125 2341 4190; x_wconf 80' lang='lat' dir='ltr'><strong>sancta</strong></span> <span class='ocrx_word' id='word_1_557' title='bbox 2357 4113 2613 4190; x_wconf 84' lang='lat' dir='ltr'><strong>abbatissa</strong></span> <span class='ocrx_word' id='word_1_558' title='bbox 2632 4115 2881 4186; x_wconf 83' lang='lat' dir='ltr'><strong>quidquid</strong></span> <span class='ocrx_word' id='word_1_559' title='bbox 2898 4118 3095 4174; x_wconf 78' lang='lat' dir='ltr'><strong>necesse</strong></span> <span class='ocrx_word' id='word_1_560' title='bbox 3112 4121 3262 4189; x_wconf 85' lang='lat' dir='ltr'><strong>fuerit</strong></span> <span class='ocrx_word' id='word_1_561' title='bbox 3287 4136 3402 4173; x_wconf 85' lang='lat' dir='ltr'><strong>cum</strong></span> <span class='ocrx_word' id='word_1_562' title='bbox 3420 4121 3533 4190; x_wconf 80' lang='lat' dir='ltr'><strong>suf-</strong></span> 
     </span>
    </p>
   </div>
   <div class='ocr_carea' id='block_1_92' title="bbox 2033 4184 2527 4252">
    <p class='ocr_par' dir='ltr' id='par_1_92' title="bbox 2033 4184 2527 4252">
     <span class='ocr_line' id='line_1_96' title="bbox 2033 4184 2527 4252; baseline 0 -17"><span class='ocrx_word' id='word_1_563' title='bbox 2033 4184 2258 4252; x_wconf 81' lang='lat' dir='ltr'><strong>ﬁcientia</strong></span> <span class='ocrx_word' id='word_1_564' title='bbox 2287 4187 2527 4252; x_wconf 66' lang='lat' dir='ltr'><strong>praebeat.</strong></span> 
     </span>
    </p>
   </div>
   <div class='ocr_carea' id='block_1_93' title="bbox 1959 4251 3529 4327">
    <p class='ocr_par' dir='ltr' id='par_1_93' title="bbox 1959 4251 3529 4327">
     <span class='ocr_line' id='line_1_97' title="bbox 1959 4251 3529 4327; baseline 0.003 -20"><span class='ocrx_word' id='word_1_565' title='bbox 1959 4252 2049 4327; x_wconf 68' lang='grc'><strong>40.</strong></span> <span class='ocrx_word' id='word_1_566' title='bbox 2097 4251 2164 4327; x_wconf 78' lang='lat' dir='ltr'><strong>Ut</strong></span> <span class='ocrx_word' id='word_1_567' title='bbox 2199 4251 2379 4307; x_wconf 86' lang='lat' dir='ltr'><strong>sancta</strong></span> <span class='ocrx_word' id='word_1_568' title='bbox 2406 4255 2730 4327; x_wconf 83' lang='lat' dir='ltr'><strong>congregatio</strong></span> <span class='ocrx_word' id='word_1_569' title='bbox 2760 4256 2931 4309; x_wconf 89' lang='lat' dir='ltr'><strong>omnia</strong></span> <span class='ocrx_word' id='word_1_570' title='bbox 2968 4273 3083 4327; x_wconf 85' lang='lat' dir='ltr'><strong>qua:</strong></span> <span class='ocrx_word' id='word_1_571' title='bbox 3118 4268 3309 4313; x_wconf 81' lang='lat' dir='ltr'><strong>statuta</strong></span> <span class='ocrx_word' id='word_1_572' title='bbox 3352 4261 3529 4325; x_wconf 84' lang='lat' dir='ltr'><strong>habet,</strong></span> 
     </span>
    </p>
   </div>
   <div class='ocr_carea' id='block_1_94' title="bbox 2024 4323 2552 4391">
    <p class='ocr_par' dir='ltr' id='par_1_94' title="bbox 2024 4323 2552 4391">
     <span class='ocr_line' id='line_1_98' title="bbox 2024 4323 2552 4391; baseline 0.006 -16"><span class='ocrx_word' id='word_1_573' title='bbox 2024 4323 2236 4391; x_wconf 88' lang='lat' dir='ltr'><strong>implere</strong></span> <span class='ocrx_word' id='word_1_574' title='bbox 2260 4323 2552 4378; x_wconf 85' lang='lat' dir='ltr'><strong>contendat.</strong></span> 
     </span>
    </p>
   </div>
   <div class='ocr_carea' id='block_1_95' title="bbox 343 4426 2657 4512">
    <p class='ocr_par' dir='ltr' id='par_1_95' title="bbox 343 4426 2657 4512">
     <span class='ocr_line' id='line_1_99' title="bbox 343 4426 2657 4512; baseline 0.004 -31"><span class='ocrx_word' id='word_1_575' title='bbox 343 4431 363 4453; x_wconf 86' lang='lat'><strong><em>‘</em></strong></span> <span class='ocrx_word' id='word_1_576' title='bbox 402 4426 709 4512; x_wconf 84' lang='lat' dir='ltr'><strong>Legendum</strong></span> <span class='ocrx_word' id='word_1_577' title='bbox 734 4428 1013 4496; x_wconf 74' lang='lat' dir='ltr'><strong>evangelia,</strong></span> <span class='ocrx_word' id='word_1_578' title='bbox 1034 4437 1093 4483; x_wconf 89' lang='lat' dir='ltr'><strong>ut</strong></span> <span class='ocrx_word' id='word_1_579' title='bbox 1112 4437 1255 4497; x_wconf 88' lang='lat' dir='ltr'><strong>patet</strong></span> <span class='ocrx_word' id='word_1_580' title='bbox 1284 4436 1489 4484; x_wconf 80' lang='lat' dir='ltr'><strong>textum</strong></span> <span class='ocrx_word' id='word_1_581' title='bbox 1512 4431 1813 4486; x_wconf 86' lang='lat' dir='ltr'><strong>consulenti</strong></span> <span class='ocrx_word' id='word_1_582' title='bbox 1847 4432 1982 4488; x_wconf 81' lang='lat' dir='ltr'><strong>inira</strong></span> <span class='ocrx_word' id='word_1_583' title='bbox 2009 4436 2116 4489; x_wconf 90' lang='lat' dir='ltr'><strong>col.</strong></span> <span class='ocrx_word' id='word_1_584' title='bbox 2147 4434 2271 4502; x_wconf 72' lang='lat'><strong>402,</strong></span> <span class='ocrx_word' id='word_1_585' title='bbox 2296 4436 2391 4492; x_wconf 91' lang='lat' dir='ltr'><strong>lin.</strong></span> <span class='ocrx_word' id='word_1_586' title='bbox 2420 4437 2475 4491; x_wconf 66' lang='grc' dir='ltr'><strong>ο.</strong></span> <span class='ocrx_word' id='word_1_587' title='bbox 2508 4436 2657 4512; x_wconf 77' lang='lat' dir='ltr'><strong>Eutr.</strong></span> 
     </span>
    </p>
   </div>
   <div class='ocr_carea' id='block_1_96' title="bbox 287 4510 3515 4557">
    <p class='ocr_par' dir='ltr' id='par_1_96' title="bbox 287 4510 3515 4557">
     <span class='ocr_line' id='line_1_100' title="bbox 287 4510 3515 4557; baseline 0.002 -19"><span class='ocrx_word' id='word_1_588' title='bbox 287 4510 3515 4557; x_wconf 48' lang='lat'><strong>—-‘—————————-———————__&#39;__—___~_</strong></span> 
     </span>
    </p>
   </div>
   <div class='ocr_carea' id='block_1_97' title="bbox 1656 4600 2121 4674">
    <p class='ocr_par' dir='ltr' id='par_1_97' title="bbox 1656 4600 2121 4674">
     <span class='ocr_line' id='line_1_101' title="bbox 1656 4600 2121 4674; baseline 0.011 -5"><span class='ocrx_word' id='word_1_589' title='bbox 1656 4600 2121 4674; x_wconf 85' lang='lat' dir='ltr'><strong>REGULA.</strong></span> 
     </span>
    </p>
   </div>
   <div class='ocr_carea' id='block_1_98' title="bbox 343 4703 3529 4798">
    <p class='ocr_par' dir='ltr' id='par_1_98' title="bbox 343 4703 3529 4798">
     <span class='ocr_line' id='line_1_102' title="bbox 343 4703 3529 4798; baseline 0.006 -36"><span class='ocrx_word' id='word_1_590' title='bbox 343 4706 654 4762; x_wconf 76' lang='lat' dir='ltr'><strong>CAPITULUI</strong></span> <span class='ocrx_word' id='word_1_591' title='bbox 676 4718 899 4798; x_wconf 67' lang='lat' dir='ltr'><strong>caquu.</strong></span> <span class='ocrx_word' id='word_1_592' title='bbox 926 4703 1036 4758; x_wconf 86' lang='lat' dir='ltr'><strong>[loc</strong></span> <span class='ocrx_word' id='word_1_593' title='bbox 1061 4704 1283 4773; x_wconf 78' lang='lat' dir='ltr'><strong>iubente</strong></span> <span class='ocrx_word' id='word_1_594' title='bbox 1313 4706 1421 4762; x_wconf 87' lang='lat' dir='ltr'><strong>Deo</strong></span> <span class='ocrx_word' id='word_1_595' title='bbox 1452 4709 1713 4778; x_wconf 84' lang='lat' dir='ltr'><strong>imprimis</strong></span> <span class='ocrx_word' id='word_1_596' title='bbox 1743 4721 1849 4766; x_wconf 84' lang='lat' dir='ltr'><strong>sta-</strong></span> <span class='ocrx_word' id='word_1_597' title='bbox 1880 4716 1927 4773; x_wconf 85' lang='grc' dir='ltr'><strong>ι)</strong></span> <span class='ocrx_word' id='word_1_598' title='bbox 1955 4714 2261 4770; x_wconf 88' lang='lat' dir='ltr'><strong>donationis</strong></span> <span class='ocrx_word' id='word_1_599' title='bbox 2289 4726 2377 4770; x_wconf 90' lang='lat' dir='ltr'><strong>aut</strong></span> <span class='ocrx_word' id='word_1_600' title='bbox 2406 4718 2727 4775; x_wconf 87' lang='lat' dir='ltr'><strong>venditionis</strong></span> <span class='ocrx_word' id='word_1_601' title='bbox 2746 4723 2830 4776; x_wconf 88' lang='lat' dir='ltr'><strong>cui</strong></span> <span class='ocrx_word' id='word_1_602' title='bbox 2858 4724 3081 4779; x_wconf 82' lang='lat' dir='ltr'><strong>voluerit</strong></span> <span class='ocrx_word' id='word_1_603' title='bbox 3100 4725 3282 4789; x_wconf 77' lang='lat' dir='ltr'><strong>faciat,</strong></span> <span class='ocrx_word' id='word_1_604' title='bbox 3310 4742 3529 4798; x_wconf 70' lang='lat' dir='ltr'><strong>proplt&#39;r</strong></span> 
     </span>
    </p>
   </div>
   <div class='ocr_carea' id='block_1_99' title="bbox 274 4794 1847 4867">
    <p class='ocr_par' dir='ltr' id='par_1_99' title="bbox 274 4794 1847 4867">
     <span class='ocr_line' id='line_1_103' title="bbox 274 4794 1847 4867; baseline 0.003 -16"><span class='ocrx_word' id='word_1_605' title='bbox 274 4797 474 4852; x_wconf 81' lang='lat' dir='ltr'><strong>luimus</strong></span> <span class='ocrx_word' id='word_1_606' title='bbox 500 4794 877 4851; x_wconf 80' lang='lat' dir='ltr'><strong>inviolabiliter</strong></span> <span class='ocrx_word' id='word_1_607' title='bbox 902 4795 1189 4850; x_wconf 87' lang='lat' dir='ltr'><strong>tenendum</strong></span> <span class='ocrx_word' id='word_1_608' title='bbox 1208 4838 1222 4860; x_wconf 91' lang='lat'><strong>,</strong></span> <span class='ocrx_word' id='word_1_609' title='bbox 1250 4808 1304 4852; x_wconf 90' lang='lat' dir='ltr'><strong>ut</strong></span> <span class='ocrx_word' id='word_1_610' title='bbox 1330 4800 1375 4852; x_wconf 90' lang='lat' dir='ltr'><strong>si</strong></span> <span class='ocrx_word' id='word_1_611' title='bbox 1398 4814 1499 4867; x_wconf 91' lang='lat' dir='ltr'><strong>qua</strong></span> <span class='ocrx_word' id='word_1_612' title='bbox 1528 4801 1592 4855; x_wconf 89' lang='lat' dir='ltr'><strong>ad</strong></span> <span class='ocrx_word' id='word_1_613' title='bbox 1624 4817 1847 4857; x_wconf 89' lang='lat' dir='ltr'><strong>conver-</strong></span> 
     </span>
    </p>
   </div>
   <div class='ocr_carea' id='block_1_100' title="bbox 264 4874 1847 4958">
    <p class='ocr_par' dir='ltr' id='par_1_100' title="bbox 264 4874 1847 4958">
     <span class='ocr_line' id='line_1_104' title="bbox 264 4874 1847 4958; baseline 0.004 -17"><span class='ocrx_word' id='word_1_614' title='bbox 264 4888 473 4943; x_wconf 89' lang='lat' dir='ltr'><strong>sionem</strong></span> <span class='ocrx_word' id='word_1_615' title='bbox 506 4887 730 4955; x_wconf 85' lang='lat' dir='ltr'><strong>venerit,</strong></span> <span class='ocrx_word' id='word_1_616' title='bbox 749 4884 950 4955; x_wconf 81' lang='lat' dir='ltr'><strong>Regula</strong></span> <span class='ocrx_word' id='word_1_617' title='bbox 976 4885 1024 4940; x_wconf 92' lang='lat' dir='ltr'><strong>ei</strong></span> <span class='ocrx_word' id='word_1_618' title='bbox 1057 4886 1107 4940; x_wconf 92' lang='lat' dir='ltr'><strong>in</strong></span> <span class='ocrx_word' id='word_1_619' title='bbox 1134 4887 1447 4941; x_wconf 75' lang='lat' dir='ltr'><strong>salutatorio</strong></span> <span class='ocrx_word' id='word_1_620' title='bbox 1474 4889 1694 4958; x_wconf 86' lang='lat' dir='ltr'><strong>legatur,</strong></span> <span class='ocrx_word' id='word_1_621' title='bbox 1725 4874 1778 4946; x_wconf 88' lang='lat' dir='ltr'><strong>et</strong></span> <span class='ocrx_word' id='word_1_622' title='bbox 1801 4893 1847 4947; x_wconf 88' lang='lat' dir='ltr'><strong>si</strong></span> 
     </span>
    </p>
   </div>
   <div class='ocr_carea' id='block_1_101' title="bbox 275 4978 1844 5052">
    <p class='ocr_par' dir='ltr' id='par_1_101' title="bbox 275 4978 1844 5052">
     <span class='ocr_line' id='line_1_105' title="bbox 275 4978 1844 5052; baseline 0.002 -20"><span class='ocrx_word' id='word_1_623' title='bbox 275 4978 510 5046; x_wconf 79' lang='lat' dir='ltr'><strong>professa</strong></span> <span class='ocrx_word' id='word_1_624' title='bbox 554 4979 712 5033; x_wconf 87' lang='lat' dir='ltr'><strong>luerit</strong></span> <span class='ocrx_word' id='word_1_625' title='bbox 741 4992 799 5033; x_wconf 86' lang='lat' dir='ltr'><strong>se</strong></span> <span class='ocrx_word' id='word_1_626' title='bbox 826 4979 1004 5032; x_wconf 89' lang='lat' dir='ltr'><strong>omnia</strong></span> <span class='ocrx_word' id='word_1_627' title='bbox 1036 4978 1399 5049; x_wconf 81' lang='lat' dir='ltr'><strong>impleturam,</strong></span> <span class='ocrx_word' id='word_1_628' title='bbox 1434 4990 1559 5036; x_wconf 90' lang='lat' dir='ltr'><strong>tunc</strong></span> <span class='ocrx_word' id='word_1_629' title='bbox 1601 4984 1844 5052; x_wconf 82' lang='lat' dir='ltr'><strong>excipia-</strong></span> 
     </span>
    </p>
   </div>
   <div class='ocr_carea' id='block_1_102' title="bbox 273 5068 1845 5145">
    <p class='ocr_par' dir='ltr' id='par_1_102' title="bbox 273 5068 1845 5145">
     <span class='ocr_line' id='line_1_106' title="bbox 273 5068 1845 5145; baseline 0.006 -23"><span class='ocrx_word' id='word_1_630' title='bbox 273 5079 361 5122; x_wconf 93' lang='lat' dir='ltr'><strong>tur</strong></span> <span class='ocrx_word' id='word_1_631' title='bbox 390 5086 405 5123; x_wconf 92' lang='lat'><strong>:</strong></span> <span class='ocrx_word' id='word_1_632' title='bbox 436 5081 658 5136; x_wconf 78' lang='lat' dir='ltr'><strong>excepta</strong></span> <span class='ocrx_word' id='word_1_633' title='bbox 688 5083 815 5124; x_wconf 87' lang='lat' dir='ltr'><strong>vero</strong></span> <span class='ocrx_word' id='word_1_634' title='bbox 843 5085 1013 5140; x_wconf 87' lang='lat' dir='ltr'><strong>usque</strong></span> <span class='ocrx_word' id='word_1_635' title='bbox 1039 5071 1104 5125; x_wconf 89' lang='lat' dir='ltr'><strong>ad</strong></span> <span class='ocrx_word' id='word_1_636' title='bbox 1136 5084 1362 5128; x_wconf 83' lang='lat' dir='ltr'><strong>mortem</strong></span> <span class='ocrx_word' id='word_1_637' title='bbox 1393 5068 1542 5129; x_wconf 76' lang='lat' dir='ltr'><strong>suaa&#39;t</strong></span> <span class='ocrx_word' id='word_1_638' title='bbox 1583 5091 1681 5131; x_wconf 77' lang='lat' dir='ltr'><strong>nec</strong></span> <span class='ocrx_word' id='word_1_639' title='bbox 1711 5093 1845 5145; x_wconf 79' lang='lat' dir='ltr'><strong>prte-</strong></span> 
     </span>
    </p>
   </div>
   <div class='ocr_carea' id='block_1_103' title="bbox 172 5160 1846 5236">
    <p class='ocr_par' dir='ltr' id='par_1_103' title="bbox 172 5160 1846 5236">
     <span class='ocr_line' id='line_1_107' title="bbox 172 5160 1846 5236; baseline 0.007 -24"><span class='ocrx_word' id='word_1_640' title='bbox 172 5212 181 5218; x_wconf 78' lang='grc'>,</span> <span class='ocrx_word' id='word_1_641' title='bbox 272 5167 469 5221; x_wconf 86' lang='lat' dir='ltr'><strong>sumat,</strong></span> <span class='ocrx_word' id='word_1_642' title='bbox 487 5172 586 5211; x_wconf 89' lang='lat' dir='ltr'><strong>nec</strong></span> <span class='ocrx_word' id='word_1_643' title='bbox 609 5160 947 5226; x_wconf 78' lang='lat' dir='ltr'><strong>permittatur</strong></span> <span class='ocrx_word' id='word_1_644' title='bbox 962 5162 1028 5215; x_wconf 90' lang='lat' dir='ltr'><strong>de</strong></span> <span class='ocrx_word' id='word_1_645' title='bbox 1049 5164 1373 5218; x_wconf 87' lang='lat' dir='ltr'><strong>monasterio</strong></span> <span class='ocrx_word' id='word_1_646' title='bbox 1394 5166 1602 5234; x_wconf 86' lang='lat' dir='ltr'><strong>egredi:</strong></span> <span class='ocrx_word' id='word_1_647' title='bbox 1629 5178 1846 5236; x_wconf 83' lang='lat' dir='ltr'><strong>prapter</strong></span> 
     </span>
    </p>
   </div>
   <div class='ocr_carea' id='block_1_104' title="bbox 268 5247 1848 5329">
    <p class='ocr_par' dir='ltr' id='par_1_104' title="bbox 268 5247 1848 5329">
     <span class='ocr_line' id='line_1_108' title="bbox 268 5247 1848 5329; baseline 0.008 -27"><span class='ocrx_word' id='word_1_648' title='bbox 268 5249 398 5304; x_wconf 81' lang='lat' dir='ltr'><strong>illud</strong></span> <span class='ocrx_word' id='word_1_649' title='bbox 431 5247 798 5315; x_wconf 80' lang='lat' dir='ltr'><strong>propheticum</strong></span> <span class='ocrx_word' id='word_1_650' title='bbox 826 5264 840 5300; x_wconf 90' lang='lat'><strong>:</strong></span> <span class='ocrx_word' id='word_1_651' title='bbox 870 5248 1034 5303; x_wconf 87' lang='lat' dir='ltr'><strong>Unam</strong></span> <span class='ocrx_word' id='word_1_652' title='bbox 1056 5254 1178 5320; x_wconf 87' lang='lat' dir='ltr'><strong>petii</strong></span> <span class='ocrx_word' id='word_1_653' title='bbox 1202 5270 1234 5306; x_wconf 89' lang='lat' dir='ltr'><strong>a</strong></span> <span class='ocrx_word' id='word_1_654' title='bbox 1263 5253 1498 5321; x_wconf 89' lang='lat' dir='ltr'><strong>Domino,</strong></span> <span class='ocrx_word' id='word_1_655' title='bbox 1523 5256 1656 5311; x_wconf 84' lang='lat' dir='ltr'><strong>hanc</strong></span> <span class='ocrx_word' id='word_1_656' title='bbox 1681 5262 1848 5329; x_wconf 84' lang='lat' dir='ltr'><strong>requi-</strong></span> 
     </span>
    </p>
   </div>
   <div class='ocr_carea' id='block_1_105' title="bbox 272 5335 1846 5403">
    <p class='ocr_par' dir='ltr' id='par_1_105' title="bbox 272 5335 1846 5403">
     <span class='ocr_line' id='line_1_109' title="bbox 272 5335 1846 5403; baseline 0.008 -12"><span class='ocrx_word' id='word_1_657' title='bbox 272 5352 411 5402; x_wconf 73' lang='lat' dir='ltr'><strong>ram,</strong></span> <span class='ocrx_word' id='word_1_658' title='bbox 454 5347 516 5391; x_wconf 88' lang='lat' dir='ltr'><strong>ut</strong></span> <span class='ocrx_word' id='word_1_659' title='bbox 557 5335 831 5389; x_wconf 84' lang='lat' dir='ltr'><strong>inhabilem</strong></span> <span class='ocrx_word' id='word_1_660' title='bbox 858 5337 911 5389; x_wconf 91' lang='lat' dir='ltr'><strong>in</strong></span> <span class='ocrx_word' id='word_1_661' title='bbox 951 5339 1104 5394; x_wconf 90' lang='lat' dir='ltr'><strong>domo</strong></span> <span class='ocrx_word' id='word_1_662' title='bbox 1149 5340 1359 5397; x_wconf 88' lang='lat' dir='ltr'><strong>Domini</strong></span> <span class='ocrx_word' id='word_1_663' title='bbox 1400 5345 1630 5403; x_wconf 86' lang='lat' dir='ltr'><strong>omnibus</strong></span> <span class='ocrx_word' id='word_1_664' title='bbox 1670 5349 1846 5403; x_wconf 82' lang='lat' dir='ltr'><strong>diebus</strong></span> 
     </span>
    </p>
   </div>
   <div class='ocr_carea' id='block_1_106' title="bbox 267 5424 919 5496">
    <p class='ocr_par' dir='ltr' id='par_1_106' title="bbox 267 5424 919 5496">
     <span class='ocr_line' id='line_1_110' title="bbox 267 5424 919 5496; baseline 0.005 -18"><span class='ocrx_word' id='word_1_665' title='bbox 267 5427 383 5480; x_wconf 80' lang='lat' dir='ltr'><strong>uiue</strong></span> <span class='ocrx_word' id='word_1_666' title='bbox 410 5442 535 5480; x_wconf 73' lang='lat' dir='ltr'><strong>mete</strong></span> <span class='ocrx_word' id='word_1_667' title='bbox 556 5424 726 5495; x_wconf 84' lang='lat' dir='ltr'><strong>(Psal.</strong></span> <span class='ocrx_word' id='word_1_668' title='bbox 750 5426 919 5496; x_wconf 75' lang='lat' dir='ltr'><strong>sxw).</strong></span> 
     </span>
    </p>
   </div>
   <div class='ocr_carea' id='block_1_107' title="bbox 347 5514 1843 5593">
    <p class='ocr_par' dir='ltr' id='par_1_107' title="bbox 347 5514 1843 5593">
     <span class='ocr_line' id='line_1_111' title="bbox 347 5514 1843 5593; baseline 0.01 -26"><span class='ocrx_word' id='word_1_669' title='bbox 347 5514 416 5568; x_wconf 92' lang='lat' dir='ltr'><strong>ll.</strong></span> <span class='ocrx_word' id='word_1_670' title='bbox 454 5514 783 5570; x_wconf 58' lang='lat' dir='ltr'><strong>Vestimenta</strong></span> <span class='ocrx_word' id='word_1_671' title='bbox 812 5531 942 5571; x_wconf 86' lang='lat' dir='ltr'><strong>vero</strong></span> <span class='ocrx_word' id='word_1_672' title='bbox 963 5516 1209 5587; x_wconf 87' lang='lat' dir='ltr'><strong>religiosa</strong></span> <span class='ocrx_word' id='word_1_673' title='bbox 1241 5534 1345 5575; x_wconf 85' lang='lat' dir='ltr'><strong>non</strong></span> <span class='ocrx_word' id='word_1_674' title='bbox 1374 5524 1620 5593; x_wconf 90' lang='lat' dir='ltr'><strong>accipiat,</strong></span> <span class='ocrx_word' id='word_1_675' title='bbox 1645 5525 1748 5581; x_wconf 89' lang='lat' dir='ltr'><strong>nisi</strong></span> <span class='ocrx_word' id='word_1_676' title='bbox 1775 5527 1843 5583; x_wconf 88' lang='lat' dir='ltr'><strong>de</strong></span> 
     </span>
    </p>
   </div>
   <div class='ocr_carea' id='block_1_108' title="bbox 1959 4804 3532 4887">
    <p class='ocr_par' dir='ltr' id='par_1_108' title="bbox 1959 4804 3532 4887">
     <span class='ocr_line' id='line_1_112' title="bbox 1959 4804 3532 4887; baseline 0.013 -30"><span class='ocrx_word' id='word_1_677' title='bbox 1959 4804 2167 4860; x_wconf 84' lang='lat' dir='ltr'><strong>Domini</strong></span> <span class='ocrx_word' id='word_1_678' title='bbox 2191 4807 2460 4874; x_wconf 86' lang='lat' dir='ltr'><strong>mandata,</strong></span> <span class='ocrx_word' id='word_1_679' title='bbox 2479 4810 2565 4865; x_wconf 90' lang='lat' dir='ltr'><strong>ubi</strong></span> <span class='ocrx_word' id='word_1_680' title='bbox 2589 4810 2751 4866; x_wconf 74' lang='lat' dir='ltr'><strong>dicit:</strong></span> <span class='ocrx_word' id='word_1_681' title='bbox 2777 4813 2838 4870; x_wconf 91' lang='lat' dir='ltr'><strong>Si</strong></span> <span class='ocrx_word' id='word_1_682' title='bbox 2866 4817 2935 4869; x_wconf 82' lang='lat' dir='ltr'><strong>vis</strong></span> <span class='ocrx_word' id='word_1_683' title='bbox 2956 4820 3206 4887; x_wconf 87' lang='lat' dir='ltr'><strong>perfectus</strong></span> <span class='ocrx_word' id='word_1_684' title='bbox 3229 4837 3354 4887; x_wconf 84' lang='lat' dir='ltr'><strong>esse,</strong></span> <span class='ocrx_word' id='word_1_685' title='bbox 3373 4828 3532 4877; x_wconf 75' lang='lat' dir='ltr'><strong>vende</strong></span> 
     </span>
    </p>
   </div>
   <div class='ocr_carea' id='block_1_109' title="bbox 1953 4897 3529 4981">
    <p class='ocr_par' dir='ltr' id='par_1_109' title="bbox 1953 4897 3529 4981">
     <span class='ocr_line' id='line_1_113' title="bbox 1953 4897 3529 4981; baseline 0.013 -32"><span class='ocrx_word' id='word_1_686' title='bbox 1953 4897 2123 4949; x_wconf 90' lang='lat' dir='ltr'><strong>omnia</strong></span> <span class='ocrx_word' id='word_1_687' title='bbox 2151 4911 2264 4962; x_wconf 72' lang='lat' dir='ltr'><strong>quia</strong></span> <span class='ocrx_word' id='word_1_688' title='bbox 2288 4897 2436 4950; x_wconf 80' lang='lat' dir='ltr'><strong>habes</strong></span> <span class='ocrx_word' id='word_1_689' title='bbox 2455 4897 2667 4966; x_wconf 78' lang='lat' dir='ltr'><strong>(Matth.</strong></span> <span class='ocrx_word' id='word_1_690' title='bbox 2694 4902 2831 4972; x_wconf 79' lang='lat' dir='ltr'><strong>xIx);</strong></span> <span class='ocrx_word' id='word_1_691' title='bbox 2861 4916 2935 4969; x_wconf 84' lang='lat' dir='ltr'><strong>et,</strong></span> <span class='ocrx_word' id='word_1_692' title='bbox 2963 4907 3024 4961; x_wconf 89' lang='lat' dir='ltr'><strong>Si</strong></span> <span class='ocrx_word' id='word_1_693' title='bbox 3045 4911 3155 4976; x_wconf 88' lang='lat' dir='ltr'><strong>quis</strong></span> <span class='ocrx_word' id='word_1_694' title='bbox 3185 4928 3285 4963; x_wconf 87' lang='lat' dir='ltr'><strong>non</strong></span> <span class='ocrx_word' id='word_1_695' title='bbox 3310 4914 3529 4981; x_wconf 83' lang='lat' dir='ltr'><strong>relique-</strong></span> 
     </span>
    </p>
   </div>
   <div class='ocr_carea' id='block_1_110' title="bbox 1952 4986 3534 5072">
    <p class='ocr_par' dir='ltr' id='par_1_110' title="bbox 1952 4986 3534 5072">
     <span class='ocr_line' id='line_1_114' title="bbox 1952 4986 3534 5072; baseline 0.015 -35"><span class='ocrx_word' id='word_1_696' title='bbox 1952 4986 2019 5039; x_wconf 88' lang='lat' dir='ltr'><strong>rit</strong></span> <span class='ocrx_word' id='word_1_697' title='bbox 2041 4988 2211 5040; x_wconf 88' lang='lat' dir='ltr'><strong>omnia</strong></span> <span class='ocrx_word' id='word_1_698' title='bbox 2234 5003 2345 5056; x_wconf 77' lang='lat' dir='ltr'><strong>quat</strong></span> <span class='ocrx_word' id='word_1_699' title='bbox 2367 4991 2613 5059; x_wconf 85' lang='lat' dir='ltr'><strong>possidet,</strong></span> <span class='ocrx_word' id='word_1_700' title='bbox 2644 5008 2744 5045; x_wconf 90' lang='lat' dir='ltr'><strong>non</strong></span> <span class='ocrx_word' id='word_1_701' title='bbox 2767 5006 2926 5064; x_wconf 87' lang='lat' dir='ltr'><strong>potest</strong></span> <span class='ocrx_word' id='word_1_702' title='bbox 2952 5014 3093 5051; x_wconf 87' lang='lat' dir='ltr'><strong>meus</strong></span> <span class='ocrx_word' id='word_1_703' title='bbox 3115 5017 3222 5053; x_wconf 82' lang='lat' dir='ltr'><strong>esse</strong></span> <span class='ocrx_word' id='word_1_704' title='bbox 3244 5002 3534 5072; x_wconf 85' lang='lat' dir='ltr'><strong>discipulus</strong></span> 
     </span>
    </p>
   </div>
   <div class='ocr_carea' id='block_1_111' title="bbox 1957 5073 2271 5145">
    <p class='ocr_par' dir='ltr' id='par_1_111' title="bbox 1957 5073 2271 5145">
     <span class='ocr_line' id='line_1_115' title="bbox 1957 5073 2271 5145; baseline 0.003 -18"><span class='ocrx_word' id='word_1_705' title='bbox 1957 5073 2108 5144; x_wconf 89' lang='lat' dir='ltr'><strong>(Luc.</strong></span> <span class='ocrx_word' id='word_1_706' title='bbox 2141 5075 2271 5145; x_wconf 74' lang='lat' dir='ltr'><strong>XIV).</strong></span> 
     </span>
    </p>
   </div>
   <div class='ocr_carea' id='block_1_112' title="bbox 2026 5166 3537 5252">
    <p class='ocr_par' dir='ltr' id='par_1_112' title="bbox 2026 5166 3537 5252">
     <span class='ocr_line' id='line_1_116' title="bbox 2026 5166 3537 5252; baseline 0.016 -33"><span class='ocrx_word' id='word_1_707' title='bbox 2026 5166 2112 5220; x_wconf 91' lang='lat' dir='ltr'><strong>Ill.</strong></span> <span class='ocrx_word' id='word_1_708' title='bbox 2146 5167 2284 5221; x_wconf 83' lang='lat' dir='ltr'><strong>Nihil</strong></span> <span class='ocrx_word' id='word_1_709' title='bbox 2310 5170 2516 5225; x_wconf 86' lang='lat' dir='ltr'><strong>occulte</strong></span> <span class='ocrx_word' id='word_1_710' title='bbox 2544 5173 2850 5241; x_wconf 89' lang='lat' dir='ltr'><strong>accipiatis:</strong></span> <span class='ocrx_word' id='word_1_711' title='bbox 2875 5177 2968 5231; x_wconf 87' lang='lat' dir='ltr'><strong>sed</strong></span> <span class='ocrx_word' id='word_1_712' title='bbox 2994 5180 3036 5233; x_wconf 91' lang='lat' dir='ltr'><strong>si</strong></span> <span class='ocrx_word' id='word_1_713' title='bbox 3058 5184 3174 5246; x_wconf 84' lang='lat' dir='ltr'><strong>qII&#39;s</strong></span> <span class='ocrx_word' id='word_1_714' title='bbox 3201 5186 3537 5252; x_wconf 79' lang='lat' dir='ltr'><strong>propinquus</strong></span> 
     </span>
    </p>
   </div>
   <div class='ocr_carea' id='block_1_113' title="bbox 1952 5258 3533 5340">
    <p class='ocr_par' dir='ltr' id='par_1_113' title="bbox 1952 5258 3533 5340">
     <span class='ocr_line' id='line_1_117' title="bbox 1952 5258 3533 5340; baseline 0.016 -30"><span class='ocrx_word' id='word_1_715' title='bbox 1952 5268 2043 5311; x_wconf 89' lang='lat' dir='ltr'><strong>aut</strong></span> <span class='ocrx_word' id='word_1_716' title='bbox 2070 5258 2273 5311; x_wconf 88' lang='lat' dir='ltr'><strong>amicus</strong></span> <span class='ocrx_word' id='word_1_717' title='bbox 2295 5258 2491 5325; x_wconf 87' lang='lat' dir='ltr'><strong>aliquid</strong></span> <span class='ocrx_word' id='word_1_718' title='bbox 2514 5263 2563 5315; x_wconf 91' lang='lat' dir='ltr'><strong>in</strong></span> <span class='ocrx_word' id='word_1_719' title='bbox 2586 5264 2904 5321; x_wconf 82' lang='lat' dir='ltr'><strong>vestimento</strong></span> <span class='ocrx_word' id='word_1_720' title='bbox 2925 5280 3012 5322; x_wconf 89' lang='lat' dir='ltr'><strong>aut</strong></span> <span class='ocrx_word' id='word_1_721' title='bbox 3041 5272 3091 5325; x_wconf 86' lang='lat' dir='ltr'><strong>in</strong></span> <span class='ocrx_word' id='word_1_722' title='bbox 3110 5278 3358 5340; x_wconf 83' lang='lat' dir='ltr'><strong>aura,vcl</strong></span> <span class='ocrx_word' id='word_1_723' title='bbox 3381 5282 3533 5336; x_wconf 80' lang='lat' dir='ltr'><strong>aliml</strong></span> 
     </span>
    </p>
   </div>
   <div class='ocr_carea' id='block_1_114' title="bbox 1953 5348 3533 5431">
    <p class='ocr_par' dir='ltr' id='par_1_114' title="bbox 1953 5348 3533 5431">
     <span class='ocr_line' id='line_1_118' title="bbox 1953 5348 3533 5431; baseline 0.016 -30"><span class='ocrx_word' id='word_1_724' title='bbox 1953 5348 2305 5418; x_wconf 89' lang='lat' dir='ltr'><strong>quodcunque</strong></span> <span class='ocrx_word' id='word_1_725' title='bbox 2330 5350 2539 5406; x_wconf 88' lang='lat' dir='ltr'><strong>dederit</strong></span> <span class='ocrx_word' id='word_1_726' title='bbox 2565 5364 2655 5407; x_wconf 89' lang='lat' dir='ltr'><strong>aut</strong></span> <span class='ocrx_word' id='word_1_727' title='bbox 2685 5358 3058 5425; x_wconf 83' lang='lat' dir='ltr'><strong>transmiserit,</strong></span> <span class='ocrx_word' id='word_1_728' title='bbox 3087 5364 3139 5415; x_wconf 91' lang='lat' dir='ltr'><strong>in</strong></span> <span class='ocrx_word' id='word_1_729' title='bbox 3173 5377 3434 5431; x_wconf 81' lang='lat' dir='ltr'><strong>potestate</strong></span> <span class='ocrx_word' id='word_1_730' title='bbox 3457 5374 3533 5427; x_wconf 68' lang='grc' dir='ltr'><strong>εἰ</strong></span> 
     </span>
    </p>
   </div>
   <div class='ocr_carea' id='block_1_115' title="bbox 1951 5436 3527 5520">
    <p class='ocr_par' dir='ltr' id='par_1_115' title="bbox 1951 5436 3527 5520">
     <span class='ocr_line' id='line_1_119' title="bbox 1951 5436 3527 5520; baseline 0.013 -31"><span class='ocrx_word' id='word_1_731' title='bbox 1951 5436 2253 5504; x_wconf 61' lang='lat' dir='ltr'><strong>abbatissae,</strong></span> <span class='ocrx_word' id='word_1_732' title='bbox 2286 5447 2340 5492; x_wconf 92' lang='lat' dir='ltr'><strong>ct</strong></span> <span class='ocrx_word' id='word_1_733' title='bbox 2368 5439 2411 5493; x_wconf 82' lang='lat' dir='ltr'><strong>si</strong></span> <span class='ocrx_word' id='word_1_734' title='bbox 2443 5439 2525 5511; x_wconf 83' lang='lat' dir='ltr'><strong>illi</strong></span> <span class='ocrx_word' id='word_1_735' title='bbox 2551 5444 2636 5496; x_wconf 91' lang='lat' dir='ltr'><strong>cui</strong></span> <span class='ocrx_word' id='word_1_736' title='bbox 2668 5447 3045 5501; x_wconf 88' lang='lat' dir='ltr'><strong>transmittitur</strong></span> <span class='ocrx_word' id='word_1_737' title='bbox 3073 5466 3297 5508; x_wconf 81' lang='lat' dir='ltr'><strong>necesse</strong></span> <span class='ocrx_word' id='word_1_738' title='bbox 3341 5456 3527 5520; x_wconf 68' lang='lat' dir='ltr'><strong>fuerit,</strong></span> 
     </span>
    </p>
   </div>
   <div class='ocr_carea' id='block_1_116' title="bbox 1950 5528 3540 5607">
    <p class='ocr_par' dir='ltr' id='par_1_116' title="bbox 1950 5528 3540 5607">
     <span class='ocr_line' id='line_1_120' title="bbox 1950 5528 3540 5607; baseline 0.013 -27"><span class='ocrx_word' id='word_1_739' title='bbox 1950 5528 2243 5594; x_wconf 86' lang='lat' dir='ltr'><strong>tribuatur;</strong></span> <span class='ocrx_word' id='word_1_740' title='bbox 2270 5529 2354 5585; x_wconf 89' lang='lat' dir='ltr'><strong>sin</strong></span> <span class='ocrx_word' id='word_1_741' title='bbox 2373 5545 2501 5586; x_wconf 89' lang='lat' dir='ltr'><strong>vero</strong></span> <span class='ocrx_word' id='word_1_742' title='bbox 2530 5532 2617 5587; x_wconf 89' lang='lat' dir='ltr'><strong>illa</strong></span> <span class='ocrx_word' id='word_1_743' title='bbox 2642 5533 2772 5588; x_wconf 81' lang='lat' dir='ltr'><strong>nihil</strong></span> <span class='ocrx_word' id='word_1_744' title='bbox 2804 5536 3022 5607; x_wconf 79' lang='lat' dir='ltr'><strong>indiget,</strong></span> <span class='ocrx_word' id='word_1_745' title='bbox 3057 5541 3112 5595; x_wconf 90' lang='lat' dir='ltr'><strong>in</strong></span> <span class='ocrx_word' id='word_1_746' title='bbox 3133 5559 3414 5603; x_wconf 63' lang='lat' dir='ltr'><strong>commune</strong></span> <span class='ocrx_word' id='word_1_747' title='bbox 3441 5561 3540 5600; x_wconf 85' lang='lat' dir='ltr'><strong>re-</strong></span> 
     </span>
    </p>
   </div>
   <div class='ocr_carea' id='block_1_117' title="bbox 271 5604 3081 5686">
    <p class='ocr_par' dir='ltr' id='par_1_117' title="bbox 271 5604 3081 5686">
     <span class='ocr_line' id='line_1_121' title="bbox 271 5604 3081 5686; baseline 0.009 -27"><span class='ocrx_word' id='word_1_748' title='bbox 271 5605 414 5659; x_wconf 86' lang='lat' dir='ltr'><strong>omni</strong></span> <span class='ocrx_word' id='word_1_749' title='bbox 458 5604 703 5661; x_wconf 68' lang='lat' dir='ltr'><strong>facultate</strong></span> <span class='ocrx_word' id='word_1_750' title='bbox 733 5621 845 5667; x_wconf 76' lang='lat' dir='ltr'><strong>sua.</strong></span> <span class='ocrx_word' id='word_1_751' title='bbox 879 5606 994 5663; x_wconf 87' lang='lat' dir='ltr'><strong>sive</strong></span> <span class='ocrx_word' id='word_1_752' title='bbox 1025 5608 1230 5679; x_wconf 78' lang='lat' dir='ltr'><strong>grandi.</strong></span> <span class='ocrx_word' id='word_1_753' title='bbox 1264 5609 1374 5665; x_wconf 87' lang='lat' dir='ltr'><strong>sive</strong></span> <span class='ocrx_word' id='word_1_754' title='bbox 1403 5626 1563 5680; x_wconf 81' lang='lat' dir='ltr'><strong>parva</strong></span> <span class='ocrx_word' id='word_1_755' title='bbox 1595 5613 1838 5678; x_wconf 83' lang='lat' dir='ltr'><strong>;cbarlas</strong></span> <span class='ocrx_word' id='word_1_756' title='bbox 1944 5620 2157 5675; x_wconf 89' lang='lat' dir='ltr'><strong>dactum</strong></span> <span class='ocrx_word' id='word_1_757' title='bbox 2185 5622 2268 5676; x_wconf 88' lang='lat' dir='ltr'><strong>cui</strong></span> <span class='ocrx_word' id='word_1_758' title='bbox 2299 5632 2378 5677; x_wconf 87' lang='lat' dir='ltr'><strong>est</strong></span> <span class='ocrx_word' id='word_1_759' title='bbox 2410 5627 2771 5683; x_wconf 79' lang='lat' dir='ltr'><strong>necessarium</strong></span> <span class='ocrx_word' id='word_1_760' title='bbox 2801 5604 3081 5686; x_wconf 79' lang='lat' dir='ltr'><strong>tribuatur.</strong></span> 
     </span>
    </p>
   </div>
  </div>
