3968 6166
348 403 450 455 ι(οΐ

1567 404 1841 460 ΠΕϐῐῖῐ.Α
1889 405 1974 459 AD
2018 405 2353 462 VIRGINES.

3500 418 3623 470 ωςξη

419 518 500 568 IV.
532 517 798 582 Epistolas
822 519 1170 587 prmcepimus
1197 534 1292 574 nec
1317 520 1518 575 dandas
1544 538 1639 576 nec
1664 523 1920 590 accipien-
1952 529 2002 588 Α
2102 523 2236 576 XVI.
2269 523 2416 578 Nulla
2454 523 2708 578 infantem
2749 524 2815 581 de
2845 525 3110 592 baptismo
3137 526 3388 595 excipiat.

345 608 438 663 das
466 609 581 662 sine
605 610 820 663 scientia
854 621 944 664 aut
966 613 1228 679 permisso
1253 614 1556 668 abbatissat.

419 702 480 756 V.
516 703 665 756 Nulla
695 705 836 757 circa
884 705 1076 758 lectum
1105 720 1259 760 suum
1306 711 1446 775 quod
1479 711 1801 766 manducare
1835 722 1924 766 aut

347 793 530 847 libere
551 795 739 861 possit,
761 811 1020 864 reponere
1044 810 1358 866 prznsumat;
1385 801 1476 855 sed
1499 817 1685 855 omnes
1706 804 1757 856 in
1776 818 1922 859 com-

344 884 490 937 muni
533 885 754 939 cellario
787 889 1080 943 recondam
1110 907 1124 954 ;
1152 900 1206 943 et
1229 890 1274 944 si
1306 892 1634 960 inaequalitas
1659 897 1918 964 exegerit,

336 973 555 1041 julieate
576 977 786 1030 seniore
816 977 952 1044 quod
985 994 1202 1034 necesse
1234 980 1410 1046 fuerit,
1453 998 1557 1036 non
1595 987 1641 1039 ei
1675 997 1915 1055 negetur.

412 1064 498 1117 Vl.
526 1065 663 1118 Nulli
686 1067 845 1122 liceat
873 1070 1063 1124 cellam
1095 1082 1185 1124 aut
1207 1059 1569 1138 armariolum,
1600 1087 1690 1130 aut
1719 1079 1920 1148 aliquid

337 1152 645 1221 Imjusrnodi
678 1157 816 1222 quod
849 1159 1168 1225 peculiarius
1198 1161 1372 1216 claudi
1406 1166 1593 1232 possit,
1628 1167 1844 1222 habere.

412 1247 522 1300 VII.
550 1248 660 1300 Non
681 1247 898 1316 jaretis,
926 1252 1050 1319 quia
1080 1253 1334 1307 Dominus
1353 1255 1516 1308 dixit:
1546 1256 1721 1311 Nolite
1736 1261 1920 1327 jurare

334 1333 554 1402 (Matth.
586 1338 660 1405 v).
694 1338 757 1391 Et
788 1340 887 1393 alia
918 1342 1212 1408 scriptura:
1252 1343 1344 1396 Vir
1375 1348 1794 1418 multumjurans
1824 1352 1919 1403 im-

333 1428 558 1494 plebitur
585 1429 871 1496 iniquitate,
895 1443 941 1482 et
969 1448 1070 1484 non
1097 1433 1318 1487 discedet
1340 1438 1402 1488 de
1424 1437 1574 1490 domo
1600 1440 1735 1492 illius
1764 1443 1919 1511 plaga

331 1515 540 1584 (Eccli.
595 1518 771 1586 χχιιι).

409 1607 543 1660 VIII.
576 1607 690 1662 Non
722 1610 1081 1675 maledicatis.
1114 1617 1236 1683 quia
1285 1618 1540 1684 scriptum
1581 1630 1662 1674 est
1689 1638 1701 1674 :
1739 1620 1918 1689 Neque

330 1699 577 1751 maledici
606 1715 814 1769 regnum
847 1699 943 1754 Dei
966 1706 1292 1770 possidebunt
1321 1707 1370 1777 (1
1400 1708 1520 1764 Cor.
1545 1712 1640 1778 γι).

401 1790 503 1843 IX.
531 1792 742 1845 Mentiri
772 1794 992 1848 omnino
1023 1812 1127 1851 non
1160 1799 1354 1855 liceat:
1383 1802 1504 1870 quia
1537 1819 1592 1855 os
1613 1805 1750 1872 quod
1777 1821 1916 1859 men-

2103 614 2260 668 XVII.
2294 614 2494 679 Quibus
2524 615 2700 667 claves
2730 614 2796 669 de
2823 616 3039 668 cellario
3062 660 3075 682 ,
3106 632 3301 670 canava
3321 658 3332 678 ,
3368 620 3560 672 horren
3586 658 3616 680 λ

2025 704 2268 770 posticio,
2297 714 2348 756 et
2372 703 2604 756 oratorio
2623 702 2903 756 credenda:
2921 714 3063 769 sunt,
3093 705 3323 770 probata:
3352 709 3460 760 sint
3482 723 3597 774 per-

2024 807 2198 852 sonat;
2225 804 2276 845 et
2297 793 2525 859 desuper
2555 793 2743 846 altario
2775 791 2855 845 vel
2885 792 3278 861 Evangelioeas
3299 796 3596 865 accipiant:
3657 847 3663 858 ,

2021 885 2254 939 scientes
2305 899 2362 937 se
2390 885 2496 938 Deo
2525 884 2825 938 reddituras
2873 884 3136 938 rationem
3182 884 3249 939 de
3300 888 3601 943 ministerio

2021 974 2122 1027 sibi
2161 973 2388 1026 credito.
3407 1047 3410 1049 Α

2095 1064 2279 1117 XVIII.
2317 1065 2372 1117 In
2402 1065 2546 1118 omni
2580 1064 2881 1120 ministerio
2925 1065 3037 1120 sive
3086 1065 3272 1120 ordine
3305 1067 3598 1134 psallendi.
3651 1064 3662 1074 ’

2021 1166 2113 1209 aut
2143 1155 2374 1223 legendi,
2405 1156 2486 1209 vel
2534 1156 2822 1224 operandi,
2875 1155 3078 1210 vicibus
3117 1155 3219 1210 sibi
3269 1158 3600 1215 succedant:

2021 1248 2222 1315 absque
2252 1247 2542 1311 abbatissa,
2576 1248 2655 1302 vel
2689 1258 2880 1315 printer
2909 1249 3041 1302 satis
3068 1262 3225 1303 senes
3254 1258 3306 1303 et
3351 1250 3600 1318 parvulas

2022 1336 2282 1401 infantes,
2316 1347 2407 1390 aut
2446 1347 2590 1392 certe
2619 1339 2690 1390 ita
2739 1337 3008 1402 inﬁrmas,
3043 1348 3100 1392 ut
3127 1355 3348 1410 surgere
3379 1342 3598 1396 omnino

2021 1442 2126 1479 non
2158 1428 2380 1495 possint,
2407 1442 2510 1481 non
2536 1428 2923 1494 Compellantur
2953 1429 3128 1514 facere
3153 1429 3294 1498 quod
3327 1445 3432 1484 non
3460 1445 3598 1499 pra:-

2021 1515 2217 1568 valent.

2091 1606 2232 1659 XIX.
2266 1605 2416 1659 Nulla
2447 1620 2604 1674 opera
2638 1621 2730 1674 pro
2759 1620 2856 1661 suo
2883 1606 3037 1661 Iibito
3068 1606 3266 1675 eligant
3315 1607 3553 1662 iacienda
3573 1651 3608 1675 ,_

2019 1696 2112 1750 sed
2146 1696 2285 1765 qttod
2317 1697 2582 1750 abbatissa
2614 1697 2913 1763 imperavit,
2949 1697 3049 1750 hoc
3078 1695 3293 1751 faciant.

2091 1787 2210 1841 XX.
2241 1789 2341 1842 Per
2364 1798 2529 1842 totmn
2553 1791 2692 1842 diem
2721 1804 2840 1842 cum
2865 1790 3156 1857 operamini
3189 1789 3448 1852 manibus,
3479 1806 3596 1844 me-

326 1883 460 1933 titur
486 1884 669 1935 οαίιιῑι
695 1885 922 1939 animum
950 1888 1101 1958 (sap,
1131 1890 1198 1959 ι),
1232 1900 1286 1944 ει
1313 1893 1479 1948 tum];
1514 1893 1702 1949 pem“
1725 1912 1806 1949 ρο,
1825 1898 1914 1966 qu,-
1949 1887 1991 1946 Β
2018 1878 2204 1934 dilatio
2251 1891 2433 1934 sancta
2484 1883 2549 1932 de
2591 1880 2753 1934 corde
2783 1895 2887 1933 non
2941 1891 3116 1935 cesset
3147 1898 3159 1933 :
3198 1893 3414 1950 propter
3464 1883 3594 1937 illud

326 1971 616 2036 loquuntur
638 1974 955 2027 mendacium
983 1976 1155 2046 (Psal.
1191 1980 1267 2048 ν).

396 2060 472 2113 Χ.
509 2061 841 2118 Iracundiam
873 2067 1016 2120 nulla
1045 2083 1217 2138 usque
1242 2071 1306 2125 ad
1339 2073 1496 2127 aliam
1535 2075 1671 2130 diem
1704 2084 1912 2146 protra-

328 2151 805 2220 lwreprzesumat.
835 2155 901 2210 Et
931 2158 1068 2213 sicut
1095 2162 1253 2217 habet
1281 2163 1511 2220 humana
1557 2167 1836 2238 fragilitas,
1869 2171 1912 2224 si

325 2254 518 2295 sermo
542 2243 724 2298 durior
755 2241 1135 2305 inter‘sorores
1159 2263 1308 2308 ortus
1339 2255 1521 2322 fuerit,
1555 2258 1778 2313 invicem
1810 2261 1914 2314 sibi

277 2336 280 2338 '
318 2333 540 2386 veniam
574 2344 755 2402 petere
799 2347 858 2392 et
889 2340 1062 2396 debita
1097 2345 1346 2401 relaxare
1376 2348 1666 2406 lestinent:
1699 2363 1914 2422 propter

322 2419 549 2475 Dosuiui
573 2426 901 2495 mandatum,
924 2430 1011 2484 ubi
1039 2432 1196 2486 dicit:
1223 2435 1284 2490 Si
1304 2439 1600 2492 recordatus
1616 2419 1771 2508 fueris
1791 2419 1914 2512 quia

318 2515 493 2577 frater
522 2525 637 2581 tuus
667 2518 810 2570 habet
840 2521 1035 2589 aliquid
1068 2526 1334 2579 adversum
1363 2537 1429 2592 te,
1461 2529 1690 2600 relinque
1727 2548 1913 2587 munus

319 2614 470 2656 tuum
502 2617 626 2661 ante
652 2610 846 2676 altare,
892 2623 942 2667 et
971 2616 1097 2670 vade
1136 2619 1280 2684 prius
1329 2623 1711 2677 reconciliatum
1764 2629 1913 2692 fratri

318 2704 402 2748 tuo
424 2711 446 2750 :
468 2705 522 2750 et
544 2706 664 2752 tunc
686 2704 884 2758 veniens
910 2705 1088 2772 σπεῖρε
1109 2725 1294 2766 manus
1317 2720 1462 2766 tuum
1484 2714 1699 2785 (Matth.
1720 2720 1799 2789 v).
1821 2719 1911 2785 Et,

318 2788 363 2838 si
389 2804 500 2840 non
531 2789 825 2846 dimiseritis
855 2796 1142 2855 hominibus
1168 2813 1375 2870 peccata
1411 2821 1608 2873 eorum,
1632 2824 1725 2863 nee
1757 2809 1913 2865 Pater

318 2887 483 2931 tester
510 2883 722 2936 ctelestis
747 2885 961 2940 dimittet
982 2891 1120 2944 vobis
1140 2905 1346 2961 peccata
1373 2879 1537 2952 vestra
1567 2898 1778 2970 (Matth.
1809 2902 1907 2971 vt).

320 2965 475 3033 Item,
509 2967 574 3023 Si
587 2973 766 3041 septies
785 2980 1060 3044 peccaverit
1083 2981 1135 3034 in
1155 2983 1236 3037 die
1251 2985 1303 3038 in
1326 2996 1391 3053 te,
1415 2995 1462 3040 et
1483 3003 1750 3044 conversus
1770 2991 1915 3047 dixe-

316 3060 404 3121 rit,
438 3060 648 3127 paenitet
695 3079 803 3130 me;
825 3066 1020 3122 dimitte
1060 3070 1139 3124 illi
1169 3073 1320 3130 (Luc.
1352 3077 1502 3139 xvu).
1531 3077 1618 3149 Et,
1654 3079 1775 3134 Non
1797 3083 1911 3135 dico

318 3149 409 3202 tibi
433 3167 602 3218 usque
621 3155 824 3224 septies,
857 3160 947 3211 sed
975 3177 1132 3230 usque
1155 3173 1438 3235 septuagtes
1473 3179 1654 3238 septies
1693 3170 1904 3241 (Matth.

2017 1971 2306 2038 Apostoli:
2360 1971 2622 2038 Psalmis,
2672 1972 2918 2040 hymnis,
2969 1973 3182 2027 canticis
3244 1975 3595 2043 spiritualibus

2016 2071 2276 2115 cantantes
2332 2071 2377 2115 et
2430 2062 2702 2131 psallentes
2751 2064 2803 2116 in
2858 2064 3096 2116 cordibus
3151 2064 3334 2118 vestris
3377 2066 3593 2118 Domino

2020 2151 2154 2220 (Col.
2188 2154 2293 2219 ιιι).

2086 2243 2226 2298 XXI.
2257 2244 2408 2297 Nulla
2441 2254 2729 2313 prmsumat
2757 2245 3044 2315 quidquam
3074 2261 3229 2300 suum
3276 2246 3473 2312 dicere,
3499 2259 3591 2302 aut

2015 2345 2168 2385 suum
2198 2333 2468 2400 proprium
2493 2333 2765 2388 vindicare
2793 2351 2806 2388 :
2835 2335 2928 2389 sed
2953 2336 3245 2390 secundum
3270 2334 3437 2389 Actus
3462 2350 3594 2404 apo-

2013 2421 2296 2487 stolordm,
2320 2423 2426 2477 sint
2448 2423 2598 2478 vobis
2618 2425 2791 2476 omnia
2815 2427 3134 2478 communia:
3157 2426 3227 2480 sit
3247 2427 3396 2480 vobis
3419 2428 3596 2480 anima

2014 2529 2118 2566 una
2138 2524 2185 2568 et
2214 2529 2300 2568 cor
2333 2531 2492 2568 unum
2521 2516 2573 2568 in
2610 2514 2837 2570 Domino.
2859 2516 2994 2586 (Act.
3024 2516 3125 2584 tv).

2088 2604 2252 2658 XXII.
2285 2606 2614 2662 Vestimenta
2641 2607 2747 2662 alio
2774 2607 2954 2664 colore
2971 2623 3077 2663 non
3103 2608 3335 2675 induatis
3357 2609 3459 2666 nisi
3486 2609 3592 2666 laia

1961 2738 1964 2741 Α
2011 2703 2065 2748 et
2098 2694 2308 2748 lactina.

2086 2784 2271 2839 XXIII.
2298 2785 2378 2839 Ad
2409 2785 2616 2855 vigilias
2642 2787 2781 2841 nulla
2812 2785 3072 2841 dormiat:
3103 2787 3148 2842 si
3172 2801 3300 2846 vero
3320 2790 3588 2847 .‘dominici

2013 2886 2107 2930 aut
2135 2876 2251 2930 testi
2285 2875 2400 2930 dies
2429 2885 2574 2944 sunt,
2614 2878 2698 2932 cui
2745 2891 2965 2932 somnus
2994 2879 3219 2944 venerit,
3252 2879 3374 2935 aliis
3397 2869 3587 2936 seden-

2014 2970 2154 3024 tibus
2187 2968 2277 3022 illa
2307 2977 2433 3032 stet,
2453 2977 2513 3022 ut
2537 2969 2705 3038 possit
2732 2984 2759 3021 a
2785 2983 2844 3023 se
2873 2970 3044 3023 somni
3079 2984 3380 3025 marcorem
3411 2974 3586 3041 repele

2012 3059 2157 3123 Iere;
2192 3073 2258 3113 ne
2288 3057 2341 3112 in
2371 3071 2534 3127 opere
2564 3058 2658 3113 Dei
2692 3067 2781 3113 aut
2810 3059 2985 3129 tepida
3016 3059 3336 3127 inveniatur,
3367 3069 3459 3116 aut
3487 3077 3586 3118 ne-

2012 3145 2236 3217 gligens.
2919 3164 2926 3172 '
3212 3155 3218 3160 ’

317 3245 505 3314 xvm).
537 3245 602 3299 Et
629 3248 730 3301 alia
781 3252 1044 3320 scriptura
1076 3271 1090 3309 :
1124 3254 1216 3308 Ira
1244 3260 1338 3311 viri
1378 3235 1632 3329 justitiam
1685 3235 1778 3316 Dei
1807 3281 1906 3318 non
1935 3235 1983 3298 ο
2081 3236 2272 3290 xxw'
2314 3235 2480 3306 Signo
2519 3245 2658 3329 me“?
2687 3250 2849 3292 omne
2877 3251 3011 3307 opus
3041 3242 3502 3308 prmermimmr’
3531 3253 3588 3298 ⁸⁸

318 3346 574 3404 Operutur
595 3337 734 3408 (Jac.
762 3342 825 3409 t).
855 3343 920 3396 Et
939 3345 1226 3413 Apostolus
1252 3367 1263 3401 ε
1290 3350 1386 3404 Sol
1412 3369 1513 3407 non
1541 3356 1736 3408 accidat
1755 3372 1908 3426 super

316 3429 648 3481 iracundiam
688 3443 906 3486 vestram
938 3435 1158 3505 (Ephes.
1189 3440 1288 3508 tv).
1318 3441 1469 3506 Quod
1495 3443 1638 3498 Deus
1676 3456 1904 3513 avertat,

318 3521 359 3570 si
390 3521 620 3574 di.tbt)l0
649 3522 937 3590 instigante
969 3527 1127 3584 fuerit
1156 3531 1331 3600 aliqua
1381 3533 1561 3590 furore
1601 3536 1825 3605 repleta,
1851 3546 1908 3591 ut

320 3606 417 3659 ista
453 3610 708 3664 mandata
755 3615 1013 3681 pertinaci
1041 3618 1205 3673 corde
1233 3630 1576 3687 contemnat;
1611 3633 1664 3679 et
1706 3640 1808 3680 una
1839 3627 1905 3682 de

319 3697 421 3750 illis
448 3714 577 3765 quze
608 3701 974 3760 discordantes
1006 3719 1129 3762 sunt
1155 3713 1471 3777 prmvenerit
1493 3713 1902 3779 aliam,veniam

317 3792 361 3840 ei
399 3801 625 3856 petens;
650 3794 694 3845 si
727 3794 814 3848 illa
840 3797 924 3850 cui
949 3808 1088 3866 petet
1119 3815 1224 3855 non
1256 3802 1542 3870 dimiserit,
1567 3805 1900 3875 disciplinam

317 3882 589 3950 accipiat,
625 3896 680 3938 ut
707 3887 772 3940 ad
812 3889 1123 3945 charitatetu
1170 3909 1229 3948 se
1271 3897 1521 3967 corrigat.
1562 3899 1630 3952 Et
1670 3899 1714 3954 si
1746 3902 1904 3955 ambo

317 3971 694 4039 chpexerint,
721 3979 890 4031 ambae
924 3982 1120 4047 pariter
1147 3999 1177 4037 a
1205 3987 1580 4042 communione
1617 3989 1697 4043 vel
1726 4003 1755 4042 a
1782 3990 1902 4044 cibo

317 4068 750 4134 suspendantur;
780 4071 948 4127 donec
973 4075 1198 4129 invicem
1230 4077 1330 4132 sibi
1359 4080 1790 4134 reconcilientur.

393 4154 490 4208 XI.
523 4158 685 4212 Soror
715 4161 765 4214 in
794 4177 1034 4218 sororem
1069 4166 1112 4220 si
1139 4181 1269 4222 ausa
1291 4169 1448 4224 fuerit
1471 4184 1686 4226 manum
1719 4173 1900 4228 mitte-

320 4263 397 4310 re,
431 4248 771 4318 disciplinam
803 4257 1051 4324 accipiat.

396 4339 514 4392 XII.
542 4341 678 4394 Nulli
708 4343 866 4398 liccat
886 4346 950 4398 ad
974 4347 1308 4402 salutandum
1341 4350 1510 4415 exire,
1543 4351 1643 4405 nisi
1669 4367 1789 4406 cum
1814 4353 1901 4407 ab-

319 4429 521 4482 batissa
555 4440 646 4484 aut
700 4436 1009 4501 praeposita,
1040 4438 1118 4490 vel
1153 4448 1298 4492 certe
1329 4441 1430 4492 alia
1478 4455 1791 4512 quacunque
1813 4458 1902 4498 se-

319 4523 475 4572 niore
497 4521 583 4573 cui
603 4521 865 4576 abbatissa
891 4528 1221 4594 praeceperit.
1249 4529 1400 4581 Etsic
1425 4531 1752 4599 pr0pinquos
1775 4547 1902 4588 suos

320 4608 559 4674 videant,
592 4620 682 4679 aut
711 4613 1025 4680 loquantur,
1051 4631 1116 4668 ne
1144 4617 1317 4669 altiori
1351 4633 1481 4672 voce
1516 4619 1828 4688 loquantur.

286 4739 301 4752 .
394 4697 536 4752 XIII.
569 4700 772 4755 Ancilla
805 4719 907 4756 non
932 4706 1258 4774 excipiatur:
1286 4707 1475 4763 Iiberta
1507 4719 1681 4766 tamen
1713 4712 1758 4766 si
1789 4712 1901 4770 fue-

317 4790 410 4852 rit,
442 4791 620 4844 adliuc
647 4793 961 4848 adolescens
993 4805 1171 4858 artato.
1204 4807 1402 4853 etcum
1431 4800 1668 4869 epistolis
1693 4805 1899 4868 patroni

315 4880 396 4930 sui
426 4881 654 4942 venerit,
686 4882 737 4935 in
764 4884 1048 4939 abbatissa:
1078 4888 1145 4942 sit
1165 4888 1384 4942 arbitrio
1401 4893 1444 4944 si
1482 4894 1655 4963 excipi
1686 4894 1897 4949 debeat.

390 4968 536 5021 XIV.
570 4969 674 5024 Nec
705 4975 799 5025 viri
832 4989 930 5026 nec
959 4977 1211 5031 mulieres
1233 4980 1517 5033 smculares
1552 4983 1602 5035 in
1631 4992 1900 5038 monaste-

316 5058 463 5111 rium
496 5059 880 5129 ingrediantur,
913 5074 1105 5133 prmter
1131 5065 1182 5119 in
1213 5068 1481 5124 basilicam
1511 5071 1568 5124 Β.
1612 5072 1810 5138 Mariae,
1844 5085 1898 5129 et

318 5152 369 5202 in
401 5151 794 5206 salutator-ium.

393 5240 515 5293 XV.
553 5241 862 5297 Provisores
889 5259 1014 5299 vero
1042 5248 1374 5310 monasterii,
1404 5249 1445 5302 si
1476 5250 1527 5303 in
1558 5250 1736 5305 habitu
1762 5253 1898 5307 laico

318 5330 544 5394 fuerint,
579 5347 673 5386 nec
706 5333 800 5401 ipsi
846 5337 1222 5402 permittanzur
1264 5338 1492 5404 intrare,
1529 5342 1629 5394 nisi
1676 5358 1770 5411 pro
1817 5343 1896 5395 his

319 5422 638 5475 utilitatibus
666 5441 797 5492 quas
828 5425 880 5478 in
912 5425 1010 5480 hac
1041 5428 1238 5496 Regula
1271 5431 1574 5494 statuimus,
1606 5447 1723 5485 cum
1751 5447 1888 5485 mar-

316 5511 569 5567 cionibus
598 5525 688 5568 aut
714 5517 1084 5584 carpentariis,
1110 5521 1152 5573 si
1185 5520 1385 5588 aliquid
1420 5537 1638 5575 necesse
1671 5533 1750 5575 est
1783 5522 1895 5575 ﬁeri

317 5615 413 5656 aut
446 5609 705 5673 reparari,
737 5619 828 5661 aut
857 5620 1003 5664 certe
1035 5627 1131 5679 pro
1169 5612 1348 5680 aliqua
1379 5616 1586 5668 ratione
1615 5615 1897 5667 abbatissa:

317 5697 626 5750 introeant:
661 5700 728 5753 de
759 5708 956 5754 caetero
987 5704 1185 5757 nullam
1234 5703 1501 5760 licentiam
1535 5714 1622 5758 aut
1679 5704 1896 5758 liberta-

316 5797 427 5840 tcni
466 5788 683 5845 habeant
715 5791 1038 5846 introeundi.

2009 3331 2149 3384 sicut
2175 3343 2302 3398 apes
2327 3328 2755 3398 prudentissima:
2778 3329 2844 3383 ad
2871 3331 3188 3400 alvearium,
3224 3335 3291 3386 ita
3316 3333 3588 3390 velocite—

2007 3423 2297 3476 stinatione
2348 3435 2638 3490 properare
2667 3422 3015 3488 contendite;
3057 3425 3102 3477 si
3133 3440 3234 3493 qua
3268 3426 3469 3482 tardius
3495 3442 3586 3484 ve-

2007 3511 2167 3579 nerit,
2201 3509 2518 3565 districtioni
2555 3510 2851 3579 subiaceat.

2079 3603 2246 3658 XXV.
2267 3604 2399 3658 Dum
2423 3605 2668 3674 psallitur
2691 3605 2940 3661 studeant
2960 3616 3158 3661 sanctae
3180 3611 3372 3663 animm
3391 3619 3584 3665 vestra:

2008 3709 2114 3747 non
2137 3696 2317 3764 vagari
2347 3696 2549 3759 animo,
2575 3710 2758 3749 verum
2785 3697 2944 3750 etiam
2974 3712 3071 3750 nec
3101 3700 3309 3767 Operari
3329 3709 3417 3752 aut
3441 3700 3583 3769 loqui

2008 3793 2356 3852 praesumant;
2391 3786 2484 3839 sed
2515 3787 2718 3854 psallite
2744 3789 2998 3855 sapienter
3027 3787 3198 3857 (Psal.
3232 3790 3400 3855 xm),
3445 3792 3584 3845 sicut

2006 3874 2141 3928 dixit
2191 3875 2446 3944 propheta
2475 3891 2486 3926 :
2518 3874 2749 3928 Psallam
2778 3885 2827 3928 et
2877 3876 3186 3945 intelligam'
3207 3875 3356 3946 (Psal
3415 3882 3496 3947 ο),
3529 3891 3584 3934 et

2005 3965 2133 4019 illud
2159 3983 2172 4017 :
2209 3964 2439 4018 Psallam
2463 3966 2666 4034 spiritu,
2697 3967 2916 4034 psallam
2940 3975 2987 4018 et
3027 3975 3188 4019 mente
3216 3967 3266 4036 (Ι
3299 3967 3418 4021 Cor.
3445 3971 3577 4037 xtv),

2005 4067 2307 4113 metuentes
2337 4057 2466 4111 illud
2492 4073 2504 4113 :
2536 4056 2844 4112 Maledictus
2874 4058 3025 4112 homo
3048 4060 3135 4126 qui
3166 4060 3287 4123 facit
3314 4076 3444 4128 opus
3485 4061 3582 4116 Dei

2007 4149 2317 4220 negligenter
2347 4148 2479 4218 (Jer.
2510 4149 2718 4218 vaut).

2078 4239 2266 4293 XXVI.
2298 4240 2526 4294 Litteras
2554 4255 2739 4295 omnes
2765 4240 2993 4295 discant.

2075 4328 2292 4387 XXVII.
2319 4330 2514 4385 Sancta
2537 4331 2802 4386 abbatissa
2821 4339 2972 4386 extra
2993 4335 3454 4405 congregationem
3471 4351 3579 4394 non

2005 4432 2237 4475 maneat.

2078 4508 2311 4563 XXVIII.
2344 4509 2397 4564 Si
2431 4525 2532 4579 qua
2562 4524 2658 4580 pro
2687 4511 2919 4580 qualibet
2961 4513 3114 4584 culpa
3161 4524 3253 4570 aut
3281 4526 3578 4590 transgres-

1928 4600 1979 4660 D
2007 4603 2156 4656 sione
2178 4604 2373 4671 regula:
2401 4603 2724 4671 increpatur,
2749 4613 2839 4658 aut
2861 4606 3192 4676 disciplinam
3219 4611 3464 4678 accipiat,
3489 4626 3585 4667 ar—

2005 4693 2186 4763 guenti
2234 4695 2559 4761 respondere
2609 4709 2715 4748 non
2765 4705 3051 4764 prmsutnat
3085 4715 3096 4750 :
3131 4699 3252 4768 quia
3301 4707 3578 4769 peccatqu

2007 4783 2147 4852 quod
2195 4783 2277 4837 hic
2306 4784 2669 4853 distringitur,
2700 4786 2751 4838 in
2793 4797 2991 4840 aeterna
3038 4791 3428 4844 examinatione
3469 4805 3576 4844 non

2007 4875 2243 4942 punitur.
2275 4874 2342 4928 Et
2366 4877 2444 4928 sic
2470 4876 2676 4931 debetis
2719 4876 2911 4930 anima:
2941 4892 3120 4930 curam
3143 4880 3411 4946 excipere,
3442 4896 3578 4945 quo-

2007 4965 2166 5019 modo
2188 4980 2329 5033 aeger
2349 4980 2530 5018 curam
2549 4966 2737 5020 medici
2758 4983 2771 5018 :
2799 4974 3040 5020 tenentes
3063 4967 3188 5020 illud
3219 4979 3416 5022 sanctae
3434 4970 3582 5026 Scri-

2007 5067 2209 5126 pturze:
2245 5059 2345 5123 Qui
2372 5057 2547 5128 abjicit
2575 5058 2901 5125 disciplinam
2940 5059 3120 5126 infelix
3149 5070 3221 5113 est
3249 5059 3430 5130 (Prov.
3463 5065 3578 5133 xv).

2003 5148 2069 5202 Et
2094 5148 2254 5201 illud:
2295 5147 2402 5216 Ego
2428 5149 2478 5200 in
2501 5147 2711 5216 ﬂagella
2751 5156 2962 5209 paratus
3001 5165 3112 5202 sum
3143 5150 3313 5222 (Psal.
3348 5153 3579 5223 xum).

2075 5239 2266 5292 XXIX.
2301 5240 2445 5292 Lites
2475 5238 2650 5292 nullas
2679 5238 2945 5306 habeatis,
2982 5251 3223 5299 tenentes
3252 5256 3575 5315 praaceptnm

2001 5335 2267 5404 Apostoli,
2297 5335 2383 5403 qui
2413 5333 2544 5388 dicit
2569 5351 2579 5384 :
2616 5333 2832 5388 Servum
2863 5334 3072 5390 Domini
3102 5354 3202 5391 non
3231 5349 3423 5409 oportet
3468 5340 3578 5395 liti-

2003 5441 2141 5497 gare,
2167 5425 2255 5478 sed
2284 5434 2600 5476 mansuetum
2622 5440 2731 5478 esse
2762 5422 2847 5493 (Il
2882 5425 3112 5494 Timui).

2077 5515 2245 5570 XXX.
2277 5514 2533 5583 Superbis
2561 5514 3110 5585 inobedientibusque,
3151 5526 3204 5570 et
3248 5517 3574 5574 iracundiam

2004 5606 2438 5676 protrahentibus
2482 5621 2750 5676 nunquam
2799 5609 3155 5675 parcendum,
3188 5608 3356 5662 donec
3402 5611 3576 5667 corri-

2001 5711 2210 5775 gantu‘r.

2077 5791 2263 5846 XXXI.
2314 5789 2523 5843 Sanctae
2552 5786 2832 5842 abbatissa:
2865 5802 2969 5844 non
2999 5787 3155 5846 liceat
3185 5787 3382 5861 aliquid
3404 5789 3471 5845 de
3500 5793 3578 5845 ta-
