3904 6176
366 346 475 404 ms
1498 346 1554 401 s.
1597 340 1967 401 aeneum
2010 346 2480 403 ARELATENSIS
3506 349 3597 420 ait

370 455 656 511 rultatibus
680 454 992 511 manasterii
1019 456 1216 532 donare
1243 470 1305 510 ac
1333 456 1562 510 vendere
1586 473 1604 521 ;
1628 471 1723 510 nec
1744 456 1938 524 aliquid
1970 460 2017 517 Λ
2045 458 2195 523 Quod
2225 459 2266 511 si
2295 458 2461 513 hiems
2489 473 2677 527 aspera
2710 460 2890 525 fuerit,
2927 459 3220 523 matutinos
3248 468 3446 516 tantum
3466 503 3480 525 ,
3512 478 3595 516 ve-

372 560 559 603 contra
588 549 806 616 Regulae
838 549 1073 603 instituta
1097 562 1277 618 agere.
1303 548 1451 616 Quod
1477 550 1519 602 si
1550 548 1724 603 facere
1768 558 1941 603 tenta-

372 639 528 703 verit,
554 651 738 693 sancto
760 638 985 693 consilio
1012 649 1063 693 et
1090 654 1194 693 uno
1214 653 1478 693 consensu
1500 652 1742 692 sororum
1767 654 1833 691 ex
1859 656 1946 690 no-

373 737 485 782 stro
513 729 775 797 permisso
804 743 907 781 nun
952 728 998 781 ei
1030 727 1408 796 acquiescatis;
1444 737 1493 781 et
1528 727 1628 780 hoc
1660 726 1773 781 fieri
1804 727 1944 780 nulla

376 820 581 873 ratione
612 819 939 886 permittite:
970 815 1090 886 quia
1140 830 1354 872 causam
1397 831 1456 871 se
1485 827 1606 871 ante
1654 817 1816 871 Deum
1850 831 1947 870 no-

375 907 508 962 verit
536 920 656 960 esse
684 905 968 959 dicturam.
1332 958 1343 965 ,

445 993 662 1049 XXXII.
695 993 955 1049 Sedentcs
1003 993 1068 1046 ad
1116 1008 1354 1049 mensam
1404 1001 1643 1059 taceant,
1684 1003 1736 1047 et
1791 993 1947 1048 lectio

375 1084 612 1153 quntidie
641 1086 785 1139 omni
833 1096 1074 1154 tempore
1104 1097 1224 1137 cum
1267 1082 1416 1138 cibus
1446 1084 1677 1137 sumitur
1723 1085 1944 1152 legatur.

379 1173 611 1242 Uterque
630 1176 813 1237 homo,
836 1184 888 1227 et
916 1175 1151 1228 exterior
1176 1172 1317 1231 cibo,
1342 1160 1389 1226 ei
1416 1173 1640 1228 interior
1662 1174 1825 1228 verbo
1855 1175 1945 1228 Dei

376 1263 666 1327 reﬁciatur,
698 1263 819 1331 quia
847 1265 1102 1330 scriptum
1149 1274 1227 1316 est
1255 1280 1266 1314 :
1304 1262 1423 1315 Non
1462 1262 1513 1314 in
1545 1278 1671 1329 pane
1696 1264 1806 1315 solo
1831 1264 1949 1315 vivit

375 1356 546 1414 homo,
578 1354 666 1407 sed
695 1354 747 1407 in
778 1355 916 1406 omni
942 1356 1087 1407 verba
1120 1354 1209 1407 Dei
1234 1348 1427 1423 (Matth
1476 1358 1570 1421 tv).

444 1438 679 1496 XXXIII.
698 1442 890 1499 Sancta
905 1442 1193 1508 abbatissa,
1213 1441 1309 1496 nisi
1334 1442 1686 1512 inaequalitate
1704 1440 1946 1507 faciente,

376 1542 526 1588 extra
556 1534 1022 1603 congregationem
1053 1550 1160 1587 non
1188 1533 1412 1587 reﬁciat.
1646 1534 1655 1541 ’

448 1620 691 1678 XXXIV.
718 1623 917 1677 Carnes
949 1623 1000 1676 in
1028 1612 1149 1678 cibo
1178 1638 1443 1692 nunquam
1472 1632 1771 1677 sumantur.

450 1712 815 1768 XXXV.PuIli
843 1716 924 1768 vel
945 1726 1133 1769 cuncta
1153 1716 1313 1769 altilia
1337 1717 1391 1769 in
1416 1715 1822 1783 congregatione
1843 1731 1950 1769 non

2044 562 2255 611 soeram
2288 558 2342 603 et
2379 548 2744 603 duodecimam
2777 553 2828 604 in
2870 550 3117 618 przedicta
3161 549 3375 604 basilica
3406 551 3504 605 dici
3529 567 3596 605 e:

2045 641 2332 695 secundam
2356 657 2504 705 vero,
2534 644 2765 705 tertiam,
2789 651 2993 696 sextam
3013 652 3067 697 et
3094 656 3285 696 nonam
3309 644 3360 695 in
3380 641 3603 695 interiori

2045 733 2559 801 oratorio:proptcr
2601 734 2723 788 illos
2769 735 2855 801 qui
2905 743 2997 788 aut
3044 748 3199 787 orare
3245 734 3491 800 cupiunt,
3523 742 3607 783 aut

2046 822 2329 876 abbatissae
2375 833 2699 885 occurrunt,
2731 832 2822 875 aut
2875 831 3124 889 parentes
3151 834 3277 875 suas
3321 822 3604 888 requirunt.

1992 928 2001 932 '
2046 912 2271 978 Quando
2297 913 2475 981 aliqua
2498 913 2743 968 defuncta
2768 912 2948 977 fuerit,
2970 928 3138 979 u~que
3159 912 3385 965 mediam
3407 920 3609 964 noctem

2047 1017 2165 1056 eam
2200 1014 2376 1069 pauca:
2407 1019 2618 1058 sorores
2644 1004 2696 1057 in
2725 1005 2957 1058 oratorio
2979 1004 3313 1073 pervigilem,
3355 1009 3409 1056 et
3442 1002 3609 1055 misse

2054 1091 2121 1146 de
2151 1094 2408 1160 Apostolo
2439 1094 2565 1146 fiant
2592 1110 2607 1157 ;
2634 1102 2753 1163 post
2782 1096 3011 1149 mediam
3042 1103 3249 1147 noctem
3297 1107 3413 1162 quae
3441 1093 3611 1161 vigila-

2049 1194 2240 1236 verunt
2283 1185 2584 1252 quiescant;
2619 1194 2672 1239 et
2702 1186 2891 1240 iterum
2938 1184 3055 1239 alia:
3084 1186 3323 1253 vigi'em,
3354 1191 3409 1237 et
3439 1193 3610 1248 ponite

2052 1273 2149 1326 hoc
2169 1273 2221 1326 in
2244 1275 2485 1327 notitiam
2517 1285 2701 1329 sancto
2721 1276 2993 1343 episcopo,
3030 1286 3083 1328 ut
3109 1290 3224 1329 eam
3244 1274 3426 1344 iubeat
3449 1274 3513 1329 ad
3544 1274 3615 1326 lo-

2049 1374 2169 1416 cum
2195 1364 2283 1417 ubi
2316 1366 2559 1431 ponenda
2591 1376 2671 1419 est
2700 1365 2988 1435 deportari.

2010 1508 2025 1517 ,
2122 1451 2365 1507 XXXIX.
2395 1454 2465 1509 Et
2499 1456 2622 1524 quia
2657 1457 2767 1511 Deo
2804 1457 3034 1525 propitio
3061 1454 3217 1524 digna
3256 1462 3314 1509 et
3352 1453 3616 1512 sufllciens

2052 1544 2203 1598 vobis
2231 1544 2453 1600 facultas
2500 1548 2692 1602 collata
2742 1558 2846 1615 est,
2878 1564 2997 1618 quae
3026 1548 3273 1610 sufficere
3303 1548 3618 1603 monasterio

2054 1643 2235 1688 vestro
2264 1636 2463 1702 possit,
2495 1652 2676 1692 coram
2709 1639 2819 1693 Deo
2845 1649 2900 1692 et
2927 1639 3130 1708 angelis
3161 1640 3277 1708 ejus
3306 1648 3358 1693 te
3389 1648 3617 1692 sanctam

2053 1721 2380 1778 abbatissam
2399 1763 2416 1789 ,
2443 1732 2499 1779 et
2526 1736 2577 1780 te
2625 1727 2987 1782 venerabilem
3008 1768 3023 1791 ,
3054 1740 3386 1797 quaecunque
3434 1726 3618 1792 fueris,

378 1804 777 1869 ministrentur;
811 1804 914 1858 nisi
966 1804 1191 1859 inﬁrmis
1238 1814 1440 1859 tantum
1480 1807 1858 1875 provideantur
1899 1818 1951 1863 cl
1988 1812 2027 1870 Β
2059 1810 2394 1878 praepositam
2411 1811 2674 1868 admoneo
2697 1823 2748 1868 et
2772 1826 3076 1882 contestor,
3106 1822 3163 1869 ut
3183 1826 3385 1870 sancta:
3410 1830 3620 1884 congre-

378 1890 640 1946 delicatls.
668 1891 847 1946 Pisces
869 1904 999 1947 vero
1019 1896 1181 1948 certis
1205 1894 1601 1960 festivitatibus,
1628 1904 1713 1949 aut
1740 1897 1953 1964 quando

379 1981 650 2037 abbatissa
681 1982 1062 2052 indulgentiam
1096 1986 1270 2038 facere
1314 1984 1560 2050 voluerit,
1594 1992 1721 2039 tunc
1763 2000 1953 2054 procn-

381 2080 585 2127 rentur.

451 2158 690 2215 XXXVI.
727 2162 884 2215 Extra
918 2176 1155 2215 mensam
1195 2175 1533 2216 communem
1564 2163 1695 2216 nihil
1725 2162 1828 2217 cibi
1857 2178 1950 2232 pn-

381 2257 533 2303 tusve
554 2260 770 2320 gusIare
794 2250 983 2318 liceat;
1032 2252 1233 2321 absque
1264 2251 1489 2306 inﬁrmis
1520 2264 1573 2306 et
1600 2254 1704 2306 illis
1739 2254 1826 2324 qui
1850 2255 1949 2308 mi-

380 2340 526 2394 noris
554 2338 726 2394 aetatis
754 2350 897 2394 sunt.

450 2427 717 2484 XXXVII.
749 2428 980 2487 Inlirmis
1004 2444 1129 2486 vero
1157 2432 1227 2485 ita
1259 2432 1731 2498 obtentperandum
1762 2442 1861 2496 est,
1898 2443 1954 2486 ut

381 2519 426 2573 si
452 2531 651 2573 sanctae
672 2521 955 2576 abbatissa
977 2521 1177 2589 juswm
1201 2522 1371 2576 visum
1402 2524 1576 2588 fuerit,
1602 2524 1763 2577 etiam
1791 2524 1953 2577 cella-

384 2612 580 2664 riolum
605 2626 757 2666 suum
788 2610 839 2666 in
864 2626 1169 2678 commune,
1189 2624 1243 2668 et
1269 2614 1547 2682 eoquinam
1567 2622 1952 2684 sequestratam

383 2699 614 2754 habeant
631 2742 643 2753 .
663 2712 715 2756 et
736 2717 862 2757 cura
887 2704 992 2757 illis
1014 2717 1109 2758 seu
1139 2703 1368 2757 studium
1397 2703 1752 2772 impendatur,
1778 2703 1949 2757 donec

382 2791 773 2849 convalescant.

451 2881 733 2939 XXXVIII.
763 2884 988 2941 Cursum
1013 2886 1259 2942 diurnum
1283 2887 1364 2942 vel
1397 2894 1736 2952 nocturnum,
1770 2889 1819 2941 id
1848 2901 1953 2953 est,

383 2979 694 3044 matutinos,
726 2979 954 3050 vigilias,
977 2988 1290 3044 nocturnos,
1312 2993 1587 3047 vesperam
1616 2989 1670 3035 ct
1692 2980 1951 3036 duodeci-

2057 1901 2253 1969 gationi
2276 1914 2414 1969 qua,
2441 1900 2550 1958 Deo
2568 1905 2856 1973 inspirante
2884 1914 2941 1961 et
2965 1904 3211 1975 iubente,
3235 1908 3526 1961 secundum
3550 1909 3620 1959 in-

2058 1991 2238 2045 stituta
2266 2007 2384 2060 qua:
2413 1992 2635 2047 fecimus
2675 1995 2993 2065 regulariter
3024 1997 3168 2060 vivit,
3198 1996 3382 2050 omnia
3411 2010 3526 2065 qua:
3550 1997 3621 2050 eis

2057 2090 2180 2135 stant
2208 2086 2507 2139 necessaria
2532 2086 2584 2138 in
2616 2086 2808 2141 vestitu
2837 2095 2892 2142 et
2918 2089 2969 2140 in
2993 2088 3133 2141 victu
3162 2098 3283 2142 cum
3310 2088 3621 2141 sufﬁcientia

2061 2172 2326 2227 tribuatis.
2352 2174 2521 2240 Quam
2553 2189 2664 2230 rem
2698 2177 2741 2231 si
2766 2178 3128 2241 neglexerit's,
3158 2189 3210 2231 et
3240 2178 3345 2231 illa:
3372 2181 3621 2246 creverint

2059 2262 2256 2330 aliquid
2289 2265 2610 2320 necessitate
2648 2268 3004 2332 cotnpellente
3045 2282 3404 2333 murmurare,
3436 2279 3520 2321 aut
3546 2268 3620 2321 in-

2057 2353 2274 2419 digere,
2318 2368 2537 2408 causam
2564 2370 2659 2411 vos
2707 2340 2830 2411 ante
2859 2358 3090 2413 tribunal
3131 2359 3330 2412 Christi
3378 2359 3623 2412 noveritis

2059 2456 2267 2496 mecum
2295 2457 2415 2498 esse
2444 2445 2697 2501 dicturas.
2952 2500 2955 2501 ν
3256 2470 3259 2471 ν

2132 2530 2242 2584 XL.
2268 2531 2331 2585 Et
2361 2546 2475 2599 vos,
2505 2544 2688 2587 sancta
2709 2537 3067 2605 congregatio,
3101 2546 3197 2605 per
3218 2535 3518 2604 profectum
3541 2550 3624 2589 ve-

2059 2631 2228 2677 strum
2260 2633 2310 2678 et
2340 2636 2435 2691 per
2463 2624 2629 2678 Deum
2652 2626 3071 2693 omnipotentem
3093 2625 3340 2695 conjuro,
3368 2634 3430 2679 ut
3457 2624 3624 2679 omnia

2055 2722 2175 2781 quas
2205 2713 2255 2767 in
2286 2716 2383 2767 hac
2401 2713 2599 2784 Iit-gula
2624 2727 2723 2786 pro
2740 2717 2980 2771 remedio
3002 2716 3193 2770 animat
3219 2724 3441 2777 nostrae,
3464 2722 3517 2769 et
3537 2726 3625 2783 pro

2056 2803 2352 2859 animarum
2374 2816 2675 2860 vestrarum
2695 2806 2871 2861 salute
2891 2805 3192 2870 statuimus,
3221 2805 3433 2873 integra
3455 2816 3505 2859 et
3526 2803 3625 2857 illi-

2057 2891 2180 2947 beta
2211 2876 2545 2949 custodiatis.
2578 2894 2645 2949 Et
2674 2910 2743 2949 ne
2768 2909 2863 2964 per
2888 2894 3211 2950 oblivionem
3234 2893 3440 2963 aliquid
3467 2891 3623 2961 negli-

2056 2983 2218 3051 gatis,
2241 2983 2410 3038 semel
2431 2998 2495 3038 ea
2518 2986 2571 3037 in
2614 2999 2798 3039 mense
2824 2987 3077 3055 relegite;
3108 2984 3160 3040 id
3178 2992 3263 3040 est
3290 2984 3345 3039 in
3375 2982 3623 3047 colendis,

384 3080 524 3120 tnam
556 3066 609 3121 in
637 3067 852 3122 basilica
901 3068 1139 3122 Dominu-
1188 3064 1363 3122 Mariae
1410 3070 1751 3137 congregatio
1789 3070 1949 3123 dicat.
1984 3063 2030 3125 C
2061 3088 2123 3128 ac
2152 3077 2232 3129 sic
2262 3076 2543 3132 duodecim
2572 3078 2776 3133 vicibus
2806 3080 2856 3132 in
2889 3093 3051 3133 anno.

458 3310 763 3371 Ordinem
792 3311 983 3370 etiam
1016 3311 1334 3387 quomodo
1374 3311 1645 3387 psallere
1669 3313 1975 3387 debeatis,
2012 3322 2073 3377 in
2107 3319 2226 3382 hoc
2254 3323 2471 3385 libello
2492 3323 2920 3399 judicavimus
2954 3326 3390 3390 inserendum.

451 3474 632 3530 Primo
660 3472 747 3527 die
763 3472 982 3528 Pascha
1003 3472 1066 3526 ad
1097 3472 1328 3537 tertiam,
1350 3470 1507 3541 Hyrie
1528 3470 1734 3536 eteisau,
1762 3472 1955 3542 psalmi

384 3564 700 3620 duodecim:
733 3564 784 3617 id
814 3572 897 3619 est
934 3573 1159 3628 quatuor
1184 3575 1398 3616 sorores
1433 3560 1585 3616 binos
1612 3561 1845 3629 psalmos
1900 3573 1954 3618 et

382 3655 757 3725 alleluiatieum
783 3654 991 3708 tertium
1020 3653 1217 3715 dicant,
1244 3651 1491 3719 perdictis
1523 3650 1763 3718 psalmis,
1794 3652 1954 3724 Kyrie

382 3746 937 3815 cleismt,‘antiphonas
959 3759 1078 3809 sex,
1101 3744 1357 3798 let-tiones
1379 3752 1514 3796 tres:
1541 3758 1697 3796 unam
1720 3742 1787 3798 de
1807 3746 1953 3798 Acti-

380 3838 480 3893 bus
505 3836 900 3905 apostolorum,
933 3835 1091 3890 aliam
1137 3833 1203 3889 de
1248 3830 1598 3904 Apocalypsi,
1646 3835 1857 3887 tertiam
1883 3835 1950 3891 de

382 3928 704 3999 Evangelio;
728 3929 1017 3998 hymnum,
1035 3927 1156 3980 lam
1182 3927 1345 3997 surgit
1376 3926 1501 3978 liora
1531 3925 1698 3991 tertia,
1723 3932 1777 3980 et
1806 3926 1950 3995 capi-

377 4018 560 4074 tellum
581 4059 597 4082 ,
628 4018 822 4073 deinde
848 4017 1008 4087 Kyrie
1040 4018 1249 4071 eleison.
1278 4016 1367 4072 Sic
1397 4015 1449 4070 in
1480 4016 1622 4072 omni
1653 4030 1815 4083 opere
1855 4015 1947 4070 Dei

379 4108 535 4160 tertia
563 4102 679 4161 vice
708 4105 869 4176 Kyrie
891 4107 1080 4159 aleison
1124 4106 1315 4169 dicite,
1346 4115 1629 4175 antequam
1661 4105 1945 4174 incipiatis,

376 4204 432 4247 et
469 4195 687 4263 psalmis
722 4196 883 4249 dictis
934 4204 987 4249 et
1033 4195 1281 4261 capitello
1328 4194 1584 4262 perdicto.
1618 4195 1694 4248 Ad
1742 4205 1945 4248 sextam

376 4284 518 4338 idem
548 4299 807 4338 numerus
847 4285 1192 4353 psalmorum,
1217 4292 1274 4341 et
1305 4285 1593 4353 antiphona
1626 4300 1751 4349 una,
1795 4287 1948 4357 hym-

377 4390 498 4439 nus,
527 4373 649 4427 lam
688 4384 831 4428 sexta
857 4375 1043 4428 sensim
1088 4375 1323 4427 volvitur.
1368 4374 1547 4429 Lectio
1574 4374 1842 4443 Evangelii
1892 4384 1947 4429 et

376 4464 700 4532 eapitellum.
739 4462 818 4516 Ad
849 4477 1041 4516 nonam
1088 4462 1198 4530 ipse
1228 4463 1360 4516 ordo
1387 4473 1644 4527 teneatur,
1675 4464 1901 4533 hymnus
1925 4505 1941 4530 ,

2057 3490 2173 3533 eum
2204 3478 2447 3546 alleluia;
2480 3484 2691 3549 deinde,
2720 3484 3042 3555 Conﬁtemini
3069 3468 3312 3553 Domino,
3344 3505 3472 3544 cum
3500 3490 3627 3546 alle-

2057 3569 2188 3635 luia;
2214 3572 2425 3638 deinde,
2450 3572 2721 3629 Cantemus
2751 3575 2990 3639 Domina,
3009 3591 3127 3631 cum
3154 3577 3401 3645 alleluia;
3429 3589 3628 3649 postea,

2054 3659 2259 3727 Lauda,
2278 3665 2449 3718 anima
2469 3681 2597 3727 mea.
2620 3666 2908 3719 Dominum.
2930 3667 3165 3720 Laudate
3183 3663 3461 3723 Dominum
3478 3711 3493 3736 ,
3512 3672 3627 3741 quia

2055 3746 2216 3803 bonus
2244 3760 2316 3805 est
2342 3750 2587 3822 psalmus.
2622 3751 2823 3819 Lauda,
2848 3753 3193 3822 Hierusalem,
3217 3755 3499 3812 Dominum
3516 3776 3535 3812 :
3553 3769 3628 3815 to-

2058 3846 2142 3894 tos
2168 3848 2276 3896 tres
2305 3856 2425 3895 cum
2455 3843 2687 3908 alleluia,
2721 3843 2914 3898 deinde
2942 3842 3242 3900 benedictio
3270 3845 3499 3902 dicenda
3525 3857 3622 3904 est.

2059 3926 2185 3985 Post
2205 3931 2649 3999 benedictionem,
2677 3934 2905 3988 Laudate
2937 3933 3209 3989 Dominum
3230 3935 3291 3990 de
3313 3939 3472 3992 coriis.
3496 3937 3625 3992 Can-

2054 4032 2157 4077 tate
2200 4021 2423 4078 Domino
2466 4029 2722 4079 canticum
2759 4041 2961 4080 novum.
2993 4024 3227 4080 Laudare
3268 4024 3548 4082 Dominum
3575 4031 3626 4083 in

2053 4114 2245 4167 sanctis
2275 4118 2387 4186 ejus
2406 4130 2425 4168 .'
2446 4125 2562 4169 cum
2588 4102 2823 4169 alleluia.
2853 4112 3156 4187 Magniﬁeat
3185 4116 3359 4169 anima
3374 4135 3493 4172 mea
3520 4118 3623 4171 Da-

2054 4203 2243 4255 mimmt
2268 4218 2286 4256 :
2307 4213 2399 4258 aut
2426 4217 2544 4259 cum
2575 4203 2887 4272 antii;h0na,
2916 4214 3005 4259 aut
3051 4220 3169 4259 cum
3197 4207 3448 4275 alleluia;
3479 4209 3629 4280 hym-

2054 4306 2201 4357 num,
2235 4292 2412 4371 Gloria
2434 4297 2487 4348 in
2513 4294 2722 4349 excelsis
2754 4294 2893 4361 Deo;
2919 4302 2973 4350 et
3001 4294 3330 4363 capitellnm.
3363 4298 3431 4352 Et
3477 4314 3623 4354 eom-

2051 4379 2263 4449 plebitis
2290 4384 2579 4437 matutinos
2610 4383 2727 4451 ipso
2754 4383 2944 4438 ordine
2974 4393 3084 4437 tnto
3110 4382 3336 4440 Pascha.
3370 4385 3461 4443 Sic
3481 4389 3626 4444 omni

2048 4469 2136 4526 die
2162 4470 2193 4524 tl
2220 4473 2449 4539 .minico,
2477 4485 2527 4528 et
2554 4472 2799 4527 omnibus
2830 4474 3120 4543 majoribus
3150 4472 3546 4546 festivitatibus,
3573 4481 3623 4533 in

374 4549 474 4606 Ter
503 4551 628 4605 hera
659 4552 793 4605 trina
822 4549 1056 4605 volvitur.
1086 4552 1163 4604 Ad
1211 4551 1565 4607 lnceruarium
1608 4554 1943 4610 dircctancus
1973 4559 2022 4618 D
2049 4558 2240 4628 quibus
2260 4560 2327 4613 ab
2353 4574 2513 4628 opere
2538 4562 2810 4615 vacabitis.
2833 4560 3164 4629 Quotidianis
3186 4578 3315 4619 vero
3339 4564 3531 4621 diebus
3557 4568 3622 4622 ad

376 4651 649 4718 parvulus,
682 4651 734 4706 id
759 4661 864 4713 est,
897 4651 1071 4722 Regna
1111 4659 1281 4717 terrm,
1332 4661 1534 4706 cantate
1573 4651 1711 4719 Deo,
1742 4653 1944 4723 psallite

372 4740 595 4795 Domino
617 4739 992 4811 (Psal.t.xvn).
1012 4738 1128 4796 Alia
1154 4736 1270 4795 die:
1290 4740 1537 4808 Laudate,
1571 4744 1737 4811 pueri,
1763 4744 1938 4798 Domi-

372 4849 513 4899 num,
545 4833 849 4903 antipbonae
872 4842 1009 4899 tres;
1036 4831 1288 4904 hymnus,
1313 4831 1417 4886 Hic
1436 4842 1509 4886 est
1532 4834 1637 4887 dies
1657 4850 1802 4888 verus
1826 4834 1941 4897 Dei.

370 4932 426 4975 et
452 4923 778 4991 capitolium,
803 4937 960 4995 quem
989 4921 1243 4992 hymnum
1267 4929 1378 4976 toto
1402 4920 1603 4976 Pascha
1628 4922 1692 4974 ad
1721 4927 1936 4977 matuti-

374 5027 473 5067 nos
499 5021 555 5067 et
593 5015 658 5067 ad
689 5014 1041 5069 lucernarium
1089 5012 1271 5068 dicite.
1315 5012 1396 5065 Ad
1429 5011 1795 5066 duodecimam
1836 5012 1934 5066 im-

370 5103 559 5172 primis
603 5103 942 5159 directaneus
984 5104 1277 5181 parvulus:
1309 5102 1405 5155 Sol
1448 5103 1679 5171 cognovit
1710 5118 1944 5157 occasum

369 5210 519 5250 suum
554 5193 727 5265 (Psal.
755 5195 889 5263 cut).
936 5195 1038 5249 Sex
1078 5210 1291 5251 sorores
1339 5195 1490 5250 binos
1542 5193 1773 5264 psalmos
1819 5208 1939 5249 cum

368 5286 479 5341 suis
507 5284 845 5340 alleluiaticis
895 5285 1112 5349 dicant;
1148 5288 1464 5357 antipbonas
1507 5281 1646 5353 tres,
1681 5287 1941 5344 lectiones

366 5378 521 5439 duas,
552 5391 711 5430 unam
734 5374 802 5429 de
825 5375 1103 5443 Apostolo,
1129 5378 1283 5430 aliam
1309 5377 1374 5432 de
1396 5374 1705 5447 Evangelia.
1734 5359 1811 5431 Ᾰά
1835 5393 1935 5432 no-

367 5475 585 5523 cturnus
614 5467 889 5539 paschales
918 5467 1033 5535 ipso
1059 5483 1283 5524 numero
1310 5470 1487 5524 omnia
1508 5469 1688 5535 dicite,
1720 5469 1857 5524 sicut
1884 5471 1935 5523 in

365 5557 677 5615 duodecima
707 5558 1122 5630 designavimus.
1155 5558 1235 5612 Ad
1266 5558 1553 5613 matutinos
1577 5558 1836 5628 imprimis
1865 5560 1943 5614 di-

370 5660 669 5705 rectaneum
689 5650 972 5705 :Exaltabo
1000 5661 1065 5715 te,
1093 5650 1229 5703 Deus
1245 5665 1384 5703 meus
1413 5661 1458 5702 et
1485 5651 1591 5703 Rex
1605 5666 1764 5703 meus.
1788 5650 1932 5717 Inde,

370 5741 558 5798 Italica
580 5758 678 5807 me,
700 5742 854 5797 Deus.
880 5743 1012 5797 Deus
1040 5741 1174 5797 Dcus
1199 5758 1359 5807 meus,
1385 5742 1452 5792 ad
1478 5752 1520 5795 te
1552 5743 1613 5795 de
1630 5742 1737 5795 lucc
1761 5741 1912 5809 vigilo

2049 4660 2337 4704 nocturnos
2387 4649 2648 4719 imprimis
2703 4651 3042 4707 directaneus
3093 4654 3348 4711 dicatur:
3381 4657 3623 4712 Miserere

2047 4743 2144 4794 ruri
2169 4787 2181 4807 ,
2216 4738 2355 4796 Deus
2374 4782 2389 4808 ,
2420 4742 2698 4796 secundum
2730 4760 2964 4813 magnam
3006 4745 3402 4801 misericordiam
3433 4758 3613 4811 tuam;

2048 4834 2239 4887 deinde
2270 4836 2460 4903 psalmi
2488 4834 2672 4889 decem
2700 4843 2751 4889 et.
2779 4846 2929 4899 Octo;
2960 4838 3261 4905 antiphonae
3291 4848 3397 4893 tres
3423 4855 3622 4909 parvo-

2052 4927 2133 4989 lac,
2165 4924 2422 4980 lectiones
2447 4922 2687 4995 Apostoli
2717 4936 2806 4981 aut
2820 4924 3203 4997 Prophetarum
3227 4928 3368 4996 dum,
3396 4942 3450 4985 et
3473 4928 3621 4998 capi-

2050 5016 2257 5070 tellum.
2306 5016 2598 5083 Completis
2641 5017 2915 5073 nocturnis
2958 5016 3148 5073 dicetis
3203 5022 3512 5074 matutinos.
3562 5021 3617 5074 In

2045 5114 2227 5161 testate
2246 5148 2259 5172 ,
2307 5106 2358 5160 id
2390 5116 2471 5160 est
2501 5116 2621 5175 post
2644 5107 2843 5162 Pascha
2877 5123 3043 5177 usque
3072 5109 3321 5163 calendas
3349 5107 3620 5176 Oetobris,

2043 5199 2157 5260 ipse
2185 5198 2318 5254 ordo
2344 5198 2465 5252 erit.
2506 5197 2668 5253 Sexta
2711 5199 2840 5253 feria
2882 5215 3009 5255 vero
3032 5209 3151 5269 post
3180 5207 3469 5254 nocturnos
3497 5199 3618 5253 dua:

2042 5291 2218 5345 missa:
2248 5289 2373 5343 liam
2408 5290 2457 5343 in
2488 5295 2702 5355 aestate;
2740 5290 2792 5343 in
2823 5288 2999 5344 hieme
3028 5300 3156 5345 tres.
3185 5288 3317 5344 Nam
3347 5289 3619 5343 dominica

2042 5379 2188 5433 omni
2220 5390 2456 5447 tempore
2486 5380 2538 5433 in
2570 5388 2753 5433 testate
2781 5387 2835 5433 et
2874 5379 2927 5434 in
2956 5378 3131 5434 hieme
3174 5386 3295 5449 post
3327 5386 3619 5432 nocturnos

2043 5486 2137 5525 sex
2168 5470 2343 5525 missa:
2366 5469 2510 5524 ﬁant.
2529 5470 2583 5523 Si
2611 5485 2740 5525 vero
2760 5470 3001 5525 evenerit
3030 5476 3085 5523 ut
3109 5469 3308 5523 tardius
3323 5467 3385 5522 ad
3405 5468 3617 5536 vigilias

2045 5572 2352 5632 surgantur,
2382 5573 2634 5631 quantum
2668 5561 2950 5617 abbatissae
2992 5561 3162 5616 visum
3197 5559 3374 5626 fuerit,
3403 5564 3617 5612 tantum

2044 5651 2267 5721 legatur.
2291 5650 2513 5718 Quando
2539 5652 2747 5720 signum
2795 5650 2981 5706 fecerit
3023 5650 3311 5713 abbatissa,
3340 5662 3455 5719 quae
3488 5648 3616 5717 legit

2041 5743 2154 5795 sine
2189 5756 2331 5797 mora
2361 5751 2665 5811 consurgat,
2698 5752 2751 5795 ut
2783 5741 3071 5795 canonicus
3104 5742 3376 5795 missarum
3416 5755 3545 5791 num
3572 5760 3612 5778 ·-
3642 5734 3655 5753 ³
