3968 6166
305 345 395 407 ωδ

1490 338 1761 399 REGULA
1810 346 1846 397 Λ
1860 344 1894 391 Γ)
1941 340 2277 396 \‘lRGlNES.

3416 335 3441 386 ι
3455 338 3479 383 1‘
3487 314 3531 383 ii

301 473 382 512 rus
402 453 553 524 possit
584 452 803 521 impleri.
838 453 880 506 Α
911 438 1150 506 colendis
1178 465 1303 506 vero
1335 453 1581 505 Uttnbris
1616 452 1705 507 alii
1744 466 1839 506 no-
1868 458 1918 515 Α
1947 451 2138 505 cimam
2185 450 2416 518 psalmos
2446 447 2627 502 decem
2659 459 2712 503 et
2739 457 2858 503 octo
2906 449 3102 504 dicite:
3132 447 3473 516 antiphenam
3498 483 3521 508 ,

302 546 457 599 rturtti
482 543 704 599 addcadi
726 554 871 609 sunt;
904 543 971 597 ad
1004 542 1205 612 primas
1234 542 1516 597 dicendum
1546 551 1662 597 est:
1690 541 1845 596 Hisc-

301 656 403 693 rere
420 638 530 701 mei,
556 636 706 698 Deus,
721 636 999 689 secundum
1015 648 1250 706 magnam
1262 635 1660 688 misericordiam
1674 643 1845 699 tuam;

300 728 359 782 ad
406 726 703 781 secundos:
748 724 991 778 Miserere
1046 727 1164 789 mei,
1216 722 1393 787 Dens;
1432 725 1667 779 miserare
1717 725 1845 787 mei;

304 816 470 886 psalmi
494 815 675 869 decem
697 822 754 868 et
774 824 918 878 acta,
947 815 1202 869 lectiones
1225 814 1344 868 dure
1367 814 1435 868 de
1456 813 1734 882 Prophetis
1757 821 1851 867 aut

301 909 361 962 de
406 907 703 961 Salomone.
752 906 989 976 Hymnus
1018 906 1083 959 ad
1129 907 1327 974 primas
1375 916 1706 959 novturnos:
1741 905 1851 960 Rea

300 1006 467 1052 a'tertte
492 996 720 1062 Domine,
744 996 810 1049 ad
829 996 1124 1051 secundos:
1154 995 1346 1063 Magna
1370 1006 1418 1051 et
1446 995 1722 1050 mirabilia.
1751 995 1849 1050 Ubi

302 1104 403 1160 post
429 1092 720 1146 celebratos
745 1091 1010 1147 secundos
1035 1100 1341 1157 nocturnos,
1367 1092 1488 1161 quia
1518 1098 1701 1145 noctes
1730 1104 1850 1146 cre-

300 1192 460 1246 scunt,
485 1181 719 1251 qurtidie
746 1182 810 1235 ad
835 1182 1026 1236 librum
1057 1181 1217 1235 facile
1238 1183 1427 1236 missas
1459 1192 1584 1235 tres.
1622 1180 1731 1235 Una
1762 1194 1853 1235 so-

301 1290 381 1328 ror
419 1273 552 1340 legat
593 1271 833 1341 paginas,
882 1281 973 1326 aut
1012 1279 1259 1340 quatuor,
1310 1272 1577 1342 quomoda
1607 1284 1853 1326 mensura

302 1361 447 1416 fuerit
472 1360 589 1414 libri
614 1376 629 1412 :
660 1359 705 1413 si
730 1360 934 1415 minute
954 1359 1112 1414 fuerit
1137 1362 1389 1430 scriptus,
1408 1369 1499 1414 aut
1527 1358 1716 1429 majori
1743 1358 1855 1414 for-

301 1467 399 1513 ma,
431 1459 536 1506 tres
565 1450 818 1519 paginas;
847 1450 891 1503 si
922 1450 1135 1514 minori,
1169 1460 1419 1520 quatuor,
1452 1459 1506 1504 et
1548 1450 1637 1505 liat
1663 1451 1851 1505 oratio.

303 1540 480 1595 lterum
533 1538 673 1608 legat
713 1547 943 1603 tantum,
977 1538 1069 1593 ﬂat
1111 1540 1213 1592 alia
1268 1540 1442 1593 oratio
1471 1557 1483 1592 :
1516 1540 1674 1594 tertio
1719 1540 1859 1607 legat

304 1628 426 1682 idem
454 1634 685 1691 tantum;
716 1637 770 1682 et
790 1630 1010 1698 surgite,
1050 1628 1210 1684 dicite
1248 1630 1590 1698 antipltanam
1620 1629 1687 1684 de
1718 1631 1860 1699 psal-

306 1715 395 1769 mis
417 1715 467 1769 in
490 1716 699 1777 ordine,
733 1728 917 1785 postea
945 1718 1363 1786 responsorium,
1398 1718 1588 1773 deinde
1614 1719 1861 1789 antipha-

1952 542 2231 609 hymnum,
2267 539 2547 594 lectionem
2586 547 2639 592 et
2666 538 2991 607 capitalium.
3018 539 3239 607 Quando
3264 550 3518 607 repausa-

1951 642 2085 687 tura:
2111 633 2265 696 estis,
2291 632 2342 685 in
2374 632 2578 695 schola,
2603 631 2654 685 in
2681 642 2783 701 qua
2813 634 3059 696 manetis,
3084 632 3345 700 completa
3371 627 3521 683 dica-

1951 731 2067 787 tur;
2095 721 2354 789 imprimis
2384 720 2719 776 directanons
2745 762 2761 788 ,
2793 728 2850 775 et
2876 720 3113 788 psalmus
3141 718 3521 790 nonagesimus
3566 750 3572 762 ι

1950 813 2175 879 dicatur,
2205 813 2399 866 deinde
2434 811 2681 882 capitalia
2719 810 3209 865 cansnetudinaria.
3251 809 3308 862 ln
3347 808 3518 863 Natali

1953 904 2159 958 Domini
2190 905 2315 958 etin
2349 903 2637 970 Epiphania
2664 903 2817 957 tertia
2847 902 2976 954 hora
2999 902 3166 955 noctis
3187 901 3387 969 surgite
3407 914 3422 953 :
3441 898 3522 951 di-

1951 994 2063 1048 cite
2087 990 2268 1046 unum"
2297 1001 2633 1054 nocturnum,
2666 1002 2716 1045 et
2744 990 2900 1046 facite
2945 1007 3040 1045 sex
3079 991 3269 1045 missas
3296 989 3362 1043 de
3392 986 3522 1041 lsaia

1954 1083 2244 1153 propheta;
2275 1084 2464 1137 iterum
2490 1082 2653 1138 dicite
2681 1082 2971 1137 secundum
2998 1094 3346 1150 nocturnum,
3372 1092 3420 1137 et
3449 1081 3524 1135 le-

1953 1182 2143 1242 gantur
2161 1172 2280 1227 alite
2306 1188 2400 1227 sex
2429 1171 2495 1227 de
2518 1173 2827 1241 Evangelia.
2863 1173 2917 1235 In
2950 1172 3246 1243 Epiphania
3278 1174 3349 1227 ita
3380 1190 3392 1224 :
3426 1175 3527 1225 lm-

1959 1266 2140 1334 primis
2162 1280 2324 1319 unum
2350 1274 2661 1319 nocturnum
2683 1280 2698 1328 ;
2723 1264 2916 1320 deinde
2938 1265 3005 1320 de
3030 1265 3244 1320 Daniole
3264 1264 3525 1334 prapbeta

1959 1358 2117 1412 facite
2171 1358 2290 1411 illas
2336 1371 2429 1411 sex
2461 1358 2651 1410 missas
2679 1365 2735 1411 et
2771 1366 3095 1422 nocturnos,
3124 1365 3181 1412 et
3223 1357 3413 1410 iterum
3458 1353 3527 1407 de

1960 1447 2244 1516 Evangelia
2273 1461 2388 1501 sex.
2420 1447 2701 1501 Matutinos
2730 1460 2797 1502 ea
2839 1448 3027 1503 ordine
3055 1448 3193 1504 sicut
3230 1447 3288 1501 in
3321 1446 3523 1500 Pascha

1961 1536 2299 1605 scripsimus,
2329 1545 2416 1591 aut
2442 1536 2725 1592 dominicis
2748 1537 2957 1593 diebus.
2983 1538 3040 1592 In
3060 1549 3352 1604 martyrum
3382 1536 3530 1591 testi-

1961 1627 2212 1682 vitatibus
2241 1637 2349 1681 tres
2378 1635 2469 1680 aut
2494 1636 2721 1696 quatuor
2747 1628 2923 1683 missa:
2954 1629 3115 1680 (lant:
3143 1627 3366 1693 primam
3396 1624 3528 1681 mis-

1959 1732 2075 1773 sam
2125 1722 2190 1773 de
2231 1718 2520 1787 Evangelia
2567 1719 2754 1789 legite;
2801 1719 3032 1787 reliquas
3076 1719 3142 1773 de
3191 1717 3528 1787 passionibus

305 1820 433 1859 nam.
469 1805 663 1861 lterum
692 1804 834 1875 legat
860 1806 959 1860 alia
1001 1821 1188 1873 soror;
1222 1814 1279 1864 et
1306 1806 1386 1863 sic
1431 1809 1663 1877 impletis
1693 1808 1859 1865 tribus
1891 1821 1938 1880 Β
1963 1819 2280 1881 martyrum.
2312 1809 2467 1865 Omni
2498 1820 2649 1865 sexta
2700 1810 2830 1864 feria
2864 1820 2983 1879 post
3024 1810 3391 1865 duodecimam
3435 1822 3529 1863 sex

306 1894 463 1949 missis
485 1896 647 1950 dicite
676 1897 965 1950 matutinos
994 1899 1316 1952 canonicos:
1350 1898 1400 1953 id
1433 1908 1514 1953 est
1542 1900 1712 1967 primo
1733 1914 1859 1954 can-

306 1984 451 2037 ticum
475 1984 523 2037 in
546 1983 873 2051 antipltana:
903 1984 1096 2038 deinde
1124 1986 1486 2040 directaneum
1510 2005 1523 2038 :
1550 1986 1740 2041 Judira
1760 2003 1855 2053 me,

308 2074 451 2131 Deus.
480 2075 634 2140 Deus,
676 2074 814 2129 Deus
840 2092 997 2139 meus,
1032 2078 1098 2129 ad
1129 2085 1178 2129 te
1207 2078 1268 2130 de
1302 2064 1412 2131 luce
1450 2079 1624 2147 vigilo.
1660 2077 1859 2143 Lauda,

307 2166 460 2218 anima
493 2181 635 2231 mea,
682 2162 976 2218 Dominum.
1024 2164 1253 2220 Laudate
1296 2166 1593 2232 Dominum,
1624 2167 1863 2235 quoniam

308 2256 452 2308 bonus
487 2267 557 2309 est
593 2256 849 2322 psalmus.
894 2255 1097 2322 Lauda,
1149 2255 1504 2323 Hierusalem,
1550 2256 1891 2323 Dominam;

309 2345 500 2412 deinde,
536 2344 767 2399 Laudato
808 2344 1083 2398 Dominum
1114 2348 1176 2399 de
1211 2349 1370 2401 caelis.
1403 2347 1616 2401 Caritate
1650 2348 1867 2404 Domino

310 2435 538 2487 canticum
580 2451 792 2488 norum.
821 2433 1055 2489 Laudate
1096 2435 1368 2490 Dominum
1395 2438 1446 2489 in
1484 2440 1676 2492 sanctis
1720 2442 1864 2507 ejus,

309 2539 415 2579 cum
442 2524 750 2592 antiphana.
788 2525 957 2580 Dicite
1004 2526 1258 2593 hymnum
1286 2542 1300 2580 :
1332 2527 1596 2595 Splendor
1644 2540 1869 2596 paternae

309 2613 503 2682 glorise;
524 2613 627 2667 alia
658 2612 778 2667 die:
808 2612 1023 2668 (Eterne
1046 2614 1173 2669 lucis
1194 2615 1518 2685 canditor,et
1538 2616 1864 2686 capitellum,

309 2713 358 2760 et
384 2704 535 2777 Kyrie
560 2707 763 2761 eleison
810 2706 1086 2761 duodecim
1132 2706 1358 2763 vicibus.
1395 2707 1653 2764 Omnibus
1683 2710 1869 2764 diebus
1927 2714 1932 2718 ”

311 2800 609 2867 quatidian‘s
643 2800 723 2854 sic
751 2800 1052 2869 impleatur.
1080 2799 1202 2853 Post
1228 2801 1517 2855 matutinos
1543 2802 1611 2856 ad
1639 2802 1866 2871 primam

310 2903 391 2943 sex
428 2889 609 2960 psalmi
662 2889 929 2955 dicantur,
974 2899 1027 2944 ct
1074 2891 1346 2961 hymnus:
1380 2890 1648 2963 Fulgentis
1692 2903 1871 2947 auctor

310 2979 526 3044 tctheris;
551 2979 815 3034 lectiones
841 2980 959 3034 dua:
986 2998 998 3031 :
1024 2980 1073 3034 id
1104 2990 1188 3035 est
1218 2997 1318 3035 una
1347 2981 1416 3037 de
1447 2982 1645 3051 Veteri,
1677 2984 1776 3038 alia
1802 2985 1870 3040 de

314 3070 447 3126 Nova
474 3072 841 3136 Testamento,
872 3082 925 3128 et
945 3074 1267 3143 capitellum.
1297 3074 1422 3129 Post
1448 3074 1549 3131 hoc
1581 3091 1768 3132 omnes
1797 3077 1871 3133 le-

1967 1900 2142 1954 missze
2183 1899 2248 1953 ad
2290 1898 2480 1953 librum
2537 1900 2801 1968 legantur,
2830 1907 3033 1968 etpost
3063 1908 3352 1953 nocturnas
3401 1888 3531 1951 tres.

1963 1993 2115 2048 Omni
2144 1992 2367 2046 sabbata
2388 1991 2457 2046 ad
2486 1992 2790 2058 matutinas,
2808 1992 3076 2046 Cantemus
3108 1990 3321 2043 Domino
3344 2031 3361 2058 ,
3387 1996 3438 2043 et
3460 1988 3533 2043 Te

1968 2083 2130 2136 Deum
2160 2083 2447 2137 laudamus.
2478 2084 2556 2138 Ad
2601 2084 2807 2138 tertiam
2839 2092 2948 2137 tres
2994 2082 3248 2137 lectiones
3274 2097 3285 2135 :
3317 2095 3419 2134 una
3462 2080 3530 2133 de

1965 2173 2265 2244 Prophetis,
2299 2175 2399 2229 alia
2441 2176 2508 2229 de
2538 2176 2813 2243 Apastolo,
2848 2176 3009 2229 tertia
3047 2172 3116 2227 de
3143 2172 3429 2241 Evangelia
3457 2171 3533 2224 di-

1965 2277 2173 2323 cantur.
2202 2265 2357 2321 Omni
2404 2266 2670 2321 dominica
2720 2274 2836 2334 post
2883 2274 3172 2319 nncturnos
3202 2278 3323 2317 cum
3368 2261 3534 2330 prima

1967 2360 2127 2414 missa
2156 2358 2367 2427 legitur,
2394 2356 2443 2411 id
2472 2364 2554 2410 est
2582 2357 2924 2422 resurrectio,
2948 2354 3087 2408 nulla
3117 2353 3306 2408 sederv
3335 2365 3535 2419 praesu-

1967 2456 2100 2509 mat,
2120 2447 2213 2501 sed
2236 2459 2420 2500 omnes
2436 2452 2577 2498 stent
2603 2460 2617 2508 ;
2648 2444 2750 2497 alia
2774 2443 3036 2496 dominica
3060 2442 3163 2496 alia
3186 2439 3537 2495 resurrectio:

1969 2539 2047 2592 sic
2071 2537 2124 2591 in
2146 2535 2334 2589 ordine
2359 2543 2480 2588 tota:
2504 2542 2729 2602 quatuor
2750 2548 2912 2587 rcsnr-
2929 2534 3167 2587 actiones
3188 2545 3282 2599 per
3302 2530 3538 2597 singulas

1968 2626 2263 2682 dominicas
2293 2625 2553 2695 legantur.
2582 2624 2706 2678 Post
2733 2624 2941 2685 tertiam
2973 2638 3121 2687 vero,
3156 2621 3313 2674 Pater
3363 2631 3534 2673 noster

1969 2717 2127 2771 dicite
2149 2754 2167 2781 ,
2194 2724 2247 2769 ct
2276 2713 2550 2783 psallendo
2589 2728 2775 2769 omnes
2818 2713 3233 2789 communicent.
3278 2710 3367 2764 Sic
3402 2718 3455 2764 et
3486 2708 3539 2762 in

1970 2808 2342 2863 festivitatibus
2371 2805 2546 2862 facite.
2581 2806 2753 2860 Missae
2776 2820 2901 2861 vero
2919 2802 3128 2875 quando
3152 2808 3353 2858 sancte
3382 2800 3539 2855 abba.

1972 2901 2115 2956 tisse:
2148 2899 2319 2954 visum
2346 2899 2504 2955 fuerit
2536 2909 2660 2952 tunc
2690 2900 2839 2953 lient.

2043 3096 2299 3152 Ordinem
2343 3096 2503 3151 etiam
2534 3095 2763 3151 convivii
2790 3095 2917 3151 huic
2941 3093 3158 3166 Regulae
3201 3092 3543 3149 inseruimus.

318 3163 466 3218 ctiuni
497 3174 693 3220 vacent
722 3180 888 3234 usque
910 3166 974 3219 ad
1007 3165 1191 3219 horam
1230 3166 1473 3231 tertiam;
1510 3167 1713 3237 reliqua
1742 3184 1868 3225 vero

1974 3187 2198 3245 Fercula
2227 3188 2466 3257 quotidie
2492 3187 2558 3242 ad
2606 3188 2949 3243 refectionem
2982 3163 3110 3254 tria,
3151 3186 3220 3241 ad
3260 3185 3541 3255 prandium

311 3254 403 3308 dici
438 3257 605 3325 spatia
644 3254 839 3311 faciunt
876 3252 1035 3324 opera
1058 3270 1159 3315 sua
1186 3299 1198 3321 ,
1236 3256 1528 3311 secundum
1562 3257 1690 3312 illud
1731 3258 1871 3325 quod

315 3344 550 3399 Dominus
577 3346 719 3400 dixit
744 3363 759 3399 :
790 3343 946 3399 Pater
974 3362 1112 3399 meus
1143 3364 1299 3416 usque
1337 3364 1473 3401 nunc
1520 3357 1782 3419 aperatur,
1825 3354 1872 3403 et

311 3443 391 3501 ego
414 3452 589 3503 operor
615 3428 801 3507 (Joan.
823 3433 899 3506 v).
925 3432 989 3489 Et
1016 3435 1142 3489 illud
1167 3437 1405 3505 Apostali
1432 3437 1742 3509 :Operantes
1764 3455 1875 3491 ma-

312 3522 440 3577 nibus
468 3528 661 3579 nostris
689 3524 737 3597 (1
788 3524 942 3580 Thes.
970 3524 1072 3596 tv).
1103 3526 1189 3592 Et,
1218 3526 1319 3592 Qui
1350 3545 1450 3581 non
1482 3538 1739 3599 aperatur,
1774 3546 1875 3585 non

314 3616 558 3668 manducet
582 3614 672 3685 (11
711 3613 859 3670 Thes.
887 3617 987 3686 tu).
1013 3617 1145 3683 Quia
1175 3617 1432 3687 scriptum
1461 3631 1575 3675 est:
1621 3620 1724 3675 Via:
1740 3623 1873 3676 alio-

312 3717 465 3756 sarnm
491 3715 671 3759 strata:
699 3716 815 3760 sunt
855 3706 1013 3775 spinis
1048 3704 1224 3774 (Prov.
1258 3724 1327 3763 xv
1357 3709 1397 3777 ).
1420 3709 1513 3774 Et,
1548 3710 1764 3765 Servum
1790 3714 1872 3766 in-

313 3794 471 3846 utilem
499 3797 741 3866 projicite
764 3798 815 3849 in
839 3796 1069 3850 tenebras
1093 3798 1368 3852 exteriores
1410 3800 1621 3871 (Matth.
1652 3802 1799 3871 xxv).

374 3889 707 3957 Quotidianis
746 3889 937 3945 iterum
966 3891 1154 3945 diebus
1181 3891 1246 3944 ad
1279 3895 1487 3946 tertiam
1520 3909 1613 3947 sex
1644 3895 1876 3964 psalmos

312 3978 474 4045 dicite,
503 3981 877 4051 antipbnnam,
910 3983 1186 4052 hymnum,
1211 3981 1329 4036 lam
1360 3984 1520 4053 surgit
1549 3984 1675 4038 hora
1708 3986 1874 4049 tertia,

313 4069 576 4129 lectionem
594 4085 649 4128 et
667 4076 993 4143 capitellum,
1021 4073 1161 4141 Fiat,
1188 4076 1421 4129 Domine.
1442 4076 1520 4130 Ad
1538 4088 1746 4131 sextam
1766 4079 1880 4147 ipse

314 4175 551 4217 numerus
578 4163 904 4232 psalmorum
954 4164 1214 4218 tenendus
1245 4182 1257 4217 :
1288 4163 1575 4231 antipbana
1616 4164 1839 4220 dicenda
1861 4206 1876 4232 ,

314 4251 547 4321 hymnus,
576 4256 706 4308 lam
736 4267 880 4309 sexta
910 4257 1094 4309 sensim
1124 4256 1361 4320 volvitur,
1394 4256 1553 4309 lectio
1580 4264 1634 4309 et
1659 4258 1879 4324 capitul-

313 4341 428 4396 lnn.
461 4345 537 4398 Ad
563 4360 759 4399 uanam
789 4348 889 4400 iste
928 4348 1059 4402 ordo
1093 4345 1426 4399 servandus:
1460 4345 1688 4415 hymnus
1716 4360 1874 4412 vero,

316 4429 402 4483 Ter
417 4434 541 4487 hora
558 4437 696 4489 trina
711 4436 947 4489 uoluitur.
975 4436 1051 4489 Ad
1077 4435 1287 4490 lucerna
1298 4436 1430 4488 rium
1452 4437 1595 4489 omni
1615 4444 1874 4504 tempore,

1975 3275 2103 3345 duo,
2147 3274 2213 3329 ad
2262 3287 2470 3329 etenam
2499 3272 2619 3327 duae
2669 3272 2956 3328 bibituriaz.
2997 3272 3076 3327 Ad
3118 3271 3459 3327 refectionem
3491 3268 3545 3324 iu

1974 3374 2158 3435 testate
2181 3377 2367 3419 mense
2386 3362 2526 3417 Julia
2544 3371 2599 3417 et
2624 3365 2857 3434 Augusto
2874 3363 3126 3419 caldellos
3147 3371 3276 3427 tres,
3300 3363 3364 3415 ad
3390 3376 3545 3430 pran-

1973 3455 2119 3509 dium
2148 3463 2276 3519 tres,
2305 3452 2371 3508 ad
2397 3467 2606 3509 cenam
2634 3454 2779 3508 omni
2810 3462 3047 3523 tempore
3068 3453 3243 3508 binos.
3274 3451 3376 3507 Per
3406 3453 3545 3506 testi-

1976 3544 2166 3598 vitales
2190 3558 2338 3607 vero,
2360 3553 2414 3599 et
2432 3544 2646 3613 quando
2659 3545 2926 3601 abbatissa
2948 3544 3302 3617 indulgentias
3318 3543 3548 3597 valuerit

1978 3636 2175 3701 facere,
2202 3645 2254 3691 et
2284 3637 2485 3690 cibaria
2506 3647 2701 3707 quanta
2728 3638 2841 3707 ipsa
2865 3638 3095 3693 valuerit
3121 3637 3345 3701 ordinet,
3377 3647 3433 3691 et
3464 3650 3549 3691 re-

1976 3733 2162 3781 centes
2181 3725 2364 3779 addat.
2393 3725 2728 3791 Quatidianis
2749 3741 2876 3783 vero
2896 3727 3084 3783 diebus
3103 3727 3253 3781 olera
3274 3725 3550 3780 lormatico

1978 3824 2031 3871 et
2061 3812 2180 3868 olea
2211 3827 2423 3881 semper
2464 3814 2659 3868 fercula
2700 3815 3037 3869 condiantur.
3070 3813 3335 3881 Jejunium
3367 3828 3494 3867 vero
3517 3828 3548 3865 a

1978 3901 2214 3957 colendis
2252 3901 2581 3970 Septembris
2621 3918 2791 3972 usque
2824 3906 2891 3957 ad
2939 3903 3188 3958 calendas
3230 3903 3549 3957 Novembris

1979 3993 2237 4059 secunda,
2261 4003 2313 4046 et
2333 4003 2543 4061 quarta,
2566 4004 2619 4049 et
2648 4002 2800 4047 sexta
2829 3993 2978 4048 feria.
3000 3993 3040 4048 Δ
3068 3994 3302 4049 calendis
3324 3995 3551 4049 Navem-

1980 4082 2089 4137 bris
2111 4096 2279 4152 usque
2299 4082 2361 4135 ad
2384 4082 2592 4136 Domini
2617 4083 2800 4139 Natale
2816 4085 3055 4153 quotidie
3074 4085 3423 4155 jejunandum
3444 4093 3550 4148 est,

1980 4175 2180 4243 absque
2200 4175 2419 4230 sabbata
2443 4185 2495 4229 et
2510 4172 2794 4231 dominica.
2816 4179 2896 4233 Ab
2918 4179 3208 4248 Epiphania
3234 4195 3362 4236 vero
3381 4195 3551 4248 usque

1978 4262 2280 4319 adPascha
2310 4260 2545 4335 quatidie
2583 4264 2932 4335 jejunandum
2974 4279 3090 4336 est,
3116 4269 3317 4339 absque
3360 4268 3553 4339 majori

1983 4353 2291 4417 festivitate,
2322 4356 2566 4422 sabbata,
2603 4366 2660 4411 et
2687 4357 2970 4414 dominica.
3015 4359 3144 4415 Post
3190 4359 3391 4414 Pascha
3422 4348 3551 4415 vero

1986 4458 2151 4513 usque
2192 4442 2258 4497 ad
2283 4443 2629 4499 PentecOsten
2656 4454 2804 4499 sexta
2827 4445 2957 4501 feria
2983 4456 3184 4502 tantum
3209 4446 3553 4517 jejunandum

312 4531 360 4575 ct
384 4524 526 4579 festis
551 4538 607 4581 et
636 4524 958 4595 quotidianis
985 4524 1193 4591 diebus,
1224 4523 1481 4593 imprimis
1510 4524 1876 4591 directaneus;
1911 4548 1957 4605 υ
1983 4542 2084 4586 est.
2114 4532 2240 4588 Post
2261 4533 2610 4590 Pentecosten
2633 4551 2818 4593 mense
2842 4530 3019 4604 lunia,
3049 4538 3190 4595 Julia
3230 4546 3285 4593 et
3313 4539 3556 4607 Angusta

317 4625 488 4680 90.463
516 4619 827 4683 antiphona:
868 4618 1008 4672 dum.
1038 4617 1216 4672 Tertia
1264 4631 1477 4685 semper
1514 4631 1635 4672 cum
1666 4618 1878 4676 alleluia

312 4703 531 4769 dicatur,
558 4706 787 4781 hymnus
814 4722 916 4759 una
943 4704 1058 4759 die:
1089 4706 1221 4759 Deus
1247 4706 1334 4774 qui
1356 4707 1503 4759 certis
1524 4706 1753 4777 legibus;
1774 4704 1877 4763 alia

313 4792 426 4847 die:
458 4793 592 4849 Deus
624 4805 820 4850 creator
846 4798 1096 4862 omnium,
1126 4805 1178 4850 ct
1206 4794 1531 4864 capitellum.
1562 4796 1640 4851 Ad
1670 4798 1877 4852 duode-

1989 4620 2039 4673 in
2059 4630 2319 4690 potestate
2336 4624 2616 4680 abbatissa:
2633 4627 2702 4681 sit
2722 4625 3004 4697 dejejunia
3024 4636 3118 4683 aut
3138 4626 3388 4697 prandia:
3416 4629 3555 4681 sicut

1988 4710 2181 4766 viderit
2211 4712 2615 4782 possibilitatem
2657 4732 2925 4782 sororum,
2969 4717 3067 4772 ista
3110 4717 3322 4772 Studeat
3350 4717 3559 4771 abtem‘

1984 4817 2194 4872 perare.

313 4947 3553 4984 WW-

449 5072 837 5123 fXﬂEBP’I'A
864 5074 960 5122 ex
990 5073 1338 5123 EPISTOLA
1367 5072 1764 5123 ΔῈΒΕΒΙΔΝῙ
1793 5074 1868 5121 El

1972 5072 2123 5123 GOPI
2149 5070 2647 5123 ARELA’I'ENBIS
2676 5073 2777 5121 AD
2804 5069 3412 5124 THEODEBEBTUM

1796 5160 2073 5210 BEG‘EM.

381 5287 607 5345 Domino
641 5291 835 5362 inclyta
862 5300 915 5345 et
961 5291 1155 5359 ubique
1193 5287 1580 5360 gloriosissimo
1621 5297 1779 5357 atque
1827 5289 1879 5341 in

315 5375 520 5437 Christo
570 5382 807 5451 piissimo
853 5382 1072 5437 domino
1110 5391 1166 5437 et
1203 5381 1336 5447 tilia,
1386 5380 1723 5436 Teudeberto
1766 5380 1878 5451 regi

294 5474 307 5487 '
320 5474 634 5527 Attrrliantts
651 5474 956 5543 episcopus.

386 5560 535 5616 Licet
581 5572 685 5615 tam
714 5576 833 5619 sera
864 5564 1186 5633 scriptorum
1225 5560 1400 5616 cilicia
1441 5558 1735 5628 iustissime
1775 5570 1881 5616 tre-

322 5649 514 5716 pidatio
564 5651 879 5720 comitetur,
931 5661 1106 5708 tamen
1144 5665 1497 5721 nequaquam,
1527 5656 1667 5714 rear,
1703 5665 1880 5705 sermo

322 5756 470 5795 erasa
497 5740 787 5800 adenrione
818 5743 1166 5813 iudicabitur,
1202 5743 1242 5798 si
1288 5742 1424 5812 apud
1458 5757 1611 5801 aures
1651 5743 1883 5800 clemen-

1992 5286 2077 5339 tiae
2107 5286 2220 5339 sala
2252 5293 2454 5341 tantum
2486 5286 2772 5343 devatione
2802 5288 2964 5344 animi
2997 5292 3375 5360 perpendatur.
3427 5294 3558 5348 llinc

1991 5377 2259 5445 pracipue
2310 5377 2452 5445 quod
2503 5379 2863 5436 ambientibus
2916 5384 3124 5437 cunctis
3180 5383 3556 5439 celsitudinem

1985 5477 2241 5531 vestram,
2271 5481 2372 5521 nec
2397 5478 2599 5523 metum
2635 5471 2850 5526 trahunt
2874 5486 2938 5527 ex
2968 5472 3244 5541 privilegio
3284 5473 3554 5535 culminis,

1990 5576 2088 5615 nec
2151 5560 2419 5629 repulsam
2482 5572 2724 5619 metuunt
2776 5565 2869 5623 de.
2907 5564 3213 5633 praiudicio
3269 5564 3549 5620 tarditatis.

1994 5651 2180 5705 Vestra
2211 5651 2351 5706 enim
2382 5651 2581 5705 erectio
2612 5654 2682 5705 ita
2723 5655 2978 5709 solemnis
3019 5661 3132 5720 est,
3163 5661 3225 5709 ut
3251 5653 3412 5709 etiam
3460 5652 3563 5707 hu-

1989 5744 2189 5799 milium
2238 5759 2416 5801 amore
2465 5752 2739 5811 tangatur,
2793 5762 2854 5802 ac
2908 5745 3221 5817 dignitatum
3274 5745 3540 5801 cumulum
