3904 6176
396 336 499 391 407

1444 338 1807 397 PRIMiSlUS
1848 340 2359 399 ADRUMETANUS
2399 342 2613 399 Ei’lSC.

3554 347 3657 405 “8

397 471 446 504 ne
472 465 615 508 erata
650 451 856 523 fastig'a
896 452 1238 508 vernularum
1269 452 1441 509 adhuc
1488 456 1697 509 rudium
1746 457 1972 525 primiti-
2001 462 2053 521 Α
2077 458 2247 524 εαμιὶἰ
2288 459 2487 525 vestri,
2521 455 2904 526 plenitudinem
2953 456 3106 511 nobis
3135 457 3445 527 principalis
3485 459 3659 516 indul-

398 544 479 599 vis
506 544 739 598 cultibus
771 550 1181 612 prmsumantur.
1223 542 1391 599 Novis
1421 560 1651 615 namque
1691 562 1836 601 nunc
1862 558 1975 601 stu-

396 637 499 689 iliis
532 636 586 689 in
629 636 885 704 obsequia
933 634 1165 704 religiosi
1207 633 1463 704 principis
1506 636 1882 702 informamus,
1923 647 1979 693 et

396 743 517 780 cum
547 728 855 782 testimonio
902 741 945 795 pi
970 727 1155 781 rfecta:
1192 726 1501 781 dilectionis
1539 728 1603 782 ad
1637 729 1975 797 praesentiam

397 829 622 874 sacrata:
652 820 848 873 mentis
874 818 1232 872 admittimur.
1264 818 1387 873 ilice
1411 833 1542 889 ergo
1565 834 1631 874 ex
1661 831 1811 888 parte
1830 834 1979 875 amo-

398 910 471 962 ris
501 908 667 962 nostri
697 908 941 963 fiduciam
960 948 975 972 ,
1003 907 1260 977 Princeps
1300 895 1522 978 optime,
1568 910 1823 975 metieris,
1854 925 1975 966 cum

397 1001 715 1055 ministeriis
760 1001 866 1054 tuis
913 1016 1011 1055 nec
1052 1001 1223 1055 territi
1274 1016 1372 1069 pro
1413 1002 1663 1057 tarditate
1709 1002 1980 1059 subtnhi-

397 1107 540 1155 mur,
572 1106 671 1146 nec
699 1091 1018 1146 verecundia
1063 1095 1314 1162 pauperis
1352 1092 1554 1162 ingenii
1585 1093 1976 1150 rcfraudamur.

394 1183 620 1251 Suscipe
680 1182 841 1252 igitur
884 1184 1111 1253 benigne
1150 1183 1458 1239 devotionis
1505 1185 1685 1240 studio
1734 1186 1979 1242 tirocinia

395 1274 744 1328 famulantum
774 1283 827 1328 et
853 1276 1055 1344 gremia
1086 1275 1255 1331 venia;
1300 1276 1545 1344 largioris
1575 1278 1817 1345 expende
1849 1292 1978 1345 sup-

398 1365 641 1433 plicibus.
673 1364 804 1432 Quia
852 1380 975 1420 cum
1016 1381 1205 1421 omnes
1248 1366 1571 1436 generaliter
1618 1367 1760 1421 bono
1796 1369 1975 1421 cordis

396 1457 577 1526 inclyti
607 1458 960 1525 perfruantur,
993 1471 1090 1511 nos
1120 1466 1318 1524 tamen,
1344 1458 1442 1512 etsi
1465 1459 1652 1526 exigua
1681 1460 1853 1527 portio
1877 1459 1974 1509 oh-

2081 548 2274 617 gentia:
2299 547 2365 602 ad
2412 548 2673 617 integrum
2717 548 3069 603 vindicamus.
3101 547 3310 604 Etenim
3351 565 3476 605 cum
3503 552 3573 607 de
3608 563 3659 608 te

2082 639 2367 710 loquimur,
2392 640 2546 695 adest
2578 641 2770 708 gratia,
2801 640 2899 695 etsi
2930 640 3232 711 eloquentia
3259 642 3441 709 deest,
3467 654 3524 698 et
3546 645 3661 698 solo

2079 733 2289 787 ornatui
2335 743 2519 787 nostro
2548 734 2769 787 materia
2808 731 3035 799 sufficit,
3071 748 3373 801 quanquam
3420 734 3661 789 doctrina

2079 838 2186 877 non
2214 823 2373 878 adsit.
2397 824 2525 890 Quae
2545 838 2665 878 cum
2691 825 2762 878 ita
2789 824 2916 892 sint,
2947 825 3258 893 praeclaram
3288 826 3522 880 indolem
3550 828 3664 881 lau—

2078 914 2164 969 dis
2192 924 2387 969 vestra:
2416 916 2553 970 votis
2580 917 2756 985 potius
2780 916 3066 971 celebrabo
3094 933 3252 987 quam
3283 918 3495 975 litteris.
3520 920 3667 987 Quo-

2084 1004 2224 1058 niam
2254 1020 2467 1074 semper
2486 1019 2604 1075 qua:
2630 1013 2755 1059 sunt
2783 1007 3019 1060 maxima
3036 1049 3051 1073 ,
3078 1008 3458 1063 conscientiam
3489 1012 3670 1077 potius

2081 1094 2358 1161 requirunt
2395 1109 2553 1162 quam
2600 1095 2867 1165 linguam,
2897 1095 3213 1166 diguiusque
3256 1100 3669 1155 committuntur

2086 1184 2318 1253 pectoris
2362 1183 2569 1249 judicio
2615 1198 2777 1255 quam
2823 1187 3111 1241 sermonis.
3161 1190 3239 1243 Ac
3286 1192 3508 1256 perinde
3557 1207 3671 1247 non

2085 1277 2211 1329 mihi
2245 1275 2297 1329 in
2328 1275 2465 1329 votis
2503 1274 2605 1330 hoc
2647 1276 3172 1331 commemorandum
3210 1286 3326 1344 est,
3358 1280 3497 1348 quod
3528 1291 3670 1335 tern-

2087 1383 2216 1437 pora
2243 1369 2551 1433 celebrant,
2579 1365 2674 1429 sed
2701 1368 2844 1438 quod
2873 1371 3146 1425 aeternitas
3168 1370 3389 1439 probat,
3411 1382 3519 1427 etc.

395 1543 3664 1600 Μ

1731 1642 1898 1688 ANNO
1939 1643 2167 1685 DOMINI
2209 1644 2326 1685 οιν

1374 1769 2677 1934 PRIMASIUS

1289 2028 2132 2109 ADRUMETANUS
2234 2030 2876 2111 EPISCOPUS.

1616 2268 2199 2340 PBOLEGOM
2216 2272 2274 2340 E
2290 2270 2429 2341 NA
2444 2320 2463 2342 .
3472 2314 3505 2321 κ

1876 2404 2165 2420 ι*

1691 2466 1963 2522 ΝΟΤΙΤΙΑ
2006 2468 2024 2538 (
2062 2481 2127 2521 ex
2169 2467 2311 2523 Cave
2345 2470 2384 2537 ).

465 2583 785 2649 Primasius,
816 2591 976 2653 gente
1015 2580 1158 2649 Afer,
1192 2579 1467 2635 Adruineti
1513 2578 1661 2635 urbis
1699 2593 1818 2649 qua:
1864 2578 1970 2633 Ju-
2000 2582 2047 2641 B
2074 2586 2272 2644 ctores,
2303 2579 2527 2649 placita,
2561 2595 2739 2637 mores
2769 2580 3004 2637 breviter
3042 2592 3308 2638 recensi-t.
3354 2582 3666 2641 Secundam

388 2677 762 2747 stiuianopolis
800 2675 962 2729 etiam
982 2671 1133 2727 dicta
1166 2679 1277 2736 est,
1306 2671 1358 2725 in
1389 2669 1659 2740 provincia
1692 2670 1969 2739 Byzacena

386 2772 696 2840 episcopus,
728 2779 865 2821 unus
893 2780 960 2819 ex
991 2764 1054 2818 iis
1084 2763 1174 2833 qui
1204 2763 1271 2816 ad
1302 2777 1389 2817 res
1421 2760 1675 2816 Ecclesia:
1706 2760 1973 2815 Africana:

391 2860 756 2931 procurandas
798 2855 1320 2924 Constantinopolim
1366 2853 1506 2908 circa
1547 2868 1637 2907 an.
1669 2853 1776 2909 550
1822 2852 1971 2907 missi

385 2962 513 3009 sunt
539 2970 551 3004 :
583 2951 676 3006 ubi
704 2962 845 3003 anno
874 2955 1135 3017 sequente
1165 2944 1535 3014 episcoporum
1578 2942 1861 2999 conventui
1893 2943 1974 2997 in-

390 3042 598 3108 terfuit,
640 3055 748 3110 quo
792 3038 1011 3108 Vigilius
1032 3034 1601 3093 excommunicationis
1647 3033 1970 3088 sententiam

389 3135 445 3189 in
475 3133 816 3188 Theodorum
856 3131 1275 3193 Caesariensem,
1308 3126 1701 3195 Acephalorum
1742 3126 1968 3189 ducem,

387 3224 748 3295 intorquebat.
793 3223 948 3277 Anno
971 3221 1097 3283 553,
1130 3221 1325 3288 saepius
1366 3219 1489 3274 licet
1523 3218 1834 3285 advocatus,
1878 3232 1970 3288 sy-

387 3316 533 3371 nodo
556 3312 906 3371 tecumenicae
935 3311 1197 3366 interesse
1226 3308 1423 3371 noluit;
1457 3306 1549 3361 sed
1582 3320 1684 3360 una
1707 3319 1829 3360 cum
1853 3306 1972 3362 aliis

387 3403 707 3473 subscripsit
766 3401 945 3472 Vigilii
1005 3401 1300 3458 constituto
1368 3412 1466 3468 pro
1532 3396 1701 3451 tribus
1776 3395 1969 3466 capiti-

388 3498 523 3561 hus,
572 3496 713 3565 quod
764 3504 1006 3565 tempore
1058 3490 1251 3564 synodi
1308 3504 1445 3561 papa
1507 3489 1817 3558 imperatori
1867 3488 1967 3543 ob-

387 3588 525 3642 tulit.

1028 3652 1335 3712 S’ZRIPTA.

457 3767 832 3824 Commentaria
860 3770 912 3823 in
946 3768 1201 3840 Epistolas
1230 3768 1293 3825 S.
1319 3766 1495 3833 Pauli,
1526 3782 1591 3823 ex
1635 3766 1964 3838 Hieronymi,

384 3861 692 3927 Ambrosii,
733 3860 1047 3931 Augustini,
1088 3859 1425 3929 aliorumque
1467 3867 1705 3915 veterum
1751 3858 1966 3928 scriptis

2076 2681 2281 2742 partem
2322 2672 2597 2727 constituit
2636 2672 2773 2728 liber
2799 2672 2868 2727 de
2897 2672 3380 2730 Praadestmatioue
3419 2676 3519 2731 sub
3548 2681 3663 2731 An-
3734 2669 3749 2678 ’

2075 2763 2274 2832 gustini
2306 2763 2518 2818 nomine
2549 2764 2677 2817 olim
2714 2763 2974 2819 conﬁctus
3001 2780 3015 2830 ;
3046 2764 3100 2817 in
3149 2766 3301 2819 tertia
3344 2775 3493 2834 parte
3534 2767 3664 2824 libri

2078 2852 2303 2924 hujusce
2355 2853 2733 2924 Augustiniani
2792 2853 3167 2909 refutationem
3223 2854 3474 2911 instituit.
3522 2857 3664 2923 Quis

2077 2943 2236 2999 fuerit
2262 2958 2419 2999 verus
2445 2943 2634 2998 borum
2665 2943 2923 2998 librorum
2953 2955 3147 3013 parens
3178 2944 3403 3000 eruditis
3429 2947 3567 3001 inter
3594 2964 3663 3003 se

2077 3037 2215 3092 haud
2238 3037 2370 3093 satis
2398 3040 2679 3105 convenit;
2706 3038 2992 3093 Hincmaro
3021 3039 3309 3095 Rhcmensi
3340 3040 3441 3095 sub
3464 3039 3663 3111 llygini

2076 3129 2288 3184 nomine
2322 3129 2579 3195 citantur;
2608 3144 2793 3184 errore
2823 3131 2953 3185 satis
2994 3130 3297 3196 manifesto,
3330 3146 3427 3186 nec
3469 3132 3660 3188 lmsan

2074 3218 2288 3273 aliuntle
2314 3227 2455 3286 orto,
2495 3233 2653 3288 quam
2681 3219 2826 3288 quod
2871 3218 2923 3273 in
2976 3218 3153 3274 indice
3192 3229 3468 3273 auctorum
3502 3223 3662 3289 operi

2073 3310 2292 3378 praefixo
2323 3308 2514 3380 Hygini
2545 3325 2739 3365 nomen
2768 3319 3061 3381 repererat.
3087 3310 3405 3367 Sirmondus
3429 3314 3498 3368 ob
3526 3317 3663 3383 styli

2072 3399 2567 3468 sententiarumque
2596 3398 2913 3455 affinitatem
2945 3403 3182 3457 Arnobio
3203 3401 3404 3472 juniori
3434 3403 3661 3471 adiudi-

2071 3489 2272 3544 candos
2298 3504 2417 3544 esse
2442 3490 2745 3559 suspicatus
2775 3501 2877 3546 est.
2916 3490 3096 3561 Nuper
3122 3492 3464 3549 Piccinardus
3499 3495 3661 3552 theo-

2074 3579 2224 3649 logus
2256 3581 2549 3635 Brixiensis
2585 3581 2920 3637 Vincentium
2963 3584 3247 3653 quemdam
3280 3585 3461 3640 nescio
3488 3602 3659 3656 quem

2070 3683 2344 3725 anetorem
2374 3673 2588 3737 statuit,
2618 3673 2767 3727 illum
2806 3688 3000 3742 nempe
3037 3674 3187 3744 cujus
3230 3674 3297 3729 16
3325 3677 3659 3746 objectioni-

2068 3761 2168 3816 bus
2194 3763 2415 3819 totidem
2461 3766 2840 3834 responsiones
2867 3769 3117 3837 opposuit
3157 3768 3388 3839 Prosper
3429 3771 3660 3841 Aquita-

2070 3871 2188 3910 nus.
2213 3855 2342 3922 Quis
2373 3871 2499 3912 tero
2536 3859 2607 3911 sit
2647 3859 2750 3914 iste
2789 3859 3124 3925 Vincentius,
3152 3876 3216 3914 an
3247 3860 3529 3933 presbyter
3558 3864 3659 3919 ille

384 3955 675 4009 maximam
725 3962 926 4023 partem
972 3951 1226 4008 delibata.
1272 3950 1433 4005 Multa
1472 3949 1669 4006 exinde
1707 3949 1762 4005 in
1809 3963 1961 4004 com-
1988 3958 2036 4021 ρ
2067 3948 2284 4002 natione
2326 3946 2511 4002 Gallus
2534 3950 2623 4018 qui
2651 3949 2702 4003 in
2734 3948 2975 4004 Psalmos
3013 3961 3401 4007 commentatus
3427 3963 3537 4019 est,
3582 3956 3658 4013 de

384 4047 642 4100 mentaria
671 4059 765 4099 sua
805 4044 1073 4099 transtulit
1098 4043 1343 4114 Haymo:
1376 4040 1517 4097 unde
1550 4040 1793 4097 nonnulli
1823 4040 1962 4095 allu-

384 4136 544 4190 cinati
578 4135 820 4191 Primasii
865 4136 1251 4191 commentaria
1300 4132 1559 4205 llaymoni
1603 4131 1787 4187 deberi
1832 4145 1964 4187 cen-

382 4239 624 4285 suerunt.
656 4229 977 4285 Prodlerunt
1002 4229 1226 4284 seorsim
1256 4228 1427 4282 Paris.
1454 4225 1617 4292 1545,
1647 4224 1817 4280 ενι-8ο.

453 4320 828 4375 Commentaria
851 4314 1077 4391 mystica:
1097 4316 1427 4386 expositionis
1449 4317 1502 4368 in
1528 4315 1873 4386 Apocalypsin
1895 4316 1963 4368 ad

384 4410 692 4476 Ccstorium,
724 4411 961 4479 quinque
990 4408 1140 4463 libris
1168 4407 1437 4461 distincta.
1466 4404 1789 4459 Prodierunt
1821 4419 1963 4459 seor.

382 4501 483 4551 sint
514 4497 674 4552 Basil.
705 4496 869 4562 154i,
893 4499 948 4551 in
976 4497 1061 4552 8°.

457 4592 693 4662 Utraque
733 4589 981 4646 Primasii
1026 4587 1415 4644 commentaria
1464 4586 1729 4642 h.bentur
1768 4600 1796 4639 a
1849 4591 1954 4642 ba-

381 4697 519 4750 pneo
547 4681 689 4737 edita
718 4680 958 4752 Lugduni
983 4678 1142 4745 1543,
1169 4688 1223 4733 et
1252 4677 1304 4732 in
1336 4677 1671 4734 Bibliotheca
1715 4678 1954 4745 Pati-um,

383 4786 513 4827 tom.
538 4772 605 4827 X.

456 4865 529 4919 De
558 4864 855 4921 eresibus
884 4864 999 4918 libri
1028 4874 1129 4918 tres
1164 4863 1232 4916 ad
1264 4859 1605 4916 Fortunatam
1634 4860 1921 4931 episcopum
1938 4901 1953 4926 ,

383 4958 438 5010 in
471 4956 667 5026 quibus
704 4956 966 5028 explicuit
1023 4953 1163 5025 quod
1203 4952 1332 5006 olim
1361 4950 1690 5021 Augustinus
1730 4952 1782 5004 in
1821 4950 1959 5004 liliro

381 5048 666 5102 llaere~eon
714 5045 1082 5115 imperfectum
1132 5044 1463 5114 reliquerat:
1498 5042 1549 5096 in
1603 5042 1775 5110 primo
1817 5040 1958 5096 libro

378 5130 673 5192 ostendens
717 5137 844 5206 quid
874 5138 1182 5193 hmreticum
1215 5134 1399 5199 iaciat,
1432 5134 1485 5187 in
1514 5131 1748 5187 secundo
1769 5140 1826 5186 et
1852 5139 1958 5186 ter-

376 5232 453 5283 tio
490 5206 614 5296 quid
662 5227 967 5282 liatreticum
1004 5227 1353 5283 demonstret.
1379 5223 1583 5279 lnteriit
1617 5222 1727 5292 jam
1753 5221 1952 5277 dudum

375 5334 513 5389 opus
539 5319 698 5374 istud.
1462 5316 1477 5343 ο
1677 5366 1685 5375 ο

449 5411 673 5469 Exstant
710 5407 871 5463 hodie
898 5407 1000 5461 sub
1040 5406 1403 5462 Prwdestinati
1441 5407 1657 5463 nomine
1697 5406 1857 5468 editi,
1889 5405 1955 5459 de

386 5501 699 5567 "crnibus,
729 5498 997 5570 praeipte
1039 5495 1542 5552 Prmdestinatorum
1575 5495 1801 5559 haeresi.
1832 5495 1953 5549 libri

375 5603 504 5648 tres.
534 5594 591 5648 ln
621 5594 790 5663 prima
821 5600 970 5662 parte
993 5589 1104 5660 agit
1128 5597 1335 5654 auctor,
1362 5588 1604 5658 quisquis
1634 5587 1817 5656 sit,de
1844 5587 1952 5641 ha:-

376 5687 583 5739 rcsihus
620 5687 1024 5755 quibuscunque
1066 5696 1294 5737 numero
1331 5680 1422 5746 90,
1465 5694 1495 5733 a
1534 5679 1753 5733 Simone
1782 5693 1949 5747 usque

375 5777 527 5847 Mago
552 5778 616 5831 ad
657 5778 883 5833 liacresin
925 5775 1487 5837 Prmdcstinatiauam,
1521 5788 1811 5843 carumque
1851 5789 1945 5826 au-

2069 4054 2175 4107 quo
2200 4038 2508 4095 Gennadius
2532 4055 2582 4096 c.
2607 4040 2699 4105 80,
2731 4055 2796 4095 an
2830 4043 3141 4099 Vincentius
3172 4044 3352 4099 Victor
3391 4046 3657 4105 adversus

2068 4143 2227 4198 quem
2256 4128 2324 4182 de
2364 4129 2581 4210 Origine
2621 4133 2814 4185 anima:
2856 4133 3072 4203 scripsit
3110 4134 3458 4203 Augu~tinus,
3508 4137 3655 4193 haud

2073 4223 2206 4275 satis
2228 4223 2407 4286 novit;
2437 4222 2765 4277 Lirinensem
2788 4225 2929 4278 enim
2963 4240 3184 4294 prorSus
3213 4227 3387 4295 rejirit
3412 4245 3425 4281 :
3455 4228 3655 4284 librum

2067 4312 2167 4364 sub
2205 4314 2489 4378 Augustini
2537 4315 2755 4369 nomine
2800 4316 3088 4370 confictum
3142 4317 3342 4372 Evodio
3372 4317 3656 4376 Uzzalensi

2068 4402 2283 4465 tribuit,
2330 4419 2488 4472 quem
2536 4404 2835 4473 suspicatur
2882 4406 3061 4461 libello
3106 4421 3206 4460 suo
3254 4406 3395 4461 hunc
3434 4409 3655 4463 titulum

2067 4497 2393 4566 pratﬁsisse,
2446 4497 2714 4568 Expositio
2766 4499 3013 4555 doctrinae
3058 4500 3363 4571 Augustini,
3416 4501 3654 4568 indeque

2065 4602 2162 4656 pro
2191 4587 2361 4656 ipsius
2392 4590 2671 4658 Augustini
2704 4587 2813 4644 fetu
2857 4589 3093 4644 habitum
3120 4605 3273 4655 esse;
3307 4606 3490 4645 verum
3525 4608 3653 4661 qua:

2063 4678 2132 4733 de
2162 4688 2269 4732 tota
2303 4680 2400 4733 hac
2443 4695 2501 4733 re
2550 4677 2708 4734 habet
2742 4679 3136 4744 Piccinardus,.
3161 4680 3296 4735 adeo
3341 4681 3564 4735 incertis
3589 4690 3653 4736 et

2066 4769 2271 4825 levibus
2305 4775 2545 4824 nituntur
2591 4769 2937 4839 coniecturis,
2971 4780 3029 4823 ut
3077 4784 3273 4837 paucos
3319 4770 3549 4824 fortasse
3593 4772 3651 4824 in

2061 4863 2381 4916 sententiam
2409 4876 2559 4916 suam
2593 4871 2951 4929 pertracturus
2971 4861 3058 4915 sit.
3090 4861 3269 4931 Longe
3308 4861 3499 4930 potiori
3524 4860 3653 4929 jure

2062 4954 2327 5009 tribuendi
2357 4952 2605 5007 videntur
2634 4951 2893 5007 Primasio
2921 4961 3123 5020 nostro,
3140 4953 3300 5021 idque
3323 4951 3426 5007 ﬁde
3445 4952 3649 5007 vetusti

2061 5047 2259 5101 codicis
2302 5061 2404 5100 rus.
2436 5055 2560 5099 ante
2605 5059 2774 5100 annos
2821 5048 3157 5115 octingentos
3194 5046 3439 5109 exarati,
3479 5060 3646 5115 quem

2063 5136 2116 5190 iu
2157 5132 2473 5190 bibliotheca
2514 5134 2768 5203 Augiensi
2813 5135 2943 5188 vidit
2986 5134 3055 5188 cl.
3089 5134 3430 5189 Mabillonius
3467 5133 3641 5203 (Itin.

2058 5222 2325 5288 German.,
2354 5243 2407 5293 p.
2441 5226 2541 5289 85;
2577 5225 2813 5278 Analect.
2846 5235 2969 5278 toni.
3015 5225 3129 5294 IV),
3174 5226 3227 5279 in
3271 5241 3379 5296 quo
3422 5239 3646 5295 compa-

1979 5325 2033 5385 Ῑ)
2059 5320 2164 5373 ruit
2190 5318 2275 5373 hic
2302 5317 2508 5382 titulus,
2540 5317 2775 5373 dilutiori
2805 5318 3020 5387 quidem
3047 5326 3348 5373 atramento
3374 5319 3633 5386 scriptus,

2058 5409 2152 5464 sed
2199 5410 2410 5479 antiqua
2460 5424 2654 5476 manu,
2704 5410 2847 5477 Opus
2867 5410 3029 5463 sancti
3079 5409 3342 5478 Primasii,
3392 5411 3643 5478 discipuli

2056 5500 2360 5570 Augustini,
2404 5500 2467 5553 de
2508 5498 2801 5554 Hmresibus
2841 5514 3054 5553 numero
3092 5498 3206 5553 XC.
3249 5498 3405 5553 Certe
3449 5506 3643 5553 auc-tor

2055 5606 2159 5645 non
2187 5605 2292 5645 uno
2319 5591 2371 5645 in
2403 5591 2522 5646 loCo
2549 5606 2609 5645 se
2637 5592 2824 5645 Afrum
2858 5606 2980 5648 esse
3006 5592 3230 5648 innuere
3258 5592 3498 5655 videtur;
3529 5593 3633 5647 sed

2058 5691 2114 5734 ut
2140 5681 2280 5749 quod
2310 5682 2557 5750 suspicor
2582 5681 2749 5737 libere
2776 5681 3041 5751 proferam
3061 5724 3075 5745 .
3100 5684 3340 5753 quisquis
3370 5682 3507 5736 hanc
3533 5696 3640 5735 no-

2054 5772 2218 5845 tuum
2266 5771 2437 5828 codici
2484 5773 2736 5842 Augiensi
2765 5774 3031 5844 apposuit,
3082 5774 3263 5831 forsan
3313 5774 3637 5830 allucinatus
