3968 6166
325 271 425 324 ‘09

1685 275 2203 331 PROLEGOMENA.

3464 279 3573 332 [ο

319 377 420 425 su,
463 373 514 417 et
552 379 671 419 eum
704 367 841 435 apud
886 367 1143 421 lsitlnrum
1192 367 1391 435 legerat
1422 367 1733 420 Prituasium
1781 378 1888 420 tres
1922 374 1966 428 Α
1997 376 2197 419 etoretn
2243 367 2508 420 hominem
2556 367 2716 421 fuisse
2765 366 3101 435 Pelagianum
3147 369 3451 431 C'ntentlit,
3489 371 3566 422 ei-

319 456 387 507 tle
426 456 722 511 llzcresiltus
759 459 920 511 libros
963 459 1262 524 scripsisse,
1297 457 1500 524 hosque
1544 466 1653 510 tres
1684 471 1888 526 anony-

317 564 434 599 tnos
478 560 786 615 repererat,
829 565 948 603 mox
985 550 1226 602 Pritnasii
1260 564 1452 602 nomen
1501 547 1708 601 ind-dit.
1739 548 1888 602 Adde

313 641 456 707 quod
487 657 605 695 cum
638 653 826 696 auctor
868 654 1049 696 noSter
1091 643 1289 696 nullam
1338 643 1446 694 fere
1493 642 1736 693 htcresim
1782 639 1883 692 Ne-

313 731 551 784 SIoriana
594 733 944 786 recentiorem
979 732 1320 796 memoravit,
1368 732 1654 784 Primasius
1685 741 1759 782 tot
1789 746 1886 783 ex-

310 823 437 876 inde
462 835 611 878 natas
634 834 685 878 et
708 825 982 877 damnatas
1012 820 1242 877 haereses
1269 822 1404 875 haud
1429 823 1723 876 omissurus
1749 831 1881 873 erat.

305 911 414 964 Sed
445 921 609 966 totam
646 914 781 968 hanc
825 930 934 968 rem
967 914 1187 968 eruditis
1214 913 1602 966 discutiendam
1634 911 1885 980 relinqui-

305 1018 446 1056 mus.
496 1003 706 1057 Primus
737 1005 832 1057 hos
863 1005 1028 1058 libros
1057 1019 1121 1058 ex
1148 1005 1412 1056 llincmari
1446 1004 1762 1056 llhemensis
1794 1018 1884 1057 co-

306 1092 426 1144 dice
455 1094 651 1146 exmlit
681 1094 786 1148 lac.
812 1095 1124 1148 Sirmondus
1153 1095 1318 1148 Paris.
1352 1094 1511 1159 16l5,
1543 1093 1710 1162 iit-8';
1743 1109 1883 1146 anno

299 1186 548 1248 sequenti
591 1199 768 1238 acrem
797 1187 925 1238 satis
956 1185 1116 1240 totius
1155 1186 1333 1253 operis
1362 1201 1641 1238 censuram
1684 1185 1884 1239 Gallice

298 1274 476 1326 edidit
506 1274 661 1328 .loan.
703 1275 941 1329 Awrarus
971 1277 1246 1345 theologus
1273 1275 1620 1336 Sorbonicus,
1653 1290 1756 1344 qua
1788 1290 1882 1328 au-

368 1491 837 1548 Christianissimo
903 1507 966 1548 ac
1030 1494 1366 1563 pientissimo
1423 1494 1714 1551 Galliarum
1773 1495 1884 1565 regi

299 1584 599 1640 Francisco
637 1585 656 1639 l
702 1585 934 1642 Joannes
972 1585 1238 1656 Gagneius
1286 1587 1561 1642 Parisinus
1605 1587 1886 1656 theologus

297 1679 533 1730 salutem
568 1677 619 1730 in
649 1677 885 1731 Christo.

1994 471 2094 519 que
2123 473 2352 518 errores,
2387 458 2642 521 lia-reses,
2673 457 2972 520 mendacia,
3006 458 3229 522 fabulas,
3265 458 3566 525 fmdamque

1994 548 2342 616 ignorantiam
2375 550 2587 618 objicit;
2620 565 2740 602 mox
2773 564 2906 616 opus
2931 551 2981 600 in
3017 550 3290 601 llollandia
3318 565 3561 603 recnsnm

1990 640 2371 694 Atttstelodami
2393 686 2405 705 ,
2439 642 2487 694 ni
2520 642 2693 706 fallor,
2728 640 2887 704 1M5,
2916 638 3075 703 iit-8',
3107 639 3190 692 cui
3225 641 3416 691 Awrmi
3441 655 3563 691 cen-

1989 743 2165 782 suram
2200 731 2382 784 Latine
2410 746 2616 784 versam
2657 729 2884 796 subjecit
2927 729 3098 782 editor
3136 743 3274 780 anno
3321 730 3477 788 1677,
3513 732 3562 782 iu

1991 821 2314 875 Bibliotheca
2350 825 2559 876 Patrum
2585 823 2945 891 Lugdunensi,
2968 833 3098 873 tom.
3131 820 3348 886 XXVII,
3390 823 3559 873 locum

1989 913 2208 967 invenit.
2268 915 2488 968 Demum
2541 914 2874 982 Seraphinus
2934 911 3274 966 Piccinardns
3326 926 3394 965 ex
3441 913 3559 964 ord.

1990 1005 2238 1066 Pratdic.,
2274 1007 2322 1056 in
2353 1006 2623 1057 academia
2650 1005 2895 1056 Patavina
2927 1002 3227 1070 theologus,
3254 1002 3444 1054 additis
3474 1017 3566 1054 va-
3645 987 3650 991 ’

1987 1095 2081 1147 riis
2127 1094 2194 1148 de
2240 1104 2493 1157 auctore,
2541 1111 2734 1162 opere,
2781 1104 2993 1162 totaque
3041 1080 3402 1147 controversia
3448 1094 3562 1145 dis-

1987 1187 2385 1252 sertationibus,
2431 1186 2606 1240 denuo
2637 1187 2686 1238 in
2730 1187 2900 1239 lucem
2933 1185 3151 1253 protulit
3175 1178 3356 1237 Patav.
3395 1182 3550 1248 1656,

1987 1278 2156 1332 ἱη-ιο.

1989 1496 2297 1560 Cimmeriis,
2322 1496 2718 1565 interpolandas
2747 1497 3314 1566 reconcinnandasque
3345 1512 3405 1550 ac
3443 1508 3561 1552 tan-

1987 1602 2144 1656 quam
2176 1586 2352 1641 denuo
2386 1587 2721 1657 relingendas
2763 1587 2999 1641 animum
3036 1587 3145 1656 jam
3185 1587 3390 1655 pridem
3425 1604 3554 1641 eon-

1988 1678 2246 1732 vertisses
2269 1678 2433 1746 (quod
2451 1693 2550 1748 ego
2573 1679 2621 1730 in
2647 1679 2909 1747 prmcipua
2940 1680 3150 1733 laudum
3180 1689 3384 1732 tuarum
3410 1690 3558 1747 parte

365 1767 476 1832 Qui
523 1768 688 1822 bonas
718 1767 923 1822 litteras
971 1782 1034 1822 ac
1071 1766 1384 1836 disciplinas
1407 1809 1420 1832 ,
1451 1778 1651 1838 quanto
1681 1767 1882 1834 aliquot
1915 1761 1961 1820 Β
1987 1768 2164 1835 duco),
2193 1782 2296 1819 non
2331 1779 2432 1820 tute
2462 1767 2621 1820 modo
2651 1767 2952 1831 :etatis,sed
2983 1768 3208 1836 posteris
3238 1768 3395 1821 etiam
3423 1785 3552 1824 con-

297 1857 539 1913 antehac
580 1858 793 1913 saeculis
847 1858 901 1913 in
947 1859 1224 1928 squalore,
1273 1875 1538 1930 quamque
1590 1859 1885 1915 foedissimo

297 1949 403 2004 situ
457 1949 728 2018 jacuerint
773 1960 1106 2020 compertum
1158 1951 1425 2016 habuerit,
1479 1951 1763 2005 Francisce
1794 1967 1884 2006 rex

296 2039 764 2094 tlhristianissime
791 2079 806 2104 ,
856 2039 1140 2095 confestim
1183 2041 1481 2110 intelliget,
1517 2056 1621 2095 non
1656 2041 1883 2095 humana

295 2146 421 2198 ope,
459 2131 557 2186 sed
590 2132 838 2201 prmsenti
867 2131 1047 2202 aliquo
1082 2134 1299 2186 numine
1329 2133 1598 2199 effectum,
1635 2143 1692 2186 ut
1725 2135 1776 2186 in
1811 2135 1884 2188 is-

296 2231 404 2274 tum
440 2223 658 2277 tandem
709 2211 1048 2292 splendorem
1092 2239 1155 2278 ac
1185 2225 1414 2279 nitorem
1454 2240 1484 2278 e
1514 2234 1618 2278 tam
1654 2225 1887 2278 horridis

297 2313 548 2368 tenebris
594 2315 824 2369 existere
876 2316 1214 2385 emicareque
1279 2318 1569 2385 potuerint.
1621 2317 1884 2371 Diluvium

296 2407 445 2460 enim
487 2407 616 2461 illud
645 2407 909 2462 barbarici
940 2409 1333 2472 calamitosum,
1361 2409 1474 2462 sive
1502 2409 1774 2462 hominum
1807 2410 1886 2462 in-

295 2500 481 2563 cu=ia,
511 2515 610 2555 seu
652 2511 950 2569 temporum
985 2501 1178 2568 injuria
1209 2501 1512 2567 obvenerit,
1547 2515 1650 2555 non
1684 2502 1886 2555 litteras

299 2591 475 2645 modo
503 2592 646 2650 ipsas
675 2592 930 2646 meliores
957 2606 1017 2646 ac
1043 2591 1351 2660 disciplinas
1389 2591 1730 2660 absorpserat
1748 2633 1762 2656 ,
1792 2593 1886 2647 sed

298 2696 366 2735 ne
390 2695 506 2751 qua
543 2682 650 2737 illis
690 2682 978 2750 aliquando
1000 2683 1308 2752 emergendi
1338 2698 1460 2752 spes
1496 2693 1658 2751 esset,
1693 2684 1761 2736 ita
1795 2684 1888 2740 bo-

296 2787 395 2825 nos
454 2785 648 2826 omnes
697 2773 861 2828 libros
900 2773 1157 2828 bonarum
1199 2774 1492 2828 litterarum
1525 2782 1772 2841 parentes
1813 2773 1886 2827 fe-

295 2861 668 2916 cundissimos
697 2863 918 2916 obrutos
969 2864 1182 2917 tenebat
1207 2877 1269 2916 ac
1307 2864 1582 2932 sepulos,
1630 2873 1687 2917 ut
1723 2865 1767 2918 si
1797 2866 1885 2934 qui

295 2950 580 3005 lunatiore
630 2952 846 3020 ingenio
872 2961 1032 3022 atque
1055 2953 1119 3006 ad
1145 2953 1348 3008 litteras
1379 2954 1619 3022 apprime
1649 2965 1773 3009 nato
1802 2970 1889 3010 as-

297 3042 488 3105 pirare
517 3041 582 3095 ad
613 3056 705 3096 eas
735 3044 1144 3107 contenderent,
1176 3043 1436 3098 librorum
1464 3047 1641 3099 statim
1666 3047 1884 3113 penuria

1987 1858 2183 1909 sultum
2214 1858 2422 1923 volens,
2466 1857 2606 1910 unde
2639 1858 2874 1910 locorum
2903 1873 3112 1926 cunque
3152 1857 3320 1910 bonos
3366 1874 3554 1912 omnes

1988 1945 2150 2000 libros
2173 1945 2488 2016 investigare
2510 1947 2746 2016 sategisti
2772 1949 2820 2000 in
2844 1947 3172 2014 exemplaria
3191 1949 3418 2018 (nequid
3450 1950 3561 2003 illis

1987 2033 2240 2104 deesset)
2300 2036 2696 2089 transferendos
2757 2029 3056 2090 innumera.
3102 2036 3314 2090 Memini
3375 2039 3560 2104 enim,

1986 2140 2106 2179 cum
2139 2125 2382 2181 Primasii
2419 2127 2686 2181 Uticensis
2717 2129 2769 2181 in
2801 2130 2979 2181 Africa
3008 2129 3244 2196 episcojti
3290 2145 3563 2184 commen—

1989 2218 2153 2270 tarios
2183 2228 2238 2271 ut
2267 2219 2670 2286 antiquissimos
2692 2259 2709 2284 ,
2752 2220 2820 2272 ita
2849 2219 3196 2273 doctissimos
3217 2261 3231 2285 ,
3261 2236 3291 2274 e
3323 2222 3559 2275 tenebris

1989 2307 2092 2360 illis
2140 2307 2249 2379 (ubi
2293 2309 2429 2377 apud
2471 2309 2651 2362 divum
2691 2308 3082 2363 Theudericum
3131 2309 3444 2364 Viennensis
3475 2326 3562 2364 ar-

1988 2398 2314 2466 chiepisc0pi
2347 2400 2610 2453 coloniam
2659 2414 2832 2452 annos
2879 2413 3042 2467 supra
3084 2398 3232 2454 mille
3272 2401 3559 2471 latuerant)

1987 2500 2222 2542 assertos
2254 2492 2534 2544 tutesemel
2575 2492 2839 2560 majestati
2883 2493 3021 2546 inter
3069 2491 3437 2560 prandendum
3467 2509 3559 2547 ex-

1991 2579 2240 2647 plicarem
2287 2579 2448 2650 (sicut
2488 2581 2688 2635 nullam
2725 2597 2888 2650 prope
2921 2597 3158 2635 mensam
3197 2583 3348 2636 docta
3381 2582 3559 2652 aliqua

1989 2672 2052 2724 ac
2091 2670 2170 2738 pia
2215 2671 2298 2723 vel
2341 2671 2568 2725 lectione
2606 2672 2686 2725 vel
2727 2672 3115 2741 disceptatione
3153 2687 3341 2726 vacare
3381 2673 3558 2742 sinis),

1990 2771 2231 2839 memini,
2259 2773 2700 2840 inquam,qnanta
2728 2781 2834 2825 tum
2863 2773 2998 2832 illos,
3022 2772 3162 2825 Deus
3184 2771 3551 2840 bone,grat'a,

1988 2884 2255 2940 quamque
2280 2872 2611 2941 gratatunda
2651 2871 2825 2926 fronte
2856 2888 3167 2942 exceperts,
3197 2874 3351 2927 simul
3382 2883 3436 2928 et
3464 2875 3558 2928 ad-

1987 2961 2330 3027 mirabunda,
2369 2963 2622 3014 hactenus
2652 2962 2930 3016 delituisse
2960 2971 3105 3015 tanta
3137 2963 3284 3031 regni
3314 2963 3558 3017 litterarii

1988 3053 2231 3120 jactura,
2276 3052 2556 3106 thesauros
2597 3065 2699 3106 tam
2745 3068 2891 3106 raros
2935 3064 3094 3123 atque
3133 3055 3417 3123 pretiosos.
3465 3055 3562 3108 llic

293 3133 754 3188 excluderentur.
782 3134 944 3203 Cujus
966 3149 1065 3204 ego
1091 3142 1265 3189 tamen
1297 3136 1580 3190 alluvionis
1622 3144 1727 3190 tam
1759 3153 1883 3205 per-
1912 3127 1957 3186 Ο
1990 3162 2088 3216 ego
2114 3147 2510 3200 sanctissimum
2544 3157 2688 3198 tuum
2716 3146 3037 3212 institutum,
3069 3162 3131 3201 ac
3163 3147 3320 3216 plane
3358 3149 3557 3218 regiam

299 3224 532 3276 niciosm
561 3223 851 3292 principem
881 3238 1096 3277 causam
1133 3238 1252 3279 esse
1277 3236 1424 3294 puto,
1453 3227 1592 3295 quod
1621 3229 1700 3281 sui
1731 3227 1887 3281 dees—

295 3323 421 3367 sent
455 3329 519 3366 ea
548 3323 705 3368 tetate
737 3315 928 3369 litteris
950 3330 1012 3368 ac
1038 3315 1338 3385 disciplinis
1359 3326 1658 3393 assertores
1683 3333 1746 3371 ac
1773 3319 1888 3372 vin-

294 3405 451 3458 dn-es
487 3403 754 3472 principes
798 3421 811 3458 :
855 3405 990 3460 adeo
1026 3407 1154 3461 nihil
1190 3417 1295 3460 tam
1340 3421 1522 3462 verum
1555 3423 1712 3478 quam
1745 3411 1885 3478 quod

295 3495 383 3548 ille
414 3494 653 3562 cecinit,

420 3609 544 3658 Siut
570 3609 889 3673 Mectenates,
916 3624 1006 3659 non
1031 3612 1264 3676 deerunt,
1293 3612 1483 3679 Flacce,
1511 3614 1751 3665 Marones.

299 3710 466 3766 llunc
512 3713 826 3783 ignorantiae
870 3713 1127 3780 nimbum,
1175 3715 1309 3769 hanc
1336 3717 1400 3769 ad
1432 3725 1516 3770 tua
1557 3733 1724 3786 usque
1754 3729 1886 3771 tem-

298 3820 431 3874 pora
471 3807 523 3858 in
550 3805 740 3860 Galliis
764 3807 1070 3861 illuvionem
1100 3823 1366 3874 manasse,
1401 3809 1705 3874 Francisce,
1749 3811 1888 3865 litte-

303 3913 493 3951 rarum
539 3896 734 3951 vindex
777 3912 839 3952 ac
870 3909 1114 3967 patrone,
1148 3914 1305 3955 nemo
1336 3901 1544 3965 nescit,
1589 3903 1674 3970 qui
1709 3902 1889 3970 aliquo

302 3998 386 4041 cst
425 3991 482 4041 in
535 3989 821 4042 censendis
873 3990 1228 4044 litteratorum
1277 3993 1618 4044 monimentis
1663 3992 1883 4060 judicio.

304 4081 518 4150 Nempe
550 4091 606 4135 ut
649 4082 901 4137 Bndzeum
943 4083 1238 4138 litterarum
1269 4086 1432 4140 decus
1459 4088 1695 4151 unicum,
1730 4098 1887 4156 atque

303 4176 512 4239 aiiquot
547 4190 741 4243 paucos
773 4176 1063 4244 inferioris,
1099 4193 1194 4231 nec
1220 4179 1539 4247 ptenitentla:
1565 4188 1741 4234 tamen
1764 4197 1886 4234 eru-

306 4267 533 4320 ditionis
565 4268 708 4321 viros
738 4268 976 4322 anterior
1007 4279 1134 4322 mtas
1180 4271 1382 4335 tulerit,
1412 4255 1556 4327 certe
1586 4281 1636 4326 te
1668 4283 1884 4328 auctore

309 4359 566 4411 meliores
587 4373 645 4411 se
671 4373 733 4412 ac
773 4359 1040 4415 doctiores
1100 4362 1291 4430 seipsis
1323 4362 1561 4428 effectos,
1612 4364 1751 4417 ultro
1783 4365 1880 4432 ipsi

309 4451 612 4504 fateantur.
645 4449 827 4519 Neque
857 4467 982 4506 vero
1004 4452 1194 4507 attinet
1220 4453 1420 4518 dicere,
1453 4463 1580 4521 quot
1609 4456 1760 4508 nobis
1791 4457 1883 4508 tri-
1919 4490 1968 4547 D

309 4543 470 4609 plicis
497 4541 693 4608 linguae
723 4539 999 4594 doctorum
1048 4541 1320 4594 hominum
1364 4543 1630 4610 myriadas
1680 4545 1886 4611 peperit

308 4635 510 4685 ardens
534 4641 681 4684 tuum
713 4632 838 4685 illud
867 4633 1191 4701 propagandi
1222 4633 1530 4702 philologia:
1562 4635 1769 4702 imperii
1794 4636 1888 4688 tle-

305 4723 596 4784 siderium,
629 4737 691 4776 ex
717 4738 823 4792 quo
855 4724 1009 4775 trium
1046 4725 1338 4791 linguarum
1371 4725 1701 4792 professores
1734 4725 1886 4778 binos

310 4823 569 4868 ternosve
596 4815 737 4882 regia
791 4815 876 4868 illa
909 4825 996 4868 tua
1023 4816 1308 4870 Parisiensi
1337 4817 1536 4869 schola».
1567 4816 1882 4870 munificen-

309 4909 375 4958 tia
411 4905 777 4974 suppeditavit
809 4921 824 4960 :
859 4922 979 4960 cum
1008 4907 1118 4975 jam
1155 4907 1313 4960 ltolie
1353 4906 1560 4962 facilius
1587 4908 1752 4961 multo
1799 4919 1882 4962 at-

305 5016 414 5066 que
445 4998 749 5068 elegantius
789 5000 973 5054 Gtazce
1019 5003 1165 5066 pueri
1213 5002 1531 5070 loquantur,
1572 5017 1726 5070 quam
1759 5002 1882 5054 olim

303 5089 500 5143 Latine
524 5104 684 5143 senes
714 5105 818 5144 non
843 5090 1062 5144 indocti.
1093 5091 1257 5145 l’orrn
1281 5107 1607 5160 nequaquam
1637 5093 1886 5146 sufﬁcere

301 5194 459 5233 ratus
506 5196 627 5234 cum
659 5182 974 5236 decessione
1004 5183 1172 5235 a'rarii
1207 5182 1280 5235 tui
1310 5182 1675 5235 accessionem
1709 5181 1884 5250 philo-

305 5272 468 5337 logia:
514 5270 737 5339 imperio
786 5270 1000 5334 facere,
1047 5273 1396 5339 undecunque
1439 5271 1712 5325 accersitis
1740 5311 1754 5336 ,
1799 5272 1886 5340 qui

298 5363 417 5432 jngi
468 5363 644 5417 studio
666 5404 680 5426 ,
717 5364 1000 5431 laboreque
1038 5363 1305 5417 indefesso
1339 5374 1445 5414 tum
1478 5379 1505 5415 a
1537 5364 1884 5416 btrbarorum

305 5451 712 5506 incursionibus
742 5453 886 5507 illius
918 5453 1112 5506 limites
1134 5460 1447 5515 assererem,
1465 5462 1574 5504 tttm
1591 5451 1889 5515 etiampro-

308 5541 600 5596 tendereut
627 5543 855 5613 longius,
890 5544 1176 5612 adjnnxisti
1207 5543 1422 5611 insuper
1446 5556 1557 5595 rem
1589 5542 1754 5594 multo
1781 5541 1889 5594 'uti-

305 5635 594 5689 lissimam.
635 5635 766 5690 Nam
799 5653 919 5691 cutn
952 5637 1018 5689 ad
1047 5651 1230 5701 omnes
1277 5637 1496 5689 omnino
1535 5634 1849 5702 disciplinas
1870 5675 1886 5699 ,

306 5739 364 5779 et
412 5736 534 5781 vero
585 5729 812 5783 maxime
859 5742 1037 5782 sacras
1082 5728 1314 5783 tenebris
1363 5727 1562 5782 offusa:
1606 5727 1882 5796 plusquam

1989 3246 2311 3309 voluntatem
2344 3245 2697 3313 qualicunque
2745 3261 2860 3298 tuea
2893 3260 3051 3313 opera
3083 3246 3382 3311 adjuturos,
3433 3261 3554 3299 cutu

1989 3337 2227 3393 dicetem
2257 3337 2497 3406 ejusdem
2543 3347 2593 3391 te
2623 3339 2866 3392 matcriei
2897 3338 3059 3392 silvas
3090 3339 3286 3394 habere
3316 3339 3368 3392 in
3398 3355 3562 3406 regno

1994 3438 2085 3482 luo
2139 3430 2598 3499 quamplurimas,
2639 3431 2734 3484 sed
2774 3431 3119 3484 barbararum
3153 3431 3356 3499 aliquot
3387 3432 3559 3484 natio-

1991 3518 2379 3575 nnm'cus'odia
2406 3521 2728 3587 inaccessas,
2759 3523 3019 3577 ob-tinatc
3047 3523 3293 3577 librarias
3314 3537 3437 3576 snas
3468 3540 3560 3578 oc-

1993 3613 2332 3669 cludentibus
2373 3614 2658 3670 ctenobitis
2696 3615 2917 3684 aliquot,
2964 3615 3278 3684 illarnmque
3319 3631 3561 3682 ingressu

1991 3705 2091 3759 sibi
2132 3722 2195 3761 ac
2226 3707 2435 3760 cmtcris
2465 3717 2714 3773 tanquam
2764 3707 2937 3761 Vesta:
2979 3706 3151 3776 adytis
3196 3706 3562 3760 interdicenti-

1991 3797 2123 3849 bus:
2154 3805 2206 3850 te
2236 3797 2414 3850 statim
2444 3797 2573 3851 tnihi
2606 3801 2742 3850 viam
2773 3797 3034 3850 facturum
3066 3795 3341 3864 pollicitus
3368 3812 3446 3861 es,
3477 3798 3561 3852 vel

1975 3887 2035 3938 'si
2062 3887 2223 3958 (quod
2249 3887 2314 3940 de
2339 3887 2509 3941 hortis
2535 3887 2887 3954 Hesperidum
2913 3885 3236 3955 fabulantur)
3265 3887 3559 3938 drat-onum

1997 3977 2266 4042 vigilantia
2298 3977 2719 4032 observatentur
2746 3977 2858 4047 jugi
2888 3992 2949 4030 ac
2979 3986 3252 4044 perpetua.
3282 3976 3444 4044 llujns
3465 3991 3566 4046 ego

1994 4078 2100 4120 tam
2133 4070 2362 4135 egregiae
2401 4068 2704 4136 Sponsionis
2733 4076 2835 4120 tua:
2880 4079 3104 4134 accepto
3157 4067 3208 4120 in
3261 4066 3449 4134 pignus
3487 4067 3566 4116 tli-

1993 4161 2227 4228 plomate
2269 4160 2518 4229 publico,
2553 4175 2658 4228 quo
2699 4163 2979 4214 universas
3027 4159 3154 4213 mihi
3196 4172 3376 4226 patere
3417 4156 3563 4224 regni

1994 4251 2066 4303 tui
2096 4251 2341 4305 librarias
2366 4250 2609 4319 julteres,
2655 4263 2816 4318 atque
2857 4250 2981 4304 inde
3009 4257 3268 4318 quotquot
3297 4263 3328 4301 e
3357 4264 3411 4300 re
3444 4248 3566 4314 phi-

1994 4342 2207 4409 lologiae
2241 4342 2554 4396 viderentur
2587 4343 2938 4406 monimenta,
2963 4339 3297 4394 describendi
3331 4349 3564 4406 potesta-

1995 4444 2098 4485 tem
2131 4433 2356 4499 faceres,
2380 4435 2517 4502 cmpi
2548 4435 2786 4488 omnium
2819 4433 3183 4488 cmnobiorum
3220 4446 3338 4500 qua:
3369 4431 3468 4484 iter
3511 4432 3562 4482 in

1993 4526 2246 4578 comitatu
2273 4535 2360 4578 tuo
2392 4524 2601 4579 facienti
2633 4533 3000 4587 occurrerunt,
3033 4521 3276 4576 librarias
3309 4534 3558 4573 verrere:

1995 4616 2133 4668 unde
2162 4630 2280 4668 cum
2313 4623 2524 4669 rentum
2578 4630 2745 4685 prope
2777 4629 2882 4669 non
2925 4613 3198 4668 inferioris
3243 4621 3381 4664 nota:
3412 4612 3564 4662 volu-

1994 4709 2136 4760 mina
2173 4730 2198 4758 ι·
2235 4708 2470 4762 tenebris
2512 4709 2891 4772 vindicassem,
2926 4707 2978 4760 ni
3013 4715 3098 4758 tua
3141 4703 3352 4756 tandem
3381 4712 3569 4753 aucto-

1994 4813 2019 4852 r
2043 4808 2122 4852 tas
2146 4800 2557 4860 intercessisset,
2582 4797 2850 4866 perpetuis
2879 4795 3008 4858 illis,
3035 4794 3237 4847 facinus
3265 4805 3412 4845 conc-
3438 4789 3559 4856 pisti

1993 4892 2136 4943 nulla
2171 4906 2400 4957 unquam
2455 4890 2731 4943 hominum
2774 4886 3026 4941 memoria
3057 4882 3304 4941 delebile,
3335 4895 3571 4948 vereque

1999 4984 2148 5048 regio
2195 4992 2355 5048 atpte
2397 4981 2626 5034 humano
2683 4979 2920 5046 principe
2969 4973 3337 5041 dignissimum
3389 4989 3404 5026 :
3456 4986 3565 5040 quo

1997 5080 2336 5135 Ptoletnmum
2365 5081 2508 5132 illum
2532 5077 2933 5161 Philadelphum
2948 5073 3319 5142 Egyptiorum
3350 5087 3560 5141 regem,

1997 5196 2100 5233 non
2130 5181 2350 5248 aequasti
2403 5179 2561 5233 modo
2589 5218 2604 5242 ,
2639 5177 2728 5232 sed
2771 5176 2953 5230 multis
2991 5177 3210 5228 omnino
3256 5175 3565 5243 parasangis

1996 5270 2329 5324 antevertisti
2359 5287 2371 5324 :
2404 5271 2510 5324 imo
2552 5270 2593 5322 si
2627 5271 2872 5336 proxime
2904 5283 3086 5322 verum
3120 5267 3262 5335 loqui
3289 5264 3558 5324 volumus,

1996 5361 2113 5426 ejus
2154 5359 2308 5424 plane
2363 5359 2650 5412 luminibus
2701 5358 3059 5421 ObSll‘llXiali,
3105 5372 3166 5408 ac
3205 5357 3390 5425 gloria:
3430 5352 3563 5407 uttlli

1996 5469 2105 5505 non
2139 5462 2402 5515 veterum,
2434 5460 2490 5503 ut
2523 5451 2649 5504 mihi
2697 5455 2909 5520 quidem
2941 5451 3187 5511 videtur,
3217 5463 3375 5515 supra
3405 5461 3565 5514 quam

1992 5560 2086 5614 par
2119 5555 2255 5609 erat,
2284 5544 2692 5599 cuminendatte.
2729 5545 3048 5598 Ptolemteus
3078 5542 3219 5593 enim
3249 5539 3374 5592 dum
3420 5537 3562 5592 unde

1985 5639 2238 5691 locorum
2286 5652 2495 5705 cunque
2524 5635 2763 5704 qum-itis
2794 5633 3149 5687 voluminibus
3192 5631 3454 5699 insignem
3493 5643 3559 5684 ac

1990 5731 2301 5797 sumendam
2335 5731 2601 5785 librariam
2633 5727 2872 5798 Congerit
2901 5729 3041 5800 (quae
3065 5733 3268 5807 tantqm
3304 5724 3375 5778 illi
3409 5722 3548 5790 apud
