  <div class='ocr_page' id='page_1' title='image "/cluster/home/n/w/nwhite01/storage/ocr_20150623/68/hvd.32044054758719/213.png"; bbox 0 0 3904 6176; ppageno 0'>
   <div class='ocr_carea' id='block_1_1' title="bbox 505 383 600 436">
    <p class='ocr_par' dir='ltr' id='par_1_1' title="bbox 505 383 600 436">
     <span class='ocr_line' id='line_1_1' title="bbox 505 383 600 436; baseline 0 -1"><span class='ocrx_word' id='word_1_1' title='bbox 505 383 600 436; x_wconf 68' lang='lat' dir='ltr'><strong>(li</strong></span> 
     </span>
    </p>
   </div>
   <div class='ocr_carea' id='block_1_2' title="bbox 1600 371 2757 439">
    <p class='ocr_par' dir='ltr' id='par_1_2' title="bbox 1600 371 2757 439">
     <span class='ocr_line' id='line_1_2' title="bbox 1600 371 2757 439; baseline -0.002 -2"><span class='ocrx_word' id='word_1_2' title='bbox 1600 377 1955 438; x_wconf 63' lang='lat' dir='ltr'><strong>PRIMKSIUS</strong></span> <span class='ocrx_word' id='word_1_3' title='bbox 1993 371 2505 436; x_wconf 60' lang='lat' dir='ltr'><strong>ADRUMETASUS</strong></span> <span class='ocrx_word' id='word_1_4' title='bbox 2548 380 2757 439; x_wconf 81' lang='lat' dir='ltr'><strong>EPlSC.</strong></span> 
     </span>
    </p>
   </div>
   <div class='ocr_carea' id='block_1_3' title="bbox 3638 396 3729 449">
    <p class='ocr_par' dir='ltr' id='par_1_3' title="bbox 3638 396 3729 449">
     <span class='ocr_line' id='line_1_3' title="bbox 3638 396 3729 449; baseline 0.044 -4"><span class='ocrx_word' id='word_1_5' title='bbox 3638 396 3729 449; x_wconf 71' lang='lat' dir='ltr'><strong>H2</strong></span> 
     </span>
    </p>
   </div>
   <div class='ocr_carea' id='block_1_4' title="bbox 502 489 3729 571">
    <p class='ocr_par' dir='ltr' id='par_1_4' title="bbox 502 489 3729 571">
     <span class='ocr_line' id='line_1_4' title="bbox 502 489 3729 571; baseline 0.004 -24"><span class='ocrx_word' id='word_1_6' title='bbox 502 512 594 552; x_wconf 79' lang='lat' dir='ltr'><strong>nnt</strong></span> <span class='ocrx_word' id='word_1_7' title='bbox 618 514 748 567; x_wconf 85' lang='lat' dir='ltr'><strong>quos</strong></span> <span class='ocrx_word' id='word_1_8' title='bbox 780 499 987 570; x_wconf 71' lang='lat' dir='ltr'><strong>peperit</strong></span> <span class='ocrx_word' id='word_1_9' title='bbox 1027 489 1330 571; x_wconf 82' lang='lat' dir='ltr'><strong>nominis),</strong></span> <span class='ocrx_word' id='word_1_10' title='bbox 1371 500 1618 570; x_wconf 78' lang='lat' dir='ltr'><strong>quidnam</strong></span> <span class='ocrx_word' id='word_1_11' title='bbox 1672 500 1872 568; x_wconf 67' lang='lat' dir='ltr'><strong>judicio</strong></span> <span class='ocrx_word' id='word_1_12' title='bbox 1904 498 2075 554; x_wconf 88' lang='lat' dir='ltr'><strong>cuivis</strong></span> <span class='ocrx_word' id='word_1_13' title='bbox 2105 497 2149 554; x_wconf 78' lang='grc' dir='ltr'>Α</span> <span class='ocrx_word' id='word_1_14' title='bbox 2181 494 2443 550; x_wconf 77' lang='lat' dir='ltr'><strong>scientem</strong></span> <span class='ocrx_word' id='word_1_15' title='bbox 2467 537 2482 558; x_wconf 95' lang='lat'><strong>,</strong></span> <span class='ocrx_word' id='word_1_16' title='bbox 2514 496 2605 550; x_wconf 83' lang='lat' dir='ltr'><strong>sed</strong></span> <span class='ocrx_word' id='word_1_17' title='bbox 2628 538 2643 561; x_wconf 94' lang='lat'><strong>,</strong></span> <span class='ocrx_word' id='word_1_18' title='bbox 2690 498 2737 552; x_wconf 69' lang='lat' dir='ltr'><strong>si</strong></span> <span class='ocrx_word' id='word_1_19' title='bbox 2786 511 2972 553; x_wconf 88' lang='lat' dir='ltr'><strong>verum</strong></span> <span class='ocrx_word' id='word_1_20' title='bbox 3003 513 3264 571; x_wconf 85' lang='lat' dir='ltr'><strong>auguror,</strong></span> <span class='ocrx_word' id='word_1_21' title='bbox 3297 502 3388 557; x_wconf 82' lang='lat' dir='ltr'><strong>tibi</strong></span> <span class='ocrx_word' id='word_1_22' title='bbox 3415 502 3630 558; x_wconf 86' lang='lat' dir='ltr'><strong>futuram</strong></span> <span class='ocrx_word' id='word_1_23' title='bbox 3670 511 3729 560; x_wconf 87' lang='lat' dir='ltr'><strong>ob</strong></span> 
     </span>
    </p>
   </div>
   <div class='ocr_carea' id='block_1_5' title="bbox 503 591 2073 661">
    <p class='ocr_par' dir='ltr' id='par_1_5' title="bbox 503 591 2073 661">
     <span class='ocr_line' id='line_1_5' title="bbox 503 591 2073 661; baseline 0 -17"><span class='ocrx_word' id='word_1_24' title='bbox 503 610 608 646; x_wconf 84' lang='lat' dir='ltr'><strong>non</strong></span> <span class='ocrx_word' id='word_1_25' title='bbox 642 602 971 661; x_wconf 68' lang='lat' dir='ltr'><strong>praepostero</strong></span> <span class='ocrx_word' id='word_1_26' title='bbox 1009 591 1060 646; x_wconf 90' lang='lat' dir='ltr'><strong>in</strong></span> <span class='ocrx_word' id='word_1_27' title='bbox 1108 592 1372 659; x_wconf 86' lang='lat' dir='ltr'><strong>publicum</strong></span> <span class='ocrx_word' id='word_1_28' title='bbox 1421 593 1748 660; x_wconf 75' lang='lat' dir='ltr'><strong>promovisse</strong></span> <span class='ocrx_word' id='word_1_29' title='bbox 1782 592 1949 646; x_wconf 87' lang='lat' dir='ltr'><strong>videri</strong></span> <span class='ocrx_word' id='word_1_30' title='bbox 1983 606 2073 657; x_wconf 82' lang='lat' dir='ltr'><strong>po-</strong></span> 
     </span>
    </p>
   </div>
   <div class='ocr_carea' id='block_1_6' title="bbox 504 682 2075 751">
    <p class='ocr_par' dir='ltr' id='par_1_6' title="bbox 504 682 2075 751">
     <span class='ocr_line' id='line_1_6' title="bbox 504 682 2075 751; baseline 0.003 -20"><span class='ocrx_word' id='word_1_31' title='bbox 504 691 631 746; x_wconf 72' lang='lat' dir='ltr'><strong>test,</strong></span> <span class='ocrx_word' id='word_1_32' title='bbox 657 683 760 737; x_wconf 83' lang='lat' dir='ltr'><strong>nisi</strong></span> <span class='ocrx_word' id='word_1_33' title='bbox 784 682 922 750; x_wconf 87' lang='lat' dir='ltr'><strong>quod</strong></span> <span class='ocrx_word' id='word_1_34' title='bbox 946 697 1158 751; x_wconf 68' lang='lat' dir='ltr'><strong>sparsos</strong></span> <span class='ocrx_word' id='word_1_35' title='bbox 1184 698 1249 751; x_wconf 89' lang='lat' dir='ltr'><strong>pa</strong></span> <span class='ocrx_word' id='word_1_36' title='bbox 1281 683 1383 736; x_wconf 89' lang='lat' dir='ltr'><strong>sim</strong></span> <span class='ocrx_word' id='word_1_37' title='bbox 1408 684 1578 737; x_wconf 90' lang='lat' dir='ltr'><strong>bonos</strong></span> <span class='ocrx_word' id='word_1_38' title='bbox 1608 698 1669 735; x_wconf 89' lang='lat' dir='ltr'><strong>ac</strong></span> <span class='ocrx_word' id='word_1_39' title='bbox 1696 684 1880 736; x_wconf 89' lang='lat' dir='ltr'><strong>doctos</strong></span> <span class='ocrx_word' id='word_1_40' title='bbox 1911 682 2075 736; x_wconf 86' lang='lat' dir='ltr'><strong>libros</strong></span> 
     </span>
    </p>
   </div>
   <div class='ocr_carea' id='block_1_7' title="bbox 503 774 2072 843">
    <p class='ocr_par' dir='ltr' id='par_1_7' title="bbox 503 774 2072 843">
     <span class='ocr_line' id='line_1_7' title="bbox 503 774 2072 843; baseline 0 -16"><span class='ocrx_word' id='word_1_41' title='bbox 503 775 555 828; x_wconf 88' lang='lat' dir='ltr'><strong>in</strong></span> <span class='ocrx_word' id='word_1_42' title='bbox 586 789 744 829; x_wconf 90' lang='lat' dir='ltr'><strong>unam</strong></span> <span class='ocrx_word' id='word_1_43' title='bbox 776 775 940 829; x_wconf 86' lang='lat' dir='ltr'><strong>semel</strong></span> <span class='ocrx_word' id='word_1_44' title='bbox 987 775 1162 843; x_wconf 80' lang='lat' dir='ltr'><strong>coegit</strong></span> <span class='ocrx_word' id='word_1_45' title='bbox 1203 776 1577 830; x_wconf 52' lang='lat' dir='ltr'><strong>bibliothecam</strong></span> <span class='ocrx_word' id='word_1_46' title='bbox 1628 775 1855 828; x_wconf 85' lang='lat' dir='ltr'><strong>flammis</strong></span> <span class='ocrx_word' id='word_1_47' title='bbox 1907 774 2072 828; x_wconf 88' lang='lat' dir='ltr'><strong>devo-</strong></span> 
     </span>
    </p>
   </div>
   <div class='ocr_carea' id='block_1_8' title="bbox 504 864 2076 935">
    <p class='ocr_par' dir='ltr' id='par_1_8' title="bbox 504 864 2076 935">
     <span class='ocr_line' id='line_1_8' title="bbox 504 864 2076 935; baseline 0 -18"><span class='ocrx_word' id='word_1_48' title='bbox 504 864 748 919; x_wconf 79' lang='lat' dir='ltr'><strong>randos?</strong></span> <span class='ocrx_word' id='word_1_49' title='bbox 776 864 926 931; x_wconf 84' lang='lat' dir='ltr'><strong>Quod</strong></span> <span class='ocrx_word' id='word_1_50' title='bbox 957 880 1057 935; x_wconf 84' lang='lat' dir='ltr'><strong>ego</strong></span> <span class='ocrx_word' id='word_1_51' title='bbox 1083 880 1211 919; x_wconf 92' lang='lat' dir='ltr'><strong>sane</strong></span> <span class='ocrx_word' id='word_1_52' title='bbox 1254 866 1398 920; x_wconf 90' lang='lat' dir='ltr'><strong>credi</strong></span> <span class='ocrx_word' id='word_1_53' title='bbox 1439 866 1662 931; x_wconf 84' lang='lat' dir='ltr'><strong>nollem,</strong></span> <span class='ocrx_word' id='word_1_54' title='bbox 1706 866 1807 919; x_wconf 86' lang='lat' dir='ltr'><strong>nisi</strong></span> <span class='ocrx_word' id='word_1_55' title='bbox 1840 865 2076 919; x_wconf 85' lang='lat' dir='ltr'><strong>veritatis</strong></span> 
     </span>
    </p>
   </div>
   <div class='ocr_carea' id='block_1_9' title="bbox 504 956 2072 1026">
    <p class='ocr_par' dir='ltr' id='par_1_9' title="bbox 504 956 2072 1026">
     <span class='ocr_line' id='line_1_9' title="bbox 504 956 2072 1026; baseline -0.001 -18"><span class='ocrx_word' id='word_1_56' title='bbox 504 956 761 1025; x_wconf 79' lang='lat' dir='ltr'><strong>magister</strong></span> <span class='ocrx_word' id='word_1_57' title='bbox 807 968 1015 1026; x_wconf 85' lang='lat' dir='ltr'><strong>tempus</strong></span> <span class='ocrx_word' id='word_1_58' title='bbox 1047 956 1204 1011; x_wconf 88' lang='lat' dir='ltr'><strong>fidem</strong></span> <span class='ocrx_word' id='word_1_59' title='bbox 1255 957 1450 1010; x_wconf 86' lang='lat' dir='ltr'><strong>faceret</strong></span> <span class='ocrx_word' id='word_1_60' title='bbox 1490 958 1674 1026; x_wconf 80' lang='lat' dir='ltr'><strong>(alque</strong></span> <span class='ocrx_word' id='word_1_61' title='bbox 1726 958 1924 1010; x_wconf 86' lang='lat' dir='ltr'><strong>utinam</strong></span> <span class='ocrx_word' id='word_1_62' title='bbox 1969 970 2072 1009; x_wconf 86' lang='lat' dir='ltr'><strong>non</strong></span> 
     </span>
    </p>
   </div>
   <div class='ocr_carea' id='block_1_10' title="bbox 505 1046 2073 1117">
    <p class='ocr_par' dir='ltr' id='par_1_10' title="bbox 505 1046 2073 1117">
     <span class='ocr_line' id='line_1_10' title="bbox 505 1046 2073 1117; baseline 0.001 -19"><span class='ocrx_word' id='word_1_63' title='bbox 505 1046 731 1117; x_wconf 78' lang='lat' dir='ltr'><strong>laceret)</strong></span> <span class='ocrx_word' id='word_1_64' title='bbox 762 1056 869 1101; x_wconf 89' lang='lat' dir='ltr'><strong>tam</strong></span> <span class='ocrx_word' id='word_1_65' title='bbox 899 1047 1122 1102; x_wconf 81' lang='lat' dir='ltr'><strong>infelicis</strong></span> <span class='ocrx_word' id='word_1_66' title='bbox 1149 1048 1327 1102; x_wconf 89' lang='lat' dir='ltr'><strong>eventi</strong></span> <span class='ocrx_word' id='word_1_67' title='bbox 1360 1049 1735 1102; x_wconf 76' lang='lat' dir='ltr'><strong>certissimam.</strong></span> <span class='ocrx_word' id='word_1_68' title='bbox 1765 1047 1901 1114; x_wconf 88' lang='lat' dir='ltr'><strong>Quot</strong></span> <span class='ocrx_word' id='word_1_69' title='bbox 1933 1063 1997 1099; x_wconf 90' lang='lat' dir='ltr'><strong>en</strong></span> <span class='ocrx_word' id='word_1_70' title='bbox 2024 1063 2073 1099; x_wconf 88' lang='lat' dir='ltr'><strong>tn</strong></span> 
     </span>
    </p>
   </div>
   <div class='ocr_carea' id='block_1_11' title="bbox 508 1136 2072 1207">
    <p class='ocr_par' dir='ltr' id='par_1_11' title="bbox 508 1136 2072 1207">
     <span class='ocr_line' id='line_1_11' title="bbox 508 1136 2072 1207; baseline -0.001 -17"><span class='ocrx_word' id='word_1_71' title='bbox 508 1136 688 1203; x_wconf 63' lang='lat' dir='ltr'><strong>hodie,</strong></span> <span class='ocrx_word' id='word_1_72' title='bbox 734 1137 981 1203; x_wconf 81' lang='lat' dir='ltr'><strong>obsecro,</strong></span> <span class='ocrx_word' id='word_1_73' title='bbox 1017 1148 1278 1207; x_wconf 85' lang='lat' dir='ltr'><strong>superant</strong></span> <span class='ocrx_word' id='word_1_74' title='bbox 1316 1153 1347 1193; x_wconf 90' lang='lat' dir='ltr'><strong>e</strong></span> <span class='ocrx_word' id='word_1_75' title='bbox 1383 1146 1455 1192; x_wconf 84' lang='lat' dir='ltr'><strong>tot</strong></span> <span class='ocrx_word' id='word_1_76' title='bbox 1498 1137 1757 1191; x_wconf 81' lang='lat' dir='ltr'><strong>librorum</strong></span> <span class='ocrx_word' id='word_1_77' title='bbox 1799 1137 2034 1192; x_wconf 86' lang='lat' dir='ltr'><strong>millibus</strong></span> <span class='ocrx_word' id='word_1_78' title='bbox 2057 1178 2072 1201; x_wconf 92' lang='lat'><strong>,</strong></span> 
     </span>
    </p>
   </div>
   <div class='ocr_carea' id='block_1_12' title="bbox 503 1227 2076 1298">
    <p class='ocr_par' dir='ltr' id='par_1_12' title="bbox 503 1227 2076 1298">
     <span class='ocr_line' id='line_1_12' title="bbox 503 1227 2076 1298; baseline -0.003 -15"><span class='ocrx_word' id='word_1_79' title='bbox 503 1244 622 1297; x_wconf 65' lang='lat' dir='ltr'><strong>qua:</strong></span> <span class='ocrx_word' id='word_1_80' title='bbox 650 1244 753 1283; x_wconf 86' lang='lat' dir='ltr'><strong>una</strong></span> <span class='ocrx_word' id='word_1_81' title='bbox 782 1228 950 1284; x_wconf 91' lang='lat' dir='ltr'><strong>semel</strong></span> <span class='ocrx_word' id='word_1_82' title='bbox 980 1229 1095 1283; x_wconf 84' lang='lat' dir='ltr'><strong>lues</strong></span> <span class='ocrx_word' id='word_1_83' title='bbox 1123 1228 1334 1298; x_wconf 88' lang='lat' dir='ltr'><strong>publico</strong></span> <span class='ocrx_word' id='word_1_84' title='bbox 1373 1229 1612 1283; x_wconf 82' lang='lat' dir='ltr'><strong>om;.ium</strong></span> <span class='ocrx_word' id='word_1_85' title='bbox 1644 1228 1785 1282; x_wconf 90' lang='lat' dir='ltr'><strong>malo</strong></span> <span class='ocrx_word' id='word_1_86' title='bbox 1813 1227 2076 1281; x_wconf 76' lang='lat' dir='ltr'><strong>abstulit?</strong></span> 
     </span>
    </p>
   </div>
   <div class='ocr_carea' id='block_1_13' title="bbox 503 1319 2073 1388">
    <p class='ocr_par' dir='ltr' id='par_1_13' title="bbox 503 1319 2073 1388">
     <span class='ocr_line' id='line_1_13' title="bbox 503 1319 2073 1388; baseline 0.001 -17"><span class='ocrx_word' id='word_1_87' title='bbox 503 1320 654 1384; x_wconf 89' lang='lat' dir='ltr'><strong>Quod</strong></span> <span class='ocrx_word' id='word_1_88' title='bbox 682 1321 725 1372; x_wconf 91' lang='lat' dir='ltr'><strong>si</strong></span> <span class='ocrx_word' id='word_1_89' title='bbox 757 1334 870 1374; x_wconf 66' lang='lat' dir='ltr'><strong>rem</strong></span> <span class='ocrx_word' id='word_1_90' title='bbox 893 1320 1189 1388; x_wconf 86' lang='lat' dir='ltr'><strong>aliquorum</strong></span> <span class='ocrx_word' id='word_1_91' title='bbox 1215 1321 1468 1388; x_wconf 90' lang='lat' dir='ltr'><strong>opinione</strong></span> <span class='ocrx_word' id='word_1_92' title='bbox 1493 1321 1710 1375; x_wconf 76' lang='lat' dir='ltr'><strong>molitus</strong></span> <span class='ocrx_word' id='word_1_93' title='bbox 1732 1320 1821 1373; x_wconf 90' lang='lat' dir='ltr'><strong>ille</strong></span> <span class='ocrx_word' id='word_1_94' title='bbox 1847 1333 1968 1374; x_wconf 88' lang='lat' dir='ltr'><strong>esse</strong></span> <span class='ocrx_word' id='word_1_95' title='bbox 1994 1319 2073 1372; x_wconf 86' lang='lat' dir='ltr'><strong>vi-</strong></span> 
     </span>
    </p>
   </div>
   <div class='ocr_carea' id='block_1_14' title="bbox 504 1411 2074 1482">
    <p class='ocr_par' dir='ltr' id='par_1_14' title="bbox 504 1411 2074 1482">
     <span class='ocr_line' id='line_1_14' title="bbox 504 1411 2074 1482; baseline 0 -18"><span class='ocrx_word' id='word_1_96' title='bbox 504 1411 720 1467; x_wconf 88' lang='lat' dir='ltr'><strong>debitur</strong></span> <span class='ocrx_word' id='word_1_97' title='bbox 742 1428 846 1467; x_wconf 92' lang='lat' dir='ltr'><strong>non</strong></span> <span class='ocrx_word' id='word_1_98' title='bbox 876 1414 1096 1479; x_wconf 90' lang='lat' dir='ltr'><strong>malam,</strong></span> <span class='ocrx_word' id='word_1_99' title='bbox 1129 1428 1357 1482; x_wconf 81' lang='lat' dir='ltr'><strong>eamque</strong></span> <span class='ocrx_word' id='word_1_100' title='bbox 1389 1428 1492 1466; x_wconf 92' lang='lat' dir='ltr'><strong>non</strong></span> <span class='ocrx_word' id='word_1_101' title='bbox 1525 1413 1741 1467; x_wconf 79' lang='lat' dir='ltr'><strong>siniStre</strong></span> <span class='ocrx_word' id='word_1_102' title='bbox 1765 1421 2074 1480; x_wconf 73' lang='lat' dir='ltr'><strong>conceptam</strong></span> 
     </span>
    </p>
   </div>
   <div class='ocr_carea' id='block_1_15' title="bbox 501 1503 2075 1574">
    <p class='ocr_par' dir='ltr' id='par_1_15' title="bbox 501 1503 2075 1574">
     <span class='ocr_line' id='line_1_15' title="bbox 501 1503 2075 1574; baseline 0 -18"><span class='ocrx_word' id='word_1_103' title='bbox 501 1503 796 1557; x_wconf 83' lang='lat' dir='ltr'><strong>obscurare</strong></span> <span class='ocrx_word' id='word_1_104' title='bbox 838 1505 1023 1573; x_wconf 57' lang='lat' dir='ltr'><strong>petiuit</strong></span> <span class='ocrx_word' id='word_1_105' title='bbox 1071 1514 1296 1560; x_wconf 85' lang='lat' dir='ltr'><strong>eventus</strong></span> <span class='ocrx_word' id='word_1_106' title='bbox 1351 1520 1448 1559; x_wconf 92' lang='lat' dir='ltr'><strong>nec</strong></span> <span class='ocrx_word' id='word_1_107' title='bbox 1494 1506 1744 1574; x_wconf 69' lang='lat' dir='ltr'><strong>epit-atus</strong></span> <span class='ocrx_word' id='word_1_108' title='bbox 1799 1504 1974 1569; x_wconf 90' lang='lat' dir='ltr'><strong>hunc,</strong></span> <span class='ocrx_word' id='word_1_109' title='bbox 2020 1512 2075 1557; x_wconf 88' lang='lat' dir='ltr'><strong>tu</strong></span> 
     </span>
    </p>
   </div>
   <div class='ocr_carea' id='block_1_16' title="bbox 503 1590 2075 1667">
    <p class='ocr_par' dir='ltr' id='par_1_16' title="bbox 503 1590 2075 1667">
     <span class='ocr_line' id='line_1_16' title="bbox 503 1590 2075 1667; baseline 0.002 -21"><span class='ocrx_word' id='word_1_110' title='bbox 503 1590 808 1656; x_wconf 81' lang='lat' dir='ltr'><strong>Fraucisee,</strong></span> <span class='ocrx_word' id='word_1_111' title='bbox 843 1594 1142 1651; x_wconf 85' lang='lat' dir='ltr'><strong>litterarum</strong></span> <span class='ocrx_word' id='word_1_112' title='bbox 1185 1596 1447 1653; x_wconf 76' lang='lat' dir='ltr'><strong>Ilectenas</strong></span> <span class='ocrx_word' id='word_1_113' title='bbox 1487 1613 1549 1653; x_wconf 88' lang='lat' dir='ltr'><strong>ac</strong></span> <span class='ocrx_word' id='word_1_114' title='bbox 1590 1608 1849 1667; x_wconf 88' lang='lat' dir='ltr'><strong>patrone,</strong></span> <span class='ocrx_word' id='word_1_115' title='bbox 1880 1597 1981 1651; x_wconf 88' lang='lat' dir='ltr'><strong>hac</strong></span> <span class='ocrx_word' id='word_1_116' title='bbox 2022 1595 2075 1649; x_wconf 93' lang='lat' dir='ltr'><strong>in</strong></span> 
     </span>
    </p>
   </div>
   <div class='ocr_carea' id='block_1_17' title="bbox 504 1684 2076 1757">
    <p class='ocr_par' dir='ltr' id='par_1_17' title="bbox 504 1684 2076 1757">
     <span class='ocr_line' id='line_1_17' title="bbox 504 1684 2076 1757; baseline 0.002 -22"><span class='ocrx_word' id='word_1_117' title='bbox 504 1693 675 1753; x_wconf 87' lang='lat' dir='ltr'><strong>parte.</strong></span> <span class='ocrx_word' id='word_1_118' title='bbox 701 1699 767 1738; x_wconf 90' lang='lat' dir='ltr'><strong>ne</strong></span> <span class='ocrx_word' id='word_1_119' title='bbox 792 1684 916 1754; x_wconf 89' lang='lat' dir='ltr'><strong>quid</strong></span> <span class='ocrx_word' id='word_1_120' title='bbox 938 1686 1164 1755; x_wconf 79' lang='lat' dir='ltr'><strong>amplius</strong></span> <span class='ocrx_word' id='word_1_121' title='bbox 1189 1684 1382 1753; x_wconf 89' lang='lat' dir='ltr'><strong>dicam,</strong></span> <span class='ocrx_word' id='word_1_122' title='bbox 1413 1703 1559 1757; x_wconf 66' lang='lat' dir='ltr'><strong>requa</strong></span> <span class='ocrx_word' id='word_1_123' title='bbox 1576 1729 1590 1753; x_wconf 92' lang='lat'><strong>,</strong></span> <span class='ocrx_word' id='word_1_124' title='bbox 1607 1700 1714 1741; x_wconf 90' lang='lat' dir='ltr'><strong>tum</strong></span> <span class='ocrx_word' id='word_1_125' title='bbox 1736 1684 2076 1756; x_wconf 88' lang='lat' dir='ltr'><strong>prudentiore</strong></span> 
     </span>
    </p>
   </div>
   <div class='ocr_carea' id='block_1_18' title="bbox 503 1771 2072 1847">
    <p class='ocr_par' dir='ltr' id='par_1_18' title="bbox 503 1771 2072 1847">
     <span class='ocr_line' id='line_1_18' title="bbox 503 1771 2072 1847; baseline 0 -20"><span class='ocrx_word' id='word_1_126' title='bbox 503 1771 726 1828; x_wconf 84' lang='lat' dir='ltr'><strong>consilio</strong></span> <span class='ocrx_word' id='word_1_127' title='bbox 752 1775 1016 1843; x_wconf 59' lang='lat' dir='ltr'><strong>superasti</strong></span> <span class='ocrx_word' id='word_1_128' title='bbox 1048 1776 1211 1830; x_wconf 84' lang='lat' dir='ltr'><strong>multo</strong></span> <span class='ocrx_word' id='word_1_129' title='bbox 1242 1792 1304 1831; x_wconf 90' lang='lat' dir='ltr'><strong>ac</strong></span> <span class='ocrx_word' id='word_1_130' title='bbox 1336 1775 1747 1847; x_wconf 83' lang='lat' dir='ltr'><strong>providentiore.</strong></span> <span class='ocrx_word' id='word_1_131' title='bbox 1777 1776 1891 1830; x_wconf 84' lang='lat' dir='ltr'><strong>Non</strong></span> <span class='ocrx_word' id='word_1_132' title='bbox 1928 1776 2072 1828; x_wconf 90' lang='lat' dir='ltr'><strong>enim</strong></span> 
     </span>
    </p>
   </div>
   <div class='ocr_carea' id='block_1_19' title="bbox 2178 588 3728 664">
    <p class='ocr_par' dir='ltr' id='par_1_19' title="bbox 2178 588 3728 664">
     <span class='ocr_line' id='line_1_19' title="bbox 2178 588 3728 664; baseline 0.006 -24"><span class='ocrx_word' id='word_1_133' title='bbox 2178 588 2475 655; x_wconf 70' lang='lat' dir='ltr'><strong>argumenti</strong></span> <span class='ocrx_word' id='word_1_134' title='bbox 2505 588 2815 657; x_wconf 89' lang='lat' dir='ltr'><strong>dignitatem</strong></span> <span class='ocrx_word' id='word_1_135' title='bbox 2859 591 3180 648; x_wconf 75' lang='lat' dir='ltr'><strong>sanetissiini</strong></span> <span class='ocrx_word' id='word_1_136' title='bbox 3212 602 3265 649; x_wconf 91' lang='lat' dir='ltr'><strong>et</strong></span> <span class='ocrx_word' id='word_1_137' title='bbox 3300 596 3593 664; x_wconf 81' lang='lat' dir='ltr'><strong>graviss&#39;mi</strong></span> <span class='ocrx_word' id='word_1_138' title='bbox 3639 614 3728 650; x_wconf 86' lang='lat' dir='ltr'><strong>non</strong></span> 
     </span>
    </p>
   </div>
   <div class='ocr_carea' id='block_1_20' title="bbox 2178 676 3730 746">
    <p class='ocr_par' dir='ltr' id='par_1_20' title="bbox 2178 676 3730 746">
     <span class='ocr_line' id='line_1_20' title="bbox 2178 676 3730 746; baseline 0.006 -17"><span class='ocrx_word' id='word_1_139' title='bbox 2178 676 2460 745; x_wconf 75' lang='lat' dir='ltr'><strong>ingratam.</strong></span> <span class='ocrx_word' id='word_1_140' title='bbox 2511 679 2641 731; x_wconf 82' lang='lat' dir='ltr'><strong>Nam</strong></span> <span class='ocrx_word' id='word_1_141' title='bbox 2696 680 2923 746; x_wconf 78' lang='lat' dir='ltr'><strong>ingenue</strong></span> <span class='ocrx_word' id='word_1_142' title='bbox 2996 680 3167 735; x_wconf 81' lang='lat' dir='ltr'><strong>fateor</strong></span> <span class='ocrx_word' id='word_1_143' title='bbox 3217 683 3416 738; x_wconf 91' lang='lat' dir='ltr'><strong>nullum</strong></span> <span class='ocrx_word' id='word_1_144' title='bbox 3463 701 3547 739; x_wconf 89' lang='lat' dir='ltr'><strong>me</strong></span> <span class='ocrx_word' id='word_1_145' title='bbox 3587 686 3634 739; x_wconf 92' lang='lat' dir='ltr'><strong>in</strong></span> <span class='ocrx_word' id='word_1_146' title='bbox 3673 702 3730 740; x_wconf 89' lang='lat' dir='ltr'><strong>eo</strong></span> 
     </span>
    </p>
   </div>
   <div class='ocr_carea' id='block_1_21' title="bbox 2176 769 3729 836">
    <p class='ocr_par' dir='ltr' id='par_1_21' title="bbox 2176 769 3729 836">
     <span class='ocr_line' id='line_1_21' title="bbox 2176 769 3729 836; baseline 0.006 -16"><span class='ocrx_word' id='word_1_147' title='bbox 2176 781 2339 836; x_wconf 69' lang='lat' dir='ltr'><strong>opere</strong></span> <span class='ocrx_word' id='word_1_148' title='bbox 2371 770 2637 823; x_wconf 68' lang='lat' dir='ltr'><strong>sermonis</strong></span> <span class='ocrx_word' id='word_1_149' title='bbox 2680 769 2959 824; x_wconf 80' lang='lat' dir='ltr'><strong>aﬂ‘ectasse</strong></span> <span class='ocrx_word' id='word_1_150' title='bbox 2993 773 3265 835; x_wconf 86' lang='lat' dir='ltr'><strong>nitorem,</strong></span> <span class='ocrx_word' id='word_1_151' title='bbox 3310 775 3631 829; x_wconf 77' lang='lat' dir='ltr'><strong>satisfactum</strong></span> <span class='ocrx_word' id='word_1_152' title='bbox 3676 776 3729 830; x_wconf 89' lang='lat' dir='ltr'><strong>iri</strong></span> 
     </span>
    </p>
   </div>
   <div class='ocr_carea' id='block_1_22' title="bbox 2180 858 3732 944">
    <p class='ocr_par' dir='ltr' id='par_1_22' title="bbox 2180 858 3732 944">
     <span class='ocr_line' id='line_1_22' title="bbox 2180 858 3732 944; baseline 0.006 -34"><span class='ocrx_word' id='word_1_153' title='bbox 2180 858 2445 925; x_wconf 65' lang='lat' dir='ltr'><strong>niajustati</strong></span> <span class='ocrx_word' id='word_1_154' title='bbox 2500 868 2600 910; x_wconf 64' lang='lat' dir='ltr'><strong>tum</strong></span> <span class='ocrx_word' id='word_1_155' title='bbox 2632 869 2777 913; x_wconf 89' lang='lat' dir='ltr'><strong>ratus</strong></span> <span class='ocrx_word' id='word_1_156' title='bbox 2807 864 3191 915; x_wconf 86' lang='lat' dir='ltr'><strong>sententiarum</strong></span> <span class='ocrx_word' id='word_1_157' title='bbox 3235 864 3469 932; x_wconf 85' lang='lat' dir='ltr'><strong>pondere</strong></span> <span class='ocrx_word' id='word_1_158' title='bbox 3514 866 3659 918; x_wconf 89' lang='lat' dir='ltr'><strong>simul</strong></span> <span class='ocrx_word' id='word_1_159' title='bbox 3685 877 3732 944; x_wconf 62' lang='lat' dir='ltr'><strong>9t</strong></span> 
     </span>
    </p>
   </div>
   <div class='ocr_carea' id='block_1_23' title="bbox 2176 950 3730 1023">
    <p class='ocr_par' dir='ltr' id='par_1_23' title="bbox 2176 950 3730 1023">
     <span class='ocr_line' id='line_1_23' title="bbox 2176 950 3730 1023; baseline 0.006 -23"><span class='ocrx_word' id='word_1_160' title='bbox 2176 950 2457 1016; x_wconf 76' lang='lat' dir='ltr'><strong>gravitate,</strong></span> <span class='ocrx_word' id='word_1_161' title='bbox 2485 964 2547 1003; x_wconf 85' lang='lat' dir='ltr'><strong>ac</strong></span> <span class='ocrx_word' id='word_1_162' title='bbox 2572 964 2667 1017; x_wconf 89' lang='lat' dir='ltr'><strong>pro</strong></span> <span class='ocrx_word' id='word_1_163' title='bbox 2689 961 2968 1019; x_wconf 79' lang='lat' dir='ltr'><strong>comperto</strong></span> <span class='ocrx_word' id='word_1_164' title='bbox 3001 954 3203 1009; x_wconf 80' lang='lat' dir='ltr'><strong>habens</strong></span> <span class='ocrx_word' id='word_1_165' title='bbox 3231 956 3426 1023; x_wconf 83' lang='lat' dir='ltr'><strong>regium</strong></span> <span class='ocrx_word' id='word_1_166' title='bbox 3457 956 3578 1008; x_wconf 91' lang='lat' dir='ltr'><strong>illud</strong></span> <span class='ocrx_word' id='word_1_167' title='bbox 3600 966 3730 1009; x_wconf 88' lang='lat' dir='ltr'><strong>tuum</strong></span> 
     </span>
    </p>
   </div>
   <div class='ocr_carea' id='block_1_24' title="bbox 2171 1038 3733 1107">
    <p class='ocr_par' dir='ltr' id='par_1_24' title="bbox 2171 1038 3733 1107">
     <span class='ocr_line' id='line_1_24' title="bbox 2171 1038 3733 1107; baseline 0.008 -19"><span class='ocrx_word' id='word_1_168' title='bbox 2171 1038 2265 1107; x_wconf 92' lang='lat' dir='ltr'><strong>jud</strong></span> <span class='ocrx_word' id='word_1_169' title='bbox 2291 1039 2453 1105; x_wconf 82' lang='lat' dir='ltr'><strong>ciunt,</strong></span> <span class='ocrx_word' id='word_1_170' title='bbox 2485 1048 2539 1092; x_wconf 90' lang='lat' dir='ltr'><strong>ut</strong></span> <span class='ocrx_word' id='word_1_171' title='bbox 2578 1055 2843 1095; x_wconf 87' lang='lat' dir='ltr'><strong>summum</strong></span> <span class='ocrx_word' id='word_1_172' title='bbox 2893 1050 3005 1106; x_wconf 87' lang='lat' dir='ltr'><strong>est,</strong></span> <span class='ocrx_word' id='word_1_173' title='bbox 3041 1043 3111 1094; x_wconf 85' lang='lat' dir='ltr'><strong>ita</strong></span> <span class='ocrx_word' id='word_1_174' title='bbox 3156 1045 3386 1095; x_wconf 83' lang='lat' dir='ltr'><strong>nonnisi</strong></span> <span class='ocrx_word' id='word_1_175' title='bbox 3432 1046 3643 1098; x_wconf 80' lang='lat' dir='ltr'><strong>summis</strong></span> <span class='ocrx_word' id='word_1_176' title='bbox 3686 1057 3733 1100; x_wconf 90' lang='lat' dir='ltr'><strong>et</strong></span> 
     </span>
    </p>
   </div>
   <div class='ocr_carea' id='block_1_25' title="bbox 2177 1129 3734 1203">
    <p class='ocr_par' dir='ltr' id='par_1_25' title="bbox 2177 1129 3734 1203">
     <span class='ocr_line' id='line_1_25' title="bbox 2177 1129 3734 1203; baseline 0.007 -24"><span class='ocrx_word' id='word_1_177' title='bbox 2177 1130 2354 1182; x_wconf 78' lang='lat' dir='ltr'><strong>arduis</strong></span> <span class='ocrx_word' id='word_1_178' title='bbox 2404 1129 2701 1196; x_wconf 84' lang='lat' dir='ltr'><strong>delectari,</strong></span> <span class='ocrx_word' id='word_1_179' title='bbox 2747 1130 2982 1197; x_wconf 81' lang='lat' dir='ltr'><strong>qualium</strong></span> <span class='ocrx_word' id='word_1_180' title='bbox 3028 1148 3128 1201; x_wconf 69' lang='lat' dir='ltr'><strong>ego</strong></span> <span class='ocrx_word' id='word_1_181' title='bbox 3166 1149 3342 1187; x_wconf 84' lang='lat' dir='ltr'><strong>rerum</strong></span> <span class='ocrx_word' id='word_1_182' title='bbox 3385 1135 3596 1203; x_wconf 84' lang='lat' dir='ltr'><strong>plenum</strong></span> <span class='ocrx_word' id='word_1_183' title='bbox 3627 1151 3734 1190; x_wconf 81' lang='lat' dir='ltr'><strong>esse</strong></span> 
     </span>
    </p>
   </div>
   <div class='ocr_carea' id='block_1_26' title="bbox 2176 1216 3733 1290">
    <p class='ocr_par' dir='ltr' id='par_1_26' title="bbox 2176 1216 3733 1290">
     <span class='ocr_line' id='line_1_26' title="bbox 2176 1216 3733 1290; baseline 0.004 -20"><span class='ocrx_word' id='word_1_184' title='bbox 2176 1216 2409 1270; x_wconf 80' lang='lat' dir='ltr'><strong>Sciebam</strong></span> <span class='ocrx_word' id='word_1_185' title='bbox 2445 1218 2763 1271; x_wconf 85' lang='lat' dir='ltr'><strong>Primasium</strong></span> <span class='ocrx_word' id='word_1_186' title='bbox 2813 1236 2828 1274; x_wconf 87' lang='lat'><strong>:</strong></span> <span class='ocrx_word' id='word_1_187' title='bbox 2869 1229 2922 1273; x_wconf 94' lang='lat' dir='ltr'><strong>tu</strong></span> <span class='ocrx_word' id='word_1_188' title='bbox 2952 1236 3164 1290; x_wconf 78' lang='lat' dir='ltr'><strong>quoque</strong></span> <span class='ocrx_word' id='word_1_189' title='bbox 3219 1236 3323 1275; x_wconf 78' lang='lat' dir='ltr'><strong>ttua</strong></span> <span class='ocrx_word' id='word_1_190' title='bbox 3369 1236 3415 1276; x_wconf 83' lang='lat' dir='ltr'><strong>et</strong></span> <span class='ocrx_word' id='word_1_191' title='bbox 3464 1225 3623 1277; x_wconf 91' lang='lat' dir='ltr'><strong>altera</strong></span> <span class='ocrx_word' id='word_1_192' title='bbox 3665 1225 3733 1277; x_wconf 89' lang='lat' dir='ltr'><strong>Ie-</strong></span> 
     </span>
    </p>
   </div>
   <div class='ocr_carea' id='block_1_27' title="bbox 2176 1307 3734 1375">
    <p class='ocr_par' dir='ltr' id='par_1_27' title="bbox 2176 1307 3734 1375">
     <span class='ocr_line' id='line_1_27' title="bbox 2176 1307 3734 1375; baseline 0.006 -15"><span class='ocrx_word' id='word_1_193' title='bbox 2176 1307 2350 1360; x_wconf 86' lang='lat' dir='ltr'><strong>Ctiotte</strong></span> <span class='ocrx_word' id='word_1_194' title='bbox 2383 1323 2485 1358; x_wconf 87' lang='lat' dir='ltr'><strong>non</strong></span> <span class='ocrx_word' id='word_1_195' title='bbox 2519 1307 2653 1361; x_wconf 82' lang='lat' dir='ltr'><strong>falso</strong></span> <span class='ocrx_word' id='word_1_196' title='bbox 2697 1322 3057 1375; x_wconf 73' lang='lat' dir='ltr'><strong>praesenseras</strong></span> <span class='ocrx_word' id='word_1_197' title='bbox 3086 1352 3101 1373; x_wconf 92' lang='lat'><strong>,</strong></span> <span class='ocrx_word' id='word_1_198' title='bbox 3137 1326 3199 1365; x_wconf 87' lang='lat' dir='ltr'><strong>ac</strong></span> <span class='ocrx_word' id='word_1_199' title='bbox 3248 1312 3463 1366; x_wconf 85' lang='lat' dir='ltr'><strong>demunt</strong></span> <span class='ocrx_word' id='word_1_200' title='bbox 3504 1315 3623 1367; x_wconf 90' lang='lat' dir='ltr'><strong>dum</strong></span> <span class='ocrx_word' id='word_1_201' title='bbox 3652 1326 3666 1368; x_wconf 86' lang='lat' dir='ltr'><strong>t</strong></span> <span class='ocrx_word' id='word_1_202' title='bbox 3691 1317 3734 1369; x_wconf 84' lang='lat' dir='ltr'><strong>bi</strong></span> 
     </span>
    </p>
   </div>
   <div class='ocr_carea' id='block_1_28' title="bbox 2176 1403 3734 1469">
    <p class='ocr_par' dir='ltr' id='par_1_28' title="bbox 2176 1403 3734 1469">
     <span class='ocr_line' id='line_1_28' title="bbox 2176 1403 3734 1469; baseline 0.007 -21"><span class='ocrx_word' id='word_1_203' title='bbox 2176 1411 2296 1448; x_wconf 87' lang='lat' dir='ltr'><strong>eum</strong></span> <span class='ocrx_word' id='word_1_204' title='bbox 2341 1407 2548 1451; x_wconf 85' lang='lat' dir='ltr'><strong>vertere</strong></span> <span class='ocrx_word' id='word_1_205' title='bbox 2578 1413 2767 1466; x_wconf 89' lang='lat' dir='ltr'><strong>pergo,</strong></span> <span class='ocrx_word' id='word_1_206' title='bbox 2800 1403 3061 1469; x_wconf 86' lang='lat' dir='ltr'><strong>agnovisti</strong></span> <span class='ocrx_word' id='word_1_207' title='bbox 3091 1404 3311 1459; x_wconf 83' lang='lat' dir='ltr'><strong>certius.</strong></span> <span class='ocrx_word' id='word_1_208' title='bbox 3346 1404 3624 1459; x_wconf 81' lang='lat' dir='ltr'><strong>Enimvero</strong></span> <span class='ocrx_word' id='word_1_209' title='bbox 3652 1408 3734 1459; x_wconf 87' lang='lat' dir='ltr'><strong>hu-</strong></span> 
     </span>
    </p>
   </div>
   <div class='ocr_carea' id='block_1_29' title="bbox 2172 1485 3735 1559">
    <p class='ocr_par' dir='ltr' id='par_1_29' title="bbox 2172 1485 3735 1559">
     <span class='ocr_line' id='line_1_29' title="bbox 2172 1485 3735 1559; baseline 0.012 -28"><span class='ocrx_word' id='word_1_210' title='bbox 2172 1485 2259 1552; x_wconf 90' lang='lat' dir='ltr'><strong>jus</strong></span> <span class='ocrx_word' id='word_1_211' title='bbox 2286 1497 2384 1552; x_wconf 78' lang='lat' dir='ltr'><strong>ego</strong></span> <span class='ocrx_word' id='word_1_212' title='bbox 2416 1486 2699 1542; x_wconf 78' lang='lat' dir='ltr'><strong>lectionem</strong></span> <span class='ocrx_word' id='word_1_213' title='bbox 2726 1490 2985 1554; x_wconf 86' lang='lat' dir='ltr'><strong>auctoris,</strong></span> <span class='ocrx_word' id='word_1_214' title='bbox 3016 1491 3114 1544; x_wconf 89' lang='lat' dir='ltr'><strong>etsi</strong></span> <span class='ocrx_word' id='word_1_215' title='bbox 3136 1494 3493 1559; x_wconf 78' lang='lat' dir='ltr'><strong>gratissimam</strong></span> <span class='ocrx_word' id='word_1_216' title='bbox 3525 1495 3612 1548; x_wconf 91' lang='lat' dir='ltr'><strong>tibi</strong></span> <span class='ocrx_word' id='word_1_217' title='bbox 3635 1494 3735 1550; x_wconf 90' lang='lat' dir='ltr'><strong>fore</strong></span> 
     </span>
    </p>
   </div>
   <div class='ocr_carea' id='block_1_30' title="bbox 2175 1579 3736 1653">
    <p class='ocr_par' dir='ltr' id='par_1_30' title="bbox 2175 1579 3736 1653">
     <span class='ocr_line' id='line_1_30' title="bbox 2175 1579 3736 1653; baseline 0.008 -22"><span class='ocrx_word' id='word_1_218' title='bbox 2175 1579 2409 1632; x_wconf 60' lang='lat' dir='ltr'><strong>sciebam</strong></span> <span class='ocrx_word' id='word_1_219' title='bbox 2431 1620 2445 1640; x_wconf 88' lang='lat'><strong>,</strong></span> <span class='ocrx_word' id='word_1_220' title='bbox 2503 1581 2728 1649; x_wconf 82' lang='lat' dir='ltr'><strong>principi</strong></span> <span class='ocrx_word' id='word_1_221' title='bbox 2759 1596 2937 1637; x_wconf 89' lang='lat' dir='ltr'><strong>rerum</strong></span> <span class='ocrx_word' id='word_1_222' title='bbox 2977 1583 3233 1639; x_wconf 86' lang='lat' dir='ltr'><strong>bonarum</strong></span> <span class='ocrx_word' id='word_1_223' title='bbox 3267 1586 3662 1653; x_wconf 87' lang='lat' dir='ltr'><strong>sitientissimo,</strong></span> <span class='ocrx_word' id='word_1_224' title='bbox 3690 1589 3736 1643; x_wconf 89' lang='lat' dir='ltr'><strong>id</strong></span> 
     </span>
    </p>
   </div>
   <div class='ocr_carea' id='block_1_31' title="bbox 2178 1669 3735 1751">
    <p class='ocr_par' dir='ltr' id='par_1_31' title="bbox 2178 1669 3735 1751">
     <span class='ocr_line' id='line_1_31' title="bbox 2178 1669 3735 1751; baseline 0.009 -29"><span class='ocrx_word' id='word_1_225' title='bbox 2178 1678 2352 1725; x_wconf 84' lang='lat' dir='ltr'><strong>tamen</strong></span> <span class='ocrx_word' id='word_1_226' title='bbox 2379 1669 2431 1725; x_wconf 89' lang='lat' dir='ltr'><strong>in</strong></span> <span class='ocrx_word' id='word_1_227' title='bbox 2463 1671 2867 1728; x_wconf 82' lang='lat' dir='ltr'><strong>admirationem</strong></span> <span class='ocrx_word' id='word_1_228' title='bbox 2891 1687 2977 1730; x_wconf 88' lang='lat' dir='ltr'><strong>me</strong></span> <span class='ocrx_word' id='word_1_229' title='bbox 3008 1677 3170 1731; x_wconf 81' lang='lat' dir='ltr'><strong>vertit</strong></span> <span class='ocrx_word' id='word_1_230' title='bbox 3193 1692 3259 1733; x_wconf 91' lang='lat' dir='ltr'><strong>ac</strong></span> <span class='ocrx_word' id='word_1_231' title='bbox 3289 1687 3586 1748; x_wconf 78' lang='lat' dir='ltr'><strong>stuporem,</strong></span> <span class='ocrx_word' id='word_1_232' title='bbox 3610 1682 3735 1751; x_wconf 87' lang='lat' dir='ltr'><strong>quod</strong></span> 
     </span>
    </p>
   </div>
   <div class='ocr_carea' id='block_1_32' title="bbox 2176 1760 3736 1841">
    <p class='ocr_par' dir='ltr' id='par_1_32' title="bbox 2176 1760 3736 1841">
     <span class='ocr_line' id='line_1_32' title="bbox 2176 1760 3736 1841; baseline 0.008 -27"><span class='ocrx_word' id='word_1_233' title='bbox 2176 1775 2295 1814; x_wconf 91' lang='lat' dir='ltr'><strong>cum</strong></span> <span class='ocrx_word' id='word_1_234' title='bbox 2322 1760 2534 1830; x_wconf 85' lang='lat' dir='ltr'><strong>fcre(ut</strong></span> <span class='ocrx_word' id='word_1_235' title='bbox 2555 1773 2676 1817; x_wconf 89' lang='lat' dir='ltr'><strong>sunt</strong></span> <span class='ocrx_word' id='word_1_236' title='bbox 2700 1779 2786 1819; x_wconf 88' lang='lat' dir='ltr'><strong>res</strong></span> <span class='ocrx_word' id='word_1_237' title='bbox 2815 1765 3116 1820; x_wconf 87' lang='lat' dir='ltr'><strong>mortalium</strong></span> <span class='ocrx_word' id='word_1_238' title='bbox 3149 1770 3405 1823; x_wconf 89' lang='lat' dir='ltr'><strong>mentium</strong></span> <span class='ocrx_word' id='word_1_239' title='bbox 3439 1772 3736 1841; x_wconf 84' lang='lat' dir='ltr'><strong>primigenia</strong></span> 
     </span>
    </p>
   </div>
   <div class='ocr_carea' id='block_1_33' title="bbox 508 1848 2066 1936">
    <p class='ocr_par' dir='ltr' id='par_1_33' title="bbox 508 1861 2066 1936">
     <span class='ocr_line' id='line_1_33' title="bbox 508 1861 2066 1936; baseline 0.003 -22"><span class='ocrx_word' id='word_1_240' title='bbox 508 1861 722 1918; x_wconf 87' lang='lat' dir='ltr'><strong>nescius</strong></span> <span class='ocrx_word' id='word_1_241' title='bbox 746 1878 852 1934; x_wconf 89' lang='lat' dir='ltr'><strong>quo</strong></span> <span class='ocrx_word' id='word_1_242' title='bbox 882 1866 932 1918; x_wconf 91' lang='lat' dir='ltr'><strong>in</strong></span> <span class='ocrx_word' id='word_1_243' title='bbox 960 1875 1100 1920; x_wconf 88' lang='lat' dir='ltr'><strong>statu</strong></span> <span class='ocrx_word' id='word_1_244' title='bbox 1129 1879 1216 1921; x_wconf 88' lang='lat' dir='ltr'><strong>res</strong></span> <span class='ocrx_word' id='word_1_245' title='bbox 1243 1867 1350 1921; x_wconf 90' lang='lat' dir='ltr'><strong>sint</strong></span> <span class='ocrx_word' id='word_1_246' title='bbox 1377 1868 1701 1935; x_wconf 85' lang='lat' dir='ltr'><strong>mortalium,</strong></span> <span class='ocrx_word' id='word_1_247' title='bbox 1726 1879 1885 1936; x_wconf 90' lang='lat' dir='ltr'><strong>porro</strong></span> <span class='ocrx_word' id='word_1_248' title='bbox 1913 1866 2066 1921; x_wconf 89' lang='lat' dir='ltr'><strong>etiam</strong></span> 
     </span>
    </p>
   </div>
   <div class='ocr_carea' id='block_1_34' title="bbox 2171 1848 3735 1936">
    <p class='ocr_par' dir='ltr' id='par_1_34' title="bbox 2180 1852 3735 1929">
     <span class='ocr_line' id='line_1_34' title="bbox 2180 1852 3735 1929; baseline 0.008 -25"><span class='ocrx_word' id='word_1_249' title='bbox 2180 1852 2269 1906; x_wconf 86' lang='lat' dir='ltr'><strong>illa</strong></span> <span class='ocrx_word' id='word_1_250' title='bbox 2314 1855 2509 1909; x_wconf 81' lang='lat' dir='ltr'><strong>veteris</strong></span> <span class='ocrx_word' id='word_1_251' title='bbox 2538 1855 2727 1910; x_wconf 80' lang='lat' dir='ltr'><strong>Adami</strong></span> <span class='ocrx_word' id='word_1_252' title='bbox 2770 1871 2907 1911; x_wconf 81' lang='lat' dir='ltr'><strong>noxa</strong></span> <span class='ocrx_word' id='word_1_253' title='bbox 2953 1860 3391 1929; x_wconf 81' lang='lat' dir='ltr'><strong>depravatarum)</strong></span> <span class='ocrx_word' id='word_1_254' title='bbox 3447 1863 3501 1916; x_wconf 93' lang='lat' dir='ltr'><strong>in</strong></span> <span class='ocrx_word' id='word_1_255' title='bbox 3550 1877 3735 1917; x_wconf 85' lang='lat' dir='ltr'><strong>summa</strong></span> 
     </span>
    </p>
   </div>
   <div class='ocr_carea' id='block_1_35' title="bbox 505 1954 2074 2027">
    <p class='ocr_par' dir='ltr' id='par_1_35' title="bbox 505 1954 2074 2027">
     <span class='ocr_line' id='line_1_35' title="bbox 505 1954 2074 2027; baseline 0.003 -21"><span class='ocrx_word' id='word_1_256' title='bbox 505 1963 841 2023; x_wconf 87' lang='lat' dir='ltr'><strong>compertum</strong></span> <span class='ocrx_word' id='word_1_257' title='bbox 873 1954 1075 2011; x_wconf 83' lang='lat' dir='ltr'><strong>habens</strong></span> <span class='ocrx_word' id='word_1_258' title='bbox 1098 1999 1113 2025; x_wconf 95' lang='lat'><strong>,</strong></span> <span class='ocrx_word' id='word_1_259' title='bbox 1160 1974 1316 2027; x_wconf 88' lang='lat' dir='ltr'><strong>quam</strong></span> <span class='ocrx_word' id='word_1_260' title='bbox 1365 1960 1619 2027; x_wconf 62' lang='lat' dir='ltr'><strong>praeclara</strong></span> <span class='ocrx_word' id='word_1_261' title='bbox 1664 1957 1886 2013; x_wconf 66' lang='lat' dir='ltr'><strong>aedificia</strong></span> <span class='ocrx_word' id='word_1_262' title='bbox 1916 1972 2074 2026; x_wconf 89' lang='lat' dir='ltr'><strong>quam</strong></span> 
     </span>
    </p>
   </div>
   <div class='ocr_carea' id='block_1_36' title="bbox 502 2044 2076 2119">
    <p class='ocr_par' dir='ltr' id='par_1_36' title="bbox 502 2044 2076 2119">
     <span class='ocr_line' id='line_1_36' title="bbox 502 2044 2076 2119; baseline 0.002 -21"><span class='ocrx_word' id='word_1_263' title='bbox 502 2045 710 2100; x_wconf 90' lang='lat' dir='ltr'><strong>subitus</strong></span> <span class='ocrx_word' id='word_1_264' title='bbox 731 2048 865 2117; x_wconf 89' lang='lat' dir='ltr'><strong>ignis</strong></span> <span class='ocrx_word' id='word_1_265' title='bbox 882 2049 1158 2116; x_wconf 84' lang='lat' dir='ltr'><strong>everterit,</strong></span> <span class='ocrx_word' id='word_1_266' title='bbox 1184 2050 1235 2103; x_wconf 90' lang='lat' dir='ltr'><strong>in</strong></span> <span class='ocrx_word' id='word_1_267' title='bbox 1262 2044 1498 2103; x_wconf 87' lang='lat' dir='ltr'><strong>animum</strong></span> <span class='ocrx_word' id='word_1_268' title='bbox 1524 2048 1777 2104; x_wconf 81' lang='lat' dir='ltr'><strong>induxisti</strong></span> <span class='ocrx_word' id='word_1_269' title='bbox 1803 2063 1906 2103; x_wconf 90' lang='lat' dir='ltr'><strong>non</strong></span> <span class='ocrx_word' id='word_1_270' title='bbox 1930 2050 2076 2119; x_wconf 88' lang='lat' dir='ltr'><strong>prius</strong></span> 
     </span>
    </p>
   </div>
   <div class='ocr_carea' id='block_1_37' title="bbox 502 2138 2077 2212">
    <p class='ocr_par' dir='ltr' id='par_1_37' title="bbox 502 2138 2077 2212">
     <span class='ocr_line' id='line_1_37' title="bbox 502 2138 2077 2212; baseline 0.001 -22"><span class='ocrx_word' id='word_1_271' title='bbox 502 2147 738 2192; x_wconf 76' lang='lat' dir='ltr'><strong>veterum</strong></span> <span class='ocrx_word' id='word_1_272' title='bbox 764 2138 1014 2193; x_wconf 84' lang='lat' dir='ltr'><strong>librorum</strong></span> <span class='ocrx_word' id='word_1_273' title='bbox 1044 2141 1150 2194; x_wconf 87' lang='lat' dir='ltr'><strong>hibl</strong></span> <span class='ocrx_word' id='word_1_274' title='bbox 1176 2141 1418 2194; x_wconf 79' lang='lat' dir='ltr'><strong>othccam</strong></span> <span class='ocrx_word' id='word_1_275' title='bbox 1440 2149 1667 2205; x_wconf 80' lang='lat' dir='ltr'><strong>struere,</strong></span> <span class='ocrx_word' id='word_1_276' title='bbox 1690 2157 1847 2212; x_wconf 71' lang='lat' dir='ltr'><strong>quam</strong></span> <span class='ocrx_word' id='word_1_277' title='bbox 1867 2140 1917 2195; x_wconf 91' lang='lat' dir='ltr'><strong>in</strong></span> <span class='ocrx_word' id='word_1_278' title='bbox 1935 2157 2077 2196; x_wconf 83' lang='lat' dir='ltr'><strong>corn-</strong></span> 
     </span>
    </p>
   </div>
   <div class='ocr_carea' id='block_1_38' title="bbox 498 2225 2072 2298">
    <p class='ocr_par' dir='ltr' id='par_1_38' title="bbox 498 2225 2072 2298">
     <span class='ocr_line' id='line_1_38' title="bbox 498 2225 2072 2298; baseline 0.004 -21"><span class='ocrx_word' id='word_1_279' title='bbox 498 2242 665 2281; x_wconf 73' lang='lat' dir='ltr'><strong>tnune</strong></span> <span class='ocrx_word' id='word_1_280' title='bbox 692 2225 761 2296; x_wconf 88' lang='lat' dir='ltr'><strong>ph</strong></span> <span class='ocrx_word' id='word_1_281' title='bbox 788 2227 991 2296; x_wconf 71' lang='lat' dir='ltr'><strong>lologim</strong></span> <span class='ocrx_word' id='word_1_282' title='bbox 1018 2230 1212 2283; x_wconf 90' lang='lat' dir='ltr'><strong>bonum</strong></span> <span class='ocrx_word' id='word_1_283' title='bbox 1245 2245 1275 2284; x_wconf 92' lang='lat' dir='ltr'><strong>e</strong></span> <span class='ocrx_word' id='word_1_284' title='bbox 1307 2231 1453 2298; x_wconf 86' lang='lat' dir='ltr'><strong>prelo</strong></span> <span class='ocrx_word' id='word_1_285' title='bbox 1476 2229 1549 2285; x_wconf 85' lang='lat' dir='ltr'><strong>illi</strong></span> <span class='ocrx_word' id='word_1_286' title='bbox 1574 2232 1782 2286; x_wconf 78' lang='lat' dir='ltr'><strong>exirent</strong></span> <span class='ocrx_word' id='word_1_287' title='bbox 1815 2233 1864 2284; x_wconf 91' lang='lat' dir='ltr'><strong>in</strong></span> <span class='ocrx_word' id='word_1_288' title='bbox 1890 2248 2072 2285; x_wconf 82' lang='lat' dir='ltr'><strong>exeru-</strong></span> 
     </span>
    </p>
   </div>
   <div class='ocr_carea' id='block_1_39' title="bbox 497 2316 2075 2390">
    <p class='ocr_par' dir='ltr' id='par_1_39' title="bbox 497 2316 2075 2390">
     <span class='ocr_line' id='line_1_39' title="bbox 497 2316 2075 2390; baseline 0.006 -25"><span class='ocrx_word' id='word_1_289' title='bbox 497 2316 667 2385; x_wconf 72' lang='lat' dir='ltr'><strong>piaria</strong></span> <span class='ocrx_word' id='word_1_290' title='bbox 700 2332 855 2386; x_wconf 88' lang='lat' dir='ltr'><strong>quam</strong></span> <span class='ocrx_word' id='word_1_291' title='bbox 886 2319 1300 2389; x_wconf 68' lang='lat' dir='ltr'><strong>castigatissimi.</strong></span> <span class='ocrx_word' id='word_1_292' title='bbox 1332 2319 1493 2390; x_wconf 86' lang='lat' dir='ltr'><strong>Cujus</strong></span> <span class='ocrx_word' id='word_1_293' title='bbox 1516 2337 1613 2389; x_wconf 84' lang='lat' dir='ltr'><strong>ego</strong></span> <span class='ocrx_word' id='word_1_294' title='bbox 1645 2323 1719 2375; x_wconf 87' lang='lat' dir='ltr'><strong>rei</strong></span> <span class='ocrx_word' id='word_1_295' title='bbox 1751 2338 1842 2389; x_wconf 89' lang='lat' dir='ltr'><strong>per</strong></span> <span class='ocrx_word' id='word_1_296' title='bbox 1870 2334 1918 2375; x_wconf 89' lang='lat' dir='ltr'><strong>te</strong></span> <span class='ocrx_word' id='word_1_297' title='bbox 1947 2319 2075 2375; x_wconf 88' lang='lat' dir='ltr'><strong>tuihi</strong></span> 
     </span>
    </p>
   </div>
   <div class='ocr_carea' id='block_1_40' title="bbox 496 2408 2075 2478">
    <p class='ocr_par' dir='ltr' id='par_1_40' title="bbox 496 2408 2075 2478">
     <span class='ocr_line' id='line_1_40' title="bbox 496 2408 2075 2478; baseline 0.004 -21"><span class='ocrx_word' id='word_1_298' title='bbox 496 2408 816 2461; x_wconf 58' lang='lat' dir='ltr'><strong>demandata</strong></span> <span class='ocrx_word' id='word_1_299' title='bbox 850 2408 1153 2478; x_wconf 83' lang='lat' dir='ltr'><strong>provincia,</strong></span> <span class='ocrx_word' id='word_1_300' title='bbox 1195 2425 1313 2464; x_wconf 92' lang='lat' dir='ltr'><strong>cum</strong></span> <span class='ocrx_word' id='word_1_301' title='bbox 1358 2411 1554 2465; x_wconf 89' lang='lat' dir='ltr'><strong>multos</strong></span> <span class='ocrx_word' id='word_1_302' title='bbox 1600 2409 1850 2466; x_wconf 84' lang='lat' dir='ltr'><strong>haberem</strong></span> <span class='ocrx_word' id='word_1_303' title='bbox 1901 2412 2075 2464; x_wconf 86' lang='lat' dir='ltr'><strong>horni-</strong></span> 
     </span>
    </p>
   </div>
   <div class='ocr_carea' id='block_1_41' title="bbox 496 2503 2077 2574">
    <p class='ocr_par' dir='ltr' id='par_1_41' title="bbox 496 2503 2077 2574">
     <span class='ocr_line' id='line_1_41' title="bbox 496 2503 2077 2574; baseline 0.005 -23"><span class='ocrx_word' id='word_1_304' title='bbox 496 2514 631 2552; x_wconf 71' lang='lat' dir='ltr'><strong>Itutn</strong></span> <span class='ocrx_word' id='word_1_305' title='bbox 674 2510 938 2554; x_wconf 84' lang='lat' dir='ltr'><strong>conventu</strong></span> <span class='ocrx_word' id='word_1_306' title='bbox 966 2518 1025 2555; x_wconf 91' lang='lat' dir='ltr'><strong>ac</strong></span> <span class='ocrx_word' id='word_1_307' title='bbox 1046 2513 1332 2574; x_wconf 71' lang='lat' dir='ltr'><strong>con~pectu</strong></span> <span class='ocrx_word' id='word_1_308' title='bbox 1358 2503 1708 2558; x_wconf 84' lang='lat' dir='ltr'><strong>litteratorum</strong></span> <span class='ocrx_word' id='word_1_309' title='bbox 1732 2503 2077 2574; x_wconf 83' lang='lat' dir='ltr'><strong>dignissimos</strong></span> 
     </span>
    </p>
   </div>
   <div class='ocr_carea' id='block_1_42' title="bbox 495 2585 2074 2667">
    <p class='ocr_par' dir='ltr' id='par_1_42' title="bbox 495 2585 2074 2667">
     <span class='ocr_line' id='line_1_42' title="bbox 495 2585 2074 2667; baseline 0.005 -26"><span class='ocrx_word' id='word_1_310' title='bbox 495 2585 705 2653; x_wconf 84' lang='lat' dir='ltr'><strong>libros,</strong></span> <span class='ocrx_word' id='word_1_311' title='bbox 760 2591 826 2645; x_wconf 89' lang='lat' dir='ltr'><strong>ab</strong></span> <span class='ocrx_word' id='word_1_312' title='bbox 873 2606 937 2645; x_wconf 93' lang='lat' dir='ltr'><strong>eo</strong></span> <span class='ocrx_word' id='word_1_313' title='bbox 987 2593 1366 2661; x_wconf 69' lang='lat' dir='ltr'><strong>auspicandum</strong></span> <span class='ocrx_word' id='word_1_314' title='bbox 1422 2594 1590 2660; x_wconf 77' lang='lat' dir='ltr'><strong>duxi,</strong></span> <span class='ocrx_word' id='word_1_315' title='bbox 1631 2611 1790 2665; x_wconf 90' lang='lat' dir='ltr'><strong>quem</strong></span> <span class='ocrx_word' id='word_1_316' title='bbox 1838 2612 1936 2667; x_wconf 85' lang='lat' dir='ltr'><strong>ego</strong></span> <span class='ocrx_word' id='word_1_317' title='bbox 1985 2595 2074 2650; x_wconf 91' lang='lat' dir='ltr'><strong>tibi</strong></span> 
     </span>
    </p>
   </div>
   <div class='ocr_carea' id='block_1_43' title="bbox 500 2676 2074 2757">
    <p class='ocr_par' dir='ltr' id='par_1_43' title="bbox 500 2676 2074 2757">
     <span class='ocr_line' id='line_1_43' title="bbox 500 2676 2074 2757; baseline 0.008 -29"><span class='ocrx_word' id='word_1_318' title='bbox 500 2676 697 2731; x_wconf 88' lang='lat' dir='ltr'><strong>dudum</strong></span> <span class='ocrx_word' id='word_1_319' title='bbox 725 2679 939 2757; x_wconf 73' lang='lat' dir='ltr'><strong>probati</strong></span> <span class='ocrx_word' id='word_1_320' title='bbox 962 2698 1183 2736; x_wconf 77' lang='lat' dir='ltr'><strong>censura</strong></span> <span class='ocrx_word' id='word_1_321' title='bbox 1218 2683 1451 2738; x_wconf 88' lang='lat' dir='ltr'><strong>sciebam</strong></span> <span class='ocrx_word' id='word_1_322' title='bbox 1483 2700 1587 2739; x_wconf 91' lang='lat' dir='ltr'><strong>non</strong></span> <span class='ocrx_word' id='word_1_323' title='bbox 1615 2685 1814 2757; x_wconf 87' lang='lat' dir='ltr'><strong>iniqua,</strong></span> <span class='ocrx_word' id='word_1_324' title='bbox 1847 2701 1908 2740; x_wconf 89' lang='lat' dir='ltr'><strong>ac</strong></span> <span class='ocrx_word' id='word_1_325' title='bbox 1933 2688 2074 2741; x_wconf 89' lang='lat' dir='ltr'><strong>docti</strong></span> 
     </span>
    </p>
   </div>
   <div class='ocr_carea' id='block_1_44' title="bbox 500 2756 2076 2846">
    <p class='ocr_par' dir='ltr' id='par_1_44' title="bbox 500 2756 2076 2846">
     <span class='ocr_line' id='line_1_44' title="bbox 500 2756 2076 2846; baseline 0.008 -28"><span class='ocrx_word' id='word_1_326' title='bbox 500 2785 689 2823; x_wconf 88' lang='lat' dir='ltr'><strong>omnes</strong></span> <span class='ocrx_word' id='word_1_327' title='bbox 719 2756 897 2826; x_wconf 73' lang='lat' dir='ltr'><strong>rerum</strong></span> <span class='ocrx_word' id='word_1_328' title='bbox 929 2783 1169 2828; x_wconf 78' lang='lat' dir='ltr'><strong>amantes</strong></span> <span class='ocrx_word' id='word_1_329' title='bbox 1199 2775 1496 2829; x_wconf 88' lang='lat' dir='ltr'><strong>divinarum</strong></span> <span class='ocrx_word' id='word_1_330' title='bbox 1530 2778 1826 2846; x_wconf 84' lang='lat' dir='ltr'><strong>amplexuri</strong></span> <span class='ocrx_word' id='word_1_331' title='bbox 1858 2777 1966 2832; x_wconf 91' lang='lat' dir='ltr'><strong>sint</strong></span> <span class='ocrx_word' id='word_1_332' title='bbox 1998 2778 2076 2831; x_wconf 86' lang='lat' dir='ltr'><strong>lu-</strong></span> 
     </span>
    </p>
   </div>
   <div class='ocr_carea' id='block_1_45' title="bbox 501 2855 2077 2939">
    <p class='ocr_par' dir='ltr' id='par_1_45' title="bbox 501 2855 2077 2939">
     <span class='ocr_line' id='line_1_45' title="bbox 501 2855 2077 2939; baseline 0.011 -33"><span class='ocrx_word' id='word_1_333' title='bbox 501 2855 830 2912; x_wconf 86' lang='lat' dir='ltr'><strong>lentissime.</strong></span> <span class='ocrx_word' id='word_1_334' title='bbox 879 2859 925 2914; x_wconf 91' lang='lat' dir='ltr'><strong>Is</strong></span> <span class='ocrx_word' id='word_1_335' title='bbox 963 2870 1045 2915; x_wconf 88' lang='lat' dir='ltr'><strong>est</strong></span> <span class='ocrx_word' id='word_1_336' title='bbox 1075 2861 1320 2917; x_wconf 85' lang='lat' dir='ltr'><strong>Primasii</strong></span> <span class='ocrx_word' id='word_1_337' title='bbox 1360 2863 1623 2920; x_wconf 63' lang='lat' dir='ltr'><strong>Uticensis</strong></span> <span class='ocrx_word' id='word_1_338' title='bbox 1668 2867 1719 2921; x_wconf 91' lang='lat' dir='ltr'><strong>in</strong></span> <span class='ocrx_word' id='word_1_339' title='bbox 1753 2868 1927 2922; x_wconf 60' lang='lat' dir='ltr'><strong>Africa</strong></span> <span class='ocrx_word' id='word_1_340' title='bbox 1962 2871 2077 2939; x_wconf 88' lang='lat' dir='ltr'><strong>epi-</strong></span> 
     </span>
    </p>
   </div>
   <div class='ocr_carea' id='block_1_46' title="bbox 495 2949 2076 3023">
    <p class='ocr_par' dir='ltr' id='par_1_46' title="bbox 495 2949 2076 3023">
     <span class='ocr_line' id='line_1_46' title="bbox 495 2949 2076 3023; baseline 0.009 -23"><span class='ocrx_word' id='word_1_341' title='bbox 495 2949 643 3015; x_wconf 87' lang='lat' dir='ltr'><strong>scopi</strong></span> <span class='ocrx_word' id='word_1_342' title='bbox 676 2953 1090 3006; x_wconf 79' lang='lat' dir='ltr'><strong>commentarius</strong></span> <span class='ocrx_word' id='word_1_343' title='bbox 1123 2952 1186 3022; x_wconf 92' lang='lat' dir='ltr'><strong>(si</strong></span> <span class='ocrx_word' id='word_1_344' title='bbox 1234 2968 1339 3022; x_wconf 83' lang='lat' dir='ltr'><strong>quo</strong></span> <span class='ocrx_word' id='word_1_345' title='bbox 1378 2969 1591 3023; x_wconf 83' lang='lat' dir='ltr'><strong>possum</strong></span> <span class='ocrx_word' id='word_1_346' title='bbox 1624 2971 1742 3012; x_wconf 80' lang='lat' dir='ltr'><strong>esse</strong></span> <span class='ocrx_word' id='word_1_347' title='bbox 1772 2956 1871 3013; x_wconf 90' lang='lat' dir='ltr'><strong>hac</strong></span> <span class='ocrx_word' id='word_1_348' title='bbox 1913 2959 1966 3012; x_wconf 90' lang='lat' dir='ltr'><strong>in</strong></span> <span class='ocrx_word' id='word_1_349' title='bbox 2016 2974 2076 3015; x_wconf 85' lang='lat' dir='ltr'><strong>re</strong></span> 
     </span>
    </p>
   </div>
   <div class='ocr_carea' id='block_1_47' title="bbox 496 3039 2072 3117">
    <p class='ocr_par' dir='ltr' id='par_1_47' title="bbox 496 3039 2072 3117">
     <span class='ocr_line' id='line_1_47' title="bbox 496 3039 2072 3117; baseline 0.008 -24"><span class='ocrx_word' id='word_1_350' title='bbox 496 3039 718 3111; x_wconf 41' lang='lat' dir='ltr'><strong>jnd‘cin)</strong></span> <span class='ocrx_word' id='word_1_351' title='bbox 768 3045 1003 3098; x_wconf 90' lang='lat' dir='ltr'><strong>omnium</strong></span> <span class='ocrx_word' id='word_1_352' title='bbox 1050 3060 1185 3113; x_wconf 90' lang='lat' dir='ltr'><strong>quos</strong></span> <span class='ocrx_word' id='word_1_353' title='bbox 1230 3047 1484 3100; x_wconf 84' lang='lat' dir='ltr'><strong>hactenus</strong></span> <span class='ocrx_word' id='word_1_354' title='bbox 1536 3047 1642 3102; x_wconf 89' lang='lat' dir='ltr'><strong>vidi</strong></span> <span class='ocrx_word' id='word_1_355' title='bbox 1689 3049 2072 3117; x_wconf 86' lang='lat' dir='ltr'><strong>doctissimus,</strong></span> 
     </span>
    </p>
   </div>
   <div class='ocr_carea' id='block_1_48' title="bbox 494 3128 2070 3201">
    <p class='ocr_par' dir='ltr' id='par_1_48' title="bbox 494 3128 2070 3201">
     <span class='ocr_line' id='line_1_48' title="bbox 494 3128 2070 3201; baseline 0.008 -20"><span class='ocrx_word' id='word_1_356' title='bbox 494 3128 807 3185; x_wconf 63' lang='lat' dir='ltr'><strong>ercorum</strong></span> <span class='ocrx_word' id='word_1_357' title='bbox 836 3132 981 3201; x_wconf 66' lang='lat' dir='ltr'><strong>juxta</strong></span> <span class='ocrx_word' id='word_1_358' title='bbox 1004 3147 1067 3187; x_wconf 90' lang='lat' dir='ltr'><strong>ac</strong></span> <span class='ocrx_word' id='word_1_359' title='bbox 1090 3134 1420 3188; x_wconf 86' lang='lat' dir='ltr'><strong>Latinorum.</strong></span> <span class='ocrx_word' id='word_1_360' title='bbox 1450 3135 1542 3189; x_wconf 84' lang='lat' dir='ltr'><strong>Est</strong></span> <span class='ocrx_word' id='word_1_361' title='bbox 1571 3137 1712 3190; x_wconf 88' lang='lat' dir='ltr'><strong>enim</strong></span> <span class='ocrx_word' id='word_1_362' title='bbox 1738 3137 1791 3191; x_wconf 92' lang='lat' dir='ltr'><strong>in</strong></span> <span class='ocrx_word' id='word_1_363' title='bbox 1814 3138 1943 3192; x_wconf 89' lang='lat' dir='ltr'><strong>locis</strong></span> <span class='ocrx_word' id='word_1_364' title='bbox 1966 3152 2070 3193; x_wconf 90' lang='lat' dir='ltr'><strong>non</strong></span> 
     </span>
    </p>
   </div>
   <div class='ocr_carea' id='block_1_49' title="bbox 2179 1947 3737 2015">
    <p class='ocr_par' dir='ltr' id='par_1_49' title="bbox 2179 1947 3737 2015">
     <span class='ocr_line' id='line_1_49' title="bbox 2179 1947 3737 2015; baseline 0.004 -14"><span class='ocrx_word' id='word_1_365' title='bbox 2179 1947 2594 2015; x_wconf 81' lang='lat' dir='ltr'><strong>periclitantium</strong></span> <span class='ocrx_word' id='word_1_366' title='bbox 2619 1964 2797 2005; x_wconf 90' lang='lat' dir='ltr'><strong>rerum</strong></span> <span class='ocrx_word' id='word_1_367' title='bbox 2820 1952 3125 2006; x_wconf 75' lang='lat' dir='ltr'><strong>consultum</strong></span> <span class='ocrx_word' id='word_1_368' title='bbox 3153 1953 3258 2007; x_wconf 88' lang='lat' dir='ltr'><strong>illis</strong></span> <span class='ocrx_word' id='word_1_369' title='bbox 3281 1953 3518 2009; x_wconf 88' lang='lat' dir='ltr'><strong>lmmano</strong></span> <span class='ocrx_word' id='word_1_370' title='bbox 3538 1957 3737 2009; x_wconf 84' lang='lat' dir='ltr'><strong>consilio</strong></span> 
     </span>
    </p>
   </div>
   <div class='ocr_carea' id='block_1_50' title="bbox 2181 2036 3735 2115">
    <p class='ocr_par' dir='ltr' id='par_1_50' title="bbox 2181 2036 3735 2115">
     <span class='ocr_line' id='line_1_50' title="bbox 2181 2036 3735 2115; baseline 0.006 -26"><span class='ocrx_word' id='word_1_371' title='bbox 2181 2036 2356 2105; x_wconf 87' lang='lat' dir='ltr'><strong>potius</strong></span> <span class='ocrx_word' id='word_1_372' title='bbox 2383 2038 2551 2107; x_wconf 84' lang='lat' dir='ltr'><strong>imus,</strong></span> <span class='ocrx_word' id='word_1_373' title='bbox 2585 2054 2741 2109; x_wconf 88' lang='lat' dir='ltr'><strong>quam</strong></span> <span class='ocrx_word' id='word_1_374' title='bbox 2769 2055 2993 2110; x_wconf 90' lang='lat' dir='ltr'><strong>superos</strong></span> <span class='ocrx_word' id='word_1_375' title='bbox 3024 2053 3321 2112; x_wconf 83' lang='lat' dir='ltr'><strong>precatum,</strong></span> <span class='ocrx_word' id='word_1_376' title='bbox 3353 2060 3636 2115; x_wconf 81' lang='lat' dir='ltr'><strong>sacrasque</strong></span> <span class='ocrx_word' id='word_1_377' title='bbox 3660 2047 3735 2099; x_wconf 83' lang='lat' dir='ltr'><strong>lit-</strong></span> 
     </span>
    </p>
   </div>
   <div class='ocr_carea' id='block_1_51' title="bbox 2181 2129 3805 2200">
    <p class='ocr_par' dir='ltr' id='par_1_51' title="bbox 2181 2129 3805 2200">
     <span class='ocr_line' id='line_1_51' title="bbox 2181 2129 3805 2200; baseline 0.007 -24"><span class='ocrx_word' id='word_1_378' title='bbox 2181 2139 2322 2183; x_wconf 85' lang='lat' dir='ltr'><strong>teras</strong></span> <span class='ocrx_word' id='word_1_379' title='bbox 2371 2129 2754 2184; x_wconf 89' lang='lat' dir='ltr'><strong>consolationis</strong></span> <span class='ocrx_word' id='word_1_380' title='bbox 2786 2130 2871 2200; x_wconf 90' lang='lat' dir='ltr'><strong>(ut</strong></span> <span class='ocrx_word' id='word_1_381' title='bbox 2897 2130 3093 2187; x_wconf 86' lang='lat' dir='ltr'><strong>Paulus</strong></span> <span class='ocrx_word' id='word_1_382' title='bbox 3130 2132 3229 2200; x_wconf 89' lang='lat' dir='ltr'><strong>ait)</strong></span> <span class='ocrx_word' id='word_1_383' title='bbox 3260 2134 3433 2188; x_wconf 53' lang='lat' dir='ltr'><strong>fontes</strong></span> <span class='ocrx_word' id='word_1_384' title='bbox 3466 2135 3737 2189; x_wconf 74' lang='lat' dir='ltr'><strong>ube‘t&#39;imos</strong></span> <span class='ocrx_word' id='word_1_385' title='bbox 3796 2166 3805 2175; x_wconf 69' lang='grc' dir='ltr'><em>α</em></span> 
     </span>
    </p>
   </div>
   <div class='ocr_carea' id='block_1_52' title="bbox 2178 2218 3737 2304">
    <p class='ocr_par' dir='ltr' id='par_1_52' title="bbox 2178 2218 3737 2304">
     <span class='ocr_line' id='line_1_52' title="bbox 2178 2218 3737 2304; baseline 0.006 -33"><span class='ocrx_word' id='word_1_386' title='bbox 2178 2218 2517 2284; x_wconf 88' lang='lat' dir='ltr'><strong>consultum,</strong></span> <span class='ocrx_word' id='word_1_387' title='bbox 2564 2228 2619 2273; x_wconf 92' lang='lat' dir='ltr'><strong>tu</strong></span> <span class='ocrx_word' id='word_1_388' title='bbox 2666 2229 2842 2276; x_wconf 89' lang='lat' dir='ltr'><strong>tamen</strong></span> <span class='ocrx_word' id='word_1_389' title='bbox 2883 2230 2962 2275; x_wconf 91' lang='lat' dir='ltr'><strong>tot</strong></span> <span class='ocrx_word' id='word_1_390' title='bbox 2991 2233 3205 2292; x_wconf 84' lang='lat' dir='ltr'><strong>tamque</strong></span> <span class='ocrx_word' id='word_1_391' title='bbox 3248 2225 3462 2304; x_wconf 59' lang='lat' dir='ltr'><strong>infestis</strong></span> <span class='ocrx_word' id='word_1_392' title='bbox 3502 2228 3737 2282; x_wconf 83' lang='lat' dir='ltr'><strong>bellorum</strong></span> 
     </span>
    </p>
   </div>
   <div class='ocr_carea' id='block_1_53' title="bbox 2182 2309 3738 2384">
    <p class='ocr_par' dir='ltr' id='par_1_53' title="bbox 2182 2309 3738 2384">
     <span class='ocr_line' id='line_1_53' title="bbox 2182 2309 3738 2384; baseline 0.01 -25"><span class='ocrx_word' id='word_1_393' title='bbox 2182 2309 2565 2375; x_wconf 86' lang='lat' dir='ltr'><strong>avocamentis,</strong></span> <span class='ocrx_word' id='word_1_394' title='bbox 2591 2318 2664 2364; x_wconf 90' lang='lat' dir='ltr'><strong>tot</strong></span> <span class='ocrx_word' id='word_1_395' title='bbox 2694 2311 2939 2381; x_wconf 87' lang='lat' dir='ltr'><strong>ancipitis</strong></span> <span class='ocrx_word' id='word_1_396' title='bbox 2970 2323 3182 2384; x_wconf 82' lang='lat' dir='ltr'><strong>tamque</strong></span> <span class='ocrx_word' id='word_1_397' title='bbox 3201 2319 3363 2371; x_wconf 66' lang='lat' dir='ltr'><strong>varia:</strong></span> <span class='ocrx_word' id='word_1_398' title='bbox 3388 2318 3611 2372; x_wconf 69' lang='lat' dir='ltr'><strong>fortunae</strong></span> <span class='ocrx_word' id='word_1_399' title='bbox 3637 2320 3738 2373; x_wconf 91' lang='lat' dir='ltr'><strong>col-</strong></span> 
     </span>
    </p>
   </div>
   <div class='ocr_carea' id='block_1_54' title="bbox 2180 2399 3738 2468">
    <p class='ocr_par' dir='ltr' id='par_1_54' title="bbox 2180 2399 3738 2468">
     <span class='ocr_line' id='line_1_54' title="bbox 2180 2399 3738 2468; baseline 0.006 -15"><span class='ocrx_word' id='word_1_400' title='bbox 2180 2399 2561 2454; x_wconf 73' lang='lat' dir='ltr'><strong>lm-Iationibns</strong></span> <span class='ocrx_word' id='word_1_401' title='bbox 2601 2401 2668 2454; x_wconf 83' lang='lat' dir='ltr'><strong>ab</strong></span> <span class='ocrx_word' id='word_1_402' title='bbox 2708 2404 2978 2468; x_wconf 83' lang='lat' dir='ltr'><strong>auspicata</strong></span> <span class='ocrx_word' id='word_1_403' title='bbox 3025 2407 3191 2459; x_wconf 84' lang='lat' dir='ltr'><strong>semel</strong></span> <span class='ocrx_word' id='word_1_404' title='bbox 3238 2407 3488 2463; x_wconf 88' lang='lat' dir='ltr'><strong>Primasii</strong></span> <span class='ocrx_word' id='word_1_405' title='bbox 3537 2411 3738 2463; x_wconf 79' lang='lat' dir='ltr'><strong>lcetioue</strong></span> 
     </span>
    </p>
   </div>
   <div class='ocr_carea' id='block_1_55' title="bbox 2179 2489 3739 2560">
    <p class='ocr_par' dir='ltr' id='par_1_55' title="bbox 2179 2489 3739 2560">
     <span class='ocr_line' id='line_1_55' title="bbox 2179 2489 3739 2560; baseline 0.007 -18"><span class='ocrx_word' id='word_1_406' title='bbox 2179 2489 2356 2543; x_wconf 82' lang='lat' dir='ltr'><strong>diduci</strong></span> <span class='ocrx_word' id='word_1_407' title='bbox 2386 2489 2693 2558; x_wconf 79' lang='lat' dir='ltr'><strong>nequiveris</strong></span> <span class='ocrx_word' id='word_1_408' title='bbox 2725 2505 2739 2542; x_wconf 91' lang='lat'>:</span> <span class='ocrx_word' id='word_1_409' title='bbox 2782 2504 2942 2560; x_wconf 87' lang='lat' dir='ltr'><strong>quem</strong></span> <span class='ocrx_word' id='word_1_410' title='bbox 2976 2492 3188 2548; x_wconf 82' lang='lat' dir='ltr'><strong>interim</strong></span> <span class='ocrx_word' id='word_1_411' title='bbox 3215 2495 3340 2550; x_wconf 90' lang='lat' dir='ltr'><strong>dum</strong></span> <span class='ocrx_word' id='word_1_412' title='bbox 3381 2499 3479 2551; x_wconf 88' lang='lat' dir='ltr'><strong>uni</strong></span> <span class='ocrx_word' id='word_1_413' title='bbox 3514 2500 3601 2553; x_wconf 89' lang='lat' dir='ltr'><strong>tibi</strong></span> <span class='ocrx_word' id='word_1_414' title='bbox 3640 2516 3739 2553; x_wconf 77' lang='lat' dir='ltr'><strong>ter-</strong></span> 
     </span>
    </p>
   </div>
   <div class='ocr_carea' id='block_1_56' title="bbox 2180 2579 3738 2651">
    <p class='ocr_par' dir='ltr' id='par_1_56' title="bbox 2180 2579 3738 2651">
     <span class='ocr_line' id='line_1_56' title="bbox 2180 2579 3738 2651; baseline 0.007 -20"><span class='ocrx_word' id='word_1_415' title='bbox 2180 2579 2365 2633; x_wconf 87' lang='lat' dir='ltr'><strong>nacula</strong></span> <span class='ocrx_word' id='word_1_416' title='bbox 2396 2588 2578 2633; x_wconf 88' lang='lat' dir='ltr'><strong>nostra</strong></span> <span class='ocrx_word' id='word_1_417' title='bbox 2608 2579 2916 2649; x_wconf 84' lang='lat' dir='ltr'><strong>loquentem</strong></span> <span class='ocrx_word' id='word_1_418' title='bbox 2943 2582 3170 2649; x_wconf 85' lang='lat' dir='ltr'><strong>edimus,</strong></span> <span class='ocrx_word' id='word_1_419' title='bbox 3195 2599 3315 2651; x_wconf 87' lang='lat' dir='ltr'><strong>sua,</strong></span> <span class='ocrx_word' id='word_1_420' title='bbox 3338 2586 3443 2641; x_wconf 88' lang='lat' dir='ltr'><strong>hoc</strong></span> <span class='ocrx_word' id='word_1_421' title='bbox 3473 2598 3556 2644; x_wconf 86' lang='lat' dir='ltr'><strong>est</strong></span> <span class='ocrx_word' id='word_1_422' title='bbox 3575 2589 3738 2643; x_wconf 85' lang='lat' dir='ltr'><strong>Latina</strong></span> 
     </span>
    </p>
   </div>
   <div class='ocr_carea' id='block_1_57' title="bbox 2180 2670 3739 2745">
    <p class='ocr_par' dir='ltr' id='par_1_57' title="bbox 2180 2670 3739 2745">
     <span class='ocr_line' id='line_1_57' title="bbox 2180 2670 3739 2745; baseline 0.008 -23"><span class='ocrx_word' id='word_1_423' title='bbox 2180 2670 2483 2736; x_wconf 87' lang='lat' dir='ltr'><strong>loquentem</strong></span> <span class='ocrx_word' id='word_1_424' title='bbox 2511 2671 2612 2725; x_wconf 87' lang='lat' dir='ltr'><strong>sub</strong></span> <span class='ocrx_word' id='word_1_425' title='bbox 2633 2671 2734 2726; x_wconf 90' lang='lat' dir='ltr'><strong>tuis</strong></span> <span class='ocrx_word' id='word_1_426' title='bbox 2757 2672 3037 2741; x_wconf 85' lang='lat' dir='ltr'><strong>auspiciis,</strong></span> <span class='ocrx_word' id='word_1_427' title='bbox 3053 2682 3250 2745; x_wconf 84' lang='lat' dir='ltr'><strong>tuoque</strong></span> <span class='ocrx_word' id='word_1_428' title='bbox 3267 2678 3491 2734; x_wconf 86' lang='lat' dir='ltr'><strong>nomine</strong></span> <span class='ocrx_word' id='word_1_429' title='bbox 3510 2681 3739 2734; x_wconf 64' lang='grc' dir='ltr'><strong>διυάίὼίς</strong></span> 
     </span>
    </p>
   </div>
   <div class='ocr_carea' id='block_1_58' title="bbox 2178 2761 3741 2825">
    <p class='ocr_par' dir='ltr' id='par_1_58' title="bbox 2178 2761 3741 2825">
     <span class='ocr_line' id='line_1_58' title="bbox 2178 2761 3741 2825; baseline 0.008 -12"><span class='ocrx_word' id='word_1_430' title='bbox 2178 2761 2423 2815; x_wconf 89' lang='lat' dir='ltr'><strong>omnibus</strong></span> <span class='ocrx_word' id='word_1_431' title='bbox 2444 2761 2764 2816; x_wconf 79' lang='lat' dir='ltr'><strong>versandum</strong></span> <span class='ocrx_word' id='word_1_432' title='bbox 2782 2763 3049 2819; x_wconf 87' lang='lat' dir='ltr'><strong>dedimus.</strong></span> <span class='ocrx_word' id='word_1_433' title='bbox 3078 2764 3246 2821; x_wconf 90' lang='lat' dir='ltr'><strong>Porro</strong></span> <span class='ocrx_word' id='word_1_434' title='bbox 3267 2777 3451 2823; x_wconf 88' lang='lat' dir='ltr'><strong>autem</strong></span> <span class='ocrx_word' id='word_1_435' title='bbox 3477 2785 3595 2825; x_wconf 80' lang='lat' dir='ltr'><strong>cum</strong></span> <span class='ocrx_word' id='word_1_436' title='bbox 3616 2781 3741 2825; x_wconf 85' lang='lat' dir='ltr'><strong>totus</strong></span> 
     </span>
    </p>
   </div>
   <div class='ocr_carea' id='block_1_59' title="bbox 2180 2851 3741 2929">
    <p class='ocr_par' dir='ltr' id='par_1_59' title="bbox 2180 2851 3741 2929">
     <span class='ocr_line' id='line_1_59' title="bbox 2180 2851 3741 2929; baseline 0.008 -26"><span class='ocrx_word' id='word_1_437' title='bbox 2180 2851 2233 2903; x_wconf 92' lang='lat' dir='ltr'><strong>iu</strong></span> <span class='ocrx_word' id='word_1_438' title='bbox 2277 2852 2552 2905; x_wconf 86' lang='lat' dir='ltr'><strong>elevandis</strong></span> <span class='ocrx_word' id='word_1_439' title='bbox 2578 2851 2852 2908; x_wconf 86' lang='lat' dir='ltr'><strong>hominum</strong></span> <span class='ocrx_word' id='word_1_440' title='bbox 2897 2854 3131 2921; x_wconf 82' lang='lat' dir='ltr'><strong>meritis,</strong></span> <span class='ocrx_word' id='word_1_441' title='bbox 3165 2856 3376 2929; x_wconf 88' lang='lat' dir='ltr'><strong>fideque</strong></span> <span class='ocrx_word' id='word_1_442' title='bbox 3414 2870 3622 2916; x_wconf 84' lang='lat' dir='ltr'><strong>tantum</strong></span> <span class='ocrx_word' id='word_1_443' title='bbox 3659 2878 3741 2918; x_wconf 76' lang='lat' dir='ltr'><strong>ex-</strong></span> 
     </span>
    </p>
   </div>
   <div class='ocr_carea' id='block_1_60' title="bbox 2181 2943 3739 3019">
    <p class='ocr_par' dir='ltr' id='par_1_60' title="bbox 2181 2943 3739 3019">
     <span class='ocr_line' id='line_1_60' title="bbox 2181 2943 3739 3019; baseline 0.008 -23"><span class='ocrx_word' id='word_1_444' title='bbox 2181 2943 2411 2999; x_wconf 74' lang='lat' dir='ltr'><strong>toilenda</strong></span> <span class='ocrx_word' id='word_1_445' title='bbox 2440 2944 2686 2998; x_wconf 86' lang='lat' dir='ltr'><strong>videatur</strong></span> <span class='ocrx_word' id='word_1_446' title='bbox 2710 2960 2831 3000; x_wconf 84' lang='lat' dir='ltr'><strong>esse</strong></span> <span class='ocrx_word' id='word_1_447' title='bbox 2854 2944 3164 3013; x_wconf 88' lang='lat' dir='ltr'><strong>Primasius,</strong></span> <span class='ocrx_word' id='word_1_448' title='bbox 3198 2963 3267 3005; x_wconf 90' lang='lat' dir='ltr'><strong>ne</strong></span> <span class='ocrx_word' id='word_1_449' title='bbox 3296 2966 3397 3019; x_wconf 87' lang='lat' dir='ltr'><strong>qua</strong></span> <span class='ocrx_word' id='word_1_450' title='bbox 3428 2954 3555 3008; x_wconf 87' lang='lat' dir='ltr'><strong>inde</strong></span> <span class='ocrx_word' id='word_1_451' title='bbox 3583 2952 3630 3007; x_wconf 88' lang='lat' dir='ltr'><strong>in</strong></span> <span class='ocrx_word' id='word_1_452' title='bbox 3659 2968 3739 3008; x_wconf 85' lang='lat' dir='ltr'><strong>ve-</strong></span> 
     </span>
    </p>
   </div>
   <div class='ocr_carea' id='block_1_61' title="bbox 2179 3035 3742 3114">
    <p class='ocr_par' dir='ltr' id='par_1_61' title="bbox 2179 3035 3742 3114">
     <span class='ocr_line' id='line_1_61' title="bbox 2179 3035 3742 3114; baseline 0.009 -29"><span class='ocrx_word' id='word_1_453' title='bbox 2179 3040 2348 3089; x_wconf 86' lang='lat' dir='ltr'><strong>terem</strong></span> <span class='ocrx_word' id='word_1_454' title='bbox 2363 3056 2383 3084; x_wconf 62' lang='grc' dir='ltr'>ι</span> <span class='ocrx_word' id='word_1_455' title='bbox 2396 3036 2638 3103; x_wconf 82' lang='lat' dir='ltr'><strong>tquejam</strong></span> <span class='ocrx_word' id='word_1_456' title='bbox 2653 3035 2780 3090; x_wconf 90' lang='lat' dir='ltr'><strong>olim</strong></span> <span class='ocrx_word' id='word_1_457' title='bbox 2801 3036 2871 3091; x_wconf 88' lang='lat' dir='ltr'><strong>ab</strong></span> <span class='ocrx_word' id='word_1_458' title='bbox 2887 3037 3227 3095; x_wconf 80' lang='lat' dir='ltr'><strong>adolescente</strong></span> <span class='ocrx_word' id='word_1_459' title='bbox 3246 3041 3492 3097; x_wconf 84' lang='lat' dir='ltr'><strong>Ecclesia</strong></span> <span class='ocrx_word' id='word_1_460' title='bbox 3507 3055 3742 3114; x_wconf 70' lang='lat' dir='ltr'><strong>ereptam,</strong></span> 
     </span>
    </p>
   </div>
   <div class='ocr_carea' id='block_1_62' title="bbox 2180 3134 3741 3205">
    <p class='ocr_par' dir='ltr' id='par_1_62' title="bbox 2180 3134 3741 3205">
     <span class='ocr_line' id='line_1_62' title="bbox 2180 3134 3741 3205; baseline 0.008 -26"><span class='ocrx_word' id='word_1_461' title='bbox 2180 3139 2323 3179; x_wconf 86' lang='lat' dir='ltr'><strong>nunc</strong></span> <span class='ocrx_word' id='word_1_462' title='bbox 2344 3140 2474 3179; x_wconf 86' lang='lat' dir='ltr'><strong>vero</strong></span> <span class='ocrx_word' id='word_1_463' title='bbox 2496 3136 2674 3181; x_wconf 83' lang='lat' dir='ltr'><strong>nostra</strong></span> <span class='ocrx_word' id='word_1_464' title='bbox 2701 3138 2857 3184; x_wconf 62' lang='lat' dir='ltr'><strong>aetate</strong></span> <span class='ocrx_word' id='word_1_465' title='bbox 2877 3140 3136 3186; x_wconf 81' lang='lat' dir='ltr'><strong>resanam</strong></span> <span class='ocrx_word' id='word_1_466' title='bbox 3161 3134 3407 3188; x_wconf 66' lang='lat' dir='ltr'><strong>haeresim</strong></span> <span class='ocrx_word' id='word_1_467' title='bbox 3444 3137 3741 3205; x_wconf 76' lang='lat' dir='ltr'><strong>prol..buudi</strong></span> 
     </span>
    </p>
   </div>
   <div class='ocr_carea' id='block_1_63' title="bbox 496 3203 2066 3302">
    <p class='ocr_par' dir='ltr' id='par_1_63' title="bbox 496 3222 2066 3299">
     <span class='ocr_line' id='line_1_63' title="bbox 496 3222 2066 3299; baseline 0.008 -26"><span class='ocrx_word' id='word_1_468' title='bbox 496 3222 830 3278; x_wconf 75' lang='lat' dir='ltr'><strong>difficillimis</strong></span> <span class='ocrx_word' id='word_1_469' title='bbox 850 3263 865 3290; x_wconf 90' lang='lat'><strong>,</strong></span> <span class='ocrx_word' id='word_1_470' title='bbox 896 3233 1002 3279; x_wconf 89' lang='lat' dir='ltr'><strong>tam</strong></span> <span class='ocrx_word' id='word_1_471' title='bbox 1036 3225 1258 3281; x_wconf 87' lang='lat' dir='ltr'><strong>facunda</strong></span> <span class='ocrx_word' id='word_1_472' title='bbox 1299 3228 1559 3282; x_wconf 84' lang='lat' dir='ltr'><strong>brevitate</strong></span> <span class='ocrx_word' id='word_1_473' title='bbox 1589 3227 1660 3282; x_wconf 89' lang='lat' dir='ltr'><strong>ita</strong></span> <span class='ocrx_word' id='word_1_474' title='bbox 1691 3229 1986 3299; x_wconf 83' lang='lat' dir='ltr'><strong>gratiosus,</strong></span> <span class='ocrx_word' id='word_1_475' title='bbox 2018 3239 2066 3285; x_wconf 92' lang='lat' dir='ltr'><strong>ut</strong></span> 
     </span>
    </p>
   </div>
   <div class='ocr_carea' id='block_1_64' title="bbox 2171 3203 3743 3302">
    <p class='ocr_par' dir='ltr' id='par_1_64' title="bbox 2180 3224 3743 3302">
     <span class='ocr_line' id='line_1_64' title="bbox 2180 3224 3743 3302; baseline 0.008 -28"><span class='ocrx_word' id='word_1_476' title='bbox 2180 3231 2422 3277; x_wconf 89' lang='lat' dir='ltr'><strong>sumatur</strong></span> <span class='ocrx_word' id='word_1_477' title='bbox 2442 3224 2676 3289; x_wconf 86' lang='lat' dir='ltr'><strong>occasio,</strong></span> <span class='ocrx_word' id='word_1_478' title='bbox 2699 3228 3045 3293; x_wconf 90' lang='lat' dir='ltr'><strong>repetendum</strong></span> <span class='ocrx_word' id='word_1_479' title='bbox 3063 3227 3190 3282; x_wconf 74' lang='lat' dir='ltr'><strong>duxi</strong></span> <span class='ocrx_word' id='word_1_480' title='bbox 3215 3242 3275 3297; x_wconf 89' lang='lat' dir='ltr'><strong>pa</strong></span> <span class='ocrx_word' id='word_1_481' title='bbox 3286 3231 3372 3284; x_wconf 88' lang='lat' dir='ltr'><strong>nlo</strong></span> <span class='ocrx_word' id='word_1_482' title='bbox 3394 3231 3562 3286; x_wconf 86' lang='lat' dir='ltr'><strong>altius</strong></span> <span class='ocrx_word' id='word_1_483' title='bbox 3577 3231 3743 3302; x_wconf 73' lang='lat' dir='ltr'><strong>ejusce</strong></span> 
     </span>
    </p>
   </div>
   <div class='ocr_carea' id='block_1_65' title="bbox 491 3314 2072 3390">
    <p class='ocr_par' dir='ltr' id='par_1_65' title="bbox 491 3314 2072 3390">
     <span class='ocr_line' id='line_1_65' title="bbox 491 3314 2072 3390; baseline 0.006 -24"><span class='ocrx_word' id='word_1_484' title='bbox 491 3314 548 3366; x_wconf 80' lang='lat' dir='ltr'><strong>in</strong></span> <span class='ocrx_word' id='word_1_485' title='bbox 578 3315 645 3368; x_wconf 89' lang='lat' dir='ltr'><strong>iis</strong></span> <span class='ocrx_word' id='word_1_486' title='bbox 681 3330 800 3383; x_wconf 79' lang='lat' dir='ltr'><strong>qua:</strong></span> <span class='ocrx_word' id='word_1_487' title='bbox 830 3314 899 3370; x_wconf 91' lang='lat' dir='ltr'><strong>ob</strong></span> <span class='ocrx_word' id='word_1_488' title='bbox 926 3332 1189 3371; x_wconf 81' lang='lat' dir='ltr'><strong>summam</strong></span> <span class='ocrx_word' id='word_1_489' title='bbox 1232 3318 1529 3388; x_wconf 85' lang='lat' dir='ltr'><strong>argumenti</strong></span> <span class='ocrx_word' id='word_1_490' title='bbox 1556 3318 1919 3375; x_wconf 82' lang='lat' dir='ltr'><strong>difficultatem</strong></span> <span class='ocrx_word' id='word_1_491' title='bbox 1949 3334 2072 3390; x_wconf 82' lang='lat' dir='ltr'><strong>pro-</strong></span> 
     </span>
    </p>
   </div>
   <div class='ocr_carea' id='block_1_66' title="bbox 492 3406 2073 3473">
    <p class='ocr_par' dir='ltr' id='par_1_66' title="bbox 492 3406 2073 3473">
     <span class='ocr_line' id='line_1_66' title="bbox 492 3406 2073 3473; baseline 0.006 -16"><span class='ocrx_word' id='word_1_492' title='bbox 492 3406 603 3461; x_wconf 78' lang='lat' dir='ltr'><strong>lise</strong></span> <span class='ocrx_word' id='word_1_493' title='bbox 635 3409 816 3461; x_wconf 66' lang='lat' dir='ltr'><strong>caeleri</strong></span> <span class='ocrx_word' id='word_1_494' title='bbox 847 3416 1171 3473; x_wconf 83' lang='lat' dir='ltr'><strong>tractarunt,</strong></span> <span class='ocrx_word' id='word_1_495' title='bbox 1201 3410 1419 3464; x_wconf 89' lang='lat' dir='ltr'><strong>minime</strong></span> <span class='ocrx_word' id='word_1_496' title='bbox 1445 3410 1512 3464; x_wconf 86' lang='lat' dir='ltr'><strong>sit</strong></span> <span class='ocrx_word' id='word_1_497' title='bbox 1539 3409 1864 3467; x_wconf 84' lang='lat' dir='ltr'><strong>fastidiosus.</strong></span> <span class='ocrx_word' id='word_1_498' title='bbox 1909 3411 2073 3467; x_wconf 82' lang='lat' dir='ltr'><strong>Addit</strong></span> 
     </span>
    </p>
   </div>
   <div class='ocr_carea' id='block_1_67' title="bbox 490 3500 2068 3575">
    <p class='ocr_par' dir='ltr' id='par_1_67' title="bbox 490 3500 2068 3575">
     <span class='ocr_line' id='line_1_67' title="bbox 490 3500 2068 3575; baseline 0.008 -26"><span class='ocrx_word' id='word_1_499' title='bbox 490 3512 659 3565; x_wconf 78' lang='lat' dir='ltr'><strong>porro</strong></span> <span class='ocrx_word' id='word_1_500' title='bbox 688 3500 892 3553; x_wconf 85' lang='lat' dir='ltr'><strong>auctori</strong></span> <span class='ocrx_word' id='word_1_501' title='bbox 934 3501 1157 3571; x_wconf 86' lang='lat' dir='ltr'><strong>gratiam</strong></span> <span class='ocrx_word' id='word_1_502' title='bbox 1199 3502 1361 3571; x_wconf 91' lang='lat' dir='ltr'><strong>(quod</strong></span> <span class='ocrx_word' id='word_1_503' title='bbox 1393 3517 1491 3572; x_wconf 88' lang='lat' dir='ltr'><strong>ego</strong></span> <span class='ocrx_word' id='word_1_504' title='bbox 1521 3512 1571 3558; x_wconf 89' lang='lat' dir='ltr'><strong>te</strong></span> <span class='ocrx_word' id='word_1_505' title='bbox 1617 3505 1932 3575; x_wconf 90' lang='lat' dir='ltr'><strong>plerumque</strong></span> <span class='ocrx_word' id='word_1_506' title='bbox 1963 3521 2068 3561; x_wconf 90' lang='lat' dir='ltr'><strong>non</strong></span> 
     </span>
    </p>
   </div>
   <div class='ocr_carea' id='block_1_68' title="bbox 480 3589 2069 3665">
    <p class='ocr_par' dir='ltr' id='par_1_68' title="bbox 480 3589 2069 3665">
     <span class='ocr_line' id='line_1_68' title="bbox 480 3589 2069 3665; baseline 0.006 -23"><span class='ocrx_word' id='word_1_507' title='bbox 480 3589 615 3643; x_wconf 61' lang='lat' dir='ltr'><strong>«sine</strong></span> <span class='ocrx_word' id='word_1_508' title='bbox 638 3589 838 3660; x_wconf 68' lang='lat' dir='ltr'><strong>judicio</strong></span> <span class='ocrx_word' id='word_1_509' title='bbox 869 3590 1133 3647; x_wconf 88' lang='lat' dir='ltr'><strong>dicentem</strong></span> <span class='ocrx_word' id='word_1_510' title='bbox 1158 3592 1360 3662; x_wconf 87' lang='lat' dir='ltr'><strong>audivi)</strong></span> <span class='ocrx_word' id='word_1_511' title='bbox 1386 3595 1556 3664; x_wconf 76' lang='lat' dir='ltr'><strong>stylus</strong></span> <span class='ocrx_word' id='word_1_512' title='bbox 1582 3594 1754 3649; x_wconf 86' lang='lat' dir='ltr'><strong>dulcis</strong></span> <span class='ocrx_word' id='word_1_513' title='bbox 1778 3610 1840 3650; x_wconf 90' lang='lat' dir='ltr'><strong>ac</strong></span> <span class='ocrx_word' id='word_1_514' title='bbox 1867 3605 2069 3665; x_wconf 84' lang='lat' dir='ltr'><strong>tempe-</strong></span> 
     </span>
    </p>
   </div>
   <div class='ocr_carea' id='block_1_69' title="bbox 486 3680 2066 3751">
    <p class='ocr_par' dir='ltr' id='par_1_69' title="bbox 486 3680 2066 3751">
     <span class='ocr_line' id='line_1_69' title="bbox 486 3680 2066 3751; baseline 0.003 -16"><span class='ocrx_word' id='word_1_515' title='bbox 486 3688 665 3743; x_wconf 70' lang='lat' dir='ltr'><strong>ratus,</strong></span> <span class='ocrx_word' id='word_1_516' title='bbox 698 3690 751 3733; x_wconf 91' lang='lat' dir='ltr'><strong>et</strong></span> <span class='ocrx_word' id='word_1_517' title='bbox 784 3680 921 3734; x_wconf 89' lang='lat' dir='ltr'><strong>inter</strong></span> <span class='ocrx_word' id='word_1_518' title='bbox 952 3681 1298 3751; x_wconf 62' lang='lat' dir='ltr'><strong>paraphrasin</strong></span> <span class='ocrx_word' id='word_1_519' title='bbox 1329 3691 1487 3749; x_wconf 85' lang='lat' dir='ltr'><strong>atque</strong></span> <span class='ocrx_word' id='word_1_520' title='bbox 1518 3682 1788 3737; x_wconf 76' lang='lat' dir='ltr'><strong>liomiliam</strong></span> <span class='ocrx_word' id='word_1_521' title='bbox 1817 3685 2025 3740; x_wconf 77' lang='lat' dir='ltr'><strong>medius</strong></span> <span class='ocrx_word' id='word_1_522' title='bbox 2052 3702 2066 3739; x_wconf 87' lang='lat'><strong>:</strong></span> 
     </span>
    </p>
   </div>
   <div class='ocr_carea' id='block_1_70' title="bbox 486 3769 2063 3839">
    <p class='ocr_par' dir='ltr' id='par_1_70' title="bbox 486 3769 2063 3839">
     <span class='ocr_line' id='line_1_70' title="bbox 486 3769 2063 3839; baseline 0.005 -17"><span class='ocrx_word' id='word_1_523' title='bbox 486 3769 648 3839; x_wconf 81' lang='lat' dir='ltr'><strong>cujus</strong></span> <span class='ocrx_word' id='word_1_524' title='bbox 684 3780 736 3822; x_wconf 92' lang='lat' dir='ltr'><strong>tu</strong></span> <span class='ocrx_word' id='word_1_525' title='bbox 777 3770 946 3824; x_wconf 88' lang='lat' dir='ltr'><strong>semel</strong></span> <span class='ocrx_word' id='word_1_526' title='bbox 978 3770 1169 3825; x_wconf 87' lang='lat' dir='ltr'><strong>olfaeta</strong></span> <span class='ocrx_word' id='word_1_527' title='bbox 1208 3774 1467 3827; x_wconf 75' lang='lat' dir='ltr'><strong>suavitate</strong></span> <span class='ocrx_word' id='word_1_528' title='bbox 1494 3783 1681 3839; x_wconf 83' lang='lat' dir='ltr'><strong>captus</strong></span> <span class='ocrx_word' id='word_1_529' title='bbox 1725 3772 2063 3830; x_wconf 84' lang='lat' dir='ltr'><strong>vernaculam</strong></span> 
     </span>
    </p>
   </div>
   <div class='ocr_carea' id='block_1_71' title="bbox 482 3861 2067 3932">
    <p class='ocr_par' dir='ltr' id='par_1_71' title="bbox 482 3861 2067 3932">
     <span class='ocr_line' id='line_1_71' title="bbox 482 3861 2067 3932; baseline 0.004 -18"><span class='ocrx_word' id='word_1_530' title='bbox 482 3869 600 3914; x_wconf 70' lang='lat' dir='ltr'><strong>sam</strong></span> <span class='ocrx_word' id='word_1_531' title='bbox 640 3861 840 3929; x_wconf 76' lang='lat' dir='ltr'><strong>egregii</strong></span> <span class='ocrx_word' id='word_1_532' title='bbox 874 3861 993 3915; x_wconf 91' lang='lat' dir='ltr'><strong>libri</strong></span> <span class='ocrx_word' id='word_1_533' title='bbox 1040 3864 1341 3917; x_wconf 73' lang='lat' dir='ltr'><strong>Versinnent</strong></span> <span class='ocrx_word' id='word_1_534' title='bbox 1381 3864 1653 3932; x_wconf 88' lang='lat' dir='ltr'><strong>imperasti</strong></span> <span class='ocrx_word' id='word_1_535' title='bbox 1692 3865 1891 3920; x_wconf 87' lang='lat' dir='ltr'><strong>homini</strong></span> <span class='ocrx_word' id='word_1_536' title='bbox 1936 3865 2067 3920; x_wconf 90' lang='lat' dir='ltr'><strong>mihi</strong></span> 
     </span>
    </p>
   </div>
   <div class='ocr_carea' id='block_1_72' title="bbox 482 3952 2064 4027">
    <p class='ocr_par' dir='ltr' id='par_1_72' title="bbox 482 3952 2064 4027">
     <span class='ocr_line' id='line_1_72' title="bbox 482 3952 2064 4027; baseline 0.005 -22"><span class='ocrx_word' id='word_1_537' title='bbox 482 3952 555 4005; x_wconf 77' lang='lat' dir='ltr'><strong>ad</strong></span> <span class='ocrx_word' id='word_1_538' title='bbox 588 3967 705 4006; x_wconf 89' lang='lat' dir='ltr'><strong>catn</strong></span> <span class='ocrx_word' id='word_1_539' title='bbox 737 3968 851 4006; x_wconf 87' lang='lat' dir='ltr'><strong>rem</strong></span> <span class='ocrx_word' id='word_1_540' title='bbox 883 3968 985 4007; x_wconf 86' lang='lat' dir='ltr'><strong>non</strong></span> <span class='ocrx_word' id='word_1_541' title='bbox 1023 3955 1153 4009; x_wconf 83' lang='lat' dir='ltr'><strong>satis</strong></span> <span class='ocrx_word' id='word_1_542' title='bbox 1184 3955 1406 4018; x_wconf 89' lang='lat' dir='ltr'><strong>idoneo,</strong></span> <span class='ocrx_word' id='word_1_543' title='bbox 1436 3958 1631 4026; x_wconf 89' lang='lat' dir='ltr'><strong>quippe</strong></span> <span class='ocrx_word' id='word_1_544' title='bbox 1660 3957 1749 4027; x_wconf 89' lang='lat' dir='ltr'><strong>qui</strong></span> <span class='ocrx_word' id='word_1_545' title='bbox 1784 3956 2064 4013; x_wconf 76' lang='lat' dir='ltr'><strong>facundum</strong></span> 
     </span>
    </p>
   </div>
   <div class='ocr_carea' id='block_1_73' title="bbox 480 4043 2049 4115">
    <p class='ocr_par' dir='ltr' id='par_1_73' title="bbox 480 4043 2049 4115">
     <span class='ocr_line' id='line_1_73' title="bbox 480 4043 2049 4115; baseline 0.003 -18"><span class='ocrx_word' id='word_1_546' title='bbox 480 4043 615 4097; x_wconf 71' lang='lat' dir='ltr'><strong>illud</strong></span> <span class='ocrx_word' id='word_1_547' title='bbox 635 4044 1140 4100; x_wconf 83' lang='lat' dir='ltr'><strong>vernaculedieendi</strong></span> <span class='ocrx_word' id='word_1_548' title='bbox 1175 4060 1341 4115; x_wconf 85' lang='lat' dir='ltr'><strong>genus</strong></span> <span class='ocrx_word' id='word_1_549' title='bbox 1368 4060 1634 4115; x_wconf 61' lang='lat' dir='ltr'><strong>nunquam</strong></span> <span class='ocrx_word' id='word_1_550' title='bbox 1665 4056 2049 4112; x_wconf 73' lang='lat' dir='ltr'><strong>tractaverant,</strong></span> 
     </span>
    </p>
   </div>
   <div class='ocr_carea' id='block_1_74' title="bbox 480 4135 2063 4203">
    <p class='ocr_par' dir='ltr' id='par_1_74' title="bbox 480 4135 2063 4203">
     <span class='ocr_line' id='line_1_74' title="bbox 480 4135 2063 4203; baseline 0.005 -18"><span class='ocrx_word' id='word_1_551' title='bbox 480 4135 753 4189; x_wconf 66' lang='lat' dir='ltr'><strong>e‘Cl’tttOttis</strong></span> <span class='ocrx_word' id='word_1_552' title='bbox 783 4136 939 4191; x_wconf 88' lang='lat' dir='ltr'><strong>aulici</strong></span> <span class='ocrx_word' id='word_1_553' title='bbox 970 4136 1136 4203; x_wconf 89' lang='lat' dir='ltr'><strong>rudis,</strong></span> <span class='ocrx_word' id='word_1_554' title='bbox 1164 4147 1217 4190; x_wconf 87' lang='lat' dir='ltr'><strong>et</strong></span> <span class='ocrx_word' id='word_1_555' title='bbox 1254 4149 1375 4191; x_wconf 86' lang='lat' dir='ltr'><strong>ante</strong></span> <span class='ocrx_word' id='word_1_556' title='bbox 1406 4152 1576 4193; x_wconf 90' lang='lat' dir='ltr'><strong>annos</strong></span> <span class='ocrx_word' id='word_1_557' title='bbox 1600 4139 1737 4194; x_wconf 91' lang='lat' dir='ltr'><strong>duos</strong></span> <span class='ocrx_word' id='word_1_558' title='bbox 1764 4140 1898 4194; x_wconf 73' lang='lat' dir='ltr'><strong>aula:</strong></span> <span class='ocrx_word' id='word_1_559' title='bbox 1925 4155 2063 4193; x_wconf 89' lang='lat' dir='ltr'><strong>nun-</strong></span> 
     </span>
    </p>
   </div>
   <div class='ocr_carea' id='block_1_75' title="bbox 488 4229 2062 4299">
    <p class='ocr_par' dir='ltr' id='par_1_75' title="bbox 488 4229 2062 4299">
     <span class='ocr_line' id='line_1_75' title="bbox 488 4229 2062 4299; baseline 0.008 -25"><span class='ocrx_word' id='word_1_560' title='bbox 488 4241 649 4293; x_wconf 71' lang='lat' dir='ltr'><strong>quam</strong></span> <span class='ocrx_word' id='word_1_561' title='bbox 711 4237 975 4281; x_wconf 70' lang='lat' dir='ltr'><strong>assuetos.</strong></span> <span class='ocrx_word' id='word_1_562' title='bbox 1027 4229 1257 4283; x_wconf 82' lang='lat' dir='ltr'><strong>Proinde</strong></span> <span class='ocrx_word' id='word_1_563' title='bbox 1303 4229 1460 4298; x_wconf 84' lang='lat' dir='ltr'><strong>hujus</strong></span> <span class='ocrx_word' id='word_1_564' title='bbox 1510 4246 1608 4299; x_wconf 80' lang='lat' dir='ltr'><strong>ego</strong></span> <span class='ocrx_word' id='word_1_565' title='bbox 1654 4248 1787 4285; x_wconf 70' lang='lat' dir='ltr'><strong>mea:</strong></span> <span class='ocrx_word' id='word_1_566' title='bbox 1817 4232 2062 4287; x_wconf 87' lang='lat' dir='ltr'><strong>ruditatis</strong></span> 
     </span>
    </p>
   </div>
   <div class='ocr_carea' id='block_1_76' title="bbox 490 4317 2062 4389">
    <p class='ocr_par' dir='ltr' id='par_1_76' title="bbox 490 4317 2062 4389">
     <span class='ocr_line' id='line_1_76' title="bbox 490 4317 2062 4389; baseline 0.008 -23"><span class='ocrx_word' id='word_1_567' title='bbox 490 4317 775 4382; x_wconf 76' lang='lat' dir='ltr'><strong>t&#39;OllSCillS,</strong></span> <span class='ocrx_word' id='word_1_568' title='bbox 824 4317 1105 4387; x_wconf 83' lang='lat' dir='ltr'><strong>imperium</strong></span> <span class='ocrx_word' id='word_1_569' title='bbox 1146 4329 1292 4373; x_wconf 88' lang='lat' dir='ltr'><strong>tuum</strong></span> <span class='ocrx_word' id='word_1_570' title='bbox 1345 4321 1464 4375; x_wconf 84' lang='lat' dir='ltr'><strong>ficta</strong></span> <span class='ocrx_word' id='word_1_571' title='bbox 1502 4324 1678 4389; x_wconf 90' lang='lat' dir='ltr'><strong>aliqua</strong></span> <span class='ocrx_word' id='word_1_572' title='bbox 1718 4324 2062 4378; x_wconf 75' lang='lat' dir='ltr'><strong>excusatione</strong></span> 
     </span>
    </p>
   </div>
   <div class='ocr_carea' id='block_1_77' title="bbox 489 4408 2061 4481">
    <p class='ocr_par' dir='ltr' id='par_1_77' title="bbox 489 4408 2061 4481">
     <span class='ocr_line' id='line_1_77' title="bbox 489 4408 2061 4481; baseline 0.01 -27"><span class='ocrx_word' id='word_1_573' title='bbox 489 4408 872 4461; x_wconf 61' lang='lat' dir='ltr'><strong>dcmectassem</strong></span> <span class='ocrx_word' id='word_1_574' title='bbox 925 4408 1140 4471; x_wconf 86' lang='lat' dir='ltr'><strong>lubens,</strong></span> <span class='ocrx_word' id='word_1_575' title='bbox 1195 4409 1293 4463; x_wconf 80' lang='lat' dir='ltr'><strong>nisi</strong></span> <span class='ocrx_word' id='word_1_576' title='bbox 1342 4409 1451 4480; x_wconf 88' lang='lat' dir='ltr'><strong>jam</strong></span> <span class='ocrx_word' id='word_1_577' title='bbox 1486 4412 1690 4479; x_wconf 89' lang='lat' dir='ltr'><strong>pridem</strong></span> <span class='ocrx_word' id='word_1_578' title='bbox 1742 4413 1936 4481; x_wconf 87' lang='lat' dir='ltr'><strong>ingenii</strong></span> <span class='ocrx_word' id='word_1_579' title='bbox 1987 4416 2061 4469; x_wconf 76' lang='lat' dir='ltr'><strong>tui</strong></span> 
     </span>
    </p>
   </div>
   <div class='ocr_carea' id='block_1_78' title="bbox 476 4497 2061 4572">
    <p class='ocr_par' dir='ltr' id='par_1_78' title="bbox 476 4497 2061 4572">
     <span class='ocr_line' id='line_1_78' title="bbox 476 4497 2061 4572; baseline 0.009 -25"><span class='ocrx_word' id='word_1_580' title='bbox 476 4497 772 4549; x_wconf 70' lang='lat' dir='ltr'><strong>candorem</strong></span> <span class='ocrx_word' id='word_1_581' title='bbox 827 4510 1038 4551; x_wconf 85' lang='lat' dir='ltr'><strong>nossem</strong></span> <span class='ocrx_word' id='word_1_582' title='bbox 1091 4508 1144 4553; x_wconf 90' lang='lat' dir='ltr'><strong>et</strong></span> <span class='ocrx_word' id='word_1_583' title='bbox 1199 4500 1544 4570; x_wconf 80' lang='lat' dir='ltr'><strong>facilitatem,</strong></span> <span class='ocrx_word' id='word_1_584' title='bbox 1596 4504 1858 4572; x_wconf 77' lang='lat' dir='ltr'><strong>simulque</strong></span> <span class='ocrx_word' id='word_1_585' title='bbox 1913 4506 2061 4562; x_wconf 88' lang='lat' dir='ltr'><strong>nefas</strong></span> 
     </span>
    </p>
   </div>
   <div class='ocr_carea' id='block_1_79' title="bbox 2175 3313 3742 3390">
    <p class='ocr_par' dir='ltr' id='par_1_79' title="bbox 2175 3313 3742 3390">
     <span class='ocr_line' id='line_1_79' title="bbox 2175 3313 3742 3390; baseline 0.004 -23"><span class='ocrx_word' id='word_1_586' title='bbox 2175 3313 2251 3368; x_wconf 84' lang='lat' dir='ltr'><strong>rei</strong></span> <span class='ocrx_word' id='word_1_587' title='bbox 2310 3325 2706 3383; x_wconf 88' lang='lat' dir='ltr'><strong>argumentum.</strong></span> <span class='ocrx_word' id='word_1_588' title='bbox 2760 3316 2870 3370; x_wconf 88' lang='lat' dir='ltr'><strong>Sub</strong></span> <span class='ocrx_word' id='word_1_589' title='bbox 2904 3316 3207 3389; x_wconf 86' lang='lat' dir='ltr'><strong>liieronymi</strong></span> <span class='ocrx_word' id='word_1_590' title='bbox 3251 3330 3305 3374; x_wconf 89' lang='lat' dir='ltr'><strong>et</strong></span> <span class='ocrx_word' id='word_1_591' title='bbox 3336 3320 3646 3390; x_wconf 81' lang='lat' dir='ltr'><strong>Augustini,</strong></span> <span class='ocrx_word' id='word_1_592' title='bbox 3690 3336 3742 3374; x_wconf 84' lang='lat' dir='ltr'><strong>ac</strong></span> 
     </span>
    </p>
   </div>
   <div class='ocr_carea' id='block_1_80' title="bbox 2173 3406 3742 3482">
    <p class='ocr_par' dir='ltr' id='par_1_80' title="bbox 2173 3406 3742 3482">
     <span class='ocr_line' id='line_1_80' title="bbox 2173 3406 3742 3482; baseline 0.003 -22"><span class='ocrx_word' id='word_1_593' title='bbox 2173 3406 2395 3478; x_wconf 88' lang='lat' dir='ltr'><strong>proinde</strong></span> <span class='ocrx_word' id='word_1_594' title='bbox 2419 3406 2576 3473; x_wconf 76' lang='lat' dir='ltr'><strong>hujus</strong></span> <span class='ocrx_word' id='word_1_595' title='bbox 2607 3406 2681 3460; x_wconf 93' lang='lat' dir='ltr'><strong>tui</strong></span> <span class='ocrx_word' id='word_1_596' title='bbox 2708 3406 2950 3461; x_wconf 85' lang='lat' dir='ltr'><strong>Primasii</strong></span> <span class='ocrx_word' id='word_1_597' title='bbox 2978 3409 3072 3477; x_wconf 89' lang='lat' dir='ltr'><strong>(ita</strong></span> <span class='ocrx_word' id='word_1_598' title='bbox 3103 3411 3241 3463; x_wconf 70' lang='lat' dir='ltr'><strong>cnim</strong></span> <span class='ocrx_word' id='word_1_599' title='bbox 3267 3410 3462 3465; x_wconf 85' lang='lat' dir='ltr'><strong>lubens</strong></span> <span class='ocrx_word' id='word_1_600' title='bbox 3490 3413 3742 3482; x_wconf 83' lang='lat' dir='ltr'><strong>appellare</strong></span> 
     </span>
    </p>
   </div>
   <div class='ocr_carea' id='block_1_81' title="bbox 2171 3500 3744 3570">
    <p class='ocr_par' dir='ltr' id='par_1_81' title="bbox 2171 3500 3744 3570">
     <span class='ocr_line' id='line_1_81' title="bbox 2171 3500 3744 3570; baseline 0 -15"><span class='ocrx_word' id='word_1_601' title='bbox 2171 3501 2339 3568; x_wconf 84' lang='lat' dir='ltr'><strong>so‘es)</strong></span> <span class='ocrx_word' id='word_1_602' title='bbox 2375 3509 2641 3570; x_wconf 87' lang='lat' dir='ltr'><strong>tempora,</strong></span> <span class='ocrx_word' id='word_1_603' title='bbox 2676 3500 2794 3555; x_wconf 70' lang='lat' dir='ltr'><strong>duae</strong></span> <span class='ocrx_word' id='word_1_604' title='bbox 2824 3503 3215 3557; x_wconf 86' lang='lat' dir='ltr'><strong>contrariarum</strong></span> <span class='ocrx_word' id='word_1_605' title='bbox 3246 3503 3480 3570; x_wconf 88' lang='lat' dir='ltr'><strong>partium</strong></span> <span class='ocrx_word' id='word_1_606' title='bbox 3526 3506 3744 3559; x_wconf 68' lang='lat' dir='ltr'><strong>hmreses</strong></span> 
     </span>
    </p>
   </div>
   <div class='ocr_carea' id='block_1_82' title="bbox 2173 3590 3743 3662">
    <p class='ocr_par' dir='ltr' id='par_1_82' title="bbox 2173 3590 3743 3662">
     <span class='ocr_line' id='line_1_82' title="bbox 2173 3590 3743 3662; baseline 0.003 -17"><span class='ocrx_word' id='word_1_607' title='bbox 2173 3603 2304 3645; x_wconf 74' lang='lat' dir='ltr'><strong>orta:</strong></span> <span class='ocrx_word' id='word_1_608' title='bbox 2332 3603 2453 3643; x_wconf 80' lang='lat' dir='ltr'><strong>sunt</strong></span> <span class='ocrx_word' id='word_1_609' title='bbox 2486 3609 2496 3643; x_wconf 94' lang='lat'>:</span> <span class='ocrx_word' id='word_1_610' title='bbox 2535 3590 2733 3662; x_wconf 85' lang='lat' dir='ltr'><strong>Pelagii</strong></span> <span class='ocrx_word' id='word_1_611' title='bbox 2762 3607 2897 3657; x_wconf 82' lang='lat' dir='ltr'><strong>una,</strong></span> <span class='ocrx_word' id='word_1_612' title='bbox 2941 3594 3106 3647; x_wconf 80' lang='lat' dir='ltr'><strong>altera</strong></span> <span class='ocrx_word' id='word_1_613' title='bbox 3137 3594 3411 3649; x_wconf 69' lang='lat' dir='ltr'><strong>Manichmi</strong></span> <span class='ocrx_word' id='word_1_614' title='bbox 3455 3613 3469 3649; x_wconf 90' lang='lat'><strong>:</strong></span> <span class='ocrx_word' id='word_1_615' title='bbox 3503 3596 3624 3650; x_wconf 79' lang='lat' dir='ltr'><strong>dtru</strong></span> <span class='ocrx_word' id='word_1_616' title='bbox 3664 3597 3743 3650; x_wconf 82' lang='lat' dir='ltr'><strong>ille</strong></span> 
     </span>
    </p>
   </div>
   <div class='ocr_carea' id='block_1_83' title="bbox 2170 3684 3741 3753">
    <p class='ocr_par' dir='ltr' id='par_1_83' title="bbox 2170 3684 3741 3753">
     <span class='ocr_line' id='line_1_83' title="bbox 2170 3684 3741 3753; baseline 0.003 -18"><span class='ocrx_word' id='word_1_617' title='bbox 2170 3686 2273 3737; x_wconf 66' lang='lat' dir='ltr'><strong>vim</strong></span> <span class='ocrx_word' id='word_1_618' title='bbox 2305 3686 2716 3753; x_wconf 61' lang='lat' dir='ltr'><strong>facultatemque</strong></span> <span class='ocrx_word' id='word_1_619' title='bbox 2742 3684 2895 3737; x_wconf 83' lang='lat' dir='ltr'><strong>liberi</strong></span> <span class='ocrx_word' id='word_1_620' title='bbox 2925 3684 3005 3738; x_wconf 91' lang='lat' dir='ltr'><strong>sic</strong></span> <span class='ocrx_word' id='word_1_621' title='bbox 3035 3685 3247 3738; x_wconf 71' lang='grc' dir='ltr'><strong>ιιιιυιιὴι</strong></span> <span class='ocrx_word' id='word_1_622' title='bbox 3275 3687 3519 3751; x_wconf 79' lang='lat' dir='ltr'><strong>arbitrii,</strong></span> <span class='ocrx_word' id='word_1_623' title='bbox 3548 3688 3741 3741; x_wconf 87' lang='lat' dir='ltr'><strong>nullum</strong></span> 
     </span>
    </p>
   </div>
   <div class='ocr_carea' id='block_1_84' title="bbox 2170 3773 3741 3844">
    <p class='ocr_par' dir='ltr' id='par_1_84' title="bbox 2170 3773 3741 3844">
     <span class='ocr_line' id='line_1_84' title="bbox 2170 3773 3741 3844; baseline -0.001 -15"><span class='ocrx_word' id='word_1_624' title='bbox 2170 3785 2229 3829; x_wconf 93' lang='lat' dir='ltr'><strong>ut</strong></span> <span class='ocrx_word' id='word_1_625' title='bbox 2262 3773 2354 3828; x_wconf 88' lang='lat' dir='ltr'><strong>Dei</strong></span> <span class='ocrx_word' id='word_1_626' title='bbox 2385 3774 2567 3842; x_wconf 76' lang='lat' dir='ltr'><strong>gratia:</strong></span> <span class='ocrx_word' id='word_1_627' title='bbox 2592 3775 2765 3828; x_wconf 91' lang='lat' dir='ltr'><strong>locum</strong></span> <span class='ocrx_word' id='word_1_628' title='bbox 2804 3774 2962 3829; x_wconf 82' lang='lat' dir='ltr'><strong>faciat</strong></span> <span class='ocrx_word' id='word_1_629' title='bbox 2988 3776 3275 3844; x_wconf 87' lang='lat' dir='ltr'><strong>reliquum;</strong></span> <span class='ocrx_word' id='word_1_630' title='bbox 3324 3776 3427 3831; x_wconf 86' lang='lat' dir='ltr'><strong>iste</strong></span> <span class='ocrx_word' id='word_1_631' title='bbox 3471 3793 3599 3833; x_wconf 73' lang='lat' dir='ltr'><strong>vero</strong></span> <span class='ocrx_word' id='word_1_632' title='bbox 3626 3779 3741 3830; x_wconf 86' lang='lat' dir='ltr'><strong>dum</strong></span> 
     </span>
    </p>
   </div>
   <div class='ocr_carea' id='block_1_85' title="bbox 2170 3864 3744 3934">
    <p class='ocr_par' dir='ltr' id='par_1_85' title="bbox 2170 3864 3744 3934">
     <span class='ocr_line' id='line_1_85' title="bbox 2170 3864 3744 3934; baseline 0.001 -15"><span class='ocrx_word' id='word_1_633' title='bbox 2170 3874 2338 3919; x_wconf 60' lang='lat' dir='ltr'><strong>totum</strong></span> <span class='ocrx_word' id='word_1_634' title='bbox 2370 3865 2465 3920; x_wconf 88' lang='lat' dir='ltr'><strong>Dei</strong></span> <span class='ocrx_word' id='word_1_635' title='bbox 2489 3865 2675 3934; x_wconf 80' lang='lat' dir='ltr'><strong>gratia:</strong></span> <span class='ocrx_word' id='word_1_636' title='bbox 2720 3866 2932 3930; x_wconf 88' lang='lat' dir='ltr'><strong>tribuit,</strong></span> <span class='ocrx_word' id='word_1_637' title='bbox 2964 3864 3169 3919; x_wconf 89' lang='lat' dir='ltr'><strong>otiosos</strong></span> <span class='ocrx_word' id='word_1_638' title='bbox 3211 3881 3313 3920; x_wconf 84' lang='lat' dir='ltr'><strong>nos</strong></span> <span class='ocrx_word' id='word_1_639' title='bbox 3348 3881 3476 3922; x_wconf 55' lang='lat' dir='ltr'><strong>esae</strong></span> <span class='ocrx_word' id='word_1_640' title='bbox 3507 3869 3643 3934; x_wconf 88' lang='lat' dir='ltr'><strong>vult,</strong></span> <span class='ocrx_word' id='word_1_641' title='bbox 3686 3882 3744 3920; x_wconf 74' lang='lat' dir='ltr'><strong>ac</strong></span> 
     </span>
    </p>
   </div>
   <div class='ocr_carea' id='block_1_86' title="bbox 2169 3955 3740 4027">
    <p class='ocr_par' dir='ltr' id='par_1_86' title="bbox 2169 3955 3740 4027">
     <span class='ocr_line' id='line_1_86' title="bbox 2169 3955 3740 4027; baseline -0.001 -17"><span class='ocrx_word' id='word_1_642' title='bbox 2169 3956 2326 4027; x_wconf 85' lang='lat' dir='ltr'><strong>plane</strong></span> <span class='ocrx_word' id='word_1_643' title='bbox 2355 3955 2729 4021; x_wconf 85' lang='lat' dir='ltr'><strong>dormitantes,</strong></span> <span class='ocrx_word' id='word_1_644' title='bbox 2754 3956 2993 4025; x_wconf 87' lang='lat' dir='ltr'><strong>nihilque</strong></span> <span class='ocrx_word' id='word_1_645' title='bbox 3013 3955 3082 4012; x_wconf 84' lang='lat' dir='ltr'><strong>de</strong></span> <span class='ocrx_word' id='word_1_646' title='bbox 3103 3965 3309 4022; x_wconf 89' lang='lat' dir='ltr'><strong>nostro,</strong></span> <span class='ocrx_word' id='word_1_647' title='bbox 3339 3972 3402 4011; x_wconf 88' lang='lat' dir='ltr'><strong>ac</strong></span> <span class='ocrx_word' id='word_1_648' title='bbox 3435 3975 3507 4013; x_wconf 87' lang='lat' dir='ltr'><strong>ne</strong></span> <span class='ocrx_word' id='word_1_649' title='bbox 3528 3973 3740 4012; x_wconf 71' lang='lat' dir='ltr'><strong>consut-</strong></span> 
     </span>
    </p>
   </div>
   <div class='ocr_carea' id='block_1_87' title="bbox 2168 4032 3739 4114">
    <p class='ocr_par' dir='ltr' id='par_1_87' title="bbox 2168 4032 3739 4114">
     <span class='ocr_line' id='line_1_87' title="bbox 2168 4032 3739 4114; baseline 0.001 -15"><span class='ocrx_word' id='word_1_650' title='bbox 2168 4032 2374 4101; x_wconf 83' lang='lat' dir='ltr'><strong>siouem</strong></span> <span class='ocrx_word' id='word_1_651' title='bbox 2425 4045 2640 4114; x_wconf 89' lang='lat' dir='ltr'><strong>quidem</strong></span> <span class='ocrx_word' id='word_1_652' title='bbox 2685 4046 2970 4099; x_wconf 87' lang='lat' dir='ltr'><strong>voluntatis</strong></span> <span class='ocrx_word' id='word_1_653' title='bbox 3017 4046 3177 4100; x_wconf 92' lang='lat' dir='ltr'><strong>ullam</strong></span> <span class='ocrx_word' id='word_1_654' title='bbox 3218 4046 3329 4101; x_wconf 87' lang='lat' dir='ltr'><strong>Deo</strong></span> <span class='ocrx_word' id='word_1_655' title='bbox 3378 4049 3739 4103; x_wconf 72' lang='lat' dir='ltr'><strong>c0nferent.-s.</strong></span> 
     </span>
    </p>
   </div>
   <div class='ocr_carea' id='block_1_88' title="bbox 2168 4135 3741 4193">
    <p class='ocr_par' dir='ltr' id='par_1_88' title="bbox 2168 4135 3741 4193">
     <span class='ocr_line' id='line_1_88' title="bbox 2168 4135 3741 4193; baseline -0.001 -3"><span class='ocrx_word' id='word_1_656' title='bbox 2168 4135 2400 4192; x_wconf 90' lang='lat' dir='ltr'><strong>Proinde</strong></span> <span class='ocrx_word' id='word_1_657' title='bbox 2428 4137 2480 4189; x_wconf 92' lang='lat' dir='ltr'><strong>in</strong></span> <span class='ocrx_word' id='word_1_658' title='bbox 2510 4144 2711 4190; x_wconf 90' lang='lat' dir='ltr'><strong>tantum</strong></span> <span class='ocrx_word' id='word_1_659' title='bbox 2744 4136 3085 4190; x_wconf 87' lang='lat' dir='ltr'><strong>invalueruut</strong></span> <span class='ocrx_word' id='word_1_660' title='bbox 3127 4135 3179 4189; x_wconf 93' lang='lat' dir='ltr'><strong>id</strong></span> <span class='ocrx_word' id='word_1_661' title='bbox 3208 4138 3381 4190; x_wconf 81' lang='lat' dir='ltr'><strong>:etatis</strong></span> <span class='ocrx_word' id='word_1_662' title='bbox 3411 4138 3741 4193; x_wconf 84' lang='lat' dir='ltr'><strong>diversarum</strong></span> 
     </span>
    </p>
   </div>
   <div class='ocr_carea' id='block_1_89' title="bbox 2169 4227 3745 4298">
    <p class='ocr_par' dir='ltr' id='par_1_89' title="bbox 2169 4227 3745 4298">
     <span class='ocr_line' id='line_1_89' title="bbox 2169 4227 3745 4298; baseline 0.002 -17"><span class='ocrx_word' id='word_1_663' title='bbox 2169 4227 2399 4297; x_wconf 83' lang='lat' dir='ltr'><strong>partium</strong></span> <span class='ocrx_word' id='word_1_664' title='bbox 2431 4236 2625 4292; x_wconf 62' lang='lat' dir='ltr'><strong>sectae,</strong></span> <span class='ocrx_word' id='word_1_665' title='bbox 2672 4234 2727 4280; x_wconf 90' lang='lat' dir='ltr'><strong>ut</strong></span> <span class='ocrx_word' id='word_1_666' title='bbox 2760 4235 2923 4281; x_wconf 86' lang='lat' dir='ltr'><strong>totam</strong></span> <span class='ocrx_word' id='word_1_667' title='bbox 2955 4241 3121 4296; x_wconf 89' lang='lat' dir='ltr'><strong>prope</strong></span> <span class='ocrx_word' id='word_1_668' title='bbox 3161 4230 3494 4296; x_wconf 87' lang='lat' dir='ltr'><strong>penetrarint</strong></span> <span class='ocrx_word' id='word_1_669' title='bbox 3535 4244 3599 4284; x_wconf 89' lang='lat' dir='ltr'><strong>ac</strong></span> <span class='ocrx_word' id='word_1_670' title='bbox 3634 4243 3745 4298; x_wconf 81' lang='lat' dir='ltr'><strong>per-</strong></span> 
     </span>
    </p>
   </div>
   <div class='ocr_carea' id='block_1_90' title="bbox 2168 4316 3743 4388">
    <p class='ocr_par' dir='ltr' id='par_1_90' title="bbox 2168 4316 3743 4388">
     <span class='ocr_line' id='line_1_90' title="bbox 2168 4316 3743 4388; baseline -0.001 -16"><span class='ocrx_word' id='word_1_671' title='bbox 2168 4318 2433 4373; x_wconf 88' lang='lat' dir='ltr'><strong>turbarint</strong></span> <span class='ocrx_word' id='word_1_672' title='bbox 2459 4317 2751 4373; x_wconf 87' lang='lat' dir='ltr'><strong>Ecclesiam</strong></span> <span class='ocrx_word' id='word_1_673' title='bbox 2787 4316 3039 4385; x_wconf 90' lang='lat' dir='ltr'><strong>:quando</strong></span> <span class='ocrx_word' id='word_1_674' title='bbox 3094 4318 3139 4374; x_wconf 89' lang='lat' dir='ltr'><strong>is</strong></span> <span class='ocrx_word' id='word_1_675' title='bbox 3193 4318 3370 4387; x_wconf 88' lang='lat' dir='ltr'><strong>quise</strong></span> <span class='ocrx_word' id='word_1_676' title='bbox 3398 4334 3428 4371; x_wconf 85' lang='lat' dir='ltr'><strong>a</strong></span> <span class='ocrx_word' id='word_1_677' title='bbox 3467 4319 3743 4388; x_wconf 77' lang='lat' dir='ltr'><strong>Pelagiana</strong></span> 
     </span>
    </p>
   </div>
   <div class='ocr_carea' id='block_1_91' title="bbox 2165 4408 3744 4480">
    <p class='ocr_par' dir='ltr' id='par_1_91' title="bbox 2165 4408 3744 4480">
     <span class='ocr_line' id='line_1_91' title="bbox 2165 4408 3744 4480; baseline 0 -14"><span class='ocrx_word' id='word_1_678' title='bbox 2165 4420 2470 4466; x_wconf 87' lang='lat' dir='ltr'><strong>commento</strong></span> <span class='ocrx_word' id='word_1_679' title='bbox 2489 4409 2754 4465; x_wconf 78' lang='lat' dir='ltr'><strong>estricarc</strong></span> <span class='ocrx_word' id='word_1_680' title='bbox 2774 4408 3051 4475; x_wconf 88' lang='lat' dir='ltr'><strong>studebat,</strong></span> <span class='ocrx_word' id='word_1_681' title='bbox 3088 4409 3187 4465; x_wconf 87' lang='lat' dir='ltr'><strong>nisi</strong></span> <span class='ocrx_word' id='word_1_682' title='bbox 3211 4410 3449 4479; x_wconf 88' lang='lat' dir='ltr'><strong>prudens</strong></span> <span class='ocrx_word' id='word_1_683' title='bbox 3470 4414 3744 4480; x_wconf 87' lang='lat' dir='ltr'><strong>solersque</strong></span> 
     </span>
    </p>
   </div>
   <div class='ocr_carea' id='block_1_92' title="bbox 2166 4499 3744 4571">
    <p class='ocr_par' dir='ltr' id='par_1_92' title="bbox 2166 4499 3744 4571">
     <span class='ocr_line' id='line_1_92' title="bbox 2166 4499 3744 4571; baseline -0.003 -15"><span class='ocrx_word' id='word_1_684' title='bbox 2166 4502 2420 4571; x_wconf 86' lang='lat' dir='ltr'><strong>judicium</strong></span> <span class='ocrx_word' id='word_1_685' title='bbox 2448 4500 2746 4563; x_wconf 86' lang='lat' dir='ltr'><strong>adhiberet,</strong></span> <span class='ocrx_word' id='word_1_686' title='bbox 2778 4499 2830 4553; x_wconf 93' lang='lat' dir='ltr'><strong>in</strong></span> <span class='ocrx_word' id='word_1_687' title='bbox 2855 4499 3129 4555; x_wconf 70' lang='lat' dir='ltr'><strong>Manichaei</strong></span> <span class='ocrx_word' id='word_1_688' title='bbox 3175 4515 3234 4557; x_wconf 85' lang='lat' dir='ltr'><strong>se</strong></span> <span class='ocrx_word' id='word_1_689' title='bbox 3265 4502 3573 4557; x_wconf 84' lang='lat' dir='ltr'><strong>involvebat</strong></span> <span class='ocrx_word' id='word_1_690' title='bbox 3604 4518 3744 4556; x_wconf 85' lang='lat' dir='ltr'><strong>erra-</strong></span> 
     </span>
    </p>
   </div>
   <div class='ocr_carea' id='block_1_93' title="bbox 484 4585 3745 4662">
    <p class='ocr_par' dir='ltr' id='par_1_93' title="bbox 484 4585 3745 4662">
     <span class='ocr_line' id='line_1_93' title="bbox 484 4585 3745 4662; baseline 0.004 -28"><span class='ocrx_word' id='word_1_691' title='bbox 484 4585 762 4638; x_wconf 74' lang='lat' dir='ltr'><strong>uuxisst-m</strong></span> <span class='ocrx_word' id='word_1_692' title='bbox 782 4629 795 4651; x_wconf 93' lang='lat'><strong>,</strong></span> <span class='ocrx_word' id='word_1_693' title='bbox 828 4596 935 4638; x_wconf 83' lang='lat' dir='ltr'><strong>tam</strong></span> <span class='ocrx_word' id='word_1_694' title='bbox 964 4586 1318 4642; x_wconf 85' lang='lat' dir='ltr'><strong>Christianam</strong></span> <span class='ocrx_word' id='word_1_695' title='bbox 1362 4600 1593 4646; x_wconf 85' lang='lat' dir='ltr'><strong>mentem</strong></span> <span class='ocrx_word' id='word_1_696' title='bbox 1615 4636 1630 4658; x_wconf 88' lang='lat'><strong>,</strong></span> <span class='ocrx_word' id='word_1_697' title='bbox 1661 4602 1919 4662; x_wconf 88' lang='lat' dir='ltr'><strong>quatenus</strong></span> <span class='ocrx_word' id='word_1_698' title='bbox 1954 4598 2061 4651; x_wconf 83' lang='lat' dir='ltr'><strong>Deo</strong></span> <span class='ocrx_word' id='word_1_699' title='bbox 2090 4588 2143 4649; x_wconf 90' lang='lat' dir='ltr'><strong>D</strong></span> <span class='ocrx_word' id='word_1_700' title='bbox 2169 4606 2301 4649; x_wconf 90' lang='lat' dir='ltr'><strong>tum.</strong></span> <span class='ocrx_word' id='word_1_701' title='bbox 2331 4595 2525 4649; x_wconf 87' lang='lat' dir='ltr'><strong>Contra</strong></span> <span class='ocrx_word' id='word_1_702' title='bbox 2558 4594 2648 4662; x_wconf 85' lang='lat' dir='ltr'><strong>qui</strong></span> <span class='ocrx_word' id='word_1_703' title='bbox 2674 4590 2952 4645; x_wconf 71' lang='lat' dir='ltr'><strong>Manichaei</strong></span> <span class='ocrx_word' id='word_1_704' title='bbox 2982 4606 3041 4648; x_wconf 91' lang='lat' dir='ltr'><strong>se</strong></span> <span class='ocrx_word' id='word_1_705' title='bbox 3068 4592 3330 4662; x_wconf 80' lang='lat' dir='ltr'><strong>dogmatis</strong></span> <span class='ocrx_word' id='word_1_706' title='bbox 3362 4593 3637 4661; x_wconf 78' lang='lat' dir='ltr'><strong>explicare</strong></span> <span class='ocrx_word' id='word_1_707' title='bbox 3658 4606 3745 4646; x_wconf 81' lang='lat' dir='ltr'><strong>co-</strong></span> 
     </span>
    </p>
   </div>
   <div class='ocr_carea' id='block_1_94' title="bbox 486 4677 2056 4747">
    <p class='ocr_par' dir='ltr' id='par_1_94' title="bbox 486 4677 2056 4747">
     <span class='ocr_line' id='line_1_94' title="bbox 486 4677 2056 4747; baseline 0.008 -19"><span class='ocrx_word' id='word_1_708' title='bbox 486 4677 649 4729; x_wconf 83' lang='lat' dir='ltr'><strong>daute</strong></span> <span class='ocrx_word' id='word_1_709' title='bbox 681 4688 915 4743; x_wconf 81' lang='lat' dir='ltr'><strong>possem,</strong></span> <span class='ocrx_word' id='word_1_710' title='bbox 945 4688 1050 4729; x_wconf 88' lang='lat' dir='ltr'><strong>non</strong></span> <span class='ocrx_word' id='word_1_711' title='bbox 1093 4678 1364 4745; x_wconf 79' lang='lat' dir='ltr'><strong>adjuvare.</strong></span> <span class='ocrx_word' id='word_1_712' title='bbox 1396 4681 1533 4747; x_wconf 85' lang='lat' dir='ltr'><strong>Quid</strong></span> <span class='ocrx_word' id='word_1_713' title='bbox 1557 4683 1699 4736; x_wconf 85' lang='lat' dir='ltr'><strong>enim</strong></span> <span class='ocrx_word' id='word_1_714' title='bbox 1744 4694 1850 4737; x_wconf 91' lang='lat' dir='ltr'><strong>tam</strong></span> <span class='ocrx_word' id='word_1_715' title='bbox 1892 4694 1975 4739; x_wconf 87' lang='lat' dir='ltr'><strong>est</strong></span> <span class='ocrx_word' id='word_1_716' title='bbox 2003 4688 2056 4740; x_wconf 90' lang='lat' dir='ltr'><strong>in</strong></span> 
     </span>
    </p>
   </div>
   <div class='ocr_carea' id='block_1_95' title="bbox 475 4764 2059 4841">
    <p class='ocr_par' dir='ltr' id='par_1_95' title="bbox 475 4764 2059 4841">
     <span class='ocr_line' id='line_1_95' title="bbox 475 4764 2059 4841; baseline 0.006 -20"><span class='ocrx_word' id='word_1_717' title='bbox 475 4765 665 4822; x_wconf 68' lang='lat' dir='ltr'><strong>officio</strong></span> <span class='ocrx_word' id='word_1_718' title='bbox 715 4764 949 4837; x_wconf 85' lang='lat' dir='ltr'><strong>theologi</strong></span> <span class='ocrx_word' id='word_1_719' title='bbox 1007 4769 1269 4833; x_wconf 89' lang='lat' dir='ltr'><strong>hominis,</strong></span> <span class='ocrx_word' id='word_1_720' title='bbox 1323 4784 1482 4839; x_wconf 81' lang='lat' dir='ltr'><strong>quam</strong></span> <span class='ocrx_word' id='word_1_721' title='bbox 1526 4772 1574 4825; x_wconf 91' lang='lat' dir='ltr'><strong>ei</strong></span> <span class='ocrx_word' id='word_1_722' title='bbox 1609 4773 1835 4841; x_wconf 88' lang='lat' dir='ltr'><strong>principi</strong></span> <span class='ocrx_word' id='word_1_723' title='bbox 1878 4788 2059 4831; x_wconf 85' lang='lat' dir='ltr'><strong>sacras</strong></span> 
     </span>
    </p>
   </div>
   <div class='ocr_carea' id='block_1_96' title="bbox 474 4857 2058 4932">
    <p class='ocr_par' dir='ltr' id='par_1_96' title="bbox 474 4857 2058 4932">
     <span class='ocr_line' id='line_1_96' title="bbox 474 4857 2058 4932; baseline 0.008 -23"><span class='ocrx_word' id='word_1_724' title='bbox 474 4858 696 4923; x_wconf 71' lang='lat' dir='ltr'><strong>aperire</strong></span> <span class='ocrx_word' id='word_1_725' title='bbox 754 4857 997 4925; x_wconf 82' lang='lat' dir='ltr'><strong>litteras,</strong></span> <span class='ocrx_word' id='word_1_726' title='bbox 1044 4858 1135 4927; x_wconf 90' lang='lat' dir='ltr'><strong>qui</strong></span> <span class='ocrx_word' id='word_1_727' title='bbox 1185 4874 1400 4914; x_wconf 85' lang='lat' dir='ltr'><strong>omnem</strong></span> <span class='ocrx_word' id='word_1_728' title='bbox 1451 4861 1504 4915; x_wconf 86' lang='lat' dir='ltr'><strong>in</strong></span> <span class='ocrx_word' id='word_1_729' title='bbox 1532 4865 1910 4932; x_wconf 82' lang='lat' dir='ltr'><strong>promovendis</strong></span> <span class='ocrx_word' id='word_1_730' title='bbox 1955 4867 2058 4922; x_wconf 88' lang='lat' dir='ltr'><strong>illis</strong></span> 
     </span>
    </p>
   </div>
   <div class='ocr_carea' id='block_1_97' title="bbox 476 4950 2060 5026">
    <p class='ocr_par' dir='ltr' id='par_1_97' title="bbox 476 4950 2060 5026">
     <span class='ocr_line' id='line_1_97' title="bbox 476 4950 2060 5026; baseline 0.007 -27"><span class='ocrx_word' id='word_1_731' title='bbox 476 4960 642 5017; x_wconf 64' lang='lat' dir='ltr'><strong>atque</strong></span> <span class='ocrx_word' id='word_1_732' title='bbox 669 4950 737 5003; x_wconf 85' lang='lat' dir='ltr'><strong>ab</strong></span> <span class='ocrx_word' id='word_1_733' title='bbox 778 4962 961 5003; x_wconf 77' lang='lat' dir='ltr'><strong>eorum</strong></span> <span class='ocrx_word' id='word_1_734' title='bbox 997 4951 1262 5005; x_wconf 70' lang='lat' dir='ltr'><strong>harreticis</strong></span> <span class='ocrx_word' id='word_1_735' title='bbox 1299 4951 1541 5007; x_wconf 87' lang='lat' dir='ltr'><strong>hostibus</strong></span> <span class='ocrx_word' id='word_1_736' title='bbox 1566 4954 1900 5011; x_wconf 87' lang='lat' dir='ltr'><strong>vindicandis</strong></span> <span class='ocrx_word' id='word_1_737' title='bbox 1930 4972 2060 5026; x_wconf 85' lang='lat' dir='ltr'><strong>ope-</strong></span> 
     </span>
    </p>
   </div>
   <div class='ocr_carea' id='block_1_98' title="bbox 471 5041 2055 5115">
    <p class='ocr_par' dir='ltr' id='par_1_98' title="bbox 471 5041 2055 5115">
     <span class='ocr_line' id='line_1_98' title="bbox 471 5041 2055 5115; baseline 0.006 -22"><span class='ocrx_word' id='word_1_738' title='bbox 471 5053 596 5093; x_wconf 67' lang='lat' dir='ltr'><strong>ram</strong></span> <span class='ocrx_word' id='word_1_739' title='bbox 627 5044 875 5096; x_wconf 74' lang='lat' dir='ltr'><strong>navavitl</strong></span> <span class='ocrx_word' id='word_1_740' title='bbox 901 5041 1033 5097; x_wconf 85' lang='lat' dir='ltr'><strong>Nam</strong></span> <span class='ocrx_word' id='word_1_741' title='bbox 1060 5053 1184 5098; x_wconf 89' lang='lat' dir='ltr'><strong>sunt</strong></span> <span class='ocrx_word' id='word_1_742' title='bbox 1209 5044 1423 5113; x_wconf 86' lang='lat' dir='ltr'><strong>quidam</strong></span> <span class='ocrx_word' id='word_1_743' title='bbox 1462 5045 1676 5115; x_wconf 88' lang='lat' dir='ltr'><strong>ingenio</strong></span> <span class='ocrx_word' id='word_1_744' title='bbox 1708 5056 1814 5101; x_wconf 92' lang='lat' dir='ltr'><strong>tam</strong></span> <span class='ocrx_word' id='word_1_745' title='bbox 1855 5047 2055 5103; x_wconf 90' lang='lat' dir='ltr'><strong>lubrico</strong></span> 
     </span>
    </p>
   </div>
   <div class='ocr_carea' id='block_1_99' title="bbox 477 5134 2057 5208">
    <p class='ocr_par' dir='ltr' id='par_1_99' title="bbox 477 5134 2057 5208">
     <span class='ocr_line' id='line_1_99' title="bbox 477 5134 2057 5208; baseline 0.007 -23"><span class='ocrx_word' id='word_1_746' title='bbox 477 5142 638 5201; x_wconf 78' lang='lat' dir='ltr'><strong>atque</strong></span> <span class='ocrx_word' id='word_1_747' title='bbox 668 5134 732 5186; x_wconf 90' lang='lat' dir='ltr'><strong>ad</strong></span> <span class='ocrx_word' id='word_1_748' title='bbox 763 5146 979 5189; x_wconf 83' lang='lat' dir='ltr'><strong>omnem</strong></span> <span class='ocrx_word' id='word_1_749' title='bbox 1008 5136 1373 5191; x_wconf 73' lang='lat' dir='ltr'><strong>doctrinarum</strong></span> <span class='ocrx_word' id='word_1_750' title='bbox 1416 5148 1633 5192; x_wconf 86' lang='lat' dir='ltr'><strong>ventum</strong></span> <span class='ocrx_word' id='word_1_751' title='bbox 1657 5138 1960 5208; x_wconf 82' lang='lat' dir='ltr'><strong>ﬂuctuanti,</strong></span> <span class='ocrx_word' id='word_1_752' title='bbox 1999 5150 2057 5196; x_wconf 87' lang='lat' dir='ltr'><strong>ut</strong></span> 
     </span>
    </p>
   </div>
   <div class='ocr_carea' id='block_1_100' title="bbox 478 5226 2052 5301">
    <p class='ocr_par' dir='ltr' id='par_1_100' title="bbox 478 5226 2052 5301">
     <span class='ocr_line' id='line_1_100' title="bbox 478 5226 2052 5301; baseline 0.006 -21"><span class='ocrx_word' id='word_1_753' title='bbox 478 5226 731 5294; x_wconf 77' lang='lat' dir='ltr'><strong>ignorare</strong></span> <span class='ocrx_word' id='word_1_754' title='bbox 758 5241 853 5282; x_wconf 82' lang='lat' dir='ltr'><strong>eas</strong></span> <span class='ocrx_word' id='word_1_755' title='bbox 880 5229 999 5283; x_wconf 82' lang='lat' dir='ltr'><strong>illos</strong></span> <span class='ocrx_word' id='word_1_756' title='bbox 1028 5237 1245 5296; x_wconf 63' lang='lat' dir='ltr'><strong>prastet</strong></span> <span class='ocrx_word' id='word_1_757' title='bbox 1272 5232 1471 5299; x_wconf 91' lang='lat' dir='ltr'><strong>multo,</strong></span> <span class='ocrx_word' id='word_1_758' title='bbox 1513 5231 1611 5286; x_wconf 90' lang='lat' dir='ltr'><strong>nisi</strong></span> <span class='ocrx_word' id='word_1_759' title='bbox 1651 5242 1913 5301; x_wconf 85' lang='lat' dir='ltr'><strong>quatenus</strong></span> <span class='ocrx_word' id='word_1_760' title='bbox 1955 5249 2052 5288; x_wconf 85' lang='lat' dir='ltr'><strong>cu-</strong></span> 
     </span>
    </p>
   </div>
   <div class='ocr_carea' id='block_1_101' title="bbox 477 5317 2054 5393">
    <p class='ocr_par' dir='ltr' id='par_1_101' title="bbox 477 5317 2054 5393">
     <span class='ocr_line' id='line_1_101' title="bbox 477 5317 2054 5393; baseline 0.006 -24"><span class='ocrx_word' id='word_1_761' title='bbox 477 5317 675 5389; x_wconf 86' lang='lat' dir='ltr'><strong>jusque</strong></span> <span class='ocrx_word' id='word_1_762' title='bbox 718 5318 874 5372; x_wconf 88' lang='lat' dir='ltr'><strong>saluti</strong></span> <span class='ocrx_word' id='word_1_763' title='bbox 921 5320 1157 5386; x_wconf 75' lang='lat' dir='ltr'><strong>expedit.</strong></span> <span class='ocrx_word' id='word_1_764' title='bbox 1201 5321 1278 5377; x_wconf 87' lang='lat' dir='ltr'><strong>Te</strong></span> <span class='ocrx_word' id='word_1_765' title='bbox 1307 5337 1471 5387; x_wconf 90' lang='lat' dir='ltr'><strong>vero,</strong></span> <span class='ocrx_word' id='word_1_766' title='bbox 1509 5322 1598 5393; x_wconf 88' lang='lat' dir='ltr'><strong>qui</strong></span> <span class='ocrx_word' id='word_1_767' title='bbox 1630 5324 1905 5393; x_wconf 82' lang='lat' dir='ltr'><strong>religionis</strong></span> <span class='ocrx_word' id='word_1_768' title='bbox 1951 5332 2054 5379; x_wconf 70' lang='lat' dir='ltr'><strong>ture</strong></span> 
     </span>
    </p>
   </div>
   <div class='ocr_carea' id='block_1_102' title="bbox 472 5411 2052 5483">
    <p class='ocr_par' dir='ltr' id='par_1_102' title="bbox 472 5411 2052 5483">
     <span class='ocr_line' id='line_1_102' title="bbox 472 5411 2052 5483; baseline 0.004 -21"><span class='ocrx_word' id='word_1_769' title='bbox 472 5412 696 5469; x_wconf 68' lang='lat' dir='ltr'><strong>invictus</strong></span> <span class='ocrx_word' id='word_1_770' title='bbox 726 5420 781 5464; x_wconf 89' lang='lat' dir='ltr'><strong>et</strong></span> <span class='ocrx_word' id='word_1_771' title='bbox 808 5411 1254 5466; x_wconf 66' lang='lat' dir='ltr'><strong>constantissimae</strong></span> <span class='ocrx_word' id='word_1_772' title='bbox 1287 5414 1407 5468; x_wconf 88' lang='lat' dir='ltr'><strong>lidei</strong></span> <span class='ocrx_word' id='word_1_773' title='bbox 1440 5423 1518 5467; x_wconf 85' lang='lat' dir='ltr'><strong>tot</strong></span> <span class='ocrx_word' id='word_1_774' title='bbox 1553 5423 1769 5483; x_wconf 87' lang='lat' dir='ltr'><strong>tamque</strong></span> <span class='ocrx_word' id='word_1_775' title='bbox 1798 5414 2052 5482; x_wconf 74' lang='lat' dir='ltr'><strong>praeclara</strong></span> 
     </span>
    </p>
   </div>
   <div class='ocr_carea' id='block_1_103' title="bbox 470 5503 2053 5577">
    <p class='ocr_par' dir='ltr' id='par_1_103' title="bbox 470 5503 2053 5577">
     <span class='ocr_line' id='line_1_103' title="bbox 470 5503 2053 5577; baseline 0.001 -20"><span class='ocrx_word' id='word_1_776' title='bbox 470 5514 791 5577; x_wconf 66' lang='lat' dir='ltr'><strong>«rgumenta</strong></span> <span class='ocrx_word' id='word_1_777' title='bbox 821 5503 1146 5575; x_wconf 63' lang='lat' dir='ltr'><strong>praestitisti,</strong></span> <span class='ocrx_word' id='word_1_778' title='bbox 1190 5504 1311 5572; x_wconf 87' lang='lat' dir='ltr'><strong>quis</strong></span> <span class='ocrx_word' id='word_1_779' title='bbox 1340 5518 1444 5559; x_wconf 92' lang='lat' dir='ltr'><strong>non</strong></span> <span class='ocrx_word' id='word_1_780' title='bbox 1476 5505 1633 5574; x_wconf 87' lang='lat' dir='ltr'><strong>plane</strong></span> <span class='ocrx_word' id='word_1_781' title='bbox 1671 5505 1738 5560; x_wconf 88' lang='lat' dir='ltr'><strong>ad</strong></span> <span class='ocrx_word' id='word_1_782' title='bbox 1779 5518 2053 5561; x_wconf 87' lang='lat' dir='ltr'><strong>sacrarum</strong></span> 
     </span>
    </p>
   </div>
   <div class='ocr_carea' id='block_1_104' title="bbox 479 5594 2053 5669">
    <p class='ocr_par' dir='ltr' id='par_1_104' title="bbox 479 5594 2053 5669">
     <span class='ocr_line' id='line_1_104' title="bbox 479 5594 2053 5669; baseline 0.002 -21"><span class='ocrx_word' id='word_1_783' title='bbox 479 5598 779 5652; x_wconf 82' lang='lat' dir='ltr'><strong>litterarum</strong></span> <span class='ocrx_word' id='word_1_784' title='bbox 812 5594 1276 5669; x_wconf 53' lang='lat' dir='ltr'><strong>adytamdtnittat?</strong></span> <span class='ocrx_word' id='word_1_785' title='bbox 1304 5596 1480 5651; x_wconf 80' lang='lat' dir='ltr'><strong>Ausus</strong></span> <span class='ocrx_word' id='word_1_786' title='bbox 1510 5610 1629 5649; x_wconf 77' lang='lat' dir='ltr'><strong>sum</strong></span> <span class='ocrx_word' id='word_1_787' title='bbox 1660 5596 1840 5665; x_wconf 88' lang='lat' dir='ltr'><strong>igitur,</strong></span> <span class='ocrx_word' id='word_1_788' title='bbox 1869 5596 2053 5665; x_wconf 83' lang='lat' dir='ltr'><strong>explo-</strong></span> 
     </span>
    </p>
   </div>
   <div class='ocr_carea' id='block_1_105' title="bbox 481 5688 2048 5759">
    <p class='ocr_par' dir='ltr' id='par_1_105' title="bbox 481 5688 2048 5759">
     <span class='ocr_line' id='line_1_105' title="bbox 481 5688 2048 5759; baseline -0.001 -16"><span class='ocrx_word' id='word_1_789' title='bbox 481 5692 786 5746; x_wconf 80' lang='lat' dir='ltr'><strong>ratissimus</strong></span> <span class='ocrx_word' id='word_1_790' title='bbox 814 5691 1025 5759; x_wconf 82' lang='lat' dir='ltr'><strong>pietatis</strong></span> <span class='ocrx_word' id='word_1_791' title='bbox 1052 5699 1158 5744; x_wconf 67' lang='lat' dir='ltr'><strong>tute</strong></span> <span class='ocrx_word' id='word_1_792' title='bbox 1203 5704 1265 5743; x_wconf 88' lang='lat' dir='ltr'><strong>ac</strong></span> <span class='ocrx_word' id='word_1_793' title='bbox 1288 5688 1408 5744; x_wconf 77' lang='lat' dir='ltr'><strong>ﬁdei</strong></span> <span class='ocrx_word' id='word_1_794' title='bbox 1431 5689 1605 5753; x_wconf 88' lang='lat' dir='ltr'><strong>testis,</strong></span> <span class='ocrx_word' id='word_1_795' title='bbox 1634 5690 1761 5744; x_wconf 89' lang='lat' dir='ltr'><strong>dum</strong></span> <span class='ocrx_word' id='word_1_796' title='bbox 1791 5688 2048 5744; x_wconf 81' lang='lat' dir='ltr'><strong>voluntati</strong></span> 
     </span>
    </p>
   </div>
   <div class='ocr_carea' id='block_1_106' title="bbox 479 5781 2047 5851">
    <p class='ocr_par' dir='ltr' id='par_1_106' title="bbox 479 5781 2047 5851">
     <span class='ocr_line' id='line_1_106' title="bbox 479 5781 2047 5851; baseline 0 -16"><span class='ocrx_word' id='word_1_797' title='bbox 479 5789 584 5835; x_wconf 76' lang='lat' dir='ltr'><strong>tua:</strong></span> <span class='ocrx_word' id='word_1_798' title='bbox 614 5782 974 5837; x_wconf 72' lang='lat' dir='ltr'><strong>obsecundare</strong></span> <span class='ocrx_word' id='word_1_799' title='bbox 1003 5782 1158 5851; x_wconf 87' lang='lat' dir='ltr'><strong>cupio</strong></span> <span class='ocrx_word' id='word_1_800' title='bbox 1178 5822 1190 5845; x_wconf 94' lang='lat'><strong>,</strong></span> <span class='ocrx_word' id='word_1_801' title='bbox 1237 5798 1346 5835; x_wconf 83' lang='lat' dir='ltr'><strong>rem</strong></span> <span class='ocrx_word' id='word_1_802' title='bbox 1376 5781 1618 5851; x_wconf 76' lang='lat' dir='ltr'><strong>aggredi,</strong></span> <span class='ocrx_word' id='word_1_803' title='bbox 1652 5781 1777 5836; x_wconf 88' lang='lat' dir='ltr'><strong>mihi</strong></span> <span class='ocrx_word' id='word_1_804' title='bbox 1807 5796 1933 5836; x_wconf 81' lang='lat' dir='ltr'><strong>sane</strong></span> <span class='ocrx_word' id='word_1_805' title='bbox 1970 5782 2047 5836; x_wconf 81' lang='lat' dir='ltr'><strong>in-</strong></span> 
     </span>
    </p>
   </div>
   <div class='ocr_carea' id='block_1_107' title="bbox 2166 4683 3745 4753">
    <p class='ocr_par' dir='ltr' id='par_1_107' title="bbox 2166 4683 3745 4753">
     <span class='ocr_line' id='line_1_107' title="bbox 2166 4683 3745 4753; baseline -0.001 -14"><span class='ocrx_word' id='word_1_806' title='bbox 2166 4685 2423 4751; x_wconf 89' lang='lat' dir='ltr'><strong>nabatur,</strong></span> <span class='ocrx_word' id='word_1_807' title='bbox 2471 4685 2524 4739; x_wconf 90' lang='lat' dir='ltr'><strong>in</strong></span> <span class='ocrx_word' id='word_1_808' title='bbox 2567 4685 2906 4752; x_wconf 78' lang='lat' dir='ltr'><strong>Pelagianam</strong></span> <span class='ocrx_word' id='word_1_809' title='bbox 2950 4683 3199 4739; x_wconf 68' lang='lat' dir='ltr'><strong>haeresim</strong></span> <span class='ocrx_word' id='word_1_810' title='bbox 3228 4683 3634 4753; x_wconf 84' lang='lat' dir='ltr'><strong>prolabebatur.</strong></span> <span class='ocrx_word' id='word_1_811' title='bbox 3681 4684 3745 4737; x_wconf 82' lang='lat' dir='ltr'><strong>Et</strong></span> 
     </span>
    </p>
   </div>
   <div class='ocr_carea' id='block_1_108' title="bbox 2162 4774 3745 4844">
    <p class='ocr_par' dir='ltr' id='par_1_108' title="bbox 2162 4774 3745 4844">
     <span class='ocr_line' id='line_1_108' title="bbox 2162 4774 3745 4844; baseline -0.003 -15"><span class='ocrx_word' id='word_1_812' title='bbox 2162 4792 2293 4832; x_wconf 88' lang='lat' dir='ltr'><strong>vero</strong></span> <span class='ocrx_word' id='word_1_813' title='bbox 2315 4778 2573 4833; x_wconf 82' lang='lat' dir='ltr'><strong>adversus</strong></span> <span class='ocrx_word' id='word_1_814' title='bbox 2599 4777 2705 4833; x_wconf 93' lang='lat' dir='ltr'><strong>duo</strong></span> <span class='ocrx_word' id='word_1_815' title='bbox 2736 4778 2851 4833; x_wconf 64' lang='lat' dir='ltr'><strong>haec</strong></span> <span class='ocrx_word' id='word_1_816' title='bbox 2876 4777 3143 4831; x_wconf 90' lang='lat' dir='ltr'><strong>rationum</strong></span> <span class='ocrx_word' id='word_1_817' title='bbox 3166 4774 3381 4844; x_wconf 88' lang='lat' dir='ltr'><strong>quidem</strong></span> <span class='ocrx_word' id='word_1_818' title='bbox 3409 4774 3745 4829; x_wconf 76' lang='lat' dir='ltr'><strong>adversaria-</strong></span> 
     </span>
    </p>
   </div>
   <div class='ocr_carea' id='block_1_109' title="bbox 2163 4864 3742 4937">
    <p class='ocr_par' dir='ltr' id='par_1_109' title="bbox 2163 4864 3742 4937">
     <span class='ocr_line' id='line_1_109' title="bbox 2163 4864 3742 4937; baseline -0.003 -17"><span class='ocrx_word' id='word_1_819' title='bbox 2163 4882 2282 4921; x_wconf 91' lang='lat' dir='ltr'><strong>rum</strong></span> <span class='ocrx_word' id='word_1_820' title='bbox 2308 4876 2567 4937; x_wconf 88' lang='lat' dir='ltr'><strong>monstra,</strong></span> <span class='ocrx_word' id='word_1_821' title='bbox 2593 4868 2687 4921; x_wconf 87' lang='lat' dir='ltr'><strong>sed</strong></span> <span class='ocrx_word' id='word_1_822' title='bbox 2713 4870 2766 4922; x_wconf 93' lang='lat' dir='ltr'><strong>in</strong></span> <span class='ocrx_word' id='word_1_823' title='bbox 2789 4882 2947 4922; x_wconf 87' lang='lat' dir='ltr'><strong>unam</strong></span> <span class='ocrx_word' id='word_1_824' title='bbox 2970 4877 3147 4921; x_wconf 90' lang='lat' dir='ltr'><strong>tamen</strong></span> <span class='ocrx_word' id='word_1_825' title='bbox 3176 4864 3429 4920; x_wconf 78' lang='lat' dir='ltr'><strong>Ecclesize</strong></span> <span class='ocrx_word' id='word_1_826' title='bbox 3449 4866 3638 4934; x_wconf 71' lang='lat' dir='ltr'><strong>pernic</strong></span> <span class='ocrx_word' id='word_1_827' title='bbox 3660 4879 3742 4918; x_wconf 87' lang='lat' dir='ltr'><strong>em</strong></span> 
     </span>
    </p>
   </div>
   <div class='ocr_carea' id='block_1_110' title="bbox 2160 4954 3736 5024">
    <p class='ocr_par' dir='ltr' id='par_1_110' title="bbox 2160 4954 3736 5024">
     <span class='ocr_line' id='line_1_110' title="bbox 2160 4954 3736 5024; baseline -0.003 -13"><span class='ocrx_word' id='word_1_828' title='bbox 2160 4958 2495 5021; x_wconf 89' lang='lat' dir='ltr'><strong>coeuntium,</strong></span> <span class='ocrx_word' id='word_1_829' title='bbox 2521 4958 2751 5012; x_wconf 84' lang='lat' dir='ltr'><strong>viriliter</strong></span> <span class='ocrx_word' id='word_1_830' title='bbox 2779 4957 3193 5021; x_wconf 87' lang='lat' dir='ltr'><strong>dimicaverunt,</strong></span> <span class='ocrx_word' id='word_1_831' title='bbox 3226 4954 3610 5024; x_wconf 84' lang='lat' dir='ltr'><strong>Hieronymus,</strong></span> <span class='ocrx_word' id='word_1_832' title='bbox 3638 4956 3736 5010; x_wconf 82' lang='lat' dir='ltr'><strong>Au-</strong></span> 
     </span>
    </p>
   </div>
   <div class='ocr_carea' id='block_1_111' title="bbox 2157 5042 3743 5119">
    <p class='ocr_par' dir='ltr' id='par_1_111' title="bbox 2157 5042 3743 5119">
     <span class='ocr_line' id='line_1_111' title="bbox 2157 5042 3743 5119; baseline -0.002 -19"><span class='ocrx_word' id='word_1_833' title='bbox 2157 5049 2445 5119; x_wconf 86' lang='lat' dir='ltr'><strong>gustinus,</strong></span> <span class='ocrx_word' id='word_1_834' title='bbox 2498 5049 2751 5119; x_wconf 87' lang='lat' dir='ltr'><strong>Prosper,</strong></span> <span class='ocrx_word' id='word_1_835' title='bbox 2779 5047 3095 5103; x_wconf 87' lang='lat' dir='ltr'><strong>Primasius.</strong></span> <span class='ocrx_word' id='word_1_836' title='bbox 3144 5045 3418 5101; x_wconf 83' lang='lat' dir='ltr'><strong>Adversus</strong></span> <span class='ocrx_word' id='word_1_837' title='bbox 3467 5042 3743 5115; x_wconf 81' lang='lat' dir='ltr'><strong>Pelagium</strong></span> 
     </span>
    </p>
   </div>
   <div class='ocr_carea' id='block_1_112' title="bbox 2157 5135 3743 5208">
    <p class='ocr_par' dir='ltr' id='par_1_112' title="bbox 2157 5135 3743 5208">
     <span class='ocr_line' id='line_1_112' title="bbox 2157 5135 3743 5208; baseline -0.003 -15"><span class='ocrx_word' id='word_1_838' title='bbox 2157 5149 2337 5193; x_wconf 88' lang='lat' dir='ltr'><strong>autem</strong></span> <span class='ocrx_word' id='word_1_839' title='bbox 2382 5138 2477 5194; x_wconf 89' lang='lat' dir='ltr'><strong>Dei</strong></span> <span class='ocrx_word' id='word_1_840' title='bbox 2523 5139 2709 5208; x_wconf 66' lang='lat' dir='ltr'><strong>gratia:</strong></span> <span class='ocrx_word' id='word_1_841' title='bbox 2742 5138 3012 5193; x_wconf 89' lang='lat' dir='ltr'><strong>inimicum</strong></span> <span class='ocrx_word' id='word_1_842' title='bbox 3040 5150 3211 5207; x_wconf 87' lang='lat' dir='ltr'><strong>usque</strong></span> <span class='ocrx_word' id='word_1_843' title='bbox 3242 5135 3379 5190; x_wconf 90' lang='lat' dir='ltr'><strong>adeo</strong></span> <span class='ocrx_word' id='word_1_844' title='bbox 3399 5140 3545 5190; x_wconf 89' lang='lat' dir='ltr'><strong>omni</strong></span> <span class='ocrx_word' id='word_1_845' title='bbox 3575 5135 3743 5190; x_wconf 88' lang='lat' dir='ltr'><strong>animi</strong></span> 
     </span>
    </p>
   </div>
   <div class='ocr_carea' id='block_1_113' title="bbox 2156 5225 3744 5296">
    <p class='ocr_par' dir='ltr' id='par_1_113' title="bbox 2156 5225 3744 5296">
     <span class='ocr_line' id='line_1_113' title="bbox 2156 5225 3744 5296; baseline -0.004 -12"><span class='ocrx_word' id='word_1_846' title='bbox 2156 5229 2503 5285; x_wconf 87' lang='lat' dir='ltr'><strong>contentione</strong></span> <span class='ocrx_word' id='word_1_847' title='bbox 2524 5229 2876 5296; x_wconf 89' lang='lat' dir='ltr'><strong>scripserunt,</strong></span> <span class='ocrx_word' id='word_1_848' title='bbox 2902 5236 2956 5282; x_wconf 91' lang='lat' dir='ltr'><strong>ut</strong></span> <span class='ocrx_word' id='word_1_849' title='bbox 2986 5227 3113 5282; x_wconf 90' lang='lat' dir='ltr'><strong>dum</strong></span> <span class='ocrx_word' id='word_1_850' title='bbox 3135 5225 3573 5281; x_wconf 87' lang='lat' dir='ltr'><strong>adblandientem</strong></span> <span class='ocrx_word' id='word_1_851' title='bbox 3599 5225 3744 5280; x_wconf 85' lang='lat' dir='ltr'><strong>illam</strong></span> 
     </span>
    </p>
   </div>
   <div class='ocr_carea' id='block_1_114' title="bbox 2160 5316 3741 5388">
    <p class='ocr_par' dir='ltr' id='par_1_114' title="bbox 2160 5316 3741 5388">
     <span class='ocr_line' id='line_1_114' title="bbox 2160 5316 3741 5388; baseline -0.006 -13"><span class='ocrx_word' id='word_1_852' title='bbox 2160 5320 2357 5375; x_wconf 86' lang='lat' dir='ltr'><strong>nostris</strong></span> <span class='ocrx_word' id='word_1_853' title='bbox 2385 5318 2619 5386; x_wconf 88' lang='lat' dir='ltr'><strong>viribus,</strong></span> <span class='ocrx_word' id='word_1_854' title='bbox 2666 5327 2721 5373; x_wconf 90' lang='lat' dir='ltr'><strong>at</strong></span> <span class='ocrx_word' id='word_1_855' title='bbox 2760 5319 2852 5374; x_wconf 90' lang='lat' dir='ltr'><strong>Dei</strong></span> <span class='ocrx_word' id='word_1_856' title='bbox 2881 5318 3110 5388; x_wconf 83' lang='lat' dir='ltr'><strong>gratiam</strong></span> <span class='ocrx_word' id='word_1_857' title='bbox 3138 5318 3351 5373; x_wconf 89' lang='lat' dir='ltr'><strong>interim</strong></span> <span class='ocrx_word' id='word_1_858' title='bbox 3387 5316 3741 5370; x_wconf 84' lang='lat' dir='ltr'><strong>subruentetn</strong></span> 
     </span>
    </p>
   </div>
   <div class='ocr_carea' id='block_1_115' title="bbox 2161 5406 3746 5478">
    <p class='ocr_par' dir='ltr' id='par_1_115' title="bbox 2161 5406 3746 5478">
     <span class='ocr_line' id='line_1_115' title="bbox 2161 5406 3746 5478; baseline -0.005 -11"><span class='ocrx_word' id='word_1_859' title='bbox 2161 5412 2410 5467; x_wconf 67' lang='lat' dir='ltr'><strong>haeresim</strong></span> <span class='ocrx_word' id='word_1_860' title='bbox 2457 5422 2750 5477; x_wconf 86' lang='lat' dir='ltr'><strong>evertunt,</strong></span> <span class='ocrx_word' id='word_1_861' title='bbox 2804 5410 3087 5468; x_wconf 60' lang='lat' dir='ltr'><strong>Manicbasi</strong></span> <span class='ocrx_word' id='word_1_862' title='bbox 3144 5414 3305 5464; x_wconf 62' lang='lat' dir='ltr'><strong>seem</strong></span> <span class='ocrx_word' id='word_1_863' title='bbox 3338 5422 3502 5478; x_wconf 86' lang='lat' dir='ltr'><strong>prope</strong></span> <span class='ocrx_word' id='word_1_864' title='bbox 3558 5406 3746 5460; x_wconf 84' lang='lat' dir='ltr'><strong>favere</strong></span> 
     </span>
    </p>
   </div>
   <div class='ocr_carea' id='block_1_116' title="bbox 2157 5499 3743 5572">
    <p class='ocr_par' dir='ltr' id='par_1_116' title="bbox 2157 5499 3743 5572">
     <span class='ocr_line' id='line_1_116' title="bbox 2157 5499 3743 5572; baseline -0.007 -14"><span class='ocrx_word' id='word_1_865' title='bbox 2157 5504 2456 5569; x_wconf 85' lang='lat' dir='ltr'><strong>videantur,</strong></span> <span class='ocrx_word' id='word_1_866' title='bbox 2508 5502 2713 5557; x_wconf 91' lang='lat' dir='ltr'><strong>homini</strong></span> <span class='ocrx_word' id='word_1_867' title='bbox 2744 5502 3041 5572; x_wconf 59' lang='lat' dir='ltr'><strong>praesertim</strong></span> <span class='ocrx_word' id='word_1_868' title='bbox 3070 5515 3174 5555; x_wconf 92' lang='lat' dir='ltr'><strong>non</strong></span> <span class='ocrx_word' id='word_1_869' title='bbox 3215 5499 3501 5554; x_wconf 87' lang='lat' dir='ltr'><strong>admodum</strong></span> <span class='ocrx_word' id='word_1_870' title='bbox 3536 5505 3743 5565; x_wconf 65' lang='lat' dir='ltr'><strong>argutae</strong></span> 
     </span>
    </p>
   </div>
   <div class='ocr_carea' id='block_1_117' title="bbox 2158 5590 3744 5657">
    <p class='ocr_par' dir='ltr' id='par_1_117' title="bbox 2158 5590 3744 5657">
     <span class='ocr_line' id='line_1_117' title="bbox 2158 5590 3744 5657; baseline -0.006 -7"><span class='ocrx_word' id='word_1_871' title='bbox 2158 5595 2327 5650; x_wconf 81' lang='lat' dir='ltr'><strong>naris.</strong></span> <span class='ocrx_word' id='word_1_872' title='bbox 2360 5594 2492 5649; x_wconf 82' lang='lat' dir='ltr'><strong>iluic</strong></span> <span class='ocrx_word' id='word_1_873' title='bbox 2517 5600 2679 5649; x_wconf 66' lang='lat' dir='ltr'><strong>secta:</strong></span> <span class='ocrx_word' id='word_1_874' title='bbox 2705 5594 2903 5647; x_wconf 85' lang='lat' dir='ltr'><strong>veteris</strong></span> <span class='ocrx_word' id='word_1_875' title='bbox 2944 5590 3303 5648; x_wconf 74' lang='lat' dir='ltr'><strong>instauranda:</strong></span> <span class='ocrx_word' id='word_1_876' title='bbox 3340 5604 3524 5644; x_wconf 88' lang='lat' dir='ltr'><strong>ansam</strong></span> <span class='ocrx_word' id='word_1_877' title='bbox 3574 5600 3744 5657; x_wconf 87' lang='lat' dir='ltr'><strong>cepe-</strong></span> 
     </span>
    </p>
   </div>
   <div class='ocr_carea' id='block_1_118' title="bbox 2154 5681 3741 5756">
    <p class='ocr_par' dir='ltr' id='par_1_118' title="bbox 2154 5681 3741 5756">
     <span class='ocr_line' id='line_1_118' title="bbox 2154 5681 3741 5756; baseline -0.006 -14"><span class='ocrx_word' id='word_1_878' title='bbox 2154 5696 2279 5742; x_wconf 89' lang='lat' dir='ltr'><strong>runt</strong></span> <span class='ocrx_word' id='word_1_879' title='bbox 2301 5702 2366 5741; x_wconf 79' lang='lat' dir='ltr'><strong>ex</strong></span> <span class='ocrx_word' id='word_1_880' title='bbox 2398 5687 2696 5756; x_wconf 79' lang='lat' dir='ltr'><strong>Augustino</strong></span> <span class='ocrx_word' id='word_1_881' title='bbox 2720 5695 2775 5739; x_wconf 90' lang='lat' dir='ltr'><strong>et</strong></span> <span class='ocrx_word' id='word_1_882' title='bbox 2815 5685 3080 5755; x_wconf 84' lang='lat' dir='ltr'><strong>Prospero</strong></span> <span class='ocrx_word' id='word_1_883' title='bbox 3101 5726 3114 5751; x_wconf 91' lang='lat'><strong>,</strong></span> <span class='ocrx_word' id='word_1_884' title='bbox 3148 5685 3373 5755; x_wconf 86' lang='lat' dir='ltr'><strong>aliisque</strong></span> <span class='ocrx_word' id='word_1_885' title='bbox 3408 5681 3528 5752; x_wconf 83' lang='lat' dir='ltr'><strong>ejus</strong></span> <span class='ocrx_word' id='word_1_886' title='bbox 3561 5681 3741 5735; x_wconf 59' lang='lat' dir='ltr'><strong>artatis</strong></span> 
     </span>
    </p>
   </div>
   <div class='ocr_carea' id='block_1_119' title="bbox 2158 5772 3739 5848">
    <p class='ocr_par' dir='ltr' id='par_1_119' title="bbox 2158 5772 3739 5848">
     <span class='ocr_line' id='line_1_119' title="bbox 2158 5772 3739 5848; baseline -0.008 -13"><span class='ocrx_word' id='word_1_887' title='bbox 2158 5780 2407 5835; x_wconf 75' lang='lat' dir='ltr'><strong>Ecclesire</strong></span> <span class='ocrx_word' id='word_1_888' title='bbox 2459 5778 2803 5848; x_wconf 85' lang='lat' dir='ltr'><strong>proceribus,</strong></span> <span class='ocrx_word' id='word_1_889' title='bbox 2854 5789 3047 5833; x_wconf 61' lang='lat' dir='ltr'><strong>nostra</strong></span> <span class='ocrx_word' id='word_1_890' title='bbox 3081 5776 3408 5845; x_wconf 77' lang='lat' dir='ltr'><strong>tempestatis</strong></span> <span class='ocrx_word' id='word_1_891' title='bbox 3449 5772 3739 5833; x_wconf 66' lang='grc' dir='ltr'><strong>Ιιῖιτυιὶιςί,</strong></span> 
     </span>
    </p>
   </div>
  </div>
