3904 6176
221 274 301 329 ll3
1640 268 2025 327 PR.I-.FATIO.
3333 270 3434 327 413

216 393 316 445 dum
336 386 542 457 primas,
568 383 848 450 secundas,
876 387 1081 451 tertias,
1108 398 1171 440 ac
1195 386 1406 438 domum
1434 386 1749 440 novissimas
1781 393 1823 444 Α
1857 387 1983 438 nihil
2015 401 2026 443 :
2058 399 2155 439 nee
2185 382 2458 437 dissimi'is
2504 396 2654 438 error
2681 382 2894 438 tenebat
2947 384 3190 452 Galatas,
3236 402 3373 456 quos
3404 404 3435 441 a

217 481 315 537 ﬁdei
336 480 582 543 tribuunt,
615 479 964 533 sacramentis
995 493 1129 545 pene
1154 478 1399 531 omnibus
1421 493 1702 545 perparum
1736 495 1746 528 :
1858 475 2265 530 Cltristinnismo
2308 476 2371 528 ad
2413 474 2745 529 Judaismum
2791 475 3054 531 deducere
3094 479 3430 547 pseudoapo-

216 569 479 626 actionibus
500 578 677 623 autem
698 569 898 623 nostris
916 568 1204 637 quamlibet
1228 568 1381 623 hortis
1405 568 1558 638 plane
1588 569 1749 623 nihil:
1859 566 1979 621 stoli
2010 568 2336 619 nitebantur.
2373 566 2505 619 llinc
2535 577 2617 619 est
2647 566 2786 633 quod
2827 573 3105 634 tautOpere
3140 568 3294 621 ﬁdem
3326 569 3432 621 ill-s

219 659 445 714 noniutell
466 661 959 728 genteSpraztracta:
974 660 1240 728 opinionis
1262 658 1505 712 homines
1528 673 1557 712 e
1578 657 1753 727 Scylla
1857 658 2194 711 commendat
2239 659 2523 726 Apustofus
2562 673 2576 707 :
2610 656 2832 723 reliquis
2862 657 3001 709 enim
3035 658 3121 726 qui
3156 658 3205 709 in
3234 657 3435 711 Christi

218 766 264 806 se
287 752 329 805 in
350 749 667 820 Charybdim
698 764 855 804 ruere
887 766 900 801 :
932 749 1020 818 qui
1046 751 1088 801 si
1115 748 1391 817 Angusﬁni
1423 756 1757 800 sanctorum-
1860 748 2016 804 ﬁdem
2063 765 2256 803 nomen
2288 749 2549 803 dederunt
2569 748 2982 815 juratissimum,
3012 759 3102 801 aut
3132 749 3298 813 nihil,
3339 759 3435 802 aut

218 858 299 911 quc
317 841 521 895 Patrum
540 840 691 895 adven
711 854 802 895 sus
827 839 1176 893 Maniehamn
1222 850 1380 904 atque
1402 837 1541 913 alios
1560 839 1754 904 scripta
1859 856 2141 909 peritarum
2175 839 2415 893 muniuit
2450 839 2566 892 fidei
2584 877 2601 904 ,
2652 839 2791 905 quod
2826 839 2930 892 illis
2952 854 3072 893 esse
3094 841 3255 893 sciret
3282 854 3438 893 com-

221 940 439 1003 legerent,
486 943 575 984 aut
604 941 751 985 certe
782 931 976 998 legisse
998 947 1055 983 se
1084 946 1186 983 non
1217 929 1646 992 diSsimularent,
1677 927 1749 980 iu-
1859 931 2311 986 nn-ndatissimam
2334 945 2348 983 :
2374 945 2531 997 quam
2561 931 2637 985 sic
2664 931 2978 983 eommenda
3005 943 3042 984 ε
3064 930 3203 984 solet.
3235 930 3437 983 l‘rima-

222 1025 482 1094 telligerent
511 1039 642 1078 sane
692 1023 785 1077 rad
811 1037 924 1077 cem
977 1022 1406 1088 jiistiﬁeationis,
1442 1020 1756 1088 initiumque
1858 1022 1999 1085 sius,
2032 1031 2090 1075 ut
2135 1036 2286 1074 suum
2319 1035 2529 1090 quoque
2569 1021 2820 1088 operibus
2852 1021 3025 1077 licunt
3070 1019 3244 1075 faciat.
3296 1020 3427 1074 Nam

223 1116 395 1170 fideiab
423 1114 531 1169 illis
559 1115 739 1180 tribui,
772 1125 1024 1167 cauerunt
1050 1128 1199 1167 suam
1236 1130 1266 1167 n
1309 1131 1339 1166 ιι
1371 1114 1561 1168 deesse
1591 1114 1759 1168 aetio-
1862 1114 1911 1165 in
1943 1112 2087 1165 illum
2118 1113 2288 1165 locum
2322 1111 2386 1165 ad
2418 1111 2631 1166 Galatas
2680 1127 2754 1173 tv.
2809 1110 3111 1164 Mali-dictus
3140 1114 3303 1166 omnia
3345 1115 3433 1178 qui

222 1207 342 1259 nibus
369 1205 567 1257 nostris
601 1219 668 1258 ea
714 1205 815 1258 ﬁde
857 1213 910 1256 et
937 1206 1103 1271 gratia
1149 1202 1299 1256 factis
1346 1201 1646 1258 mercedem
1695 1218 1758 1258 ac
1859 1205 2040 1273 ρριιιιιι
2064 1206 2111 1257 in
2139 1205 2279 1274 ligno
2309 1246 2324 1269 ,
2358 1215 2618 1275 quatenns
2650 1204 2782 1258 ﬁdes
2810 1205 2980 1258 valeat
3003 1205 3118 1258 sine
3147 1205 3431 1273 operibus.

222 1298 434 1349 interitum
468 1312 481 1345 :
517 1310 690 1363 neque
718 1296 858 1348 enim
885 1294 953 1347 ab
978 1293 1279 1361 huiusmodi
1307 1294 1584 1360 vocabulo,
1617 1296 1755 1361 quod
1859 1307 2118 1364 quatenus
2158 1299 2316 1351 etiam
2368 1297 2649 1364 exigantur
2688 1311 2882 1363 opera,
2932 1306 3114 1363 aperte
3162 1296 3226 1349 iis
3252 1298 3431 1350 verbis

220 1390 274 1440 illi
302 1396 567 1455 tantopere
608 1399 949 1451 aversantur,
983 1398 1192 1440 Veteres
1221 1386 1612 1441 abhoriuerunt
1662 1386 1759 1441 ΕΩ-
1858 1387 2091 1451 οιιιιιὶιιειι
2122 1404 2135 1439 :
2163 1388 2323 1454 Quzer
2347 1400 2430 1441 tur
2477 1398 2652 1441 utrum
2707 1390 2821 1443 sola
2863 1388 2993 1442 fides
3036 1387 3236 1449 sufﬁcit
3277 1387 3431 1443 Chri-

219 1478 361 1531 clesia:
390 1477 595 1532 Patres.
628 1477 779 1543 Quod
812 1495 909 1547 ego
948 1476 1016 1531 de
1056 1478 1311 1531 Primasio
1344 1478 1425 1546 (ut
1457 1479 1662 1531 interim
1692 1480 1758 1531 de
1861 1478 2053 1539 stiano,
2082 1487 2137 1531 et
2157 1494 2260 1532 non
2283 1480 2349 1532 sit
2376 1479 2691 1534 maledictus
2713 1480 2801 1549 qui
2832 1480 3134 1548 evangelia
3167 1492 3430 1549 przecepta

220 1572 398 1639 reliquis
445 1570 656 1639 sileam)
690 1572 900 1637 pliunm
934 1571 1142 1637 faciam,
1187 1572 1447 1640 facileque
1484 1587 1755 1626 common-
1861 1584 1965 1621 nan
1992 1569 2217 1622 servarit
2249 1587 2261 1622 :
2297 1569 2427 1623 ﬁdes
2468 1570 2693 1637 sufficit,
2730 1584 2783 1625 ut
2817 1573 2987 1641 prima
3032 1571 3337 1645 credentem
3379 1582 3435 1625 et

221 1661 367 1714 strabo
418 1662 566 1716 illum
629 1678 959 1733 nequaquam
1003 1662 1164 1734 (quod
1221 1663 1311 1716 a‘ii
1351 1663 1545 1732 so'eut)
1590 1674 1755 1716 tutum
1857 1661 2057 1727 justum
2087 1661 2302 1726 efficiat,
2336 1660 2381 1714 si
2408 1660 2659 1729 deinceps
2706 1660 2757 1714 in
2801 1660 3181 1727 justiticatione
3227 1674 3437 1727 perma-

222 1753 315 1806 ﬁdei
338 1753 588 1817 tribuere,
611 1768 717 1806 non
742 1763 919 1807 nostra
948 1756 1134 1808 merita
1166 1756 1375 1818 tollere,
1410 1756 1500 1809 sed
1543 1754 1593 1808 id
1634 1769 1757 1823 spe—
1786 1752 1833 1811 B
1862 1759 1983 1802 neat
2015 1767 2026 1800 :
2058 1760 2308 1804 ett-terum
2340 1750 2457 1805 sine
2496 1751 2745 1816 operibus
2776 1758 2981 1803 mortua
3017 1759 3128 1818 est,
3157 1748 3249 1803 sed
3281 1748 3434 1814 ﬁdei,

224 1856 340 1899 ctare
367 1860 527 1898 unum
550 1885 565 1907 ,
591 1858 657 1897 ne
682 1846 804 1913 quid
832 1844 899 1897 de
927 1844 1127 1899 viribus
1154 1846 1349 1899 nostris
1378 1858 1760 1914 prmsumamus

225 1946 293 1987 aut
329 1932 391 1988 de
430 1938 633 1989 meritis
676 1938 1012 2003 gloriemur:
1058 1952 1239 1990 verum
1282 1938 1372 1990 uni
1420 1938 1529 1990 Deo
1575 1937 1759 1991 merita

228 2035 373 2077 nostra
416 2027 594 2078 omnia
626 2028 802 2094 quilia
844 2040 965 2080 sunt
1006 2040 1215 2094 cunque
1256 2028 1490 2080 feramus
1520 2037 1757 2094 accepta.

228 2114 329 2167 Nam
353 2118 397 2168 in
419 2125 579 2185 caput
602 2117 939 2171 undecimum
968 2118 1030 2171 ad
1064 2118 1315 2172 ltebrzeos
1343 2120 1597 2173 Jacobum
1635 2135 1762 2185 apo-

229 2206 383 2257 stolum
414 2206 579 2259 Paulo
620 2208 915 2261 Concilians
944 2224 1103 2277 super
1131 2210 1220 2263 iilo
1254 2211 1390 2271 loco,
1423 2209 1553 2263 Fide
1586 2212 1762 2264 obtulit

230 2295 439 2347 Abraham
463 2297 615 2349 Isaac
639 2314 657 2351 :
680 2297 815 2364 Quid
839 2311 937 2363 es't,
964 2300 1162 2368 inquit,
1192 2302 1331 2368 quod
1378 2301 1567 2356 beatus
1608 2303 1763 2356 Jaco-

230 2386 305 2439 lius
344 2389 390 2441 in
436 2387 667 2455 Epistula
717 2404 810 2442 sua
861 2394 1184 2444 mentionem
1239 2394 1466 2446 Abralw
1524 2395 1763 2457 ﬁciens,

230 2478 370 2530 laudat
412 2494 531 2532 eum
583 2492 865 2545 summtqe
897 2498 925 2532 e
961 2498 1023 2534 es
1073 2481 1325 2550 operibus
1366 2500 1379 2534 :
1424 2484 1609 2536 beatus
1639 2497 1765 2536 vero

230 2568 479 2634 Apostolus
509 2583 617 2622 non
645 2583 806 2637 opera
854 2571 998 2624 illius
1021 2610 1035 2635 ,
1084 2570 1178 2625 sed
1211 2572 1368 2625 fidem
1410 2574 1764 2628 attentissime

228 2657 569 2711 rommendat?
592 2657 756 2711 Recte
781 2659 935 2728 igitur
957 2660 1145 2713 beatus
1171 2658 1399 2713 Jacobus
1421 2677 1483 2713 ex
1514 2675 1633 2729 epei
1649 2662 1768 2715 ibus

229 2762 325 2800 eum
346 2749 519 2802 laudat
546 2764 705 2818 quem
728 2749 928 2802 scebat
951 2751 1109 2803 etiam
1137 2748 1238 2804 (ide
1268 2750 1556 2818 perfectum
1590 2769 1605 2806 ;
1638 2769 1766 2819 quo-

228 2839 340 2889 niam
381 2838 482 2892 illis
522 2838 792 2892 scribebat
849 2841 937 2908 qui
988 2840 1146 2894 fidem
1183 2841 1395 2910 quidem
1453 2840 1769 2895 videbantur

229 2930 417 2993 labere,
444 2930 534 2983 sed
562 2932 807 2984 eamdem
833 2928 984 2986 bonis
1009 2931 1259 2999 operibus
1285 2946 1391 2985 non
1419 2931 1655 2986 exornab
1673 2942 1767 2986 int.

226 3023 280 3071 At
306 3036 424 3075 veto
451 3023 635 3076 beatus
667 3022 884 3087 Paulus,
916 3024 1036 3092 quia
1078 3024 1183 3079 illis
1208 3025 1477 3079 scribebat
1507 3026 1595 3093 qui
1632 3026 1769 3079 bona

1864 1856 1969 1893 non
2002 1841 2153 1910 legis.
2187 1839 2384 1893 Ibidem
2416 1841 2587 1909 capite
2617 1856 2728 1908 νιιι,
2763 1855 2926 1907 super
2946 1840 3038 1894 illo
3062 1840 3176 1893 loco
3206 1857 3222 1894 :
3256 1839 3438 1893 Omnia

1864 1935 1944 1986 (ea:
1969 1951 2066 1984 uno
2090 1933 2235 1987 rerbo
2260 1935 2573 2002 completur:
2603 1933 2717 1986 Non
2743 1946 2871 2001 ergo
2898 1933 3010 1987 sola
3039 1931 3106 1985 ad
3134 1931 3293 1984 vitam
3324 1930 3439 1984 suf-

1866 2024 1974 2077 ﬁcit
2003 2024 2151 2087 fides,
2180 2033 2235 2076 ut
2262 2024 2513 2078 laciniosa
2549 2024 2679 2093 legis
2710 2033 2974 2091 przecepta
3006 2036 3111 2077 uno
3139 2021 3438 2077 dilectionis

1863 2132 1891 2167 (ς
1913 2118 2096 2183 ιρὶιιιῐο
2127 2107 2539 2169 cnnelutlantur.
2574 2117 2633 2169 Et
2670 2131 2832 2182 super
2862 2117 2953 2170 illo
2984 2116 3102 2170 loco
3128 2132 3140 2169 :
3194 2115 3293 2180 Qui
3322 2130 3440 2167 cru-

1864 2207 1985 2269 (iﬁx
2016 2215 2134 2258 runt
2160 2221 2361 2258 carnem
2386 2222 2553 2269 suam,
2579 2206 2825 2259 similiter
2859 2206 3144 2258 notandum
3177 2205 3316 2272 quod
3348 2219 3440 2258 eos

1863 2296 2061 2349 (lbristi
2097 2311 2215 2350 esse
2245 2296 2439 2351 dixerit
2466 2298 2555 2367 qui
2587 2312 2800 2351 carnem
2825 2312 2974 2350 suam
3004 2312 3122 2350 cum
3151 2296 3437 2364 concupis-

1866 2388 2055 2440 centiis
2113 2387 2518 2448 erucilixerunt,
2560 2397 2742 2443 contra
2776 2388 2897 2440 ill-is
2935 2390 3027 2457 qui
3070 2390 3236 2442 solam
3282 2387 3438 2440 ﬁdem

1867 2479 2117 2533 Sufﬁcere
2157 2480 2501 2533 arbitrantur.
2534 2478 2599 2533 Et
2645 2480 2708 2532 ad
2761 2479 3022 2548 Ephesios
3059 2494 3089 2530 ν
3130 2480 3222 2533 illo
3258 2479 3379 2534 loco
3424 2497 3438 2531 :

1871 2569 2046 2622 Omnis
2074 2571 2371 2640 fornicator,
2409 2580 2593 2624 contra
2624 2571 2741 2625 illos
2782 2571 2886 2639 agit
2929 2570 3015 2638 qui
3067 2571 3235 2624 solam
3280 2568 3439 2624 fidem

1868 2658 1919 2713 di
1959 2667 2055 2713 unt
2106 2674 2261 2726 posse
2306 2659 2550 2714 sufficere
2593 2658 2655 2711 ad
2688 2659 2914 2714 salutem
2939 2696 2956 2724 ,
3001 2658 3119 2712 sine
3146 2648 3439 2727 operibusi

1869 2750 2007 2818 quod
2040 2751 2104 2805 de
2134 2751 2239 2805 illis
2271 2750 2400 2805 solis
2427 2748 2562 2805 bene
2591 2751 2657 2805 di.
2680 2751 2806 2817 itur,
2838 2752 2927 2820 qui
2972 2744 3092 2820 po'st
3117 2748 3442 2819 baptismum

1872 2842 2167 2907 rapiuntur,
2192 2850 2245 2895 et
2269 2851 2477 2909 tempus
2508 2856 2611 2895 non
2641 2838 2837 2893 habent
2866 2841 3001 2895 bene
3031 2839 3309 2909 operandi.
3357 2838 3441 2893 Ad

1874 2928 2127 2985 liebrmos
2153 2947 2227 2997 tv,
2254 2946 2415 3001 super
2441 2932 2531 2986 illo
2557 2932 2673 2987 loco
2704 2950 2715 2983 :
2752 2930 3068 2986 Festinemus
3092 2931 3308 3003 ingredi.
3337 2930 3442 2986 Sed

1876 3022 1940 3075 ad
1971 3022 2199 3076 salutem
2236 3036 2338 3076 non
2372 3020 2568 3077 sufﬁcit
2613 3023 2723 3075 sala
2758 3022 2917 3088 ﬁdes,
2952 3023 3311 3077 necessarium
3362 3028 3447 3075 est

226 3124 363 3177 opera
392 3111 518 3181 legis
548 3112 747 3167 habere
776 3113 1124 3183 videbantur,
1168 3115 1261 3169 sed
1294 3115 1450 3169 fidem
1479 3115 1766 3184 perfectam
1800 3124 1844 3185 C
1877 3114 2021 3167 enim
2054 3114 2263 3182 operari
2291 3131 2382 3182 per
2403 3115 2737 3169 dilectionem
2762 3114 2903 3180 ﬁdei,
2927 3122 2982 3168 et
3008 3113 3314 3169 conversari
3339 3112 3448 3167 Deo

227 3221 312 3255 non
342 3205 631 3273 habebant,
658 3207 782 3278 jure
812 3207 968 3262 ﬁdem
999 3211 1228 3264 Abrahae
1255 3210 1508 3265 attentius
1536 3224 1772 3265 comme-
1802 3231 1811 3238 ·

225 3303 405 3359 morat,
450 3308 712 3365 quatenus
739 3299 1017 3352 studerent
1043 3312 1162 3353 eum
1189 3298 1407 3355 imitari.
1439 3298 1590 3354 Unde
1628 3309 1773 3353 certe

222 3396 271 3437 ut
294 3388 626 3443 o~tenderent
645 3388 766 3459 quia
790 3389 879 3459 qui
907 3390 997 3444 ﬁlii
1024 3390 1250 3444 Abrahae
1276 3392 1462 3445 volunt
1492 3405 1632 3456 esse,
1671 3406 1769 3446 ne-

220 3488 353 3529 cesse
389 3486 468 3531 est
504 3491 561 3531 ut
591 3477 746 3532 ﬁdem
779 3488 832 3533 et
877 3494 1040 3548 Opera
1089 3479 1338 3546 habeant,
1381 3468 1576 3535 merito
1638 3495 1773 3533 unus

220 3581 278 3621 ex
305 3567 401 3623 ﬁde
424 3612 439 3632 ,
486 3572 624 3624 alter
665 3570 1010 3625 nihilominus
1040 3571 1217 3626 laudat
1245 3586 1364 3624 eum
1398 3587 1463 3625 ex
1501 3573 1768 3641 operibus.

220 3658 332 3713 llzrc
362 3661 463 3725 ille,
497 3662 631 3716 scite
675 3663 887 3731 quidem
916 3672 969 3716 et
989 3662 1164 3728 docte,
1198 3677 1354 3730 quam
1385 3673 1485 3731 ego
1514 3662 1772 3715 rationem

218 3748 403 3816 istdieio
431 3751 597 3807 cuivis
624 3767 730 3806 non
763 3752 1195 3821 perticiieissimo
1222 3751 1353 3806 satis
1384 3767 1504 3805 esse
1528 3763 1655 3820 puto
1684 3753 1778 3803 ad-

217 3856 393 3895 versus
414 3858 508 3898 eos
534 3844 622 3913 qui
653 3844 1017 3898 vehementius
1052 3844 1249 3897 instant
1300 3851 1573 3909 tautOpere
1617 3843 1774 3896 ﬁdem

215 3931 277 3981 ab
320 3934 574 3998 Apostolo
603 3934 964 3988 commendari
994 3935 1045 3988 in
1092 3932 1347 4004 Epistolis
1370 3936 1435 3987 ad
1466 3934 1739 3988 Romanos
1758 3977 1774 4003 ,

213 4020 458 4089 Catatas,
516 4024 789 4080 Ilebmos.
838 4025 967 4079 Nam
1011 4023 1267 4079 Romanis
1306 4039 1425 4079 cum
1475 4024 1776 4089 scriberet,

215 4116 400 4180 partim
429 4116 489 4171 iis
506 4118 594 4186 qui
622 4132 688 4171 ex
709 4116 1054 4181 Hellenismo,
1082 4116 1271 4185 partim
1298 4117 1387 4185 qui
1415 4132 1480 4171 ex
1507 4116 1780 4171 Judaismo

212 4206 274 4256 ad
294 4204 755 4262 Cbri~tianismum
778 4207 1145 4271 coriVolarant,
1170 4207 1438 4262 scribebat
1455 4207 1739 4276 Apostolus
1762 4221 1777 4258 :

215 4310 434 4361 quorum
461 4299 516 4353 hi
544 4300 675 4369 legis
699 4313 861 4367 opera
892 4314 994 4352 non
1022 4298 1363 4369 negtigebant
1394 4336 1411 4363 ,
1445 4298 1519 4352 illi
1543 4299 1781 4352 actiones

214 4387 424 4449 quide
454 4391 507 4443 in
535 4390 770 4456 speciem
802 4392 1085 4458 praeturas
1109 4397 1162 4444 et
1189 4387 1479 4454 studiosos,
1512 4397 1567 4444 et
1592 4397 1781 4454 quate-

1875 3207 2033 3275 digne
2051 3224 2062 3257 :
2080 3208 2201 3274 quia
2222 3205 2351 3261 ﬁdes
2365 3208 2480 3262 sine
2491 3208 2740 3275 aperibus
2754 3217 2961 3263 mortua
2978 3218 3079 3263 est.
3102 3208 3229 3265 Item
3245 3208 3313 3261 de
3325 3221 3443 3260 me-

1875 3298 1990 3355 ritis
2024 3298 2064 3353 ll
2105 3299 2167 3352 ad
2200 3298 2537 3354 Timotheum
2571 3314 2621 3354 tv
2654 3300 2742 3355 illo
2772 3301 2888 3355 loco
2918 3318 2931 3354 :
2964 3299 3165 3356 Bonum
3193 3310 3446 3353 certamen

1878 3391 2084 3444 certavi.
2112 3389 2212 3443 ista
2232 3391 2433 3459 utique,
2458 3391 2551 3458 ait,
2575 3390 2686 3460 jam
2719 3394 2903 3447 merita
2924 3408 3017 3446 sua
3049 3392 3185 3446 bona
3216 3404 3453 3446 comme-

1876 3489 2070 3545 morat,
2087 3487 2273 3549 utpost
2290 3480 2425 3533 bona
2448 3482 2635 3535 merita
2655 3491 3013 3551 consequatur
3027 3496 3302 3537 coronam.
3327 3480 3453 3534 llaec

1880 3586 2041 3640 pauca
2072 3587 2137 3626 ex
2180 3572 2357 3626 multis
2378 3572 2616 3640 ejusdem
2654 3580 2793 3627 nota:
2825 3572 3067 3627 Primasii
3096 3572 3227 3626 locis
3254 3570 3486 3624 addere'

1877 3664 2047 3719 visum
2071 3672 2174 3732 est,
2196 3680 2262 3719 ne
2279 3679 2398 3717 cum
2429 3665 2479 3717 in
2508 3665 2765 3718 PrimaSio
2792 3666 2907 3733 quis
2934 3664 3150 3735 legerit:
3171 3663 3302 3718 Audi
3333 3676 3454 3732 gra-

1881 3754 2026 3819 tiam,
2051 3764 2103 3807 ct
2126 3766 2239 3807 taec
2261 3754 2327 3808 dc
2352 3754 2598 3822 operibus
2622 3770 2637 3819 ;
2662 3756 2765 3809 noli
2788 3755 2998 3822 gloriari
3021 3754 3088 3807 de
3110 3752 3335 3819 meritis,
3358 3761 3455 3806 aut

1878 3846 2003 3914 quid
2033 3846 2204 3900 simile
2235 3864 2247 3898 :
2281 3844 2562 3899 eonfeStim
2592 3845 2879 3899 arbitretur
2906 3855 2995 3899 aut
3019 3844 3231 3899 excludi
3257 3858 3456 3912 opera,

1879 3947 1971 3992 aut
2000 3946 2177 3994 nostra
2198 3939 2415 3993 omnino
2439 3937 2551 3993 tolli
2574 3935 2885 4004 merita;sed
2908 3936 3170 4008 intelligat
3197 3935 3456 3992 adversus

1880 4022 2191 4100 Pelagianbs
2219 4031 2331 4085 hac
2360 4032 2517 4085 scribi
2549 4076 2567 4096 ,
2602 4031 2693 4100 qui
2738 4029 2941 4084 viribus
2974 4032 3084 4084 suis
3125 4028 3459 4083 conﬁdentes

1885 4122 2239 4183 naturalibus,
2271 4120 2470 4175 nullum
2501 4120 2591 4175 Dei
2621 4121 2805 4190 gratia:
2836 4120 3008 4174 locum
3039 4120 3320 4176 faciebant.
3350 4118 3457 4175 Sed
3493 4106 3503 4114 ’

1883 4212 2141 4269 hactenus
2182 4214 2236 4266 in
2281 4213 2600 4266 Primasiam
2621 4253 2635 4277 ,
2668 4211 2949 4266 Francisce
2980 4226 3077 4266 rex
3108 4209 3460 4265 Chrisianis-

1882 4306 2039 4370 sime,
2072 4303 2359 4373 praefatus,
2393 4300 2549 4356 ﬁnem
2578 4300 2790 4357 tandem
2830 4298 2989 4368 facio,
3017 4301 3275 4355 bonarum
3312 4300 3462 4370 prius

1885 4397 2179 4449 litterarum
2205 4408 2267 4448 ac
2286 4393 2583 4447 divinarum
2606 4393 2873 4448 studiosos
2900 4392 3163 4455 hortatus,
3193 4388 3464 4460 majesxati

216 4489 311 4529 Irus
340 4493 524 4533 natura
556 4490 760 4534 tantum
796 4483 935 4535 duce
983 4480 1211 4544 vivitur,
1241 4480 1464 4533 virtutes
1512 4479 1778 4533 habebant
1810 4506 1862 4566 Ι)
1886 4493 1988 4539 tum
2014 4482 2483 4539 Ciiristianissima:
2536 4484 2670 4537 bene
2713 4492 2765 4537 ιιι
2811 4492 3121 4552 precemur,
3168 4494 3262 4549 per
3307 4493 3465 4549 quam

218 4582 318 4622 non
346 4571 605 4640 ignobiles
634 4588 650 4628 :
679 4583 736 4628 at
762 4587 867 4627 non
899 4572 1264 4641 intelligebant
1293 4573 1491 4627 Otiosas
1525 4572 1639 4625 illas
1659 4613 1675 4637 ,
1720 4586 1781 4624 ac

217 4662 414 4716 nullius
449 4678 568 4720 esse
596 4671 749 4719 extra
797 4663 995 4719 Christi
1028 4665 1185 4718 ﬁdem
1243 4665 1497 4719 momenti
1548 4679 1562 4715 :
1612 4660 1781 4716 Judaei

220 4766 345 4806 tero
396 4765 559 4812 totum
602 4770 737 4827 pene
782 4771 896 4813 sua:
928 4758 1031 4828 legi
1079 4753 1571 4831 tribuebant,‘ﬁtlei
1617 4771 1786 4825 proie

261 4880 1598 4904 Μ..-

1885 4576 2083 4629 dudum
2128 4572 2365 4644 sepultus
2401 4573 2635 4635 litteras,
2688 4573 2949 4627 redivivas
2977 4572 3175 4627 habent
3214 4577 3373 4640 atque
3415 4570 3479 4629 in

1888 4666 2169 4735 pristinum
2198 4662 2466 4735 dignitatis
2502 4662 2721 4734 gradum
2753 4664 3050 4718 restitutas.

1607 4874 3461 4903 *Μ*

1621 4988 1845 5049 PRJ’EF
1852 4991 1955 5049 ΛΤ
1961 4989 2065 5049 ιο.

292 5114 467 5171 Primo
514 5116 813 5184 intelligere
867 5129 965 5169 nos
1003 5121 1213 5182 Oportet
1263 5111 1456 5181 quibus
1494 5110 1577 5164 vel
1622 5122 1788 5179 quare

225 5207 421 5261 scribat
442 5209 745 5279 Apostolus.
775 5207 888 5261 Non
909 5209 1054 5261 enim
1082 5205 1406 5279 credendum
1428 5212 1510 5259 est
1531 5218 1651 5257 eum
1671 5209 1794 5271 post

228 5294 500 5369 Evangelia
525 5339 543 5365 ,
588 5313 710 5367 quae
738 5294 870 5366 legis
898 5292 1132 5365 impletio
1157 5278 1312 5357 sunt.
1348 5292 1463 5349 sine
1502 5302 1663 5348 causa
1693 5293 1793 5346 has

230 5385 483 5453 Epistolas
521 5390 584 5442 ad
610 5389 846 5457 singulas
875 5387 1154 5455 scripsisse
1199 5385 1463 5441 Ecclesias
1505 5401 1517 5437 :
1559 5385 1791 5437 maxime

229 5490 347 5529 cum
378 5479 525 5534 nobis
548 5496 601 5533 in
631 5478 714 5531 his
741 5488 1023 5545 praecepta,
1056 5486 1107 5530 et
1129 5476 1375 5544 exempla
1415 5474 1653 5530 discendi
1682 5475 1794 5542 ple-

232 5572 441 5627 nissima
491 5575 598 5627 sint
646 5574 872 5641 digesta.
903 5570 1009 5624 Sed
1042 5569 1195 5622 initio
1237 5568 1508 5623 nascentis
1541 5566 1794 5621 ECCleiiB

232 5663 375 5719 noxis
417 5669 591 5721 causis
625 5663 1013 5725 eximentibus,
1054 5668 1197 5717 esset
1239 5668 1356 5730 post
1411 5660 1613 5715 futuras
1652 5674 1795 5726 qum-

1892 5105 2095 5161 s'iones
2117 5106 2373 5161 excludit.
2389 5107 2500 5161 Non
2529 5105 2697 5159 solum
2725 5113 2903 5157 autem
2929 5100 3346 5171 hoeApostolus,
3368 5100 3485 5158 sed

1896 5200 2058 5253 etiam
2111 5199 2383 5268 praphetm
2424 5197 2696 5260 fecerunt;
2745 5209 2867 5248 nam
2915 5203 3036 5263 post
3078 5193 3247 5253 legem
3306 5191 3481 5260 Moysi.

1892 5292 2071 5347 datam
2094 5332 2107 5351 ,
2136 5305 2255 5360 quae
2296 5288 2475 5343 omnia
2504 5278 2752 5343 mandata
2780 5284 3109 5349 continebat,
3152 5282 3231 5339 iili
3255 5296 3477 5352 quoque

1900 5399 2008 5439 nou
2034 5390 2379 5437 cessaverunt
2411 5380 2787 5449 praedicatione
2814 5394 2912 5434 sua
2957 5392 3099 5435 nova
3134 5374 3314 5445 populi
3343 5387 3483 5441 pecs

1899 5486 2016 5530 cata
2055 5456 2445 5542 comprimere,
2492 5481 2546 5526 et
2589 5470 2736 5525 libris
2783 5472 2852 5525 ad
2889 5481 3124 5525 nostram
3163 5464 3484 5522 memoriam

1902 5567 2263 5619 transmittere
2288 5603 2302 5625 ,
2346 5564 2396 5616 in
2428 5577 2561 5632 quos
2587 5562 2718 5616 ﬁnes
2760 5561 3073 5614 szecnlornm
3124 5556 3479 5610 devenerunt.

1905 5655 2096 5713 Scribit
2120 5670 2245 5726 ergo
2269 5669 2405 5709 nunc
2429 5653 2492 5708 ad
2523 5651 2808 5721 Romanos,
2837 5644 2925 5721 qui
2948 5662 3012 5704 ex
3036 5645 3234 5703 Iudaeis
3262 5653 3314 5701 et
3343 5661 3476 5718 gen.-
