3904 6176
460 387 562 439 ιιῖ»

1526 386 1825 445 ΡΠΙΜᾹΞΙῘ
1863 384 2311 444 Δῡῐιυδιετςικι
2356 387 2564 444 EPlSC.

3629 386 3732 440 εις

462 506 608 558 titms
654 502 967 569 cretlrntes,
1017 501 1285 571 superflua
1327 504 1672 557 contentione
1703 505 1952 560 volebant
1984 519 2044 560 se
2073 505 2119 565 Α
2147 501 2496 556 erndti~simi
2551 499 2909 571 tradiderunt.
2965 497 3260 569 Epistulam
3312 514 3442 556 sane
3488 514 3605 568 quae
3662 500 3735 552 ad

459 596 776 646 alterutrum
805 607 1186 661 superponere.
1235 593 1488 647 Dicebant
1510 593 1651 646 enim
1691 593 1859 648 .lutlrei
1891 610 1906 651 :
1933 594 2042 648 Nos

459 696 644 733 Nltlltts
675 696 806 750 gens
844 691 1059 744 sancta,
1105 696 1238 749 quos
1273 684 1339 735 ah
1385 682 1533 735 initio
1578 681 1716 735 Deus
1758 682 1952 737 tltlesit
1989 693 2043 738 ct

459 774 624 837 fovit;
658 790 753 826 nos
778 788 842 828 es
871 788 1069 841 genere
1102 774 1357 838 Abrahae,
1390 775 1555 841 stirpe
1583 782 1790 837 sancta,
1817 773 2041 827 descen-

460 864 669 929 t’ituus;
698 880 794 917 nos
824 864 891 918 de
916 863 1147 935 [Egypto
1175 866 1417 931 liberati,
1451 879 1598 918 utare
1626 865 1785 918 sict-is
1816 865 2041 932 pedibus

458 957 804 1010 transivimus
834 973 848 1017 ;
885 969 1102 1025 prnp'er
1130 972 1225 1011 nus
1255 956 1465 1010 Pharao
1493 972 1613 1011 cum
1658 958 1895 1011 exercitu
1944 972 2043 1012 suo

462 1061 670 1103 mersus
699 1045 930 1112 interiit;
960 1048 1113 1101 nobis
1154 1063 1345 1103 manna
1379 1048 1507 1115 pluit
1556 1048 1814 1101 Dominus
1859 1046 1911 1101 in
1944 1047 2043 1101 de-

462 1149 640 1203 serto,
690 1149 743 1194 et
786 1148 1015 1205 cmtera,
1062 1155 1181 1209 qum.
1221 1154 1536 1194 etumerare
1575 1139 1892 1209 perlongum
1936 1148 2040 1193 est.

462 1231 646 1282 Solum
685 1233 783 1284 hoc
825 1230 894 1284 dit
913 1231 1071 1295 imus,
1134 1229 1273 1299 qttod
1308 1230 1423 1296 ipse
1456 1229 1733 1295 Dominus,
1769 1231 1820 1283 in
1853 1243 1959 1299 quo
1990 1238 2043 1284 et

462 1334 561 1373 vos
588 1321 839 1374 videmini
871 1321 1117 1385 credere,
1155 1321 1307 1374 nobis
1338 1336 1400 1375 ex
1436 1321 1549 1375 lege
1572 1320 1724 1374 fuerit
1757 1319 2043 1387 repromis-

461 1426 555 1465 SIIS
589 1428 603 1464 :
638 1427 732 1465 vos
760 1420 957 1477 autem,
992 1412 1079 1481 qui
1110 1411 1237 1464 estis
1266 1421 1451 1481 gentes
1474 1412 1540 1464 ab
1564 1411 1713 1465 initio
1735 1410 2039 1478 derelictae,

461 1506 550 1567 qui
582 1518 851 1573 nunquam
879 1503 970 1555 Dci
1003 1504 1111 1557 noti
1142 1504 1243 1555 iam
1271 1504 1550 1567 habuistis,
1575 1501 1668 1555 sed
1697 1516 1912 1569 semper
1932 1500 2042 1554 dae-

465 1594 658 1648 moniis
682 1595 1027 1658 deservistis,
1074 1609 1355 1662 mqnumne
1390 1604 1471 1649 est
1504 1604 1561 1647 ut
1593 1593 1750 1662 hodie
1788 1595 1855 1648 ab
1886 1594 2043 1648 idolis

463 1701 557 1736 vos
584 1693 977 1752 convertentes,
1009 1686 1164 1739 nobis
1192 1685 1576 1755 comparemini
1598 1727 1615 1751 ,
1641 1694 1695 1739 et
1725 1700 1829 1740 non
1859 1686 2037 1755 potius

464 1775 721 1846 proselyti
772 1776 919 1841 sitis,
955 1777 1090 1831 sicut
1124 1791 1338 1845 semper
1368 1776 1541 1831 fuistis
1573 1777 1624 1830 in
1655 1777 1770 1846 lege
1801 1776 1824 1830 ?
1858 1786 1912 1831 et
1941 1777 2043 1831 hoc
2075 1805 2122 1864 Β

463 1870 636 1934 ipsum
673 1869 798 1935 quia
825 1869 1047 1923 multum
1074 1878 1155 1924 est
1178 1870 1485 1924 misericors
1511 1871 1669 1933 Dens,
1700 1868 1790 1937 qui
1823 1884 1917 1923 vos
1950 1884 2043 1921 γυ-

465 1960 559 2013 Ιιείι
586 1958 652 2013 ad
685 1969 921 2013 nostram
946 1959 1299 2013 imitationem
1329 1961 1617 2013 a-L'ncere.
1658 1955 1855 2012 Gentes
1884 1973 2045 2012 econ-

464 2050 629 2103 trario
658 2049 1095 2116 respondebant:
1153 2050 1366 2115 Quanto
1402 2049 1606 2118 majora
1650 2047 1745 2103 Dei
1787 2048 2044 2103 beneﬁcia

466 2141 834 2207 ttarravvritis,
853 2150 999 2195 tanto
1023 2155 1116 2196 vos
1132 2141 1349 2210 majoris
1364 2141 1602 2197 criminis
1624 2154 1745 2196 reos
1762 2155 1881 2196 esse
1894 2156 2045 2195 mon-

461 2232 699 2287 strabitis
724 2273 740 2298 ,
762 2233 884 2302 quia
908 2247 1118 2303 semper
1140 2232 1223 2286 his
1245 2233 1492 2287 omnibus
1513 2233 1800 2311 exstitistis
1823 2231 2040 2300 ingrati,

464 2324 591 2393 quia
619 2333 733 2394 post
770 2322 866 2378 Dei
898 2339 1081 2380 vocem
1111 2323 1343 2377 auditam
1376 2322 1525 2378 vobis
1555 2323 1778 2377 vitulum
1819 2322 2047 2378 fabrica—

467 2416 585 2469 stis.
622 2415 777 2482 Quod
806 2416 908 2470 etsi
939 2430 1043 2470 non
1072 2416 1365 2481 fecissetis,
1396 2416 1513 2471 solo
1557 2415 1659 2470 hoc
1695 2414 1921 2471 crimine
1951 2432 2045 2470 vc-

470 2507 612 2559 t-iam
658 2521 762 2559 non
803 2506 1057 2576 poteratis
1106 2508 1379 2576 accipere,
1426 2506 1516 2576 qui
1567 2506 1847 2561 Dominum
1892 2507 2047 2563 vobis

468 2596 849 2667 lropbetarnm
874 2598 1094 2652 vocibus
1112 2598 1515 2666 repromissum,
1542 2612 1647 2653 non
1668 2598 1843 2653 solum
1872 2597 2045 2654 susci-

470 2702 598 2756 pere
625 2687 895 2752 noluistis,
917 2688 1009 2742 sed
1033 2687 1193 2744 etiam
1221 2687 1498 2743 occidistis
1533 2704 1548 2743 :
1573 2702 1730 2758 quem
1753 2701 1853 2743 nos
1873 2701 2049 2743 suscec

471 2778 676 2845 pimus,
708 2790 829 2831 cum
874 2777 1035 2845 nobis
1064 2777 1131 2831 de
1170 2790 1236 2831 eo
1268 2789 1426 2829 nemo
1470 2775 1798 2845 praedixerit.
1838 2775 2050 2841 Quanto

469 2881 602 2945 ergo
643 2875 826 2921 nostra
856 2866 989 2920 fides
1016 2866 1227 2929 melior,
1260 2864 1543 2935 perspicue
1569 2876 1737 2934 patet.
1775 2865 1927 2931 Quod
1956 2881 2051 2919 au-

472 2966 579 3011 tem
603 2956 759 3011 idolis
772 2957 1220 3023 servit-imusmon
1239 2956 1687 3024 malitiaafuit,sed
1712 2955 2046 3028 ignorantiae.

478 3048 714 3117 Denique
757 3047 848 3102 ubi
898 3048 1245 3119 cognovimus
1286 3047 1602 3113 veritatem,
1641 3048 1823 3102 statim
1865 3063 2051 3103 sumus

475 3143 671 3201 secuti.
711 3143 873 3199 Filios
903 3154 1081 3199 autem
1111 3143 1337 3200 Abrahae
1368 3158 1475 3198 non
1504 3141 1737 3198 carnalis
1765 3143 2047 3214 nativitas,

472 3232 566 3287 Sed
599 3233 732 3285 “lil‘s
760 3233 900 3287 facit.
944 3233 1037 3288 llis
1066 3233 1137 3287 ita
1167 3234 1495 3304 litigantibus
1525 3247 1585 3288 se
1612 3233 1848 3288 medium
1883 3233 2053 3290 inter-

474 3324 622 3392 ponit
650 3323 959 3393 Apostolus,
988 3324 1278 3380 ostendens
1306 3322 1567 3379 ambobus
1595 3325 1835 3394 populis,
1878 3339 2052 3393 neque

473 3433 502 3466 ι·
526 3431 567 3466 τι
587 3415 930 3471 nm-isiottcm
962 3416 1157 3485 aliqu‘d
1188 3430 1331 3484 esse,
1373 3431 1547 3485 neque
1578 3415 1927 3486 praeputium;
1956 3416 2050 3470 sed

477 3508 659 3572 tidem,
685 3523 804 3578 qua:
833 3525 926 3578 per
947 3507 1262 3564 charitatem
1288 3517 1563 3576 operatur.
1598 3505 1841 3560 Vicissim
1870 3515 2049 3562 autem

473 3613 571 3650 cos
617 3600 901 3655 hnmilians
942 3617 1037 3669 per
1080 3607 1243 3656 letam
1288 3598 1613 3662 Etvistolam,
1661 3598 1955 3651 ratzouibus
1998 3607 2054 3653 et

474 3689 796 3745 tesrimoniis
849 3692 913 3745 ad
946 3692 1201 3747 unitatem
1248 3689 1513 3753 hortatur,
1555 3698 1611 3741 et
1652 3689 1886 3743 ostendit
1922 3704 2053 3743 neu-

474 3788 613 3832 trum
643 3781 741 3834 hoc
768 3795 861 3835 sua
881 3782 1084 3852 jn-titia
1118 3781 1517 3837 meruissezsed
1550 3787 1715 3837 toturn
1742 3779 1867 3841 hoc,
1896 3778 2052 3847 quid-

472 3870 599 3935 quid
625 3879 769 3936 snnt,
797 3870 884 3926 Dei
903 3872 1126 3942 justitite
1150 3873 1536 3941 deputandum.
1566 3873 1631 3926 Et
1659 3873 1874 3929 Judaaos
1899 3889 2051 3933 Vero.

472 3972 525 4013 rt
560 3973 746 4031 gentes
775 3967 1009 4033 graviter
1038 3966 1267 4020 scientes
1290 3965 1581 4036 deliquisse
1612 3965 1886 4029 :Judaeos,
1911 3966 2051 4035 quod

480 4074 576 4125 per
603 4060 1093 4126 prmvaricationem
1122 4059 1256 4128 legis
1279 4060 1605 4115 inbonorent
1636 4059 1825 4114 Deum.
1849 4058 2054 4125 Qua-ri-

476 4160 565 4202 tor
610 4150 769 4203 etiam
804 4166 899 4204 cur
927 4166 1031 4204 non
1078 4152 1305 4218 amplius
1355 4166 1513 4219 quam
1558 4150 1743 4205 decem
1792 4149 2056 4218 Epistolas

477 4241 543 4293 ad
577 4241 851 4296 Ecclesias
888 4243 1269 4312 conscripserit
1302 4259 1315 4295 :
1361 4242 1547 4295 dcccm
1578 4250 1701 4295 sunt
1744 4242 1885 4296 enim
1937 4257 2057 4295 cum

478 4349 539 4386 ca
572 4349 691 4401 qua:
732 4334 927 4388 dicitur
973 4332 1038 4386 ad
1083 4333 1377 4388 Hebraeos:
1420 4346 1544 4386 nam
1572 4332 1792 4402 reliquae
1834 4342 2062 4401 quatuor

2150 590 2401 646 Hebraeos
2430 591 2700 656 scribitur,
2728 591 2945 660 quidam
2976 590 3127 645 Pauli
3155 606 3261 646 non
3285 606 3408 646 esse
3430 589 3731 655 afﬁrmant,

2148 697 2214 736 eo
2243 683 2381 752 quod
2412 698 2515 737 non
2538 684 2608 737 sit
2636 682 2751 752 ejus
2775 683 2993 736 nomine
3024 681 3256 747 titulata,
3284 690 3338 736 et
3370 690 3587 748 pr0pter
3618 697 3737 735 scr-

2150 774 2325 827 monis
2355 774 2583 844 stylique
2611 772 2945 838 distantiam;
2978 772 3071 826 sed
3104 781 3195 826 aut
3234 771 3493 826 Barnabas
3515 813 3532 835 ,
3582 773 3739 841 jmta

2151 863 2571 929 Tertullannm;
2595 875 2687 935 aut
2714 864 2906 933 Lucra,
2937 864 3085 932 juxta
3127 864 3417 933 quosdam;
3455 864 3538 918 vel
3589 876 3742 917 certe

2148 944 2463 1020 Clementis:
2493 955 2739 1023 discipuli
2765 957 3152 1024 apostolorum,
3175 963 3360 1021 etpost
3382 970 3477 1008 eos
3491 954 3742 1021 episcopi

2150 1046 2404 1101 Romanae
2444 1046 2702 1102 Ecclesiae
2750 1047 3003 1101 ordinati.
3047 1046 3251 1113 Quibus
3294 1044 3743 1113 respondentium

2149 1145 2232 1190 est
2268 1135 2357 1191 :Si
2388 1145 2663 1207 propterea
2690 1136 2839 1191 Pauli
2875 1152 2979 1190 non
3010 1134 3133 1202 erit,
3156 1136 3279 1204 quia
3304 1134 3419 1203 ejus
3440 1151 3547 1187 non
3575 1134 3746 1186 habet

2149 1242 2369 1290 nomen,
2398 1242 2498 1281 nec
2524 1226 2752 1297 alicujus
2780 1227 2903 1293 erit,
2938 1228 3060 1296 quia
3084 1226 3281 1281 nullius
3306 1227 3522 1280 nomine
3557 1226 3747 1278 titula-

2150 1325 2257 1369 tur.
2282 1316 2435 1383 Quod
2456 1317 2498 1369 si
2516 1316 2804 1369 absurdum
2824 1325 2925 1381 est,
2949 1316 3117 1385 ipsius
3131 1329 3253 1370 esse
3270 1315 3439 1386 magis
3462 1315 3743 1368 credenda

2148 1415 2232 1459 est
2260 1420 2379 1473 qua:
2408 1414 2555 1457 tanto
2584 1404 2844 1458 doctrinae
2870 1419 2981 1457 suas
3006 1404 3168 1471 fulget
3196 1404 3437 1471 eloquio;
3475 1404 3558 1455 vel
3591 1410 3748 1457 certe

2147 1496 2267 1563 quia
2318 1497 2457 1559 apul
2510 1495 2857 1549 Hebraeorum
2912 1495 3177 1549 Ecclesias
3219 1495 3370 1562 quasi
3427 1496 3751 1549 destructor

2149 1584 2280 1654 legis
2305 1586 2439 1639 falsa
2462 1585 2769 1651 soSpicione
2795 1585 3114 1648 habebatur,
3138 1583 3305 1636 voluit
3332 1585 3493 1636 tacito
3520 1584 3751 1639 nomine

2148 1674 2414 1741 scribere,
2448 1688 2512 1727 ne
2542 1674 2721 1726 odium
2756 1675 2989 1726 nominis
3017 1672 3196 1728 fronte
3229 1673 3418 1740 prolati
3451 1673 3749 1728 υιίῐιι.ιιι·ιιι

2148 1762 2458 1818 excluderet
2486 1762 2500 1816 l
2537 1763 2751 1817 ctionis.
2783 1760 2897 1815 Non
2928 1772 3010 1816 est
3031 1777 3160 1815 sane
3191 1763 3381 1814 mirum
3410 1763 3453 1814 si
3482 1764 3749 1817 diserti-ir

2149 1853 2216 1904 s?t
2249 1852 2299 1905 in
2330 1868 2364 1921 p
2394 1853 2507 1920 opri
2531 1870 2575 1916 ν,
2596 1852 2645 1905 id
2680 1861 2756 1905 est
2789 1851 2840 1904 in
2872 1851 3118 1915 llebtten,
3154 1868 3309 1920 quam
3342 1854 3391 1906 in
3425 1856 3741 1921 peregrino,

2149 1943 2200 1997 id
2229 1953 2311 1998 est
2341 1942 2552 2010 Graco,
2576 1956 2682 2011 quo
2710 1951 2922 1996 eceterae
2954 1942 3078 2009 Epis
3104 1943 3207 1993 olm
3232 1943 3450 2009 scripta:
3478 1951 3606 1993 sunt
3634 1957 3752 1995 ser-

2149 2049 2327 2089 mone.
2362 2037 2535 2090 lllovet
2586 2037 2749 2092 etiam
2806 2036 3063 2106 quosdam
3092 2078 3109 2104 ,
3155 2051 3319 2105 quare
3371 2035 3749 2091 Romanorum

2151 2125 2384 2193 llpistola
2413 2125 2464 2179 in
2498 2125 2671 2194 primo
2697 2129 2767 2181 sit
2810 2127 3004 2197 posita,
3036 2141 3156 2180 cum
3184 2141 3300 2179 eam
3369 2136 3552 2192 postra
3602 2130 3750 2181 scri-

2148 2224 2291 2286 ptam
2324 2216 2457 2269 ratio
2488 2216 2814 2272 manifestet.
2859 2217 3015 2272 Unde
3078 2216 3483 2284 intelligendum
3538 2226 3625 2271 est
3676 2219 3750 2272 ita

2150 2322 2336 2359 omnes
2369 2306 2635 2375 EpiStolas
2668 2308 2964 2373 ordinatas,
2998 2319 3056 2361 ut
3080 2308 3247 2378 prima
3278 2317 3595 2375 poneretur.
3619 2323 3750 2375 qua:

2154 2395 2220 2450 ad
2263 2395 2548 2450 inferiores
2577 2395 2750 2451 fuerat
2781 2397 3077 2459 destinata,
3110 2405 3163 2449 et
3200 2410 3294 2465 per
3322 2395 3569 2464 singulas
3614 2396 3753 2465 Epi-

2150 2488 2315 2543 stolas
2356 2488 2620 2559 gradatim
2668 2489 2732 2542 ad
2783 2489 3130 2559 perfectiores
3166 2488 3462 2542 veniretur.
3510 2486 3750 2542 Bottiani

2152 2593 2383 2647 namque
2411 2587 2517 2632 tam
2549 2578 2745 2633 inﬁrmi
2772 2587 2959 2641 erant,
2994 2589 3050 2631 ut
3082 2592 3189 2630 non
3219 2577 3619 2645 in'elligerent:
3669 2577 3755 2629 id-

2154 2670 2301 2723 circo
2349 2668 2471 2722 illos
2501 2668 2738 2738 indigere
2766 2667 2959 2723 asserit
3010 2666 3348 2727 conﬁrmari,
3376 2665 3502 2719 vitia
3549 2680 3754 2720 eorum

2157 2763 2329 2831 priora
2369 2776 2822 2817 commemorans.
2884 2761 3178 2818 Corinthiis
3245 2772 3420 2814 autem
3461 2760 3573 2828 jam
3612 2759 3756 2812 dicit

2157 2852 2437 2907 scientiam
2461 2867 2673 2907 omnem
2707 2867 2829 2907 esse
2855 2867 3202 2917 concessam,
3242 2862 3293 2905 et
3323 2867 3427 2905 non
3460 2860 3568 2903 tam
3596 2850 3759 2919 ipsos

2158 2942 2429 3012 increpat,
2472 2958 2631 3012 quam
2659 2958 2757 2997 cur
2796 2943 2930 2997 alios
2962 2958 3065 2997 non
3101 2943 3337 3013 increpat
3352 2943 3525 3006 crint,
3560 2957 3760 3006 repre-

2160 3033 2382 3101 hendit,
2429 3049 2548 3088 cum
2580 3034 2709 3089 dicit
2757 3051 2771 3087 :
2819 3016 3039 3088 Auditur
3062 3035 3193 3088 inter
3228 3021 3635 3104 vos'fornicotio.
3694 3034 3764 3088 Et

2156 3124 2349 3179 iterum
2397 3141 2409 3176 :
2456 3123 2790 3196 Congregatis
2832 3126 2971 3180 vobis
3008 3141 3123 3179 cum
3154 3142 3264 3179 meo
3309 3125 3494 3189 spiritu
3543 3125 3763 3179 trudere

2158 3218 2458 3290 hujusntodi
2486 3218 2719 3275 Satanan
2753 3219 2809 3273 In
2837 3219 3070 3275 secunda
3101 3235 3229 3274 vero
3262 3220 3569 3283 laudantur,
3598 3227 3661 3272 et
3704 3227 3766 3273 ut

2110 3304 2113 3307 ’
2161 3311 2330 3379 magis
2369 3323 2432 3363 ac
2478 3310 2647 3378 magis
2686 3309 2971 3379 proﬁciant
2998 3310 3371 3363 admonentur.
3405 3307 3611 3362 Galatae
3638 3307 3764 3378 jam

2158 3398 2354 3451 nullius
2380 3398 2618 3452 criminis
2644 3410 2971 3468 arguuntur,
3012 3400 3111 3453 nisi
3146 3399 3285 3468 quod
3325 3399 3558 3453 versutis
3593 3414 3769 3468 pseu-

2160 3493 2495 3562 doaposwlis
2546 3494 2911 3551 crediderunt.
2956 3488 3172 3565 EpheSii
3214 3510 3343 3549 sane
3390 3497 3533 3549 nulla
3566 3511 3767 3563 repre-

2161 3591 2455 3657 hensioue,
2505 3592 2602 3647 sed
2647 3593 2813 3646 multa
2862 3603 2986 3646 sunt
3026 3593 3183 3647 laude
3222 3592 3401 3663 digni,
3427 3593 3549 3661 quia
3590 3594 3765 3648 ﬁdem

2160 3689 2503 3759 apostoticam
2535 3700 2905 3747 servaverunt.
2966 3692 3339 3761 Philippenses
3374 3694 3536 3747 etiam
3583 3694 3769 3747 multo

2163 3779 2330 3847 magis
2372 3779 2789 3846 collaudantur,
2837 3781 2929 3849 qui
2977 3796 3043 3835 ne
3088 3781 3274 3835 audire
3320 3781 3535 3850 quidem
3587 3781 3766 3836 falsos

2163 3871 2439 3945 apostolus
2506 3871 2814 3944 voluerunt.
2866 3874 3376 3929 ThCSSdiOIliCCﬂSCS
3427 3875 3658 3942 adatque
3710 3877 3767 3929 in

2161 3968 2369 4022 duabus
2413 3969 2667 4037 Epismlis
2696 3970 2843 4025 omni
2888 3974 3042 4027 laude
3075 3967 3439 4039 prosequitur,
3485 3981 3553 4021 eo
3600 3968 3759 4034 quod

2167 4073 2273 4113 non
2303 4058 2478 4113 solum
2510 4061 2667 4137 ﬁdem
2708 4061 3079 4117 inconcussam
3119 4067 3449 4118 servaverint
3469 4059 3766 4127 veritatis,

2161 4153 2255 4203 sed
2284 4155 2446 4204 etiam
2484 4152 2534 4205 in
2569 4152 2942 4220 persecutione
2970 4154 3164 4207 civium
3189 4164 3496 4209 constantes
3548 4156 3766 4209 fut-rint

2166 4244 2382 4299 inventi.
2409 4244 2759 4299 (Solossenses
2782 4260 2909 4299 vero
2939 4247 3074 4300 tales
3112 4248 3375 4316 erantqui
3404 4262 3506 4301 non
3539 4248 3763 4315 indige-

2161 4341 2278 4385 rent
2301 4375 2317 4399 ,
2348 4342 2407 4386 ut
2437 4333 2504 4386 ab
2532 4334 2789 4402 Apostolo
2817 4337 3104 4392 carnaliter
3124 4336 3464 4402 viderentur;
3504 4337 3759 4407 denique

480 4427 543 4475 ad
574 4424 867 4494 tlisc?pulos
890 4422 1224 4477 fatniliariter
1248 4432 1372 4477 sunt
1393 4433 1676 4492 porrecta).
1708 4422 1776 4481 Ut
1804 4422 2054 4475 ostende-
2086 4428 2139 4487 D
2165 4438 2434 4492 nunquam
2470 4424 2551 4479 eis
2579 4439 2733 4480 suum
2762 4427 2959 4494 promit
2998 4428 3283 4483 adventum
3305 4445 3319 4481 :
3339 4428 3535 4497 quibus
3586 4430 3768 4483 etiam

482 4523 585 4573 tet,
609 4514 811 4566 Novum
835 4513 1235 4567 Testamentum
1264 4527 1368 4566 non
1392 4511 1703 4582 discrepare
1727 4528 1755 4565 a
1782 4512 1979 4577 Veteri,
2006 4522 2060 4567 et

484 4618 544 4657 se
564 4613 748 4657 contra
781 4606 949 4671 legem
981 4618 1083 4655 non
1113 4602 1289 4657 facere
1317 4601 1510 4671 Moysi,
1534 4603 1599 4657 ad
1630 4618 1910 4657 numerum
1944 4604 2054 4671 ιιι-ἰν

483 4712 693 4750 morum
721 4696 962 4766 decaIOgi
991 4697 1361 4750 mandatorum
1380 4735 1395 4762 ,
1425 4695 1617 4765 quibus
1646 4695 1736 4751 ille
1772 4699 2057 4764 praeceptis

478 4802 507 4843 ι
542 4787 818 4843 Pharaone
846 4788 1069 4841 instituit
1107 4788 1380 4841 liberatos.
1411 4785 1543 4841 Nam
1575 4787 1707 4841 duas
1739 4786 1947 4839 tabulas
1977 4787 2055 4840 la-

477 4879 664 4950 pideas
693 4880 919 4935 duorum
942 4879 1409 4935 Testamentorum
1441 4877 1660 4947 ﬁguram
1684 4875 1935 4930 habuisse
1963 4879 2059 4929 viri

2161 4514 2288 4569 dicit
2316 4533 2329 4569 :
2360 4513 2473 4569 Etsi
2501 4533 2710 4587 corpore
2733 4517 2911 4572 absens
2935 4558 2953 4585 ,
2990 4520 3081 4574 sed
3108 4522 3295 4589 spiritu
3333 4521 3593 4574 vobiscum
3633 4539 3765 4574 sum

2163 4606 2392 4673 gaudens
2412 4647 2425 4668 ,
2456 4616 2503 4659 et
2530 4608 2704 4661 videns
2724 4608 2954 4662 ordinem
2982 4620 3222 4665 vestrum.
3253 4611 3326 4664 De
3347 4610 3594 4666 Hebrmis
3627 4612 3769 4678 quid

2162 4696 2358 4763 dicam,
2388 4699 2577 4767 quibus
2605 4700 2712 4752 ait:
2739 4699 2875 4753 Nam
2902 4710 2951 4754 et
2991 4702 3171 4757 vinctis
3201 4704 3456 4773 compassi
3495 4705 3616 4756 estis
3636 4745 3653 4768 ,
3716 4717 3773 4758 et

2164 4788 2397 4856 rapinam
2420 4788 2662 4843 bonorum
2685 4800 2966 4846 vestrorum
2995 4808 3112 4847 cum
3141 4794 3333 4865 gaudio
3361 4793 3688 4863 suscepistis.

492 4989 3745 5031 Μ

1683 5098 2548 5216 ΡιιιιιιΔειι
3001 5232 3011 5242 _

555 5299 1714 5431 COMMENTARIA
1791 5301 1953 5423 IN
2032 5294 2884 5425 EPISTOLAS
2963 5296 3091 5425 S.
3179 5294 3713 5424 PAULI.

1622 5553 2002 5615 EPISTOLA
2053 5554 2159 5614 AD
2200 5552 2602 5614 ROMANOS.

550 5698 729 5753 Carur
757 5712 977 5752 rntuuu.
1021 5694 1236 5759 Paulus,
1262 5694 1311 5748 id
1349 5703 1431 5750 est
1455 5694 1678 5765 pusillus
1708 5702 1763 5748 et
1808 5692 2057 5757 ultimus;

484 5801 546 5841 es
582 5790 746 5841 Saulzt
781 5788 992 5853 Paulus,
1024 5789 1157 5842 sicut
1182 5803 1243 5841 ex
1271 5786 1466 5841 Abram
1499 5786 1787 5849 Abraham,
1822 5795 1876 5840 ut
1908 5786 2065 5841 etiam

2172 5691 2289 5760 ipso
2317 5690 2577 5746 vocabulo
2598 5704 2767 5746 novus
2802 5699 2967 5747 esset.
2994 5690 3183 5748 Servus
3209 5689 3334 5747 Iesu
3363 5693 3575 5748 Christi.
3602 5695 3784 5755 Sicut

2175 5783 2341 5840 Isaias
2364 5783 2800 5855 dicitzMagnum
2828 5784 2920 5839 tibi
2958 5795 3039 5839 est
3076 5785 3253 5840 vocari
3297 5802 3511 5843 servum
3546 5804 3776 5846 meum.
