3904 6176
0 5628 71 6127 F

0 6132 19 6171 η

254 268 343 321 117

1073 264 1137 318 IN
1180 264 1563 319 EPISTOLU!
1605 266 1693 320 AD
1734 255 2060 320 ROAHNUS
2101 262 2615 321 COMMENTARM.

3394 273 3499 329 “8

259 381 469 435 Vocatus
504 379 788 447 apcstolus.
822 374 936 429 iam
966 377 1017 430 in
1049 377 1382 444 pra-scientia
1411 376 1475 430 ad
1521 376 1621 431 hoc
1656 391 1814 430 voea-
1848 379 1893 436 Λ
1927 378 2071 431 tum?
2105 379 2175 431 ita
2207 393 2335 447 ergo
2367 379 2493 431 ﬁdes
2524 395 2708 432 eorum
2751 380 2965 445 dir-itur,
2998 381 3132 436 sicut
3165 381 3249 438 lex
3279 398 3377 439 cur
3399 402 3489 452 un,

248 481 324 525 tus
364 480 415 523 et
450 467 884 538 prmdestinatus,
917 473 973 517 nt
1000 465 1458 533 essetapostolus.
1486 465 1813 536 Segregatus.

1923 482 2043 518 cum
2072 468 2473 536 nullusignoret
2496 468 2635 537 quod
2669 470 2751 522 lex
2778 486 2807 522 a
2841 470 2947 524 Deo
2978 472 3066 536 sit,
3094 472 3233 527 sicut
3265 484 3319 527 et
3345 476 3498 527 ΙίσΙ-ἐι

247 562 387 617 Sicut
410 558 463 613 in
494 558 717 612 Actibus
748 556 1111 625 apostolorum
1154 554 1326 610 dicit:
1352 556 1642 626 Segregate
1684 557 1819 611 tnihi
1880 554 2085 615 “Tean
2117 557 2252 607 enim
2299 557 2425 609 mihi
2448 567 2520 610 est
2566 557 2718 620 Deu',
2750 558 2832 610 cui
2857 561 3016 611 servio
3060 560 3113 613 in
3155 563 3339 630 spiritu
3367 579 3498 625 meo,

248 654 460 708 Paulum
483 661 537 705 et
569 651 863 705 Barnabam
889 649 954 702 ad
992 663 1127 717 Opus
1158 649 1222 701 ad
1266 648 1406 716 quod
1435 650 1567 717 elegi
1600 664 1714 703 eos.
1751 647 1818 702 In

246 743 577 815 Ecattgelium
607 742 740 808 Dei,
775 744 911 812 quod
946 753 1064 796 ante
1103 742 1423 811 promiserat.
1465 742 1816 814 Evangetiutu

244 840 368 893 bona
397 836 734 890 annuntiatio
754 833 969 899 dicitur,
993 844 1047 889 et
1066 834 1205 904 quod
1236 834 1405 902 majus
1433 836 1628 890 bonum
1653 850 1812 905 quam

242 940 417 984 natum
444 937 501 982 et
532 942 747 996 paSsum
779 925 1137 980 resurrexisse
1163 924 1433 980 Christum
1486 942 1583 994 pro
1628 927 1819 982 nobis?

245 1018 341 1072 Per
377 1018 660 1088 praphetas
690 1032 807 1069 suos
827 1022 877 1071 in
909 1006 1191 1080 Scripturis
1212 1017 1399 1069 eunetis
1418 1061 1433 1084 ,
1456 1018 1518 1070 de
1543 1016 1678 1070 Filio
1707 1035 1819 1081 suo,

242 1110 321 1177 qui
344 1107 513 1176 factus
544 1113 617 1159 est
640 1107 704 1160 ei.
733 1107 812 1159 Ad
840 1106 1177 1159 nutriendum
1208 1105 1510 1159 Judzeortnn
1532 1108 1708 1171 Iidem,
1738 1124 1819 1161 as-

239 1199 367 1253 serit
392 1213 456 1252 se
488 1198 638 1251 illum
672 1196 964 1266 prmdicare
992 1213 1150 1263 quem
1177 1198 1450 1267 propheta:
1472 1202 1819 1254 annuutiave-

242 1297 366 1342 runt
393 1289 447 1341 in
489 1288 784 1356 Scripturis
827 1290 1048 1342 sanctis.
1080 1288 1250 1347 Totus
1298 1289 1445 1343 locus
1485 1290 1584 1344 iste
1636 1301 1820 1344 contra

240 1379 567 1433 Manichaeos
584 1378 729 1443 facit,
749 1380 837 1447 qui
858 1380 1020 1433 alium
1047 1380 1211 1433 Deum
1236 1380 1635 1450 prophetarum,
1660 1382 1821 1437 alium

241 1470 423 1523 dicunt
451 1468 587 1523 Novi
616 1469 964 1524 Testamenti.
1002 1470 1081 1522 Ex
1109 1471 1298 1525 semine
1322 1471 1504 1525 David.
1534 1472 1609 1525 Ex
1636 1473 1818 1536 Maria,

244 1580 361 1632 qua:
390 1566 459 1617 de
483 1564 653 1618 David
683 1566 852 1633 stirpe
878 1564 1045 1627 venit,
1073 1565 1210 1618 sicut
1252 1564 1415 1619 Isaias
1452 1565 1589 1619 dixit
1629 1583 1644 1621 :
1685 1567 1823 1622 Ecce

248 1655 407 1725 Virgo
439 1655 491 1707 in
526 1665 683 1709 utero
731 1654 967 1715 habebit,
994 1663 1047 1708 et
1079 1656 1249 1722 pariet
1289 1655 1476 1712 lilium.
1527 1656 1823 1711 Secundum

1923 646 1974 698 in
2005 645 2282 716 Evangelia
2314 644 2442 699 Filii
2472 648 2603 717 ejus.
2637 647 2747 701 Hoc
2802 658 2904 711 est,
2936 648 3019 701 cui
3076 651 3129 703 itt
3185 662 3296 704 toto
3340 630 3501 707 cordia

1924 751 2043 788 meo
2101 745 2343 803 prompta
2393 736 2676 790 devotione
2708 747 2757 790 et
2790 738 2942 806 plena
2975 740 3197 794 veritate
3234 743 3499 796 deservio.

1927 828 2077 893 Quod
2099 831 2207 882 sine
2245 829 2617 883 intermissione
2664 831 2965 883 memoriam
3003 833 3153 884 vestri
3174 832 3326 901 facio,
3366 852 3497 886 srm-

1924 938 2015 989 per
2061 922 2113 973 in
2165 922 2480 976 orationibus
2528 924 2651 976 meis
2693 924 2980 977 obsecrans.
3031 924 3129 979 llic
3168 929 3402 980 ostendt
3444 943 3506 984 se

1926 1010 2103 1062 omnia
2131 1024 2249 1064 cum
2280 1011 2570 1066 dilectione
2613 1011 2899 1075 dicturum,
2937 1022 2993 1066 ut
3028 1013 3097 1069 ab
3137 1015 3220 1069 his
3250 1015 3502 1071 libentius

1921 1102 2201 1169 audiatur,
2223 1121 2233 1149 ‹
2257 1113 2275 1156 t
2293 1103 2381 1155 dat
2404 1104 2706 1171 exemplum
2724 1106 2840 1158 sine
2871 1104 3268 1160 intermissione
3288 1108 3499 1160 orandi.

1930 1190 1989 1245 Si
2029 1194 2283 1260 quomodo
2309 1194 2513 1246 tandem
2538 1193 2816 1263 aliquando
2841 1212 3143 1263 prosperum
3170 1197 3266 1250 iter
3293 1198 3504 1252 habt-am

1926 1281 1979 1333 in
2002 1282 2261 1334 voluntate
2297 1281 2388 1334 Dei
2413 1283 2643 1336 veniendi
2668 1285 2735 1337 ad
2766 1301 2871 1338 vos.
2901 1284 3147 1338 Desidero
3171 1288 3303 1339 enim
3334 1289 3503 1341 videre

1925 1387 2034 1437 vos,
2062 1380 2113 1423 ut
2145 1372 2339 1438 aliquid
2386 1372 2645 1441 impert'ar
2665 1372 2801 1424 vobis
2831 1373 3503 1444 gratiwspiritualis.Aliter

1928 1462 2087 1514 etiam
2123 1476 2434 1528 prosperum
2476 1464 2578 1517 iter
2621 1478 2725 1516 non
2757 1462 2951 1527 habeo,
2987 1466 3091 1526 nisi
3140 1480 3225 1519 me
3257 1466 3504 1519 voluntas

1933 1552 2049 1617 Dei,
2083 1569 2201 1621 qua:
2227 1554 2403 1607 omnia
2436 1554 2606 1620 novit,
2636 1563 2689 1608 et
2710 1556 2763 1609 in
2798 1555 2951 1609 bouis
2976 1557 3223 1611 omnibus
3250 1574 3347 1612 nos
3372 1576 3504 1626 pra:-

1928 1644 2092 1710 veuit,
2125 1650 2179 1697 et
2209 1643 2482 1709 priecedit,
2515 1654 2569 1698 et
2602 1644 2763 1709 fovet,
2799 1646 2889 1698 illo
2942 1645 3219 1710 direxerit,
3255 1648 3342 1700 ubi
3387 1651 3495 1701 tru-

249 1762 473 1798 carnem.
504 1744 569 1798 Et
596 1743 881 1798 Photinum
905 1743 1183 1809 esstinxit,
1211 1753 1266 1799 et
1290 1745 1379 1814 qui
1408 1746 1705 1801 solitarium
1731 1746 1826 1799 ho-

1938 1742 2073 1785 ctum
2119 1733 2350 1800 aliquem
2396 1733 2641 1801 habeam,
2706 1736 2841 1788 sicut
2879 1736 2946 1790 de
2975 1739 3228 1803 apostolis
3261 1738 3505 1808 legimus,

254 1839 448 1889 minem
471 1835 624 1901 dicit,
655 1852 761 1887 non
794 1835 1092 1901 intelligens
1119 1836 1169 1888 in
1186 1834 1398 1891 Christo
1418 1836 1549 1891 duas
1570 1853 1690 1893 esse
1706 1840 1831 1893 sub-

254 1928 491 1980 stantias.
512 1926 614 1992 Qui
628 1926 1015 1995 pra'destinatus
1041 1943 1068 1979 e
1096 1935 1112 1979 t
1140 1924 1311 1981 Filius
1338 1926 1433 1981 Dei
1461 1929 1513 1983 in
1552 1931 1732 1983 virtute
1753 1948 1831 1984 se-

256 2019 473 2072 cundum
500 2018 740 2086 spiritum
767 2018 1185 2082 sanctiﬁcationis
1214 2035 1278 2073 ea:
1304 2022 1674 2075 resurrectione
1694 2039 1832 2075 mor-

260 2120 455 2162 tuorum
481 2107 604 2163 Iesu
636 2108 826 2162 Christi
852 2107 1057 2161 Domini
1081 2111 1261 2163 nostri.
1289 2109 1701 2168 Prmdestiuatus
1727 2124 1828 2177 est,

264 2210 315 2251 ut
344 2200 486 2267 prior
513 2199 766 2253 omnibus
796 2209 1098 2269 resurgeret
1121 2210 1172 2254 et
1200 2201 1322 2256 liliis
1352 2201 1444 2256 Dei
1478 2203 1616 2257 viam
1648 2219 1828 2258 resur-

266 2292 508 2346 rectionis
535 2293 795 2358 apetiret,
828 2301 884 2346 ut
932 2294 1199 2362 quomodo
1226 2304 1405 2363 caput,
1430 2296 1508 2351 sic
1536 2306 1590 2350 et
1638 2311 1833 2366 corpus

268 2384 380 2453 ejus
405 2393 730 2455 resurgeret.
764 2384 863 2439 Per
886 2402 1033 2455 quem
1061 2387 1348 2455 accepimus
1369 2391 1589 2457 gratiam
1621 2397 1670 2442 et
1706 2405 1834 2458 apo-

270 2474 504 2527 stolatum
530 2476 600 2526 ad
617 2475 947 2528 obedientium
971 2476 1093 2543 ﬁdei
1111 2478 1159 2527 in
1181 2477 1413 2530 omnibus
1433 2477 1683 2548 gentibus.
1699 2479 1833 2533 Gra-

269 2562 413 2629 tiam,
444 2574 501 2617 ut
526 2563 814 2617 credamus
887 2573 941 2617 et
983 2564 1331 2634 baptizemur,
1362 2574 1414 2619 et
1442 2566 1560 2635 quia
1591 2569 1755 2634 gratis
1780 2577 1835 2622 et

264 2651 371 2720 jam
402 2655 512 2723 ipse
546 2654 869 2722 justillcatus
899 2663 981 2708 est
1008 2656 1171 2709 nullis
1202 2657 1407 2711 meritis
1435 2658 1565 2712 suis.
1599 2661 1679 2728 Ap
1718 2669 1830 2714 sto-

269 2744 425 2797 latum
441 2758 562 2798 vero
575 2744 801 2811 accepit,
826 2746 1038 2814 quando
1060 2745 1294 2801 directus
1316 2756 1400 2801 est
1427 2749 1673 2816 gentibus
1696 2766 1832 2818 pra:-

268 2837 462 2893 dicare.
490 2838 597 2891 Pro
623 2840 831 2892 nomine
857 2839 1124 2905 eius.Vice
1148 2841 1378 2895 nominis
1403 2842 1519 2910 ejus
1550 2842 1835 2912 fungimur,

269 2928 406 2982 sicut
434 2928 549 2998 ipse
578 2931 715 2983 dicit
746 2948 759 2983 :
796 2930 946 2984 Sicut
971 2932 1114 2986 misit
1142 2947 1227 2987 me
1266 2932 1441 2999 Pater,
1471 2944 1525 2987 et
1558 2950 1656 3005 ego
1686 2937 1839 2990 mitto

269 3033 395 3084 vos;
422 3029 492 3086 et,
531 3020 824 3089 legatione
855 3023 1122 3091 fungimur
1169 3037 1264 3091 pro
1292 3023 1524 3078 Christo.
1558 3022 1621 3078 In
1663 3028 1840 3095 quibus

1933 1837 2028 1876 ets
2056 1822 2163 1876 alio
2213 1825 2289 1880 ire
2330 1823 2593 1889 volentes,
2626 1824 2734 1878 alio
2781 1825 3103 1892 destinatos,
3156 1845 3257 1881 non
3290 1845 3354 1884 eo
3402 1830 3505 1885 isse

1933 1927 2040 1979 quo
2087 1912 2355 1978 volebant,
2406 1914 2501 1968 sed
2554 1929 2658 1983 quo
2708 1929 2801 1969 eos
2835 1916 2975 1970 Deus
3011 1916 3279 1985 misisset,
3329 1920 3507 1974 sciens

1937 2005 2150 2071 quando
2170 2014 2220 2059 et
2242 2005 2308 2058 ad
2331 2020 2465 2074 quos
2490 2005 2568 2061 ire
2589 2005 2865 2061 deberent.
2895 2008 2973 2060 Ad
2998 2010 3376 2073 conﬁrmandos
3398 2027 3503 2066 vos.

1942 2095 2038 2149 llic
2068 2097 2325 2163 oswndit,
2353 2097 2579 2167 qualiter
2601 2112 2693 2153 eos
2719 2099 2965 2167 superius
2994 2100 3292 2156 laudaverit
3319 2106 3407 2170 qui
3439 2104 3504 2157 ad

1940 2186 2363 2240 cot.lirmandum
2409 2187 2583 2242 adhuc
2626 2190 2812 2257 gratia:
2851 2190 3092 2260 indigent
3130 2193 3407 2261 Spiritalis.
3439 2193 3505 2247 Id

1934 2287 2027 2341 est,
2054 2278 2208 2331 simul
2236 2277 2491 2331 consolari
2520 2279 2571 2332 in
2603 2280 2739 2333 vobis
2784 2297 2875 2349 per
2900 2296 3011 2334 eam
3041 2298 3153 2346 ante
3190 2284 3399 2336 invicem
3425 2294 3499 2337 est

1936 2376 2087 2443 ﬁdent
2117 2386 2329 2431 vestram
2356 2388 2508 2447 atque
2538 2394 2721 2431 meam.
2744 2378 2812 2433 Ut
2844 2393 2937 2448 per
2977 2394 3313 2434 communem
3346 2382 3504 2433 lidrm

1939 2466 2169 2522 invicem
2194 2469 2557 2533 consolemur,
2591 2479 2643 2521 et
2669 2468 2738 2522 de
2772 2467 3160 2524 illuminatione
3189 2468 3357 2523 sancti
3387 2470 3507 2534 Spi-

1939 2559 2072 2612 ritus
2118 2558 2343 2612 invicem
2390 2557 2741 2628 gratulemur.
2780 2556 2918 2611 Nolo
2961 2558 3093 2611 enim
3121 2574 3207 2611 ros
3251 2560 3508 2629 ignorare,

1939 2656 2144 2721 fratres,
2185 2652 2306 2722 quia
2350 2666 2484 2721 stepe
2508 2650 2753 2721 proposui
2780 2651 2946 2703 venire
2987 2651 3054 2702 ad
3081 2666 3186 2704 vos.
3219 2649 3321 2703 Per
3357 2666 3507 2704 cout-

1939 2751 2178 2796 meantes
2209 2742 2353 2796 enim
2386 2741 2578 2794 fratres
2600 2740 2785 2794 audire
2830 2741 3076 2810 potuistis
3106 2736 3508 2809 dispositionem

1944 2854 2113 2894 meam
2123 2880 2136 2893 .
2149 2838 2212 2892 Et
2226 2837 2510 2911 prohibitus
2521 2854 2629 2892 sum
2643 2837 2671 2873 ³⁸
2692 2854 2845 2907 usque
2855 2837 3106 2892 adhuc.”
3118 2848 3509 2907 estoceupatus,

1945 2932 2070 2986 dum
2098 2932 2218 2985 aliis
2261 2929 2550 2998 provincia;
2576 2927 2827 2997 przedieo,
2859 2929 2944 2982 vel
2969 2928 3289 2983 rcvelatioue
3327 2931 3509 3000 prohi-

1948 3023 2109 3088 bitus,
2147 3021 2234 3075 vel
2260 3020 2422 3086 forte,
2441 3020 2582 3075 sicut
2610 3019 2735 3073 alibi
2763 3019 2918 3073 dicit:
2936 3020 3210 3089 lmpedivit
3236 3038 3334 3076 nos
3362 3022 3511 3077 Sata-

272 3114 387 3166 estis
413 3122 459 3167 et
500 3130 590 3167 vos
632 3114 793 3167 vocati
818 3103 942 3168 Jesu
964 3115 1171 3171 Christi.
1209 3114 1274 3169 Et
1319 3117 1371 3169 in
1405 3117 1556 3171 vobis
1586 3118 1841 3174 Rttmanis
1867 3109 1912 3170 C
1946 3126 2061 3165 nas.
2095 3109 2160 3165 Ut
2192 3110 2408 3179 aliquem
2440 3108 2664 3179 fructum
2697 3107 2909 3160 habeam
2936 3108 2990 3161 in
3020 3109 3175 3161 vobis.
3216 3110 3514 3165 Mercedem

274 3205 627 3271 apostolatnm
646 3205 973 3273 accepimus,
999 3206 1139 3260 sicut
1159 3215 1211 3260 et
1231 3206 1282 3261 in
1306 3208 1554 3261 omnibus
1574 3208 1841 3278 gentibus.

278 3293 519 3351 Omnibus
541 3298 633 3363 qui
657 3308 777 3349 sunt
814 3295 989 3350 Romae
1014 3296 1209 3350 dilectis
1234 3295 1348 3351 Dei.
1378 3297 1638 3353 Omnibus
1662 3297 1754 3353 Dei
1780 3298 1843 3352 li-

274 3386 476 3441 delibus
503 3389 596 3456 qui
628 3396 752 3441 sunt
769 3387 977 3453 Romae,
1005 3389 1193 3442 vocatis
1212 3388 1415 3441 sanctis.
1432 3388 1720 3443 Vocatione
1747 3388 1841 3444 Dei

284 3479 646 3543 sanetilieatis,
674 3487 729 3532 et
758 3477 950 3547 gratia,
976 3494 1080 3532 non
1117 3479 1323 3534 meritis
1348 3493 1568 3547 operum
1598 3493 1838 3533 suorum.

278 3563 448 3621 Gratia
468 3569 634 3622 vobis.
662 3567 809 3621 Talis
840 3576 920 3621 est
970 3566 1167 3637 ubique
1221 3568 1477 3622 salutatio
1531 3568 1676 3636 ejus,
1703 3578 1758 3622 ut
1789 3577 1844 3623 et

281 3668 659 3713 commemoret
691 3657 945 3712 beneﬁcia
974 3658 1091 3721 Dei,
1123 3667 1174 3712 et
1198 3674 1260 3712 ea
1282 3667 1429 3729 optet
1448 3659 1499 3711 in
1532 3660 1685 3713 nobis
1708 3659 1845 3714 inte-

283 3762 367 3815 gra
395 3765 727 3818 permanere,
755 3749 876 3818 quia
893 3749 1055 3818 gratis
1070 3749 1219 3802 nobis
1233 3759 1445 3817 peccata
1476 3749 1669 3804 donata
1694 3761 1843 3819 sunt,

284 3852 377 3893 non
406 3842 610 3894 meritis
640 3841 858 3893 nostris.
893 3840 957 3892 Et
988 3856 1091 3906 pax
1110 3857 1141 3891 a
1168 3838 1276 3893 Deo
1298 3838 1458 3893 Patre
1484 3849 1713 3894 nostraet
1740 3840 1843 3894 Do-

284 3931 407 3983 mino
424 3929 549 3984 Iesu
580 3929 970 3983 Christo.Sicut
996 3930 1061 3982 ad
1075 3931 1419 3985 Colossenses
1458 3930 1587 3986 dicit
1616 3949 1628 3984 :
1656 3932 1844 3986 Pacili-

279 4020 411 4073 cavit
448 4019 625 4074 omnia
676 4035 795 4088 qua:
844 4021 895 4073 in
925 4020 1062 4074 coelo
1090 4029 1142 4073 et
1164 4035 1281 4088 qua:
1313 4021 1363 4074 in
1398 4030 1537 4075 terra
1558 4032 1681 4076 sunt
1706 4067 1720 4089 ,
1750 4037 1845 4092 per

277 4110 577 4175 sanguinem
611 4109 760 4178 ejus,
787 4120 840 4162 et
867 4125 1001 4176 quos
1031 4109 1259 4163 redemit
1286 4111 1397 4164 vult
1427 4113 1675 4179 paciﬁcos
1698 4115 1843 4167 vive-

274 4213 349 4251 re.
382 4197 610 4251 Primum
656 4200 860 4268 quidem
889 4201 1082 4270 gratias
1128 4217 1224 4269 ago
1273 4200 1379 4255 Deo
1420 4218 1531 4257 meo
1558 4220 1648 4272 per
1664 4203 1843 4260 Iesum

270 4289 546 4343 Christum.
589 4289 726 4357 Quia
756 4300 942 4344 natura
979 4290 1117 4345 Dens
1146 4293 1381 4347 omnium
1405 4334 1421 4360 ,
1453 4296 1646 4349 merito
1670 4303 1724 4350 et
1751 4312 1843 4350 vo-

267 4382 470 4435 tentate
490 4396 782 4451 paucorum
810 4391 915 4449 est,
949 4383 1069 4436 ideo
1099 4384 1255 4448 dixit,
1287 4369 1397 4437 Deo
1423 4400 1563 4439 meo.
1599 4384 1707 4439 Pro
1736 4404 1843 4441 om-

1944 3202 2142 3256 laboris
2170 3198 2253 3253 sui
2284 3198 2524 3253 nominat
2551 3200 2801 3251 fructum.
2834 3196 2981 3251 Sicut
3009 3206 3055 3250 et
3090 3198 3142 3251 in
3166 3200 3360 3253 steteris
3389 3217 3513 3272 gen-

1942 3292 2098 3358 tibus,
2129 3289 2320 3343 Gracis
2349 3304 2409 3340 ac
2432 3287 2681 3341 barbaris.
2711 3286 3036 3343 Subauditur
3059 3286 3238 3343 habeo.
3263 3287 3513 3357 Sapienti-

1944 3386 2033 3437 bus
2079 3393 2128 3436 et
2166 3381 2518 3453 insipientibus
2562 3380 2759 3435 debitor
2803 3396 2935 3434 sum.
2971 3379 3254 3450 Sapientes
3298 3379 3517 3435 Graecus

1943 3474 2089 3535 dicit.
2115 3473 2413 3543 apud’quos
2460 3471 2636 3528 omnis
2684 3472 3021 3542 philosophia
3046 3482 3169 3538 est;
3202 3472 3517 3543 insipientes

1947 3567 2201 3620 Itatbaros
2223 3567 2472 3637 appel‘at.
2504 3564 2588 3618 Ita
2617 3566 2753 3634 quod
2782 3566 2835 3619 in
2868 3582 2946 3618 me
2978 3576 3270 3636 promptum
3299 3578 3394 3620 est.
3422 3568 3517 3622 1⁸η-

1946 3667 2115 3711 ratum
2145 3668 2225 3711 est
2278 3658 2329 3710 in
2371 3672 2474 3711 me.
2528 3655 2592 3709 Et
2623 3657 2759 3711 vobis
2789 3656 2877 3728 qui
2910 3656 3089 3711 Roma:
3117 3659 3237 3711 estis
3265 3660 3516 3730 evangeli-

1944 3764 2078 3802 zare.
2125 3747 2300 3816 Eque
2330 3759 2382 3801 ut
2422 3748 2751 3816 sapientibus
2781 3747 3004 3803 Graecis.
3056 3747 3177 3801 Non
3225 3750 3375 3802 enim'
3403 3764 3516 3802 eru-

1945 3840 2089 3894 besco
2119 3839 2469 3911 Evangelium.
2508 3840 2619 3893 Hoc
2648 3839 2914 3895 subtiliter
2938 3840 3003 3893 ad
3045 3841 3369 3894 taxationem
3394 3856 3517 3909 per-

1950 3932 2079 3987 tinet
2130 3946 2477 4000 paganorum,
2508 3930 2599 4000 qui
2637 3930 2830 3984 merito
2858 3931 2925 3985 de
2957 3930 3372 3986 incestatoribus
3413 3932 3516 3987 diis

1947 4026 2057 4080 suis
2103 4025 2360 4079 deberent
2406 4024 2725 4078 erubescere
2764 4041 2776 4076 :
2818 4039 2915 4077 nec
2970 4032 3145 4078 tamen
3196 4026 3517 4083 erubescunt

1947 4115 2111 4171 Deum
2152 4130 2306 4169 suum
2346 4113 2531 4168 Jun-em
2566 4112 2821 4179 credere,
2863 4123 2917 4169 et
2957 4114 3379 4169 erubescendum
3423 4132 3518 4184 pn-

1947 4215 2082 4270 tant,
2129 4204 2406 4259 Dominum
2460 4213 2679 4273 propter
2722 4204 2946 4259 salutem
2979 4206 3232 4275 imaginis
3264 4221 3373 4260 sum
3405 4222 3517 4262 cre-

1944 4297 2093 4363 dere,
2120 4295 2429 4353 cruciﬁxum
2462 4310 2582 4350 cum
2606 4295 2856 4349 intaltero
2884 4294 3139 4361 dedecus,
3169 4296 3220 4350 in
3245 4297 3416 4350 altero
3447 4297 3518 4350 sit

1945 4391 2150 4460 insigne
2177 4388 2408 4442 virtutis.
2448 4387 2512 4441 Et
2548 4396 2734 4442 contra
2763 4402 2858 4442 eos
2887 4389 2973 4457 qui
3008 4396 3203 4458 negant
3247 4386 3517 4442 Christum

264 4473 416 4526 nibus
436 4474 591 4527 vobis.
623 4473 742 4527 Non
778 4489 871 4542 pro
911 4473 1109 4528 ludatis
1150 4475 1299 4529 stilis.
1333 4474 1467 4540 Quia
1511 4478 1637 4543 ﬁdes
1680 4490 1839 4532 t'estt'a
1867 4505 1918 4564 ο
1946 4481 1999 4536 in
2029 4496 2211 4548 carne,
2242 4489 2297 4535 et
2324 4479 2645 4533 erubescunt
2698 4479 3026 4534 nativitatem
3076 4479 3282 4534 Domini
3309 4490 3364 4535 et
3389 4497 3514 4534 eru-

262 4566 599 4618 amtuutiatur
621 4567 675 4619 in
705 4570 937 4620 universo
968 4568 1177 4620 mundo.
1209 4567 1485 4621 Subtiliter
1529 4568 1747 4636 laudat,
1782 4582 1840 4624 ut

263 4666 520 4724 provocet
540 4657 606 4711 ad
621 4656 943 4727 profectum.
972 4658 1037 4711 Et
1056 4673 1183 4712 vere
1208 4659 1402 4726 ubique
1435 4660 1566 4713 lides
1592 4661 1731 4714 clara
1757 4672 1840 4716 est

262 4732 652 4805 Romanorum.
685 4749 873 4815 Fides,
906 4751 1115 4821 inquit,
1145 4762 1345 4819 vestra,
1376 4752 1529 4805 ﬁdem
1559 4753 1697 4806 dixit
1722 4769 1843 4807 esse

260 4842 502 4910 illorum,
526 4857 644 4911 qua
668 4842 787 4897 sine
808 4841 973 4896 dubio
996 4841 1113 4908 Dei,
1142 4851 1195 4896 et
1220 4859 1248 4895 a
1276 4842 1384 4895 ι).ιο
1414 4843 1518 4896 illis
1546 4844 1711 4896 inlusa
1735 4854 1835 4909 est;

257 4933 358 4987 sed
382 4934 721 4989 consuetudo
748 4935 1046 5003 Scriptura
1075 4934 1178 4989 hoc
1204 4936 1388 5001 habet,
1414 4936 1553 4989 sicut
1583 4938 1635 4989 in
1669 4936 1840 4991 Evan-

255 5023 409 5092 gelio
434 5023 503 5077 ait
532 5025 821 5078 Dominus:
843 5024 1029 5079 Nonne
1054 5023 1308 5093 scriptum
1332 5036 1413 5078 est
1430 5027 1480 5079 in
1507 5028 1619 5095 lege
1641 5036 1838 5091 vestra,

255 5115 404 5180 Quia
432 5127 528 5183 ego
553 5114 783 5181 dixi,Dii
802 5115 971 5170 estis?
1001 5115 1098 5170 Vel
1124 5115 1253 5169 illud
1278 5117 1460 5171 :Sicut
1482 5120 1738 5187 scriptum
1761 5127 1843 5173 est

258 5207 312 5257 in
349 5206 474 5272 lege
500 5220 710 5271 eorum,
742 5205 875 5274 Quia
916 5207 1039 5260 odio
1079 5206 1380 5261 habuerunt
1430 5224 1515 5262 me
1551 5210 1756 5277 gratis;
1788 5220 1843 5265 et

262 5295 402 5349 alibi
443 5312 456 5346 ε
489 5295 740 5391 Nunquid
770 5298 856 5352 lex
900 5307 1080 5353 nostra
1110 5296 1327 5351 damnat
1373 5299 1601 5369 aliquem
1634 5301 1842 5355 inaudi-

1943 4591 2081 4641 ecm,
2111 4575 2197 4644 qui
2229 4582 2417 4642 putant
2447 4572 2561 4626 bare
2601 4570 2814 4641 indigna
2843 4572 2972 4637 Deo,
3005 4590 3035 4626 n
3063 4591 3109 4626 tu
3160 4574 3518 4643 intelligemus

1946 4666 2072 4719 nihil
2106 4666 2315 4735 dignius
2358 4665 2468 4719 Deo
2497 4679 2655 4734 quam
2688 4665 2830 4733 quod
2869 4665 2933 4719 ad
2979 4666 3258 4718 hmnannn
3291 4668 3516 4720 salutent

1948 4759 2175 4827 prolicit.
2191 4758 2319 4811 Nam
2336 4759 2379 4811 si
2404 4757 2689 4813 incredulis
2701 4758 2924 4810 stultitia
2947 4770 3050 4823 est,
3067 4759 3156 4811 sed
3180 4759 3519 4812 erodentibus

1948 4851 2039 4905 Dei
2073 4851 2259 4916 virtus,
2292 4860 2345 4902 et
2375 4848 2469 4904 Dei
2513 4849 2794 4916 sapientia.
2833 4848 3005 4900 Virtus
3043 4850 3175 4899 enim
3222 4846 3313 4898 Dei
3358 4858 3426 4900 est
3464 4849 3517 4900 in

1948 4944 2178 4996 salutem.
2215 4941 2367 4994 Nulla
2393 4940 2563 5008 major
2584 4939 2751 4992 virtus
2790 4949 2870 4991 est
2899 4953 3054 5007 quam
3084 4936 3290 4989 devicta
3322 4951 3516 5004 morte,

1950 5033 2145 5085 homini
2191 5034 2351 5086 vitam
2377 5031 2634 5099 perditam
2673 5028 2915 5090 reddete,
2946 5028 3189 5095 quamvis
3215 5030 3516 5097 infirmitas,

1947 5124 1996 5177 id
2023 5133 2103 5176 est
2129 5122 2449 5188 lnnnanitas,
2476 5123 2527 5176 in
2551 5123 2764 5182 virtute,
2797 5120 2895 5173 hoc
2924 5127 3007 5172 est
3034 5119 3085 5173 in
3113 5118 3407 5185 divinitate,
3436 5120 3521 5176 in-

1946 5192 2218 5267 credibilis
2249 5212 2495 5266 videatur
2537 5208 2845 5265 incredulis.
2892 5210 3045 5264 Unmi
3064 5213 3306 5279 credenti,
3333 5212 3520 5268 Iudaeo

1949 5306 2168 5372 primum
2196 5315 2241 5357 et
2264 5303 2467 5369 Graeco;
2486 5304 2690 5374 justitia
2719 5303 2851 5357 enim
2882 5303 2976 5358 Dei
2997 5305 3049 5358 in
3073 5322 3131 5359 eo
3158 5308 3424 5362 reveletur.
3454 5308 3521 5361 L‘t

320 5433 341 5450 ’
366 5429 611 5501 Ex_Vulg.
634 5432 903 5501 addidimus
923 5446 1043 5501 sum.
1074 5431 1165 5482 Ubi
1191 5431 1426 5501 lectorem
1452 5438 1685 5501 monitum
1706 5438 1946 5497 volumus,
1972 5440 2256 5489 Primasium
2300 5442 2348 5491 in
2388 5440 2464 5490 his
2487 5441 2842 5501 commentariis
2879 5438 3163 5501 frequenter
3182 5456 3205 5488 ει
3235 5449 3373 5490 textu
3401 5438 3522 5485 Vul-

257 5492 668 5563 gataeaberrare,
687 5497 792 5543 sive
813 5498 1043 5563 memoria
1063 5507 1175 5543 eum
1199 5496 1538 5563 sua_l‘elel;uril
1554 5536 1566 5559 ,
1600 5492 2133 5563 sivehtypographorum
2155 5504 2420 5551 oscitantiaa
2442 5501 2587 5551 aliive
2612 5515 2768 5551 causae
2794 5499 2907 5550 illud
2927 5492 2987 5551 si
3012 5504 3337 5550 tribuendum.
3375 5502 3433 5552 Ut
3465 5510 3522 5555 ut

258 5564 358 5624 ea,
387 5554 947 5624 l'rtmasiaoum_textum
970 5559 1200 5624 intactum
1226 5554 1563 5621 exhibuimus,
1588 5554 2161 5624 nisin'tl'gatte'lertinuis
2185 5564 2543 5614 restitutionem
2569 5579 2744 5615 sensus
2769 5573 2815 5614 et
2834 5568 3048 5623 syttutxis
3072 5564 3331 5612 evidenter
3357 5554 3523 5623 [tum];

262 5616 451 5694 lacent:
471 5617 728 5694 (aeterna;
738 5616 1003 5669 lectoribus
1025 5622 1220 5681 nostris,
1247 5634 1429 5672 sacram
1451 5616 1750 5694 {Scriptorum
1776 5616 1918 5674 manu
1940 5625 2109 5675 diurna
2145 5634 2474 5687 nocturnaque
2496 5630 2823 5689 versantibus,
2844 5616 2903 5679 se
2925 5627 3064 5688 quasi
3086 5636 3259 5686 sptmte
3283 5616 3524 5681 variantes

258 5682 452 5730 dabunt
474 5679 658 5728 obvias.
693 5680 830 5731 Eutr.
