3904 6176
469 224 571 280 ΗΟ

1584 217 1738 273 Nil.“
1751 214 1872 271 .\Sll
1914 214 2092 271 .(ltlil)
2106 213 2358 269 METANI
2402 215 2611 273 EPISC.

3621 225 3725 277 6Ξο

466 359 624 412 quom
654 341 732 415 vdo
778 336 1048 392 Abraham
1078 334 1304 391 credens
1352 349 1417 388 ex
1451 332 1699 404 gentibus
1745 346 1838 400 per
1879 332 2033 382 litem
2069 334 2109 385 Α
2144 344 2256 380 ιιιυε
2282 333 2438 386 toties
2460 331 3187 399 asserunttransformalum,
3215 332 3359 387 telut
3388 331 3441 388 in
3470 348 3721 405 cygnum,

467 435 697 490 salvatus
718 440 819 494 est,
845 431 915 484 ita
937 437 991 482 et
1011 425 1190 481 caeteri
1211 424 1491 479 credentes
1512 427 1799 477 salventur.
1832 421 1913 473 Ea:
1932 418 2037 487 ﬁde

465 530 519 582 in
549 526 723 592 ﬁdem,
752 524 877 576 sicut
908 520 1153 585 scriptum
1180 527 1251 569 est
1276 532 1291 569 :
1313 513 1495 569 Justus
1518 523 1686 567 au’em
1715 528 1779 565 ea:
1803 511 1905 580 ﬁde
1927 526 2035 562 mea

467 621 605 674 civit.
640 618 715 673 Es
739 613 842 668 ﬁde
870 610 1077 665 Veteris
1104 605 1430 662 Testameuti
1452 605 1777 675 justilicatur
1796 601 2035 665 Judzeus,

465 728 530 769 ex
562 709 714 773 Novi,
738 704 967 778 gentilis,
1009 700 1135 753 dum
1165 696 1380 753 Judzeus
1406 696 1579 750 credit
1606 695 1745 763 quod
1781 697 1881 753 hoc
1908 704 2035 745 ante

466 804 740 876 prOpheta:
782 795 1145 869 prmdiseriut.
1178 792 1308 845 ltem
1335 790 1521 843 aliter:
1552 788 1623 841 Ex
1656 787 1757 839 lide
1786 783 2035 855 praesemi

468 897 521 951 in
552 896 747 959 futura,
779 890 898 954 quia
941 885 1073 940 fides
1102 882 1167 937 ad
1207 879 1488 945 invisibilia
1519 879 1769 947 pertinet,
1819 890 1938 945 quas
1985 884 2039 929 et

466 987 568 1041 sub
609 983 786 1037 Veteri
810 979 1174 1040 Testamento,
1207 983 1261 1027 et
1300 972 1352 1025 iu
1381 970 1527 1025 Novo
1556 971 1698 1023 dono
1729 968 1822 1022 Dei
1865 967 2037 1021 infusa

464 1089 567 1133 est.
602 1076 667 1130 Et
712 1073 832 1128 ideo
855 1068 977 1123 dicit
1013 1085 1025 1119 :
1060 1068 1243 1122 Justus
1273 1073 1449 1116 autem
1480 1075 1546 1115 ex
1580 1059 1683 1115 ﬁde
1731 1074 1848 1113 mea
1885 1058 2035 1111 vivlt.

468 1165 739 1221 Rerelatur
765 1162 896 1217 enim
934 1160 1011 1213 ira
1046 1156 1138 1209 Dei
1181 1156 1244 1209 de
1284 1154 1426 1208 ca'lo.
1453 1152 1646 1205 Contra
1679 1161 1880 1219 partem
1909 1163 2040 1216 gen-

462 1260 595 1314 tium
640 1255 896 1326 loquitur,
943 1250 1178 1317 dicitque
1218 1245 1314 1301 Dei
1363 1245 1493 1298 iram
1548 1258 1640 1310 per
1692 1240 2035 1309 Evangelium

461 1348 715 1407 revelari.
744 1346 1011 1401 Noveram
1040 1342 1179 1398 enim
1214 1338 1457 1393 homines
1486 1345 1539 1390 et
1562 1332 1818 1389 beneficia
1848 1341 1900 1385 et
1928 1333 2037 1401 pla-

459 1460 555 1515 gas
582 1450 895 1510 exSpectare
922 1437 990 1493 de
1014 1434 1185 1492 caelis.
1232 1432 1400 1501 Super
1431 1445 1626 1484 omnem
1658 1429 1962 1497 impietatem
1991 1434 2039 1479 et

459 1534 767 1605 injustitiam
785 1529 1073 1583 hominum.
1089 1525 1262 1580 Prima
1276 1523 1522 1593 impietas
1540 1519 1592 1574 in
1606 1518 1794 1584 Deum,
1814 1532 2039 1587 peccare

458 1636 537 1681 est
566 1635 656 1679 aut
682 1638 776 1693 per
803 1616 1213 1690 blasphemiam,
1244 1623 1336 1669 aut
1379 1629 1473 1682 per
1500 1620 1887 1679 contemptum.
1920 1608 2034 1662 Alia

2142 429 2196 473 et
2222 429 2450 475 taurutn.
2478 421 2702 494 Propter
2724 426 2860 493 quod
2891 424 3105 478 tradidit
3135 424 3253 478 illos
3287 423 3425 479 Deus
3446 426 3501 479 in
3528 426 3726 478 deside-

2141 512 2218 562 ria
2247 512 2417 565 cordis
2437 530 2634 566 eorum.
2667 513 2902 568 Tradere
2935 514 3134 570 dicitur
3157 515 3326 585 Deus,
3357 517 3485 569 dum
3511 530 3619 570 non
3643 532 3724 569 re-

2141 600 2275 653 tinet
2322 601 2694 671 delinquentes
2719 603 2868 674 justo
2903 603 3129 674 judicio,
3180 615 3402 675 propter
3429 606 3636 660 arbitrii
3668 606 3727 659 li-

2141 690 2398 747 bertatem
2448 694 2514 749 ad
2545 695 2742 749 malum
2765 695 3241 766 promptissimam.
3269 694 3604 765 Derelinquit
3631 710 3728 749 au-

2140 794 2245 838 tem
2276 787 2675 858 dereliquentes
2713 805 2795 852 se.
2822 791 2959 845 sicut
2984 791 3111 846 dicit
3145 808 3240 861 per
3269 792 3590 861 Pmphetam
3620 808 3636 844 :
3666 792 3722 845 Si

2139 891 2316 935 autem
2344 881 2668 951 reliqueritis
2698 897 2843 949 eum,
2875 891 2929 937 et
2975 883 3093 951 ipse
3123 884 3387 954 relinquet
3416 898 3533 937 Vos.
3568 882 3637 939 Et
3660 882 3723 937 il-

2143 972 2230 1026 lud
2256 990 2269 1024 :
2294 972 2481 1028 Dimisi
2508 989 2603 1028 eos
2625 975 2919 1029 secundum
2945 975 3211 1031 desideria
3238 975 3415 1031 cordis
3437 991 3653 1044 eorum,
3674 986 3726 1030 et

2141 1063 2293 1117 ibunt
2323 1064 2376 1119 in
2406 1065 2765 1134 voluptatibus
2793 1068 2927 1121 suis.
2959 1067 3023 1119 In
3054 1068 3454 1135 immunditiapt.
3480 1067 3615 1133 Quae
3642 1078 3728 1119 est

2140 1151 2192 1203 in
2222 1152 2463 1220 turpibus
2494 1154 2765 1224 mysteriis
2806 1155 3091 1209 idolorum.
3144 1153 3213 1209 Ut
3252 1154 3578 1208 contumeliis
3608 1155 3727 1224 agi-

2140 1244 2273 1295 ciant
2302 1258 2519 1314 corpora
2562 1260 2680 1299 sua.
2714 1245 2845 1299 Dum
2880 1246 2981 1300 sibi
3025 1245 3369 1301 characteres
3399 1256 3454 1303 et
3484 1248 3728 1302 ustiones

2145 1332 2384 1403 inﬂigunt
2411 1333 2463 1387 in
2503 1336 2999 1391 consecrationibus
3022 1336 3307 1391 idolormn.
3330 1337 3395 1391 In
3417 1339 3727 1406 semetipsis.

2145 1422 2315 1479 Vitam
2362 1440 2518 1492 quam
2570 1436 2810 1480 amantes
2840 1441 2937 1481 nec
2972 1427 3072 1482 sibi
3104 1438 3344 1498 parcant,
3375 1439 3432 1482 ut
3468 1429 3632 1484 etiam
3668 1428 3723 1480 in

2142 1514 2244 1570 hoc
2267 1516 2467 1571 erroris
2511 1516 2594 1573 sui
2641 1531 2854 1586 poenam
2907 1519 3197 1589 perferant.
3234 1520 3334 1586 Qui
3377 1530 3639 1574 commuto
3672 1536 3727 1573 e-

2140 1613 2257 1659 runt
2283 1607 2538 1660 veritatem
2572 1606 2664 1661 Dei
2690 1610 2746 1662 iu
2770 1610 3107 1666 mendacium.
3148 1610 3561 1670 'l'taustulet'unt
3606 1612 3726 1665 veri

458 1718 512 1775 in
543 1688 827 1789 parentes,
859 1688 953 1768 aut
983 1710 1195 1781 injuria,
1223 1716 1313 1762 aut
1352 1706 1629 1775 despectu.
1655 1702 1835 1758 Tertia
1864 1703 1914 1756 in
1939 1716 2036 1756 ex-
2069 1688 2115 1749 B
2147 1696 2235 1789 Dei
2255 1698 2516 1789 culturam
2547 1699 2603 1789 in
2631 1699 2964 1754 mendacium
3002 1701 3266 1755 idolorum
3293 1744 3307 1766 ,
3337 1701 3426 1771 qui
3458 1701 3592 1754 lalso
3624 1716 3740 1770 pro.

458 1819 727 1872 traueum,
757 1804 876 1875 quia
904 1816 1065 1858 omne
1092 1798 1419 1853 contrarium
1451 1794 1631 1865 pietati
1665 1792 1909 1861 impietas
1931 1800 2032 1845 est.

457 1902 656 1966 Quarta
674 1897 724 1949 in
748 1890 1239 1961 semetipsos,sicul
1259 1885 1528 1955 Sapientia
1556 1881 1825 1946 dicit:Qui
1856 1891 2031 1935 autem

457 1999 677 2061 peccant
722 1989 772 2041 in
805 2002 912 2051 me,
960 1984 1122 2053 impie
1151 1982 1349 2036 faciunt
1389 1979 1442 2034 in
1487 1993 1611 2032 suas
1653 1976 1877 2029 animas.
1906 1972 2035 2028 Sive

455 2098 667 2137 omnem
693 2080 1042 2149 impietatem,
1072 2076 1193 2145 quia
1223 2072 1453 2129 diveisat
1476 2080 1598 2125 sunt
1627 2069 1892 2123 idolorum
1915 2066 2031 2120 cul-

456 2185 609 2236 turm,
636 2181 693 2225 ut
715 2172 961 2237 impietas
988 2168 1051 2221 ad
1078 2165 1327 2235 iujuriam
1353 2162 1464 2224 Dei,
1492 2159 1743 2228 injustitia
1766 2156 1830 2211 ad
1854 2157 2031 2211 omnia

455 2275 672 2336 peccata
702 2263 989 2318 referatur.
1022 2258 1215 2312 Eorum
1244 2257 1329 2325 qui
1360 2255 1616 2307 veritatem
1644 2252 1696 2304 in
1714 2250 1921 2322 justitia
1947 2250 2033 2302 de-

454 2358 628 2409 tinent.
659 2353 759 2420 Qui
790 2354 1070 2409 veritatem
1114 2346 1345 2402 nominis
1383 2344 1478 2397 Dei
1510 2344 1561 2397 in
1606 2340 1861 2412 injuStitia
1894 2338 2031 2392 indi-

454 2462 569 2515 gna:
610 2444 849 2498 materia:
895 2443 1137 2496 detinent
1182 2439 1465 2493 idolorum.
1502 2436 1636 2499 Quia
1679 2434 1814 2503 quod
1855 2442 2031 2484 notum

453 2547 525 2593 est
552 2536 665 2604 Dei,
689 2536 1013 2605 manifestum
1038 2540 1110 2585 est
1141 2530 1194 2583 in
1222 2528 1344 2582 illis.
1376 2525 1560 2581 Omnis
1581 2534 1824 2581 creatura
1849 2532 2020 2577 osten-

454 2630 531 2685 dit
552 2645 609 2684 se
630 2644 734 2682 non
757 2642 877 2683 esse
903 2627 1089 2687 Deum,
1113 2622 1206 2677 sed
1228 2637 1347 2674 esse
1372 2619 1532 2672 alium
1561 2618 1649 2686 qui
1672 2631 1789 2670 eam
1813 2613 2025 2679 fecerit,

453 2721 538 2779 cui
567 2722 784 2775 St‘l‘Vlth
814 2733 999 2788 parcre
1029 2728 1249 2768 necesse
1279 2714 1369 2777 sit,
1416 2709 1728 2763 naturaliter
1755 2708 1896 2763 enim
1931 2721 2028 2772 po-

452 2820 557 2867 test
580 2813 716 2865 scire
738 2809 803 2863 de
834 2807 941 2861 Deo
965 2804 1103 2875 quod
1136 2803 1222 2868 sit,
1255 2810 1309 2857 et
1338 2799 1477 2870 quod
1505 2799 1681 2869 justus
1709 2798 1799 2864 sit,
1832 2807 1885 2851 et
1914 2798 2025 2865 ipsa

453 2912 694 2961 creatura
720 2916 821 2955 nou
846 2912 964 2952 esse
986 2912 1013 2948 a
1043 2892 1354 2960 semetipsa,
1385 2890 1505 2960 quia
1528 2888 1698 2958 major
1724 2904 1817 2956 per
1847 2886 2026 2941 omnia

451 2993 699 3052 omnibus
721 2990 862 3044 nulla
885 2998 986 3053 est,
1011 2986 1132 3057 quia
1157 2996 1345 3037 omnes
1368 2996 1426 3033 se
1449 2980 1760 3034 alterutram
1786 2978 2024 3043 vincunt,

2138 1786 2239 1841 diis
2270 1787 2552 1853 habentur,
2585 1788 2768 1844 fallunt
2801 1791 2965 1855 enim,
3002 1791 3126 1845 dum
3156 1791 3260 1846 hoc
3302 1806 3360 1845 se
3385 1792 3727 1847 mentiuntur

2136 1895 2258 1936 esse
2284 1881 2424 1950 quod
2455 1897 2557 1939 non
2587 1892 2729 1936 sunt.
2776 1881 2843 1935 Et
2874 1881 3142 1937 coluerunt
3173 1893 3223 1937 et
3263 1883 3543 1937 servierunt
3573 1899 3725 1937 crea-

2139 1981 2265 2025 turte
2291 1973 2457 2042 pO'ius
2485 1989 2640 2042 quam
2668 1970 2913 2028 Creatori.
2947 1973 3062 2028 Non
3108 1974 3280 2027 solum
3309 1974 3588 2038 dixerunt,
3616 1972 3718 2029 sed

2137 2064 2294 2115 etiam
2326 2064 2646 2130 servierunt,
2671 2073 2723 2119 et
2750 2064 3056 2134 quicunque
3081 2063 3167 2117 alii
3188 2065 3304 2133 ujus
3333 2073 3596 2119 creatum
3616 2078 3722 2120 cu-

2137 2152 2353 2221 piditate
2390 2154 2641 2218 vincitur,
2672 2155 2771 2223 ipsi
2796 2156 2995 2220 servit;
3041 2170 3070 2208 a
3101 2170 3205 2224 quo
3231 2156 3374 2210 enim
3399 2156 3518 2226 quis
3549 2157 3722 2210 vinci-

2138 2250 2244 2309 tur,
2286 2243 2448 2312 hujus
2487 2255 2542 2299 et
2580 2257 2763 2298 servus
2792 2253 2893 2309 est,
2946 2245 3224 2299 intantum
3266 2255 3321 2299 ut
3347 2254 3401 2300 et
3427 2256 3620 2301 venter
3650 2249 3723 2303 sit

2135 2335 2299 2391 Deus.
2328 2337 2427 2403 Qui
2457 2347 2532 2391 est
2558 2336 2846 2392 benedictus
2875 2338 2929 2391 in
2955 2339 3164 2391 siccata.
3194 2336 3288 2392 Coi
3313 2339 3356 2393 si
3386 2340 3712 2405 servissent,

2133 2437 2189 2485 et
2213 2431 2313 2500 ipsi
2359 2429 2623 2485 benedicti
2650 2431 2701 2485 in
2730 2430 2927 2486 saecula
2960 2431 3076 2486 fieri
3106 2440 3405 2501 patuerunt.
3444 2431 3718 2487 Maiedicti

2131 2535 2282 2590 ergo,
2313 2530 2367 2576 et
2396 2520 2717 2590 temporales
2746 2520 2919 2577 effecti
2968 2531 3113 2587 sunt,
3144 2523 3232 2591 qui
3264 2522 3605 2577 benedictum
3658 2523 3713 2577 in

2132 2614 2324 2667 smcula
2346 2613 2690 2683 reliquerunt.
2719 2615 2793 2669 De
2817 2614 3008 2669 talibus
3029 2615 3170 2668 enim
3197 2613 3397 2668 dicitur
3420 2614 3718 2669 :Similiter

2131 2705 2254 2758 odio
2276 2715 2401 2759 sunt
2426 2704 2643 2773 impius,
2672 2714 2727 2760 et
2750 2704 2996 2774 impietas
3026 2704 3163 2775 ejus.
3198 2706 3376 2758 Amen.
3405 2703 3566 2769 Vere,
3592 2705 3718 2759 sive

2132 2798 2377 2853 ﬁdeliter.
2416 2796 2697 2866 Propterea
2742 2800 2959 2854 tradidit
2998 2799 3115 2853 illos
3169 2799 3305 2853 Deus
3351 2800 3403 2853 in
3444 2802 3720 2870 passiones

2129 2899 2440 2971 ignominiae.
2467 2898 2688 2967 Pmpter
2710 2913 2899 2953 causas
2923 2896 3167 2967 superius
3197 2905 3519 2951 memoratas
3540 2896 3714 2951 etiam

2130 2990 2180 3043 in
2213 2988 2294 3043 his
2320 2989 2532 3057 ﬂagitiis
2562 2987 2765 3043 dimissi
2800 2998 2943 3054 sunt,
2987 2998 3044 3041 ut
3074 2988 3251 3058 passio
3271 2988 3384 3042 vitii
3405 2987 3514 3057 jam
3544 3001 3718 3056 paena

452 3091 568 3144 alia:
592 3084 971 3155 magnitudine.
996 3087 1054 3133 ul
1074 3077 1305 3138 malum;
1338 3073 1457 3128 alim
1477 3072 1740 3133 claritate.
1770 3079 1827 3124 ut
1848 3070 1948 3131 sol.
1971 3062 2100 3130 etC
2131 3078 2329 3150 peccati
2354 3078 2442 3132 sit.
2480 3078 2616 3130 Nam
2664 3077 2867 3147 femina:
2916 3092 3115 3130 eorum.
3160 3076 3283 3131 Ideo
3326 3075 3440 3145 ipsa
3479 3075 3719 3131 crimina

453 3180 596 3240 luna,
626 3176 709 3230 vel
736 3174 903 3228 stellae
932 3169 1223 3241 praeclara.
1252 3163 1393 3217 Deus
1424 3161 1557 3217 enim
1598 3162 1702 3214 illis
1732 3160 2026 3228 manifesta-

451 3272 540 3327 t'it.
567 3267 799 3323 Virtutes
827 3263 943 3333 ejus
970 3260 1191 3316 occulta:
1219 3273 1284 3313 ex
1311 3257 1374 3313 iis
1400 3271 1518 3326 qua:
1560 3254 1732 3324 palam
1758 3264 1880 3308 sunt
1911 3268 2025 3306 ma-

453 3360 794 3415 nifestantur.
831 3350 1116 3407 Invisibilia
1158 3350 1294 3404 enim
1324 3348 1485 3419 ipsius
1525 3362 1556 3400 α
1594 3355 1824 3399 creatura
1850 3345 2028 3397 mundi

454 3468 543 3521 per
561 3467 619 3503 ea
641 3463 752 3516 qua'
780 3445 914 3514 facta
945 3453 1060 3498 sunt
1088 3441 1343 3496 intel'ecta
1373 3437 1774 3507 conspiciuntur.
1801 3436 1856 3489 Si
1879 3436 2025 3489 enim

454 3561 512 3600 ea
545 3560 662 3615 qua:
690 3541 939 3595 videntur
967 3546 1074 3594 tam
1099 3536 1379 3605 praeclara,
1410 3532 1481 3587 ab
1508 3533 1599 3587 illo
1627 3534 1763 3585 facta
1792 3540 1911 3585 sunt
1930 3572 1944 3597 ,
1972 3538 2029 3583 ut

454 3637 665 3705 quidam
709 3633 799 3687 illa
840 3630 969 3686 deos
1007 3636 1279 3698 putarent,
1330 3633 1528 3695 quanto
1564 3622 1729 3692 magis
1773 3621 2027 3675 factorem

452 3724 837 3794 sempiternum
865 3716 1163 3787 intelligere
1187 3715 1511 3784 potuerunt?
1542 3710 1867 3781 Sempi'erna
1896 3726 2026 3779 quo-

451 3832 549 3880 que
568 3816 678 3886 ejus
698 3812 855 3865 virtus
882 3817 928 3862 et
968 3806 1223 3869 divinitas,
1264 3814 1318 3857 ut
1343 3804 1441 3855 sint
1471 3799 1860 3856 inexcusabiles.
1885 3798 2027 3869 Ergo

450 3909 697 3964 Christus
719 3902 1097 3972 sempiternus,
1127 3902 1245 3970 quia
1276 3897 1319 3952 D
1355 3899 1368 3953 i
1402 3898 1567 3951 virtus
1610 3909 1663 3952 et
1702 3896 1794 3950 Dei
1825 3896 2034 3963 sapien-

452 3999 525 4053 tia
556 4006 657 4051 est.
696 3995 831 4061 Quia
860 4009 974 4047 cum
1019 3991 1366 4061 cognovissent
1402 3987 1588 4042 Deum.
1632 3986 1915 4055 Quomodo
1941 4000 2031 4037 co-

450 4086 789 4160 gnoverunt?
834 4088 946 4140 sive
977 4099 1039 4136 ex
1071 4081 1394 4137 conscientia
1428 4096 1520 4149 per
1566 4080 1782 4133 insitam
1811 4078 1911 4135 sibi
1946 4094 2031 4131 ra-

455 4182 681 4245 tionem,
709 4180 825 4232 sive
851 4192 913 4229 ex
946 4175 1124 4230 mundi
1150 4174 1380 4237 factura,
1406 4175 1530 4243 quia
1552 4172 1728 4224 omnia
1760 4171 2029 4224 mutabilia

456 4281 604 4338 sunt,
651 4270 795 4324 solus
828 4267 967 4321 Deus
1014 4265 1487 4321 incommutabilis.
1532 4263 1653 4317 Non
1694 4267 1822 4317 sicut
1869 4261 2031 4316 Deum

452 4361 889 4431 gloriﬁcauerunt.
922 4357 1034 4410 Non
1087 4358 1231 4410 illum
1281 4373 1374 4425 per
1416 4370 1565 4410 suam
1613 4355 2026 4425 magnitudinem

2128 3169 2405 3226 evidenter
2467 3169 2769 3239 expressit,
2829 3177 2886 3223 ut
2940 3181 3233 3237 cognoscas
3282 3180 3378 3222 eos
3443 3166 3717 3225 rationem

2130 3257 2429 3328 perdidisse.
2501 3271 2702 3310 natura:
2740 3297 2754 3323 ,
2820 3256 2911 3326 qui
2983 3265 3161 3310 tamen
3222 3265 3463 3309 amentes
3526 3253 3720 3311 elfecti

2129 3360 2280 3413 sunt,
2333 3360 2389 3402 ut
2440 3350 2616 3403 omnia
2669 3358 3066 3417 perverterent,
3110 3349 3164 3402 in
3204 3348 3370 3403 Deum
3420 3351 3715 3417 perversi;

2130 3456 2303 3509 neque
2358 3441 2499 3496 enim
2567 3441 2809 3494 ordinem
2891 3450 3094 3493 natura:
3152 3454 3367 3494 servare
3432 3451 3718 3509 possunt.

2130 3535 2219 3603 qui
2264 3542 2535 3588 auctorem
2585 3542 2785 3585 naturze
2834 3533 3249 3599 dereliquerunt.
3298 3530 3719 3587 Immutaveruut

2132 3623 2420 3677 naturalem
2451 3639 2598 3676 usuin
2628 3624 2681 3675 in
2709 3638 2826 3675 eum
2848 3639 2998 3676 usum
3026 3624 3114 3693 qui
3134 3633 3207 3676 est
3234 3632 3411 3676 contra
3440 3633 3718 3679 naturam.

2132 3714 2319 3768 Omnia
2343 3721 2734 3781 pervenerunt,
2767 3712 3186 3782 sicut‘scriptum
3216 3724 3318 3770 est.
3364 3714 3720 3773 lnfandorum

2132 3806 2273 3859 enim
2302 3806 2563 3859 idolorqu
2608 3805 2815 3859 cultura
2845 3807 3021 3860 omnis
3053 3806 3173 3859 mali
3201 3816 3361 3872 caput
3397 3819 3503 3871 est.
3530 3817 3593 3865 et
3613 3808 3725 3863 ini-

2134 3896 2284 3959 tium,
2300 3904 2353 3951 et
2376 3895 2514 3951 linis.
2535 3895 2784 3948 Similiter
2812 3906 2980 3949 autem
3002 3909 3046 3948 et
3076 3898 3321 3964 masculi,
3360 3898 3541 3951 relicto
3562 3909 3726 3953 uatu-

2131 3987 2230 4040 rali
2260 4002 2357 4039 usu
2389 3986 2608 4057 feniime.
2632 3986 2907 4052 Quomodo
2936 3986 3078 4040 enim
3101 3986 3340 4041 ordinem
3369 3998 3577 4042 natura:
3602 4004 3726 4043 ser-

2133 4089 2369 4143 vassent,
2396 4089 2611 4134 auctore
2636 4088 2838 4132 naturae
2875 4076 3168 4133 derelicto?
3197 4076 3509 4133 Exarseth
3542 4081 3599 4132 in
3630 4080 3727 4134 de-

2133 4173 2334 4226 sideriis
2356 4173 2484 4235 suis,
2513 4171 2719 4224 invicem
2738 4171 2954 4223 masculi
2987 4172 3036 4223 in
3068 4169 3322 4224 masculos
3344 4170 3727 4240 turpin

2135 4280 2199 4332 op
2220 4274 2419 4317 rantes.
2451 4261 2715 4316 Effrenata
2744 4260 2908 4315 libido
2932 4262 3147 4316 modum
3171 4276 3384 4316 servare
3406 4275 3515 4315 non
3544 4262 3726 4316 novit.

2138 4354 2202 4408 Et
2230 4356 2503 4408 mercedem
2541 4370 2692 4421 quant
2733 4356 2957 4424 Oportuit
2985 4356 3170 4408 erroris
3204 4354 3285 4407 sui
3332 4356 3389 4406 in
3428 4356 3733 4422 semetipsis

459 4421 698 4505 isne-rati
730 4459 875 4513 sunt,
903 4447 994 4501 sed
1023 4462 1116 4515 pro
1146 4448 1253 4500 Deo
1283 4421 1427 4499 idola
1458 4421 1759 4500 coluerunt.
1786 4446 1883 4497 Aut
1904 4462 2028 4517 gt'a'
2059 4421 2113 4481 D
2137 4448 2449 4515 recipientes.
2484 4445 2587 4501 Sic
2604 4421 2776 4499 currit
2796 4446 2948 4509 ordo,
2976 4457 3034 4499 ut
3070 4447 3161 4515 qui
3184 4442 3394 4499 Domini
3416 4445 3571 4499 obliti

456 4543 556 4594 tias
586 4550 813 4613 egerunt.
849 4539 983 4605 Quia
1012 4538 1352 4591 rationabiles
1394 4538 1460 4591 ab
1490 4552 1552 4590 eo
1587 4537 1705 4590 facti
1736 4548 1880 4592 sunt.
1927 4537 2033 4592 Sed

456 4642 771 4687 evanuerunt
814 4631 866 4682 in
917 4628 1302 4697 cogitationibus
1347 4629 1476 4681 suis.
1518 4627 1775 4682 Putautes
1833 4642 1892 4681 se
1940 4627 2031 4681 Dei

454 4741 582 4796 mag
610 4722 881 4777 .itudinem
912 4736 1068 4790 posse
1094 4717 1572 4795 comprehendere.
1609 4717 1673 4771 Et
1708 4719 2033 4771 obscuratum

453 4828 531 4872 est
559 4818 801 4889 insipiens
846 4831 931 4867 cor
970 4829 1163 4866 eorum.
1196 4810 1524 4865 Recedentes
1557 4811 1739 4879 utique
1768 4825 1798 4863 a
1840 4810 2024 4863 limine

459 4911 720 4975 veritatis,
749 4915 1046 4963 creaturam
1075 4920 1169 4972 pro
1198 4902 1452 4958 Creatore
1480 4904 1806 4970 venerando,
1841 4920 2026 4957 Verum

458 4999 661 5064 lumen,
707 4999 755 5051 id
786 5010 868 5053 cst
908 4996 998 5050 De:
1033 4995 1349 5066 sapientiam
1382 4995 1749 5063 perdiderunt.
1793 4995 2031 5049 Dicentcs

455 5095 589 5149 enim
619 5109 673 5146 se
692 5109 796 5145 esse
817 5094 1084 5159 sapicnt.s.
1116 5090 1278 5159 Quasi
1301 5092 1389 5160 qui
1412 5089 1708 5144 invenirent
1760 5092 2030 5159 quomodo

458 5183 741 5239 invisibilis
790 5183 930 5237 Deus
978 5184 1029 5237 in
1077 5186 1421 5238 simulacrum
1472 5182 1688 5237 visibile
1738 5183 2026 5237 coleretur.

460 5277 622 5334 Stulti
660 5275 781 5345 facti
810 5282 949 5327 sunt.
994 5273 1110 5327 Non
1138 5275 1497 5346 intelligentes
1544 5276 1706 5329 Deum
1740 5268 1844 5326 non
1885 5287 2026 5339 esse,

455 5386 613 5440 quem
650 5372 811 5422 homo
857 5365 1092 5420 fecisset.
1143 5363 1211 5417 Et
1240 5375 1559 5420 niutocerunt
1601 5366 1817 5437 gloriam
1864 5366 2033 5417 incor-

457 5462 716 5526 ruptibtlis
747 5458 844 5513 Dei
876 5460 927 5512 in
975 5457 1365 5512 similitudinem
1406 5459 1645 5527 imaginis
1687 5458 2031 5527 corruptibilis

454 5555 679 5607 hominis
706 5564 752 5607 et
781 5553 1001 5607 volucris
1032 5559 1081 5605 et
1104 5550 1487 5620 quadrupedum
1518 5560 1563 5603 et
1589 5562 1898 5620 serpentum.
1934 5549 2030 5602 Hic

456 5642 602 5698 Jovis
624 5644 853 5699 cultores
877 5640 1127 5713 appeilat,
1161 5656 1316 5710 quem
1347 5652 1784 5710 propteramores
1802 5642 2025 5697 fwdissi-

2138 4550 2276 4602 rant,
2306 4553 2402 4592 nec
2429 4553 2489 4590 se.
2514 4538 2658 4603 ipsos
2697 4546 3107 4607 cognoscerent.
3146 4536 3207 4590 Et
3237 4536 3367 4589 sicut
3396 4553 3497 4589 non
3526 4536 3735 4605 proba-

2138 4638 2311 4681 verunt
2342 4626 2635 4680 Dominum.
2665 4626 2777 4679 Non
2803 4642 2913 4681 ltt‘Sl
2932 4627 3127 4692 ierunt,
3153 4626 3245 4682 sed
3273 4626 3495 4681 minime
3523 4628 3734 4693 proba-

2139 4733 2351 4777 verunt.
2385 4722 2477 4776 Ille
2506 4722 2649 4776 enim
2682 4721 2968 4779 Dominum
2998 4721 3188 4790 probat
3218 4720 3417 4775 habere
3446 4734 3506 4775 se
3533 4719 3594 4776 in
3622 4736 3734 4777 no-

2138 4816 2271 4878 titia,
2315 4815 2402 4883 qui
2427 4827 2640 4878 semper
2672 4822 2922 4881 tanquam
2954 4824 3273 4881 praesentem
3302 4810 3477 4876 timet,
3505 4819 3562 4865 et
3596 4826 3736 4880 pec-

2132 4921 2254 4959 care
2296 4921 2398 4958 non
2427 4905 2605 4957 audet.
2638 4904 2876 4957 Tradidit
2906 4920 2988 4957 eos
3021 4902 3156 4956 Deus
3204 4903 3258 4955 in
3305 4902 3584 4971 reprobatis
3616 4919 3739 4957 sen-

2133 5012 2263 5047 sum.
2293 4995 2345 5047 ld
2377 5006 2479 5058 cst,
2531 4996 2700 5048 relicti
2753 5004 2881 5048 sunt
2923 4995 2976 5048 iu
3027 4994 3314 5062 reprobum
3353 5009 3602 5049 sensum.
3663 4993 3739 5048 Ut

2132 5084 2326 5155 faciant
2353 5101 2466 5153 qua:
2508 5102 2605 5138 non
2638 5086 2891 5139 comenit.
2920 5085 3050 5151 Quae
3094 5100 3199 5139 non
3244 5086 3582 5140 Conveniunt
3630 5086 3739 5140 bo-

2136 5176 2263 5231 mini
2294 5178 2487 5231 facere.
2520 5177 2755 5248 RepleIos
2785 5179 2924 5231 einni
2968 5179 3233 5245 iniquitate
3261 5190 3305 5232 et
3357 5180 3587 5233 malitia.
3623 5180 3734 5233 lui-

2136 5267 2393 5334 quitatem
2419 5277 2470 5321 et
2494 5267 2751 5320 malitiam
2780 5267 3103 5336 principales
3123 5282 3314 5321 eauscis
3337 5269 3575 5322 ostendit
3598 5285 3739 5326 esse

2133 5360 2406 5414 vitiorum.
2425 5356 2807 5423 Fomicatione,
2822 5361 3057 5412 avaritia.
3076 5358 3505 5414 Fornicationeta
3519 5373 3573 5414 et
3594 5380 3739 5415 ava-

2135 5453 2309 5506 ritiam
2323 5452 2475 5506 simu’
2495 5452 2686 5520 junxit,
2703 5453 2825 5519 quia
2841 5462 3080 5521 utrmque
3107 5456 3382 5521 passiones
3396 5446 3739 5508 idololatriae

2131 5556 2524 5615 comparantur,
2559 5546 2695 5599 sicut
2722 5545 2855 5598 dixit
2878 5546 2929 5598 in
2961 5545 3142 5600 Exodo
3178 5563 3189 5597 :
3224 5544 3493 5600 Fornicati
3520 5560 3671 5600 sunt
3716 5568 3742 5601 ει

2134 5642 2241 5697 Deo
2272 5657 2366 5695 suo
2416 5649 2632 5709 pmptcr
2679 5640 2801 5694 idoli
2855 5640 3086 5694 sordem.
3133 5639 3259 5693 Nam
3314 5639 3608 5692 foruieaiio
3644 5656 3739 5695 es;
