3904 6176
1 0 357 258 Γ

20 1858 29 2003 Ξ

22 2016 29 2129 ε

0 5484 83 6176 Κ

265 280 341 333 iii
1112 274 1173 328 IN
1218 271 1599 328 EPIS’IOLAM
1639 270 1728 324 AD
1771 267 2085 324 ROMA’-O>
2123 269 2639 328 ίῗΟΜΒῖῘλΤΜὶΗ.
3400 278 3508 335 ωε

261 394 537 448 tlhristiana
564 391 724 445 alicui
765 390 838 447 cei
882 386 1155 443 adhaarere
1197 396 1547 456 praeterquam
1584 388 1689 441 Deo
1716 432 1728 454 ,
1761 397 1815 442 et
1845 386 1897 445 Α
1924 402 2046 440 num
2070 389 2521 458 autemjud'cimn
2554 391 2732 445 multis
2763 392 2934 447 modis
2955 394 3337 465 corrumpitur.
3362 395 3498 452 Nam

262 488 414 541 multis
442 484 826 551 cupiditat‘bus
856 483 1143 550 corrumpi.
1170 480 1321 536 Unde
1352 480 1481 534 dicit
1510 480 1723 547 Paulus,
1756 496 1813 535 se

262 578 333 629 uni
363 577 477 627 viro
503 588 600 628 nos
625 573 882 642 virginem
918 581 1118 625 castam
1145 560 1513 638 spopondisse.
1550 571 1813 641 Nequitia.

262 665 363 720 Idea
389 665 706 719 insatiabilis
736 675 816 716 eSt
863 662 1109 723 avaritia,
1143 660 1265 728 quia
1314 671 1436 731 post
1479 661 1569 716 Dei
1601 660 1816 715 divitias

257 760 575 827 quantumvis
601 756 721 825 quis
747 755 961 816 habeat,
1015 770 1198 816 parum
1228 766 1328 807 est.
1385 752 1573 808 Pierios
1604 756 1812 819 invidia,

258 848 543 902 homicidio;
561 846 784 899 Pulchre
813 845 1156 897 homicidium
1181 845 1395 897 imid-m
1424 846 1666 908 sociavit,
1696 846 1815 912 quia

257 918 601 1007 prim-i'ltujus
642 936 882 989 criminis
911 936 963 1004 ip
994 951 1024 988 a
1055 936 1275 987 materia
1310 944 1409 1000 est,
1440 938 1559 1001 quia
1591 937 1816 1003 primqu

256 1029 589 1083 homicidium
620 1038 672 1081 et
703 1027 897 1080 diaboli
929 1035 982 1079 et
1008 1027 1135 1078 Cain
1169 1026 1233 1078 de
1261 1027 1456 1080 invidia
1503 1039 1682 1079 natum
1714 1034 1817 1081 est.

206 1128 211 1137 ‘
256 1120 593 1173 Contentique.
622 1118 908 1172 Contentio
949 1126 1061 1175 est.
1097 1118 1183 1170 ubi
1215 1134 1317 1170 non
1352 1119 1555 1170 ratione
1597 1117 1813 1187 aliquid,

254 1209 333 1264 sed
369 1210 535 1262 animi
584 1209 874 1276 pertinacia
920 1206 1246 1271 defenditur,
1275 1217 1328 1259 et
1358 1207 1443 1259 ubi
1476 1224 1581 1260 nun
1623 1209 1821 1261 veritas

254 1303 518 1372 qumritnr,
554 1301 647 1353 sed
680 1302 990 1352 animositas
1015 1300 1281 1365 fatigatur.
1318 1299 1569 1355 Primitus
1602 1301 1817 1353 fraterni

253 1392 460 1446 sceleris
492 1405 653 1443 causa
688 1406 751 1444 ex
793 1392 1134 1443 contentione
1161 1390 1357 1443 evenit.
1396 1389 1546 1455 Dolo,
1578 1390 1819 1459 maligni-

256 1489 365 1535 tate.
397 1479 563 1533 Dolus
592 1490 673 1533 est
720 1482 924 1532 occulta
976 1479 1175 1531 malitia
1221 1478 1429 1533 blandis
1478 1481 1820 1534 sermonibus

252 1573 518 1625 adornata.
551 1569 630 1626 Su
661 1588 892 1624 urrones.
944 1571 1381 1637 Mnrmuratores,
1418 1589 1519 1626 non
1567 1574 1617 1627 in
1665 1575 1819 1641 faeie,

254 1664 336 1718 sed
380 1664 432 1716 in
479 1678 611 1716 aure
642 1663 937 1731 loquentes,
971 1663 1052 1717 vel
1082 1664 1147 1717 de
1178 1664 1370 1732 quibus
1394 1664 1608 1732 dicitur,
1644 1666 1823 1735 Neque

1920 490 1970 533 et
2005 494 2209 543 amore,
2239 482 2323 535 vel
2356 480 2503 546 odio,
2537 482 2629 536 sed
2676 493 2728 535 et
2761 484 2982 538 avaritia
3014 499 3076 540 ac
3106 486 3318 551 timore,
3365 502 3497 542 nou~

1922 586 2187 638 nunquam
2220 582 2271 624 et
2318 571 2685 625 misericordia
2721 572 3061 642 depravatur.
3092 574 3373 632 Existimas
3398 594 3497 631 au-

1922 671 2016 713 tem
2057 662 2173 726 hoc,
2206 680 2235 713 ο
2266 663 2437 729 homo,
2466 662 2551 729 qui
2592 664 2800 733 judicns
2848 680 2931 717 eos
2973 666 3061 735 qui
3092 668 3214 721 talia
3241 678 3422 737 agunt,
3452 677 3504 721 et

1921 750 2047 819 facis
2087 768 2168 813 en,
2190 752 2309 819 quia
2334 763 2387 804 tu
2423 751 2631 821 r/fug'es
2650 753 2911 820 judicium
2942 755 3073 809 Dei?
3094 756 3338 823 Nunquid
3365 773 3495 827 pro-

1924 852 2107 909 pterea
2146 840 2239 893 tibi
2268 842 2335 896 de
2393 844 2572 909 impun
2599 850 2706 897 tate
2761 843 2963 902 blandir
2991 861 3037 908 s,
3090 846 3213 916 quia
3255 846 3395 902 Deus
3444 850 3496 902 in

1924 948 2032 999 pra!)
2065 942 2173 985 ent:
2231 949 2332 986 non
2365 934 2560 998 reddit,
2592 945 2644 988 et
2678 936 2982 1003 patientiam
3019 935 3139 1006 ejus
3167 940 3508 995 contemnis?

1924 1023 2036 1078 Non
2072 1024 2266 1090 tardat,
2300 1026 2490 1093 inquit,
2524 1027 2775 1079 Dominus
2815 1030 3098 1095 promissa,
3124 1030 3216 1085 sed
3239 1032 3507 1100 patienter

1923 1116 2030 1184 agit
2062 1125 2277 1183 prepter
2310 1131 2425 1181 vos,
2464 1116 2649 1171 nolens
2695 1118 2927 1188 aliquem
2961 1120 3155 1187 perire,
3187 1122 3281 1175 sed
3312 1136 3505 1176 omnes

1923 1205 1989 1259 ad
2041 1207 2407 1275 ptenitentiam
2459 1209 2738 1272 converti;
2791 1210 2961 1263 bonus
3017 1220 3100 1264 est
3145 1212 3287 1266 enim
3319 1227 3504 1278 exspe-

1924 1297 2138 1360 ctando;
2168 1296 2342 1363 justus
2362 1307 2440 1349 est
2468 1297 2752 1363 puniendo.
2784 1298 2858 1350 An
2884 1298 3083 1351 divitias
3104 1300 3343 1354 bonitatis
3365 1304 3498 1371 ejus.

1926 1387 2342 1438 Abnndantiam.
2371 1385 2436 1438 Et
2468 1388 2727 1453 patientia:
2765 1397 2811 1441 et
2836 1389 3236 1457 longanimitatis
3274 1400 3502 1443 contem-

1926 1478 2003 1531 nis
2023 1478 2046 1529 ἰ)
2069 1479 2307 1548 ignorans
2331 1480 2571 1544 quoniam
2615 1477 2897 1547 benignitas
2933 1479 3024 1531 Dei
3049 1480 3116 1530 ad
3145 1480 3498 1547 panitentiam

1925 1577 1971 1619 te
1998 1567 2249 1619 adducit?
2280 1567 2498 1620 Multum
2531 1582 2591 1621 se
2633 1567 2875 1622 homines
2930 1586 3024 1638 per
3069 1569 3372 1636 patientiam
3405 1569 3503 1623 Dei

1926 1655 2211 1719 seducunt,
2248 1658 2368 1726 quia
2429 1674 2532 1712 non
2589 1658 2700 1711 vult
2748 1662 2926 1713 statim
2960 1662 3147 1727 pun‘re
3196 1670 3499 1727 peccantes.

257 1752 725 1806 murmuraveritis.
755 1752 1070 1806 Detraetores
1098 1752 1201 1809 Deo
1224 1753 1457 1807 odibiles.
1486 1755 1561 1810 De
1586 1768 1821 1812 ractores
1856 1764 1896 1820 Β
1929 1748 2120 1803 Ρυιδηῐ
2149 1750 2291 1803 enim
2325 1764 2444 1803 cum
2477 1758 2568 1802 θυι
2598 1764 2702 1802 “0"
2733 1764 2923 1805 Curare
2977 1766 3064 1804 res
3098 1751 3377 1815 humanas.
3408 1761 3501 1803 at“

258 1843 356 1896 Deo
382 1843 635 1907 odibiles,
665 1844 785 1911 quia
812 1841 943 1896 nihil
974 1853 1077 1895 tam
1102 1844 1301 1898 odibile
1332 1844 1441 1899 Deo
1470 1862 1626 1922 quam
1661 1848 1822 1901 idolo-

260 1936 418 1998 latria,
449 1935 535 1988 cui
560 1934 831 1989 detractio
852 1946 1213 2003 comparatur,
1242 1952 1360 1990 cum
1385 1945 1439 1990 et
1471 1937 1745 1992 idololatra
1769 1950 1822 1993 et

262 2028 520 2081 detractor
546 2027 851 2082 eradicandi
880 2044 907 2081 a
938 2028 1207 2097 Scriptura
1254 2030 1517 2083 dicantur.
1550 2030 1827 2086 Contume-

264 2120 419 2172 limes.
453 2119 554 2186 Qui
579 2121 792 2175 veloces
820 2132 946 2176 sunt
970 2124 1021 2176 in
1048 2124 1331 2178 verborum
1366 2126 1590 2192 inju:i's.
1628 2126 1825 2192 Super-

267 2209 361 2263 bos.
390 2210 490 2275 Qui
518 2210 630 2263 vnit
653 2212 964 2280 supergredi
1020 2214 1158 2281 quod
1186 2222 1288 2280 est,
1318 2218 1577 2282 superbus
1608 2216 1825 2282 dicitur,

268 2299 674 2360 sicntdiaholus.
702 2302 790 2369 qui
827 2303 1055 2368 prodidit
1085 2306 1184 2357 hoc
1219 2306 1356 2372 quod
1388 2307 1502 2360 luit.
1538 2307 1604 2361 Et
1630 2310 1714 2376 qui
1739 2325 1826 2362 su-

270 2404 350 2457 per
369 2391 501 2444 alios
524 2393 637 2444 vult
659 2407 800 2457 esse,
820 2394 953 2448 infra
983 2411 1039 2448 se
1062 2395 1168 2449 lict.
1203 2395 1401 2463 Elatos,
1426 2399 1703 2454 inventores
1725 2418 1825 2454 ma-

269 2481 435 2533 lorum.
471 2481 655 2535 Elatus
696 2485 895 2552 estqui
938 2484 1159 2539 cﬂ'ertur
1189 2502 1347 2554 supra
1374 2504 1651 2562 mepsuras
1678 2505 1822 2545 suas.

271 2568 556 2624 Parentibus
585 2588 687 2626 non
726 2576 1031 2630 obedientes.
1068 2577 1177 2631 lloe
1206 2579 1323 2633 loco
1368 2589 1423 2634 et
1453 2581 1701 2636 doctores
1742 2583 1826 2637 in-

271 2663 402 2732 tellig
443 2673 686 2732 possunt,
715 2676 964 2734 parentes
990 2670 1310 2722 animarum.
1342 2669 1669 2741 Insipienteu
1697 2676 1827 2741 Quia

271 2754 332 2808 ab
382 2757 495 2823 ipso
528 2756 676 2810 fonte
702 2759 979 2825 sapient’a:
1029 2771 1388 2815 recesserunt.
1434 2762 1825 2835 Incompositos.

267 2847 439 2902 Omnis
476 2849 740 2917 insipiens
775 2851 1133 2905 inordinatus.
1165 2853 1290 2907 Sine
1317 2854 1606 2922 affectione,
1640 2858 1830 2928 absque

267 2937 462 2994 honore.
492 2940 719 2996 Al'fectio
749 2954 828 2996 est
860 2942 1169 3011 adimpletio
1198 2946 1492 3002 cbaritatis.
1528 2949 1651 3004 Sine
1680 2953 1832 3006 mise-

266 3032 497 3085 ricordia.
543 3032 825 3098 Quomodo
854 3044 1099 3102 poterant
1124 3036 1243 3090 aliis
1271 3038 1534 3108 misereri,
1568 3043 1655 3108 qui
1691 3043 1741 3096 in
1769 3059 1829 3099 se

1927 1838 2131 1894 denare
2182 1839 2322 1908 quod
2354 1838 2550 1894 dill'ert.
2582 1839 2831 1909 Plerique
2876 1842 3035 1895 etiam
3088 1843 3502 1904 ealutnniautur,

1925 1947 2090 2000 quare
2133 1932 2185 1984 in
2221 1931 2468 1997 ltrmsenti
2518 1946 2621 1983 non
2653 1931 2862 1985 reddit?
2887 1932 3064 1987 Miseri
3114 1932 3275 1989 etiam
3319 1934 3369 1986 in
3402 1932 3507 1986 hoc

1927 2022 2138 2092 ingrati,
2171 2021 2312 2077 sicut
2338 2024 2390 2077 in
2422 2023 2668 2077 omn'bns
2697 2024 2969 2079 beneﬁciis
3003 2025 3117 2089 Dei,
3141 2024 3227 2095 qui
3255 2025 3304 2080 ei
3333 2024 3506 2093 impu-

1928 2122 2041 2168 tant
2070 2114 2206 2183 qnod
2239 2130 2423 2167 eorum
2478 2114 2851 2169 dissimulatur
2875 2116 3143 2182 interitus,
3178 2131 3283 2170 non
3309 2115 3506 2169 intelli-

1925 2214 2135 2275 gentes,
2170 2205 2288 2272 quia
2322 2204 2367 2258 si
2390 2207 2568 2257 statim
2596 2205 2866 2271 redderet,
2894 2209 3068 2261 nullus
3095 2206 3201 2274 jam
3225 2205 3497 2259 hominum

1927 2295 2286 2352 remansissrt,
2326 2310 2421 2346 nec
2444 2311 2507 2347 ex
2535 2295 2741 2362 injustis
2770 2300 2949 2351 tierent
2973 2296 3121 2365 justi.
3151 2296 3195 2363 Q
3219 2297 3286 2349 tid
3319 2297 3505 2364 plura?

1929 2383 2149 2437 Paulum
2181 2399 2391 2451 quoque
2444 2385 2617 2453 ipsum
2658 2386 2895 2439 Ecclesia
2954 2403 3054 2439 non
3108 2386 3346 2440 haberet.
3382 2385 3507 2440 Ideo

1929 2482 2104 2526 autem
2138 2475 2442 2528 hominibus
2491 2476 2700 2529 videtur
2738 2477 2877 2531 Deus
2907 2479 2995 2531 diu
3027 2487 3341 2546 exspectare
3372 2494 3500 2547 pec-

1927 2577 2134 2628 cantes,
2165 2566 2285 2632 quia
2317 2568 2462 2635 parvi
2492 2569 2750 2637 temporis
2775 2584 2979 2635 sumus,
3008 2579 3061 2624 et
3088 2580 3301 2624 centum
3332 2584 3503 2624 annos

1929 2677 2027 2732 pro
2059 2664 2265 2716 inlinito
2312 2662 2590 2717 habemus.
2634 2663 2728 2719 Ille
2774 2675 2951 2719 autem
2992 2664 3136 2734 apud
3175 2679 3332 2735 quem
3361 2664 3509 2719 mille

1930 2753 2054 2805 anni
2082 2760 2331 2820 tauquam
2366 2770 2465 2806 una
2498 2754 2614 2808 dies
2646 2765 2792 2819 sunt,
2816 2767 3029 2811 centum
3055 2769 3227 2809 annos
3256 2770 3350 2820 pro
3373 2758 3501 2810 hort

1932 2841 2109 2897 habet.
2160 2845 2223 2897 Et
2271 2844 2391 2897 ideo
2422 2845 2523 2897 hoc
2554 2860 2739 2911 parum
2788 2859 2864 2898 est
2896 2855 3019 2899 ante
3048 2846 3353 2910 Dominum,
3386 2846 3506 2899 cum

1931 2942 1985 2987 et
2014 2934 2260 2988 homines
2285 2935 2572 3003 aliquantis
2603 2935 2792 2989 diebus
2814 2936 3024 2989 soleant
3043 2949 3357 3003 exspectare
3387 2950 3509 3004 jec-

1933 3035 2136 3079 cantes.
2172 3024 2473 3079 Humanum
2508 3036 2589 3079 est
2631 3043 2823 3096 nempe
2853 3027 3186 3096 delinquere,
3217 3030 3508 3083 humanum

267 3121 633 3176 misericordes
660 3138 777 3177 esse
823 3123 1276 3189 noluerunt‘l'Qui
1317 3144 1430 3180 cum
1450 3129 1702 3199 justitiam
1743 3133 1828 3187 Dei

1936 3124 2017 3169 est
2049 3131 2145 3184 pro
2174 3117 2368 3171 delicto
2397 3118 2678 3186 poenitere.
2711 3119 2879 3172 Nemo
2930 3120 3280 3187 periculosius
3325 3130 3511 3186 peccat

265 3215 624 3283 cognovissent.
666 3216 766 3269 Per
800 3216 920 3279 hoc,
953 3217 1093 3287 quod
1116 3219 1204 3272 [eis
1233 3222 1548 3276 naturaliter
1586 3225 1834 3294 displicet

265 3304 475 3366 malum,
515 3303 608 3357 Dei
655 3303 919 3371 justitiun
972 3318 1353 3375 cognoverunt.
1406 3308 1528 3364 Non
1572 3312 1833 3370 intellege-

248 3405 397 3457 ηδε.
421 3394 520 3461 Qui
545 3396 589 3449 si
618 3395 1022 3461 intellexissent,
1055 3399 1388 3465 timuissent;
1428 3402 1471 3456 si
1504 3404 1830 3475 timu'ssent,

264 3499 526 3552 nunquam
548 3485 673 3539 taI'a
692 3487 1109 3542 commisissent.
1132 3490 1381 3555 Quoniam
1399 3493 1488 3563 qui
1508 3494 1632 3547 (alia
1649 3508 1828 3568 agunt,

262 3574 403 3642 digni
429 3585 542 3628 sunt
570 3587 751 3629 morte.
796 3577 983 3631 Judicii
1013 3579 1125 3644 Det,
1167 3581 1266 3635 etsi
1300 3598 1404 3636 non
1437 3584 1487 3636 in
1523 3587 1827 3653 prtesentia,

264 3664 489 3717 futuram
514 3677 692 3720 tamen
721 3681 827 3720 non
857 3668 1111 3736 effugient
1141 3686 1372 3738 pmnam.
1408 3670 1532 3728 Non
1558 3676 1723 3731 solum
1744 3680 1833 3749 qui

258 3770 325 3808 ea
358 3756 566 3823 faciunt,
598 3758 688 3810 sed
710 3765 757 3809 et
783 3759 872 3826 qui
896 3761 1214 3814 consentiunt
1243 3763 1565 3831 facientibus.
1597 3769 1836 3823 Consen-

262 3848 406 3903 tiunt
447 3850 787 3918 suscipiendo
813 3851 1132 3917 doctrinam,
1184 3856 1269 3908 vel
1320 3859 1654 3914 connivendo
1684 3862 1837 3934 [alias

262 3940 638 4013 eoavivendo].

334 4033 458 4085 Car.
516 4047 575 4087 η.
630 4031 847 4101 Propter
880 4026 1025 4104 quod
1080 4036 1437 4093 inexcusabilis
1486 4058 1559 4105 es,
1608 4060 1635 4095 ο
1685 4045 1837 4099 homo

261 4123 430 4175 omnis
456 4124 542 4191 qui
565 4125 794 4195 judieas.
864 4122 923 4177 1η
952 4140 1051 4191 quo
1092 4126 1225 4179 enim
1245 4128 1451 4195 judicas
1480 4131 1716 4198 alterum,
1759 4145 1837 4187 te-

272 4214 447 4280 ἕνεκα
496 4214 847 4280 condemnas;
908 4216 1082 4269 eadem
1136 4218 1267 4270 enim
1318 4220 1429 4288 agis
1472 4237 1587 4289 quae
1604 4224 1833 4293 judicas.

262 4301 462 4359 Omnes
487 4306 576 4371 qui
604 4304 908 4375 bnjusmodi
933 4306 1266 4375 judicabant,
1288 4311 1520 4367 maxime
1546 4323 1722 4368 tamen
1745 4314 1835 4385 qui

265 4390 464 4448 habent
489 4394 830 4449 examinandi
878 4404 1219 4464 potestatem,
1271 4415 1376 4453 non
1407 4400 1579 4455 solum
1608 4401 1833 4471 judices,

1938 3219 2093 3272 quam
2117 3207 2202 3274 qui
2232 3220 2447 3275 peccata
2472 3206 2731 3261 defendit.
2763 3209 3055 3281 Secundum
3080 3225 3246 3261 auzem
3266 3210 3513 3262 duritiam

1939 3305 2099 3357 mam,
2149 3306 2192 3348 et
2236 3298 2565 3377 impaenitens'
2600 3317 2687 3353 cor
2718 3302 3035 3355 thesaurizas
3067 3303 3176 3356 tibi.
3208 3302 3287 3355 Tu
3332 3312 3513 3357 autem

1939 3384 2253 3452 imprudens
2299 3407 2441 3461 ager
2472 3391 2588 3459 ipso
2640 3395 2878 3448 remedio
2908 3396 2972 3447 ad
3026 3396 3227 3462 majora
3274 3396 3516 3449 abuteris

1939 3481 2181 3547 vulnera,
2216 3481 2353 3537 sicut
2375 3484 2505 3539 dicit
2534 3486 2635 3540 Job
2661 3504 2673 3539 :
2703 3488 2855 3541 Dedit
2878 3491 2925 3543 ei
2957 3487 3096 3543 Deus
3131 3488 3304 3543 locum
3348 3488 3517 3556 ptrui-

1942 3572 2152 3629 tentias.
2177 3583 2231 3626 et
2261 3574 2348 3628 ille
2377 3576 2612 3630 abutitur
2641 3593 2706 3633 eo
2748 3579 2799 3631 in
2833 3579 3155 3647 superbiam.
3191 3579 3305 3633 Non
3335 3581 3519 3652 agnita

1938 3663 2081 3717 enim
2112 3663 2280 3732 pietas
2308 3665 2479 3730 majus
2503 3666 2762 3736 judicium
2789 3677 2958 3736 parat,
2987 3678 3043 3722 ut
3072 3668 3358 3722 vindictam
3390 3683 3511 3719 sen-

1941 3758 2053 3821 tiat,
2084 3757 2172 3825 qui
2203 3757 2425 3811 miseric.
2453 3760 2621 3812 rdiam
2665 3761 2865 3814 sentire
2890 3761 3154 3826 de~pexit.
3189 3758 3326 3811 lrant
3360 3760 3408 3810 in
3434 3758 3519 3811 die

1939 3848 2049 3901 ἕνα».
2076 3845 2210 3900 Iram
2235 3862 2395 3914 super
2420 3848 2550 3900 iram
2586 3850 2697 3916 ipse
2722 3848 2817 3902 tibi
2849 3852 2984 3918 apud
3019 3849 3298 3903 Dominmn
3331 3864 3517 3901 τρίτου·

1940 3938 2044 4009 dis,
2061 3954 2173 4009 quas
2188 3938 2376 3994 diebus
2397 3938 2628 3994 definitis
2642 3950 2693 3994 et
2706 3941 2869 3994 certis
2898 3941 3222 4007 temporibus
3234 3938 3517 4008 apparebit

1942 4046 2045 4085 non
2067 4040 2188 4083 ante
2217 4030 2378 4093 diem,
2412 4030 2502 4097 qui
2546 4032 2875 4099 exspectaris
2900 4031 3061 4103 (sic),
3102 4031 3162 4084 Et
3195 4032 3525 4085 reretationia

1932 4126 2063 4195 justi
2085 4124 2275 4193 judicii
2308 4123 2421 4186 Dei,
2448 4125 2532 4191 qui
2559 4124 2727 4179 reddit
2759 4125 3028 4191 unicuique
3058 4128 3337 4178 secundum
3362 4140 3525 4193 apem
3554 4133 3559 4137 '

1942 4220 2071 4289 ejus.
2105 4215 2237 4281 Quia
2265 4215 2505 4270 occultus
2544 4224 2648 4278 est,
2698 4215 2797 4269 etsi
2849 4217 3057 4271 videtur
3086 4214 3244 4271 modo
3273 4230 3364 4283 per
3392 4229 3516 4284 spe-

1941 4309 2118 4362 culum
2147 4308 2200 4360 in
2242 4306 2546 4374 mnigrnatc,
2596 4310 2709 4362 sive
2750 4323 2845 4377 per
2879 4310 3120 4364 velamen
3160 4308 3385 4363 videtur.
3420 4304 3527 4360 ilia

1942 4399 2142 4467 quidem
2162 4400 2247 4467 qui
2267 4390 2544 4450 secundum
2564 4400 2859 4461 pa'icntiant
2885 4402 3002 4452 boni
3022 4401 3209 4468 operis.
3240 4400 3370 4452 lieni
3393 4416 3522 4467 ope-

265 4483 367 4535 sed
398 4494 446 4538 et
483 4484 686 4539 domini
724 4486 1130 4540 convenienter.
1180 4487 1311 4553 Quia
1368 4491 1593 4545 naturali
1637 4492 1840 4562 judicio
1869 4479 1921 4537 D
1946 4487 2017 4541 ris
2044 4501 2249 4541 merces
2284 4501 2377 4555 per
2400 4488 2707 4554 patientiam
2739 4500 3076 4553 CXSjti‘t'lzliIII‘
3109 4508 3120 4543 :
3151 4489 3272 4560 quia
3307 4491 3357 4542 in
3386 4504 3522 4557 pltea

262 4572 460 4638 justam
492 4574 647 4631 factis
689 4576 889 4644 profert
935 4578 1298 4647 unusquisque
1340 4583 1683 4636 sisntentiam.
1712 4582 1841 4637 Om-

267 4677 468 4734 nesque
497 4676 690 4720 norunt
720 4679 775 4720 et
815 4666 1172 4722 innocentiam
1205 4672 1443 4737 praemio,
1489 4682 1543 4726 et
1584 4674 1839 4729 malitiam

266 4753 478 4822 dignam
518 4772 640 4812 esse
668 4758 929 4825 supplicio
963 4775 976 4810 :
1014 4768 1071 4813 et
1101 4758 1223 4813 ideo
1252 4761 1669 4829 inescusabiles,
1718 4766 1839 4834 quia

268 4839 370 4895 Dei
394 4845 645 4911 justitiam
678 4855 1065 4914 cognoverunt.
1100 4846 1303 4902 Scimus
1328 4851 1460 4903 enim
1486 4854 1721 4919 quoniam
1738 4856 1836 4925 ju-

267 4933 457 4988 dicium
501 4936 598 4990 Dei
642 4947 718 4990 est
754 4941 1034 4993 secundum
1070 4941 1327 4995 veritatem
1366 4945 1417 4996 in
1462 4961 1544 4997 eos
1588 4948 1677 5016 qui
1716 4947 1839 5002 talia

269 5038 446 5093 agunt.
467 5029 662 5097 Utique
690 5031 982 5086 secundum
1015 5033 1292 5087 veritatem
1322 5045 1401 5088 est
1428 5036 1704 5103 judicium,
1735 5056 1840 5109 quo

271 5116 642 5181 iudicabuntur
672 5121 998 5189 huiusmodi,
1051 5125 1138 5193 qui
1169 5125 1529 5182 condemnare
1575 5128 1709 5182 alios
1750 5147 1838 5185 sa-

278 5223 515 5278 puerunt,
547 5228 666 5278 qua!
698 5227 792 5281 per
838 5229 898 5268 se
950 5218 1287 5271 committere
1337 5233 1440 5271 non
1477 5221 1751 5276 timebant.
1785 5222 1838 5276 Si

278 5301 413 5353 enim
456 5312 528 5357 tu,
558 5313 833 5373 percator,
859 5314 1189 5373 precatorem
1226 5307 1297 5359 tui
1342 5308 1567 5362 similem
1607 5312 1837 5378 judicas,

282 5401 466 5457 quanto
493 5393 661 5464 magis
695 5394 833 5449 Deus
871 5395 1045 5462 justus
1078 5405 1130 5451 te
1169 5397 1428 5465 judicabit
1451 5400 1745 5468 inju-tmn?
1779 5405 1845 5457 Et

282 5478 396 5536 ideo
437 5484 695 5552 judicium
749 5484 843 5538 Dei
873 5486 1165 5541 secundum
1197 5490 1477 5543 veritatem
1518 5501 1619 5559 est,
1647 5483 1844 5564 quippe

282 5589 431 5642 quem
460 5576 573 5631 sine
625 5591 974 5646 personarum
1007 5581 1320 5649 acceptione
1365 5598 1463 5636 nec
1492 5585 1679 5638 amicis
1710 5588 1842 5656 suis,

283 5683 373 5724 nec
410 5669 612 5739 angelis
641 5670 984 5739 peccantibus
1014 5672 1239 5743 legimus
1286 5676 1609 5745 pepercisse.
1648 5678 1846 5733 Iluma-

1943 4581 2082 4635 senti
2109 4579 2211 4632 vita
2250 4594 2351 4634 non
2380 4579 2637 4635 redditur.
2674 4581 2774 4634 Per
2808 4582 2962 4635 [idem
2988 4584 3131 4636 enim
3156 4582 3525 4647 ainbulamus,

1945 4684 2126 4728 etnon
2154 4688 2245 4740 per
2278 4672 2537 4739 speciem,
2582 4684 2630 4726 et
2665 4683 2789 4727 tunc
2829 4674 2931 4727 erit
2960 4675 3251 4741 perlectum
3282 4688 3438 4740 opus,
3473 4673 3526 4724 si

1947 4765 1997 4817 in
2017 4763 2171 4817 linem
2187 4779 2348 4831 usque
2368 4763 2656 4819 duraverit.
2681 4763 2933 4817 Gloriam.
2956 4764 3193 4818 Gloriam
3222 4765 3366 4816 idem
3387 4778 3515 4827 przc-

1945 4856 2105 4917 dieat,
2133 4872 2235 4923 qua
2280 4858 2446 4909 sancti
2486 4855 2762 4923 fulgebunt
2805 4870 2857 4908 ut
2886 4858 2988 4919 sol,
3020 4865 3071 4906 ot
3100 4858 3358 4907 honorem
3408 4852 3527 4904 Ιῖυε

1945 4965 2120 5003 norem
2148 4950 2374 5014 ﬁliorum
2409 4947 2520 5002 Dei.
2552 4948 2686 5013 Quid
2725 4949 2864 5001 enim
2914 4946 3225 4998 honoratius
3254 4944 3376 4997 liliis
3407 4945 3528 5008 Dei,

1947 5042 2032 5109 qni
2056 5042 2217 5094 etiam
2242 5038 2459 5107 angelos
2482 5038 2832 5107 judicabuut?
2866 5036 2927 5089 Et
2960 5036 3417 5104 incorruptionem.
3446 5036 3525 5089 Ina

1947 5134 2365 5197 corruptionem,
2394 5130 2616 5196 gloriam
2649 5128 3057 5183 immortalitatis
3087 5128 3234 5182 dicit.
3271 5132 3519 5195 Qutereu-

1950 5221 2079 5273 ttbus
2110 5226 2260 5272 vitam
2297 5231 2555 5271 cateruam.
2582 5220 2681 5283 Qui
2712 5221 2899 5287 qutuit
2920 5219 3081 5274 vitam
3115 5233 3394 5287 aeternam,
3427 5223 3526 5277 ista

1948 5313 2122 5365 omnia
2173 5321 2568 5377 ες)..5ιὲ(]ιιείυι“,
2608 5321 2672 5364 .et
2718 5311 2804 5379 qui
2864 5312 3021 5367 habet
3080 5315 3215 5367 hanc
3264 5328 3413 5382 spem
3474 5314 3527 5363 in

1949 5421 2035 5466 eo,
2068 5402 2361 5457 sanctiﬁcat
2402 5419 2480 5466 se,
2510 5404 2644 5457 sicut
2671 5404 3027 5461 dicit:Sancti
3062 5416 3253 5469 estote,
3280 5406 3414 5459 SIL‘ltl
3438 5406 3532 5457 illo

1951 5506 2167 5549 sanctus
2199 5506 2297 5548 est.
2330 5494 2429 5546 llis
2463 5507 2631 5548 autem
2656 5498 2741 5561 qui
2772 5514 2835 5551 ea:
2862 5499 3196 5553 contentione.
3230 5498 3327 5561 Qui
3359 5510 3523 5549 evan-

1951 5590 2137 5657 geliea:
2164 5586 2372 5640 veritati
2407 5603 2512 5640 non
2569 5589 2815 5654 credunt,
2860 5601 2913 5643 et
2965 5590 3299 5643 consentiunt
3337 5591 3534 5655 iniqui-

1953 5682 2071 5747 tati,
2118 5680 2211 5750 qui
2240 5680 2425 5736 reiicto
2464 5680 2719 5738 Creatore
2766 5683 3075 5739 deserviunt.
3113 5694 3392 5751 creaturae,
3439 5684 3535 5755 qui
