3904 6176
450 307 556 362 ηδ

1579 306 1676 362 l’lll
1691 311 1728 358 λι
1741 303 1866 360 .\Sll
1907 302 2038 356 ADll
2051 300 2351 356 UilETANl
2396 300 2612 356 EPISC.

3615 305 3712 362 425

461 437 648 481 contra
680 423 820 494 quod
851 425 1025 477 sciunt
1059 421 1374 485 defendunt,
1419 422 1740 476 contentiosi
1774 430 1918 472 sunt.
1952 419 2042 471 Ti-
2075 421 2119 476 Α
2152 416 2269 470 aliis
2299 435 2402 471 non
2432 417 2652 480 faciunt,
2686 415 2795 468 sive
2827 413 2967 484 quod
3002 415 3316 471 naturaliter
3345 418 3506 471 etiam
3544 432 3718 488 gentes

461 529 601 572 mete
648 514 1068 578 contentionem,
1113 528 1178 564 ne
1225 528 1340 578 qtnn
1390 520 1690 580 Sequuntur
1741 508 2039 577 patiamini.

461 608 525 660 Et
556 609 640 676 qui
673 625 773 660 non
805 608 1128 671 acquiescant
1158 605 1377 657 veritati.
1416 603 1769 671 Evangeficw.
1817 601 2044 656 Credunt

461 707 629 749 autem
660 696 939 764 iniquitati.
966 695 1132 759 Quam
1167 703 1379 760 norunt,
1408 695 1493 762 qtti
1518 694 1736 747 credere
1767 694 2045 746 voluerunt

462 785 731 853 iniquitati
788 802 800 835 :
861 798 964 836 non
1016 785 1158 837 enim
1215 800 1451 850 :equnm,
1495 783 1747 836 derelicm
1793 784 2044 836 Crratore

463 881 720 942 omnium,
763 886 1024 931 creatura:
1075 878 1300 931 servire.
1354 875 1440 928 Ira
1486 888 1531 929 et
1574 874 1884 945 indignatio.
1919 873 2044 927 lltec

463 970 639 1023 omnia
695 969 1064 1036 peccatoribus
1118 969 1168 1022 in
1209 967 1411 1034 judicio
1462 977 1860 1035 praeparantur;
1917 975 2044 1019 tunc

463 1064 565 1116 erit
612 1076 800 1126 magna
834 1070 886 1114 et
919 1059 1248 1113 infructuosa
1279 1059 1613 1128 pmnitentia.
1663 1057 1956 1122 ,Tribulatio
1997 1065 2044 1109 et

465 1152 726 1219 angustia.
788 1150 1148 1204 Conscientia:
1195 1161 1247 1204 et
1305 1165 1454 1203 vanre
1507 1147 1849 1216 pmuitettiue,
1907 1147 2046 1201 sicut

466 1241 724 1308 scriptum
780 1252 861 1294 est
895 1259 907 1293 :
948 1240 1098 1294 Tunc
1127 1241 1301 1294 dicent
1333 1242 1470 1293 inter
1517 1254 1576 1292 sc
1608 1240 1944 1305 pmnitentes,
1991 1248 2044 1291 et

469 1343 577 1394 |rzr
624 1332 868 1400 angusda
919 1333 1140 1398 spiritus
1170 1342 1465 1400 gementes.
1504 1328 1566 1382 In
1599 1346 1794 1382 omnem
1822 1330 2046 1381 animam

467 1419 686 1474 hominis
713 1423 970 1490 operantis
1003 1422 1216 1474 malum.
1252 1422 1384 1487 Quia
1430 1421 1606 1474 anima
1643 1421 1808 1487 prima
1837 1429 2042 1488 peccat,

473 1512 596 1566 ideo
630 1528 836 1581 poenam
867 1514 1226 1581 principaliter
1256 1514 1410 1566 sentit
1444 1531 1457 1576 ;
1491 1515 1602 1567 sive
1631 1513 1802 1564 anima
1833 1525 1930 1580 pro
1954 1511 2048 1564 ho-

471 1603 613 1655 mine
661 1603 868 1672 integro
899 1605 1135 1670 ponitur,
1175 1604 1315 1656 sicut
1360 1603 1488 1656 dicit
1537 1602 1678 1670 quod
1709 1601 1870 1656 Jaeob
1899 1603 1950 1656 in
1982 1601 2048 1657 70

469 1694 746 1747 animabus
787 1696 999 1748 intravit
1047 1694 1096 1747 in
1150 1695 1457 1765 zEgyptum.
1500 1695 1677 1748 λιιάωὶ
1725 1696 1969 1764 primum,
2002 1706 2047 1750 et

2150 507 2367 562 laudant
2396 509 2586 571 bonos,
2634 518 2687 562 et
2708 504 2952 576 judicant
2977 508 3165 572 malos,
3194 508 3336 572 quod
3378 521 3462 562 est
3494 525 3624 578 opus
3649 513 3716 567 le-

2149 600 2233 668 gis
2263 617 2277 660 ;
2313 601 2425 654 sive
2457 599 2522 654 de
2563 599 2641 652 his
2663 598 2754 668 qui
2784 600 2942 651 etiam
2994 614 3156 664 nunc,
3201 601 3326 654 dum
3371 601 3494 656 boni
3530 603 3719 668 aliquid

2150 700 2465 758 operantur,
2495 706 2524 742 a
2573 690 2682 744 Deo
2711 690 2983 758 accepisse
3013 704 3071 744 se
3120 692 3328 759 capiam
3376 708 3481 760 qua
3517 694 3716 760 piat-ere

2150 780 2259 832 Deo
2275 781 2505 844 valeant,
2537 780 2851 847 profitentur
2889 777 3016 830 vitia
3049 779 3332 846 puniendo.
3354 778 3465 849 Ipsi
3492 784 3584 836 sibi
3615 797 3722 839 sunt

2149 879 2252 941 leas,
2280 877 2367 946 qui
2395 877 2668 930 ostendunt
2692 891 2818 942 opus
2842 874 2986 943 legis.
3009 874 3259 929 Ostendit
3289 876 3408 930 illos
3429 890 3534 930 non
3568 878 3724 934 fuisse

2148 969 2264 1023 sine
2291 969 2428 1038 lege,
2461 978 2586 1022 utet
2611 978 2796 1035 gentes
2828 967 3222 1022 inexcusabiles
3251 967 3427 1033 faciat,
3457 981 3512 1024 et
3532 970 3724 1026 Judaeis

2149 1061 2216 1114 de
2241 1061 2566 1128 pr0prietate
2593 1059 2724 1126 legis
2751 1059 2973 1128 gloriam
3008 1059 3176 1113 tollat.
3205 1059 3335 1112 Nam
3363 1065 3538 1117 omnis
3571 1063 3726 1118 homo

2148 1151 2217 1205 de
2250 1161 2468 1219 peccato
2497 1151 2549 1203 in
2581 1151 2906 1204 conscientia
2939 1151 3229 1216 erubescit,
3264 1163 3317 1206 et
3337 1153 3403 1207 de
3427 1153 3572 1208 bono
3595 1154 3727 1209 facto

2151 1241 2379 1295 ltetatur.
2416 1241 2677 1310 Scriptum
2707 1242 2760 1293 iu
2790 1241 3026 1299 cordibus
3057 1243 3182 1308 suis,
3233 1245 3588 1296 testimonium
3621 1247 3728 1298 red-

2149 1334 2297 1385 dente
2325 1332 2429 1386 illis
2458 1332 2786 1385 conscientia.
2831 1331 3045 1385 Natura:
3077 1333 3234 1402 igitur
3271 1333 3437 1401 legem
3491 1335 3541 1389 in
3570 1337 3729 1390 corde

2151 1438 2245 1492 per
2274 1423 2634 1476 testimonium
2659 1423 3021 1488 conscientiae,
3054 1421 3172 1476 sive
3199 1425 3522 1478 conscientia
3570 1436 3730 1481 tecta-

2152 1525 2237 1568 tur
2259 1515 2430 1584 legem
2457 1529 2516 1568 se
2542 1513 2740 1568 habere
2763 1513 2887 1568 dum
2915 1523 3116 1582 peccat,
3138 1523 3190 1568 et
3212 1515 3441 1582 gaudere
3466 1517 3598 1570 dum
3625 1533 3730 1587 pec-

2153 1614 2268 1660 cata
2293 1613 2528 1674 superat.
2556 1603 2620 1657 Et
2644 1606 2773 1657 inter
2793 1621 2845 1657 se
2865 1605 3073 1658 invicen
3099 1606 3460 1673 cogitationum
3485 1623 3730 1662 accusau-

2152 1696 2276 1749 tium
2289 1707 2376 1748 aut
2399 1695 2547 1748 etiam
2575 1695 2974 1764 defendentium,
3011 1697 3062 1748 in
3090 1697 3170 1749 die
3191 1713 3302 1748 cum
3319 1698 3570 1765 iudicabit
3599 1699 3732 1754 Deus

473 1785 656 1838 (ἐι-ατί.
684 1787 864 1850 Primi,
898 1788 1018 1855 quia
1069 1789 1240 1855 primo
1273 1789 1554 1842 Dominum
1589 1797 1945 1858 agnoverunt,
1996 1799 2047 1843 et
2078 1780 2126 1839 Β
2152 1787 2352 1840 occulta
2399 1785 2678 1838 hominum.
2728 1785 2860 1838 Dicit
2912 1786 3292 1841 altero-itiones
3343 1789 3731 1855 cogitationum

471 1880 624 1946 primi
651 1880 700 1932 in
726 1880 894 1948 legem
922 1881 1132 1949 gravius
1158 1882 1486 1950 przevaricati
1519 1892 1662 1935 sunt.
1698 1881 1788 1936 Vel
1819 1883 2047 1950 primum

472 1986 567 2038 pro
599 1971 812 2039 quidem
846 1974 1011 2041 ponit,
1049 1974 1166 2042 quia
1201 1983 1257 2029 et
1286 1977 1397 2044 ipse
1415 1975 1542 2028 dicit
1570 1994 1582 2027 :
1617 1975 1728 2028 Non
1755 1985 1835 2029 est
1868 1991 2051 2044 perso-

472 2080 658 2118 narum
687 2067 926 2133 acceptio
977 2068 1114 2132 apud
1147 2068 1332 2131 Deum,
1381 2069 1460 2121 sic
1507 2069 1733 2135 trimum
1787 2080 2048 2136 tempore,

472 2170 577 2207 non
595 2157 814 2212 honore.
847 2157 1028 2210 Gloria
1054 2168 1246 2223 autent,
1278 2168 1325 2211 et
1349 2159 1530 2224 lwuor,
1564 2169 1610 2210 et
1643 2175 1743 2224 pax
1771 2159 1906 2212 onmi
1934 2177 2054 2225 ope-

471 2250 608 2300 rauti
639 2251 840 2302 bonum.
875 2249 1057 2304 Gloria
1087 2261 1274 2304 contra
1308 2252 1464 2316 iram,
1506 2249 1675 2304 honor
1697 2260 1883 2304 COntra
1916 2251 2051 2304 indi-

470 2341 792 2406 gnationem,
828 2355 927 2408 pax
972 2351 1158 2395 contra
1197 2340 1596 2395 tribulationem
1639 2350 1692 2395 et
1723 2341 2046 2409 angustiam,

469 2431 686 2496 etquod
714 2432 956 2498 superius
987 2434 1466 2502 incorruptionem,
1514 2434 1600 2487 hic
1643 2449 1827 2502 pacem
1872 2434 2045 2488 nomi-

471 2522 634 2579 navit.
674 2520 861 2575 Judwo
902 2523 1148 2590 primum,
1185 2533 1232 2577 et
1268 2521 1469 2577 (ἔνατα.
1504 2522 1656 2589 Quod
1683 2523 1754 2576 ibi
1789 2524 1839 2576 in
1871 2524 2047 2576 anima

470 2611 602 2664 dixit
627 2611 793 2666 .luda-i
824 2621 878 2667 et
899 2614 1092 2678 Graeci,
1121 2615 1206 2668 hic
1233 2615 1405 2682 ipsum
1433 2615 1705 2668 hominem
1741 2616 1928 2683 posuit.
1962 2615 2044 2678 Et,

469 2701 598 2755 sicut
631 2703 828 2757 dictum
862 2714 963 2771 cst,
1000 2707 1226 2773 primum
1261 2707 1346 2760 hic
1371 2721 1466 2775 pro
1491 2705 1704 2774 quidem
1734 2707 1904 2775 ponit,
1938 2706 2048 2760 sive

470 2793 722 2860 primum,
753 2794 1085 2851 credulitatis
1125 2806 1392 2864 tempore,
1427 2811 1531 2850 non
1558 2795 1784 2850 honore.
1820 2796 1939 2848 Non
1974 2805 2047 2849 est

469 2886 601 2937 enim
627 2900 958 2952 personarum
979 2889 1200 2958 acceptio
1223 2889 1359 2957 apud
1387 2888 1568 2940 Deum.
1595 2885 1671 2942 Ne
1692 2896 1877 2957 gentes
1900 2903 1957 2942 se
1980 2888 2048 2942 de

469 2973 759 3045 ignorantia
786 2988 1125 3040 excusarent,
1150 2979 1270 3046 quia
1296 2978 1410 3047 lege
1436 2989 1638 3032 natura:
1659 2987 1785 3033 sunt
1810 2978 2043 3046 praiditi,

469 3080 567 3122 nec
586 3066 753 3121 Julian
785 3067 852 3122 de
884 3068 1000 3132 lege
1023 3080 1076 3124 et
1096 3069 1505 3123 circumcisione
1531 3069 1629 3121 sibi
1679 3069 2043 3133 blandiantur,

2153 1887 2294 1936 esse,
2330 1888 2450 1927 cum
2475 1873 2598 1942 quid
2640 1881 2731 1926 aut
2771 1872 3092 1938 faciendum,
3135 1885 3226 1928 aut
3266 1891 3370 1928 non
3405 1876 3728 1944 faciendum,

2153 1964 2244 2018 diu
2284 1965 2644 2019 deliberantes
2672 1964 3050 2033 dijudicamus,
3086 1976 3136 2020 et
3166 1967 3456 2020 secundum
3506 1970 3612 2023 hoc
3643 1986 3733 2024 nos

2155 2059 2206 2111 in
2233 2058 2319 2112 die
2351 2057 2558 2111 Domini
2580 2056 2918 2125 judicandos,
2951 2057 3070 2126 quia
3101 2059 3295 2112 bonutn
3327 2070 3378 2112 et
3404 2061 3606 2114 malum
3635 2078 3732 2115 non

2154 2149 2425 2218 ignorasse
2450 2149 2758 2218 probamur,
2784 2150 2895 2202 sive
2919 2151 3263 2205 conscientiae
3295 2163 3492 2206 nostra:
3523 2156 3731 2224 cogita-

2156 2239 2326 2294 tiones
2355 2251 2513 2294 erunt
2555 2241 2605 2292 in
2652 2240 2946 2309 diejuditii
2977 2249 3102 2294 ante
3143 2243 3328 2297 oculos
3370 2255 3590 2300 nostros
3616 2256 3731 2301 tati-

2153 2345 2309 2398 quam
2343 2329 2578 2384 historize
2618 2331 2988 2399 agnoscenda,
3029 2343 3085 2386 et
3115 2332 3228 2386 hace
3258 2351 3355 2389 nos
3383 2347 3476 2390 aut
3501 2353 3733 2394 accusa.

2155 2423 2306 2485 bunt,
2336 2433 2427 2476 aut
2461 2424 2621 2476 etiam
2655 2425 3003 2478 excusabant.
3037 2425 3341 2480 Secundum
3393 2428 3732 2500 lfuangelium

2153 2530 2314 2567 meum
2343 2531 2433 2582 per
2453 2513 2632 2568 desum
2657 2515 2937 2570 Christum.
2963 2518 3265 2572 Secundum
3298 2521 3433 2590 quod
3468 2526 3733 2579 annuntio

2153 2621 2246 2674 per
2274 2604 2455 2660 Jesum
2487 2607 2666 2661 Christ
2689 2623 2776 2674 tm,
2805 2608 2918 2662 sive
2960 2625 3052 2678 per
3078 2610 3260 2664 Jcsum
3284 2612 3558 2667 Christum
3587 2616 3732 2682 judi-

2151 2695 2288 2754 cabit
2336 2699 2473 2752 Deus
2511 2700 2716 2753 occulta
2752 2699 3044 2755 hominum.
3094 2701 3153 2756 Si
3191 2713 3358 2756 autem
3401 2715 3455 2756 tu
3489 2703 3731 2760 Iudiciis.

2154 2789 2438 2858 Postquam
2469 2787 2728 2844 allocutus
2768 2800 2850 2843 est
2877 2789 3112 2858 gentium
3153 2803 3352 2860 partes,
3379 2809 3518 2848 nunc
3543 2800 3617 2849 ad
3646 2797 3733 2851 Ju-

2152 2879 2298 2934 dreos
2321 2879 2672 2944 convertitur,
2706 2878 2909 2943 dicens,
2944 2879 3090 2933 illum
3121 2897 3305 2934 verum
3329 2883 3575 2939 Judaeum
3615 2903 3735 2954 pro-

2153 2973 2290 3038 bari,
2323 2973 2474 3040 cujus
2506 2972 2645 3026 bona
2691 2973 2858 3042 magis
2904 2974 3014 3028 sint
3053 2976 3262 3029 occulta
3291 2993 3448 3046 quam
3496 2981 3733 3048 publica.

2153 3060 2562 3134 Cognominaris.
2593 3061 2840 3129 Nomine,
2889 3078 2991 3118 non
3039 3079 3221 3130 ogiere.
3254 3067 3318 3120 Et
3357 3072 3636 3139 requiescis
3688 3077 3737 3126 in

469 3157 588 3223 quia
617 3171 721 3209 non
761 3158 931 3210 solum
961 3157 1241 3223 professio,
1285 3158 1380 3211 sed
1412 3169 1465 3211 et
1495 3160 1831 3212 cenversatio
1861 3161 2041 3228 requi-
2071 3138 2117 3201 Ο
2149 3155 2280 3225 lege.
2305 3153 2566 3220 Conﬁdis,
2588 3153 2672 3210 vel
2687 3170 2908 3210 securtts
2929 3171 3008 3210 es.
3034 3155 3352 3228 Etgloriaris
3377 3161 3427 3213 in
3455 3161 3584 3215 Deo.
3608 3163 3736 3218 Glo-

474 3246 638 3300 renda
668 3257 770 3300 est.
798 3248 1095 3315 Quicunque
1120 3249 1251 3300 enim
1276 3250 1384 3300 sine
1427 3250 1534 3318 lege
1557 3262 1908 3315 peccaverunt,
1935 3251 2045 3303 sine

471 3341 578 3408 lege
629 3343 884 3406 peribunt,
938 3350 983 3394 et
1026 3340 1308 3410 quicunque
1345 3341 1398 3393 in
1430 3341 1536 3409 lege
1579 3350 1926 3407 peccat-erunt,
1959 3358 2046 3410 per

470 3433 628 3502 legem
644 3431 1033 3502 judicabuntur.
1067 3432 1204 3500 Lege
1227 3433 1437 3494 litterae,
1468 3440 1522 3485 et
1550 3431 1664 3500 lege
1688 3441 1913 3491 naturas.
1944 3433 2046 3486 hoc

469 3534 568 3586 est,
593 3523 786 3576 mentis
812 3531 867 3576 et
891 3521 1253 3576 CODSClelllliB.
1291 3521 1450 3590 Pejus
1481 3523 1624 3576 enim
1690 3522 1901 3575 videtur
1925 3536 2047 3576 esse

470 3613 645 3683 perire
667 3628 822 3683 quam
841 3613 1091 3682 judicari.
1123 3612 1231 3667 Sed
1261 3627 1383 3666 cum
1415 3611 1516 3664 hoc
1537 3611 1603 3664 de
1625 3611 1870 3679 gentibus
1901 3623 1951 3665 et
1976 3611 2044 3666 de

475 3705 676 3760 Judaeis
719 3703 972 3771 loquitur,
1004 3705 1124 3773 quis
1171 3704 1364 3757 audeat
1404 3701 1602 3763 dicere,
1627 3699 1842 3754 .ludueos
1869 3700 1956 3768 qui
1991 3702 2042 3754 iti

469 3794 588 3864 lege
623 3805 858 3862 peccant,
888 3810 990 3848 non
1023 3807 1142 3847 esse
1167 3793 1448 3861 perituros,
1473 3806 1592 3846 ctnu
1625 3793 1676 3844 in
1697 3790 1908 3845 Christo
1937 3807 2041 3845 non

471 3886 830 3939 crediderint?
862 3883 1296 3954 quandoquidem
1342 3884 1458 3938 sine
1511 3881 1615 3936 lide
1643 3881 1842 3935 Christi
1887 3897 2044 3936 nemo

465 3979 674 4033 liberari
729 3988 921 4048 potest,
953 3993 1014 4030 ac
1070 3991 1165 4046 pro
1196 3977 1297 4030 hoc
1353 3976 1422 4029 ita
1451 3974 1858 4044 judicabuntur.
1900 3975 2045 4028 Peri-

469 4068 598 4120 bunt
626 4083 813 4136 regno,
846 4067 940 4121 sed
962 4066 1221 4134 supplicio
1263 4080 1368 4119 non
1397 4066 1666 4132 peribunt.
1695 4063 1828 4130 Quis
1863 4073 2039 4119 autem

469 4157 693 4220 dubitat,
725 4157 836 4210 sive
859 4167 1064 4224 gentes,
1091 4154 1449 4221 siveJudams,
1480 4155 1523 4207 si
1553 4155 1770 4208 ChriSto
1800 4170 1904 4208 non
1929 4170 2045 4209 cre-

469 4246 719 4311 diderint,
763 4247 1057 4316 perituros?
1090 4246 1210 4300 Non
1256 4247 1389 4298 enim
1433 4247 1693 4298 auditores
1741 4247 1867 4314 tegis
1909 4248 2044 4316 justi

467 4348 586 4390 sunt
615 4338 751 4404 apud
801 4337 979 4399 Deum,
1025 4338 1111 4389 sed
1151 4338 1365 4396 {actores
1420 4337 1545 4406 tegis
1603 4336 2038 4402 iusti/icabuutur.

473 4427 664 4480 Reddit
707 4427 968 4480 rationem
993 4443 1156 4495 quare
1190 4443 1290 4480 non
1317 4428 1416 4478 sint
1444 4443 1472 4480 a
1496 4427 1743 4496 gentibus
1766 4428 2038 4493 meliores,

2149 3246 2301 3300 riaris
2334 3245 2455 3314 quia
2486 3253 2644 3300 notus
2671 3246 2722 3299 in
2759 3245 2943 3300 Judaza
2970 3255 3174 3301 tantum
3221 3249 3381 3316 Deus,
3410 3253 3553 3319 quod
3583 3257 3736 3309 solus

2148 3338 2361 3392 noveris
2404 3337 2590 3404 Deum,
2616 3337 2703 3392 vel
2745 3338 2892 3392 solus
2917 3337 3187 3408 intelligas
3227 3341 3558 3397 voluntatem
3593 3347 3735 3414 ejus.

2148 3426 2217 3480 Et
2246 3428 2378 3481 nosti
2403 3426 2713 3480 voluntatem
2751 3430 2884 3498 ejus.
2920 3429 3244 3485 Subauditur
3273 3432 3385 3496 Dei,
3414 3434 3558 3488 unde
3592 3437 3737 3492 beati

2146 3532 2351 3582 sonus,
2382 3518 2426 3572 si
2456 3534 2575 3586 quae
2607 3517 2714 3571 Deo
2741 3517 2974 3587 placent,
3003 3522 3157 3575 nobis
3183 3531 3305 3575 nota
3328 3525 3456 3588 sint,
3483 3535 3535 3580 et
3567 3525 3737 3581 facia-

2147 3624 2263 3663 mus
2283 3625 2402 3680 qute
2421 3610 2592 3678 jubet.
2614 3610 2674 3662 Et
2701 3614 2883 3681 probas
2905 3614 3112 3667 utiliora
3137 3615 3417 3670 instructus
3432 3635 3521 3686 per
3544 3622 3735 3690 legem.

2149 3701 2399 3770 Legenda
2448 3703 2530 3755 vel
2587 3703 2967 3768 examinanda,
3013 3706 3133 3774 quia
3164 3721 3258 3774 per
3287 3718 3556 3774 naturam,
3611 3712 3737 3768 licet

2147 3793 2428 3857 inlirmani,
2464 3793 2608 3847 utilia
2634 3795 2798 3848 multa
2829 3797 3140 3865 probantur,
3176 3814 3268 3866 per
3291 3799 3459 3870 legem
3488 3803 3736 3862 utiliora.

2147 3886 2268 3954 quia
2295 3900 2390 3954 per
2421 3886 2646 3951 gratiam
2679 3887 3017 3956 perfectiora.
3050 3888 3253 3944 lterum
3279 3893 3600 3962 recapitulat
3640 3912 3731 3950 ex-

2149 3976 2500 4043 positionem:
2527 3976 2625 4043 Qui
2655 3977 2710 4031 in
2742 3978 2854 4047 lege
2894 3979 3207 4047 requiescis,
3238 3998 3411 4049 quom:
3435 3983 3506 4038 do
3548 3997 3736 4041 trans-

2145 4065 2401 4135 gredieris
2435 4067 2640 4136 legem?
2667 4068 2764 4135 Qui
2792 4071 3034 4138 gloriaris
3074 4070 3126 4124 in
3155 4072 3284 4140 Deo,
3311 4090 3476 4144 quare
3502 4078 3737 4134 iubono~

2148 4183 2235 4222 ras
2265 4167 2466 4222 Deum?
2495 4167 2596 4234 Qui
2642 4170 2790 4224 nosti
2840 4172 3168 4227 voluntatem
3215 4174 3352 4242 ejus,
3399 4192 3566 4246 quare
3622 4197 3733 4234 non

2147 4260 2275 4312 facis
2304 4261 2459 4313 eam?
2489 4259 2589 4326 Qui
2623 4261 2818 4330 probas
2843 4263 3014 4327 utilia,
3045 4280 3212 4333 quare
3242 4269 3464 4321 sectaris
3516 4269 3733 4324 inutilia

2145 4363 2201 4407 et
2230 4356 2397 4406 vana?
2430 4352 2545 4406 Dux
2588 4369 2874 4419 catcorum,
2927 4356 3194 4424 quomodo
3226 4358 3363 4410 viam
3416 4375 3523 4412 non
3576 4362 3735 4416 vides

2149 4444 2385 4498 rectam?
2417 4444 2474 4498 Si
2501 4445 2643 4497 enim
2687 4444 2915 4510 videres,
2948 4461 3046 4514 per
3069 4448 3235 4516 ipsam
3271 4451 3450 4518 utique
3475 4453 3728 4507 ambula-

473 4518 611 4571 unde
635 4542 643 4566 ι
667 4528 684 4570 ι
711 4532 808 4570 nos
841 4519 1028 4570 timere
1059 4518 1337 4581 debemus,
1371 4533 1439 4570 ne
1467 4519 1743 4572 audientes
1772 4518 1965 4587 legem,
1990 4528 2044 4572 et
2074 4509 2124 4570 D
2151 4551 2264 4601 res;
2309 4535 2486 4590 ιυηιεη
2510 4537 2760 4598 aliorum,
2805 4509 3208 4606 (ιυοηίοαίίηοη
3239 4509 3426 4609 “bim-is
3454 4558 3621 4610 opem
3648 4555 3735 4600 ιε,

471 4625 579 4664 non
609 4610 887 4672 facientes,
939 4624 1057 4662 cum
1103 4609 1350 4678 gentibus
1400 4624 1700 4676 pereamus.
1753 4609 1861 4664 Nec
1898 4610 2040 4664 dicat

467 4699 837 4756 Judzeus:Sub
864 4700 976 4766 lege
1010 4699 1139 4758 vixi.
1173 4699 1356 4766 gentili
1386 4714 1502 4752 sum
1533 4701 1743 4754 melior.
1774 4699 1882 4754 Lex
1910 4715 2038 4768 ergo

466 4796 735 4847 auditores
761 4793 882 4846 'acit
912 4809 923 4843 :
957 4793 1124 4870 gratia
1157 4793 1406 4845 factores.
1440 4791 1568 4857 Quis
1593 4793 1733 4846 enim
1766 4794 1907 4848 dicat
1931 4809 2036 4849 non

463 4887 781 4956 justificatos
814 4900 908 4940 eos
939 4886 1026 4954 qui
1069 4886 1279 4940 fuerunt
1306 4902 1370 4940 ex
1401 4886 1502 4940 fide
1533 4887 1632 4955 legi
1680 4887 2035 4943 obedientes?

461 4980 674 5047 quando
724 4979 823 5032 nisi
866 4977 1308 5044 justificareutur.
1345 4993 1448 5031 non
1501 4989 1724 5046 possunt
1755 4994 1874 5034 esse
1898 4979 2032 5034 obeo

465 5070 697 5124 dientes.
725 5070 829 5124 Sed
858 5069 1086 5124 dicimus
1115 5071 1227 5138 lege
1253 5069 1385 5134 fieri,
1411 5081 1466 5122 ut
1497 5070 1632 5122 Deus
1657 5071 1781 5137 quid
1805 5070 1916 5124 fieri
1943 5086 2034 5126 ve-

463 5161 516 5213 lit
561 5161 802 5214 andiatur
830 5179 842 5213 :
873 5164 1037 5230 gratia
1094 5177 1223 5215 vero
1279 5163 1392 5216 fieri
1421 5203 1433 5222 ,
1475 5174 1528 5214 ut
1581 5162 1678 5232 legi
1730 5164 2030 5227 obediatur,

461 5253 581 5318 quia
609 5266 712 5302 non
735 5251 1020 5312 auditores,
1051 5253 1143 5305 sed
1172 5253 1397 5307 factores
1423 5253 1554 5322 legis
1578 5253 2028 5320 justificabuntur.

462 5344 588 5397 Cum
617 5343 749 5394 enim
781 5352 950 5410 gentes
979 5358 1094 5408 qua:
1123 5345 1278 5412 legem
1325 5362 1423 5396 non
1456 5345 1659 5398 habent.
1692 5345 1766 5399 Ne
1796 5348 1838 5399 si
1889 5347 2033 5400 dice-

463 5445 628 5497 retur,
659 5433 744 5502 qui
778 5433 944 5499 legem
971 5433 1157 5485 littera:
1190 5449 1294 5486 non
1339 5434 1556 5497 habent,
1589 5435 1855 5504 quomodo
1885 5447 2032 5502 poteo

464 5537 587 5579 runt
639 5524 898 5593 judit‘aril
947 5523 1276 5576 Naturalifer
1323 5542 1433 5591 qua:
1483 5528 1604 5598 legis
1663 5537 1778 5580 sunt
1816 5529 2030 5593 larium,

463 5620 715 5687 ejusmodi
743 5621 900 5689 legem
933 5634 1030 5670 non
1055 5616 1310 5670 habentes.
1343 5616 1465 5671 Sive
1516 5619 1582 5672 de
1629 5620 1709 5672 liis
1752 5619 1881 5672 dicit
1938 5621 2028 5686 qui

470 5720 670 5763 natura:
700 5712 867 5779 legem
899 5708 1222 5771 custodiunt,
1258 5707 1346 5778 qui
1381 5709 1519 5776 quod
1554 5710 1648 5762 sibi
1686 5712 1867 5763 nolunt
1897 5710 2030 5775 ficti,

2149 4624 2430 4677 nebrarnm
2448 4626 2470 4678 i
2490 4625 2730 4680 eruditor
2756 4625 3141 4696 insipientium,
3164 4643 3258 4683 cur
3285 4632 3445 4685 etiam
3473 4633 3734 4688 timorem

2148 4716 2379 4783 Domini,
2430 4718 2518 4785 qui
2545 4729 2626 4771 est
2651 4718 2854 4772 initium
2883 4721 3175 4787 sapientiae,
3212 4724 3515 4790 re'iquisti?
3562 4727 3734 4795 Magi-

2144 4815 2255 4858 ster
2298 4807 2606 4870 infantium,
2661 4823 2792 4875 puer
2822 4824 2881 4862 es
2925 4823 3108 4871 sensu,
3161 4812 3249 4878 qui
3297 4812 3461 4867 habes
3493 4816 3733 4871 formam

2144 4895 2382 4948 scientia:
2423 4906 2478 4949 ct
2504 4897 2743 4950 veritatis
2787 4898 2838 4950 in
2883 4898 3017 4966 lege,
3058 4915 3157 4953 nec
3187 4901 3301 4967 ipse
3332 4905 3596 4970 sequeris,
3626 4923 3735 4962 nec

2141 4987 2277 5038 alios
2303 4987 2450 5054 sequi
2484 4987 2622 5039 malo
2653 4990 2900 5056 exemplo
2933 4991 3211 5057 permittis.
3238 4990 3471 5060 Conﬁdis
3503 4997 3734 5062 teipsum

2140 5079 2315 5132 ducem
2357 5095 2463 5132 esse
2492 5096 2762 5134 ctecorum.
2798 5081 2992 5135 Eorum
3037 5084 3217 5149 utique
3266 5086 3354 5153 qui
3402 5087 3548 5139 viam
3604 5091 3734 5144 sine

2139 5169 2255 5223 luce
2303 5169 2420 5223 lidei
2449 5171 2814 5237 perdiderunt.
2848 5171 3039 5225 Lumen
3077 5191 3249 5227 eorum
3296 5179 3383 5244 qui
3423 5179 3476 5230 in
3508 5182 3733 5234 tenebris

2138 5270 2277 5312 sunt.
2306 5260 2357 5312 In
2383 5260 2617 5314 tenebris
2636 5261 2964 5329 ignorantiae.
2993 5263 3320 5319 Eruditorem
3349 5268 3729 5337 insipientium.

2138 5350 2239 5414 Qui
2266 5350 2354 5403 Dei
2381 5353 2694 5420 sapientiam
2716 5369 2818 5407 non
2845 5355 3058 5408 habent.
3082 5355 3391 5427 Magistrum
3416 5362 3728 5425 infantium.

2139 5441 2261 5496 Sive
2287 5450 2464 5508 (etate,
2491 5441 2600 5496 sive
2621 5457 2779 5498 sensu
2803 5448 3163 5512 parvulorum.
3195 5447 3474 5503 [labentem
3498 5453 3730 5519 formum

2137 5534 2359 5587 stieu'ite
2387 5547 2433 5588 et
2483 5538 2705 5590 veritatis
2745 5538 2795 5590 in
2844 5521 2974 5609 lege.
3011 5540 3352 5608 Exemp’um,
3407 5547 3545 5611 quin]
3599 5547 3728 5600 illos

2140 5634 2292 5692 putas
2322 5626 2435 5678 sine
2467 5628 2580 5696 lege
2613 5631 2797 5682 vivere
2827 5645 2928 5682 non
2964 5647 3140 5696 posse,
3168 5632 3331 5684 babes
3371 5636 3615 5698 formam,
3648 5639 3727 5690 ad

2142 5731 2296 5780 quam
2322 5730 2360 5769 si
2384 5733 2532 5787 super
2563 5733 2684 5785 resp
2711 5719 2854 5772 ciens
2888 5736 3068 5775 crratc
3102 5738 3202 5774 non
3241 5724 3432 5791 possis.
3471 5727 3568 5790 Qui
3594 5742 3728 5792 ergo
