3904 6176
290 247 369 303 ιῖε
1102 241 1163 292 ΙΝ
1205 238 1587 296 EPISTULA“
1632 240 1721 293 AD
1762 234 2092 291 RUMANOS
2128 229 2648 287 COMMENTARIA.
3406 227 3510 281 4215

289 360 413 412 otism
432 356 607 412 doces.
638 354 791 423 Quod
814 353 1005 424 gentili
1036 350 1202 405 dixit:
1227 350 1282 404 In
1310 363 1417 419 quo
1437 348 1665 402 alterum
1686 346 1829 415 jndi-
1856 347 1907 405 Α
1933 358 2079 412 nent,
2113 344 2167 398 in
2194 358 2296 413 qua
2319 352 2435 397 erat
2467 355 2568 409 per
2591 347 2894 396 castitatem
2929 339 3276 410 placendum,
3308 339 3424 394 sive
3451 346 3513 397 ut

288 461 375 515 cas,
400 446 627 514 teipsunt
672 444 1026 501 contlemnas.
1060 441 1301 510 Teipsunt
1329 457 1432 493 non
1455 438 1625 493 doces.
1654 436 1834 504 Quare
1934 436 2185 492 Christus
2231 435 2624 505 signiﬁcaretur
2671 447 2738 488 ex
2782 433 3193 487 circumcisione
3232 443 3512 498 venturus.

289 554 370 594 non
393 538 639 593 convenit
674 537 784 592 vita
814 544 902 589 tua
946 533 1207 589 doctrina:
1251 542 1378 598 tum,
1422 536 1480 586 et
1515 544 1654 600 opus
1682 538 1834 583 tuum
1936 541 2106 597 usque
2134 526 2200 581 ad
2230 541 2389 596 quem
2418 525 2591 579 l‘utnra
2622 532 2741 579 erat
2767 524 2999 579 carnalis
3036 525 3397 588 circumcisio,
3421 539 3519 579 cu-

288 620 481 686 destruit
523 630 684 684 iidem
717 638 887 694 tuam,
928 635 986 681 et
1014 625 1086 679 ita
1126 624 1187 678 lit
1208 631 1272 678 ut
1317 623 1403 677 lex
1435 602 1540 676 non
1568 618 1833 675 custodita
1929 614 2023 687 jus
2053 626 2235 689 typum
2276 632 2469 687 gerens
2498 616 2657 672 Jesus
2689 616 2833 670 lll?us
2861 614 3009 671 Nave
3036 616 3274 671 secundo
3294 616 3522 672 circum-

290 734 371 775 non
396 719 563 775 solum
588 716 685 772 tibi
720 715 852 771 nihil
877 714 1040 783 prosit
1058 753 1075 778 ο
1098 710 1195 768 sed
1216 710 1379 766 etiam
1402 709 1621 777 maioris
1652 700 1707 762 to
1726 707 1837 761 cri—
1938 710 2346 782 cidercjubetur
2370 709 2711 765 (illos-Israel.
2743 708 2848 765 Sed
2869 707 2971 764 hoc
2992 710 3161 779 ﬁgura
3182 709 3301 778 fuit,
3332 709 3384 764 in
3406 720 3523 763 tan-

290 810 417 864 minis
440 820 587 861 reum
608 812 809 869 teneat.
832 810 892 858 ιιι
915 807 1341 868 contemplor”
1361 811 1542 852 8mm-
1573 795 1677 861 οαὶ
1701 810 1837 866 Pw.
1944 812 2054 857 tum
2076 811 2137 857 ut
2164 803 2435 858 diceretur
2461 818 2475 855 :
2505 803 2561 856 ln
2609 800 2914 855 novissimis
2953 800 3146 855 diebus
3179 801 3525 856 circumcidet

290 901 403 953 dicas
427 914 525 951 non
550 894 855 966 furandum,
886 890 1104 961 furoris.
1126 888 1354 956 Quidum
1372 887 1593 941 dicunt:
1623 884 1839 939 Furaris

1970 894 2085 952 Deus
2132 908 2227 951 cor
2280 904 2451 949 tuum.
2488 895 2553 949 Et
2582 911 2597 949 :
2628 894 3011 950 Circumcidite
3042 892 3302 965 praeputia
3340 894 3525 948 cordis

289 992 546 1053 Christum,
593 989 645 1043 id
686 994 799 1053 est,
830 982 1118 1047 abscondis
1143 994 1267 1037 eum
1293 980 1363 1034 ab
1390 977 1721 1040 hominibs,
1752 973 1839 1029 vel

1970 986 2131 1041 'estri.
2168 986 2234 1041 Et
2266 995 2324 1040 ιιι
2360 986 2619 1055 originale
2648 994 2923 1055 peccatum
2968 983 3023 1040 in
3063 1000 3133 1041 eo
3166 986 3412 1039 membro
3440 986 3529 1040 ιιιιί

290 1096 441 1140 sacras
459 1080 789 1149 Scripturas,
812 1075 861 1132 si
890 1074 1087 1145 possis,
1113 1072 1245 1127 velis
1264 1070 1602 1128 subtrahere.
1634 1067 1736 1130 Qui
1761 1064 1842 1118 di-

1970 1088 2202 1131 nsertum
2224 1080 2414 1141 luerat,
2432 1077 2592 1132 etiam
2612 1078 2740 1146 legis
2756 1077 3162 1146 temporcpuuii
3177 1084 3320 1130 etur.
3344 1074 3530 1131 Nomio

289 1176 348 1228 ris
367 1184 462 1226 nan
488 1168 864 1231 attrahendum,
890 1164 1184 1220 macharis.
1214 1162 1329 1217 Non
1359 1171 1443 1217 est
1473 1172 1576 1214 una
1604 1157 1844 1214 macha-

1970 1169 2256 1236 mrputinm
2301 1166 2445 1223 illius
2487 1168 2542 1221 in
2592 1168 3028 1221 circunscisionem
3078 1167 3447 1233 reputabitur?
3484 1175 3532 1219 et

290 1268 368 1331 tio,
394 1280 512 1319 nam
534 1276 694 1318 omne
714 1259 857 1330 quod
899 1267 1070 1313 totum
1097 1256 1209 1310 Deo
1227 1253 1417 1318 debes,
1444 1254 1488 1307 si
1512 1252 1671 1307 alicui
1705 1265 1846 1321 prm-
1939 1260 2363 1332 jttdt'cabit'quad
2407 1275 2472 1313 ea:
2506 1246 2704 1313 natura
2744 1266 2835 1313 est.
2867 1259 2998 1326 Quia
3044 1258 3202 1313 habet
3242 1257 3528 1329 justitiam,

287 1364 507 1431 ternum
534 1356 648 1408 “00
688 1348 1015 1412 ῐωιύίάυῐίες
1059 1345 1377 1412 "memmi
1414 1344 1531 1400 εὖνθ
1581 1357 1843 1406 amorem.
1948 1353 2103 1419 cujus
2125 1352 2339 1420 signum
2366 1360 2451 1405 est
2490 1350 2848 1405 circumcisio.
2880 1348 3200 1419 Prwﬁutium
3224 1349 3385 1418 legem
3412 1364 3534 1402 con-

284 1450 385 1506 sive
409 1448 671 1512 ditiorem,
710 1446 825 1502 sive
852 1442 1295 1509 servitium.sive
1321 1440 1707 1506 obedientiam,
1730 1439 1847 1495 sive
1948 1458 2232 1497 summanr.
2263 1441 2516 1511 lmplcus.
2549 1442 2621 1496 Te
2661 1442 2751 1512 qui
2792 1457 2883 1512 per
2928 1441 3149 1505 litteram
3194 1448 3242 1496 et
3267 1442 3536 1495 circumci-

282 1555 441 1610 spem,
476 1548 535 1615 et
575 1538 699 1593 ideo
732 1536 948 1606 gravius
1002 1535 1071 1591 sb
1126 1535 1221 1591 illo
1259 1533 1612 1604 delinquitur,
1656 1546 1690 1587 a
1740 1546 1848 1603 quo
1950 1537 2143 1589 sionem
2171 1536 2532 1603 praevaricator
2565 1535 2690 1605 legis
2715 1535 2813 1588 es?
2840 1534 2975 1589 Dum
3008 1534 3207 1590 littera:
3252 1534 3533 1590 circumci-

282 1631 527 1703 perl’entio
556 1630 895 1700 prxedicatur.
942 1628 1043 1693 Qui
1085 1627 1397 1683 abominaris
1425 1626 1589 1695 idola,
1630 1624 1852 1681 ωιτηο-
1953 1626 2162 1681 sionem
2187 1625 2436 1691 sectaris,
2460 1625 2684 1696 spiritus
2711 1626 2959 1694 accipere
2991 1640 3097 1679 non
3130 1626 3375 1680 mereris.
3410 1624 3534 1681 Non

278 1725 411 1794 giinn
438 1722 589 1790 facis.
622 1718 978 1789 Sacrilegium
1003 1724 1087 1773 est
1126 1718 1269 1787 quod
1320 1716 1536 1787 proprie
1577 1718 1631 1771 in
1680 1717 1847 1772 Deum
1877 1710 1925 1771 Β
1952 1719 2088 1773 enim
2114 1717 2204 1788 qui
2231 1717 2284 1769 in
2311 1716 2584 1787 mnifesto
2620 1716 2839 1771 ludens
2868 1724 2962 1771 est.
3000 1715 3192 1771 Omnis
3239 1731 3359 1786 qua!
3410 1726 3536 1773 ante

276 1813 643 1879 committitur,
674 1813 825 1881 quasi
873 1810 1015 1867 sacri
1057 1810 1297 1874 violatio,
1350 1809 1438 1864 vel
1471 1808 1849 1879 prasvaricatio
1955 1810 2095 1866 circa
2122 1812 2452 1866 exteriorem
2485 1808 2759 1863 hominem
2810 1808 3156 1879 gerebantur,
3187 1807 3410 1878 figuram
3441 1825 3539 1865 ex-

278 1905 669 1960 ntandatorum.
699 1903 798 1969 Qui
819 1901 872 1955 in
899 1902 1010 1972 lege
1033 1899 1298 1971 gloriaris.
1330 1898 1527 1955 Dicens
1558 1907 1610 1953 te
1635 1898 1851 1954 beatum
1956 1898 2167 1954 lerioris
2199 1896 2433 1954 hominis
2463 1896 2845 1967 praeferebant.
2877 1895 3061 1964 Neque
3082 1910 3199 1967 qua:
3227 1898 3280 1951 in
3310 1899 3536 1969 manife-

274 1995 417 2067 quod
449 1996 542 2050 Dei
581 1993 802 2048 noveris
832 1993 1185 2048 voluntatem.
1226 1988 1334 2044 Per
1383 1988 1853 2058 praevaricationem
1955 2003 2035 2046 sto
2062 1995 2115 2046 in
2143 2004 2298 2046 carne
2316 1991 2675 2057 circumcisio”
2691 1991 2780 2045 sed
2800 1990 2890 2059 qui
2919 1990 2973 2045 in
2996 1989 3295 2045 abscondito
3321 1988 3540 2045 Iudicas

276 2088 400 2157 legis
428 2084 593 2139 Deum
627 2084 929 2137 inhonora.
960 2079 1225 2151 Exposuit
1253 2080 1616 2151 sacrilegium,
1649 2079 1852 2135 Nomen
1952 2090 2049 2136 est.
2095 2083 2213 2152 Ipse
2241 2097 2399 2137 verus
2427 2080 2644 2136 Judmus
2690 2089 2792 2136 est.
2826 2079 2893 2134 Et
2931 2080 3256 2135 ἀγαπήσω
3286 2072 3457 2135 cordis
3487 2082 3540 2134 iis

42 5530 75 5545 Ο

26 5602 53 5627 ρ

277 2179 413 2233 enim
441 2176 540 2230 Dei
567 2191 657 2245 per
684 2189 773 2227 vos
800 2172 1177 2242 blasphematur
1198 2172 1331 2225 inter
1347 2179 1545 2240 gentes,
1567 2171 1699 2224 sicut
1719 2170 1850 2223 scri-

276 2277 422 2336 ptum
448 2275 544 2321 est.
572 2264 664 2319 ναι
687 2277 915 2333 quorum
938 2262 1095 2319 malis
1128 2260 1382 2331 operibus
1407 2274 1604 2316 nomen
1634 2260 1850 2314 Domini

280 2360 443 2414 fuerit
464 2356 913 2427 blasphemst,
939 2354 1083 2411 sicut
1094 2355 1359 2423 scriptum
1386 2360 1510 2408 est:
1539 2350 1855 2407 Polluernnt

280 2466 475 2507 nomen
494 2458 741 2504 sanetum
756 2461 935 2503 meum
954 2447 1093 2502 inter
1106 2455 1316 2516 gentes,
1333 2446 1461 2500 dum
1485 2445 1739 2501 dicuntur
1760 2460 1853 2515 po-

288 2542 443 2609 polus
470 2539 583 2606 Dei,
624 2537 715 2608 qui
743 2539 883 2595 inter
907 2546 1097 2606 gentes
1122 2536 1344 2607 captivi,
1379 2535 1614 2604 peccatis
1640 2535 1754 2590 suis
1776 2534 1855 2590 la-

288 2630 565 2698 cicntibus,
598 2629 965 2694 dcmorantur,
993 2637 1053 2683 ut
1074 2626 1319 2687 dicerent
1336 2635 1544 2709 gentes,
1570 2626 1854 2684 Dominum

295 2735 579 2790 tionposse
625 2719 875 2789 populum
912 2733 1070 2776 suum
1101 2716 1417 2782 defendere,
1469 2732 1530 2773 se
1579 2732 1673 2787 per
1716 2716 1859 2773 idola

295 2828 384 2867 sua
412 2812 681 2870 exstitisse
705 2812 957 2876 victores,
974 2825 1090 2866 non
1128 2810 1505 2881 intelligendos
1521 2811 1667 2880 quod
1694 2809 1858 2866 Israel

298 2904 341 2958 si
369 2906 643 2960 Dominum
674 2904 958 2967 tenuisset,
979 2915 1198 2971 semper
1216 2901 1327 2957 illis
1351 2902 1543 2957 fuerat.
1557 2900 1859 2957 dominatu.

298 3010 405 3060 rus,
429 3006 484 3051 et
508 3011 605 3067 per
629 2996 731 3049 hoc
751 2994 1020 3050 defensor.
1040 2992 1369 3047 Circumcisio
1394 2992 1601 3063 quidem
1633 2991 1858 3062 prodest,

1956 2174 2160 2245 spiritu.
2195 2173 2270 2227 De
2317 2188 2420 2241 qua
2452 2171 2707 2241 scriptum
2740 2178 2824 2225 est
2854 2170 2910 2224 in
2952 2170 3070 2241 lege
3098 2188 3111 2223 :
3147 2170 3203 2222 In
3229 2171 3539 2225 novissimis

1958 2267 2145 2322 diebus
2189 2264 2535 2320 cireumcidet
2567 2264 2709 2318 Deus
2757 2277 2851 2319 cor
2897 2271 3068 2328 tuum,
3101 2271 3157 2317 et
3180 2275 3279 2316 cor
3315 2262 3541 2317 seminis

1957 2358 2056 2413 tui.
2088 2357 2142 2411 ln
2160 2357 2372 2427 spiritu,-
2410 2354 2599 2423 inquit,
2632 2354 2681 2408 id
2709 2362 2793 2408 est
2821 2352 3116 2408 secundum
3146 2367 3341 2407 novum
3372 2361 3539 2409 tesm-

1960 2459 2220 2516 mentum,
2262 2449 2406 2520 quod
2463 2446 2715 2503 interiora
2758 2447 2973 2516 quaerit,
3019 2461 3140 2517 qua;
3168 2446 3315 2501 solus
3360 2448 3543 2502 vilcat

1959 2540 2123 2605 Dens,
2152 2552 2207 2597 et
2239 2540 2353 2594 huic
2390 2549 2474 2595 est
2505 2551 2628 2593 vera
2655 2536 3015 2592 circumcisio.
3054 2535 3176 2591 Non
3222 2536 3413 2600 littera,
3443 2552 3541 2589 cu-

1952 2635 2044 2706 jus
2068 2634 2204 2700 laus,
2246 2647 2347 2685 non
2393 2646 2457 2685 ea:
2491 2628 2807 2695 numinibus,
2839 2630 2928 2683 sed
2957 2643 3021 2682 ea:
3046 2627 3154 2682 Deo
3196 2637 3292 2681 est.
3339 2626 3541 2683 Littera

1962 2722 2177 2787 occidit,
2208 2722 2430 2793 spiritus
2451 2728 2628 2776 autem
2657 2720 2913 2777 vivilicat.
2946 2719 3057 2777 Lex
3098 2721 3290 2776 littera:
3320 2736 3425 2776 non
3458 2729 3543 2777 est

1961 2813 2083 2869 data
2111 2813 2294 2885 justis,
2334 2813 2431 2868 sed
2481 2811 2725 2881 injustis,
2773 2822 2829 2867 et
2870 2810 2999 2867 ideo
3028 2802 3239 2866 laudern
3267 2811 3544 2869 hominum

1964 2908 2291 2961 merebatur.
2321 2904 2432 2960 Lex
2462 2915 2639 2960 autem
2668 2903 2868 2960 Christi
2892 2902 3005 2975 jam
3037 2919 3143 2958 non
3175 2905 3410 2959 minatur
3436 2909 3548 2974 gla-

1964 2998 2111 3054 dium
2142 2996 2505 3066 peccantibus,
2538 2995 2633 3051 sed
2661 2995 2926 3067 promittit
2945 2997 3219 3064 praemium
3244 2996 3412 3051 libere
3429 3011 3549 3052 ser-

299 3088 342 3141 si
368 3089 522 3159 legent
548 3087 814 3150 observes;
844 3084 890 3139 si
914 3092 1083 3139 autem
1103 3084 1463 3153 pramaricstor
1491 3083 1618 3154 legis
1642 3084 1731 3151 sis,
1762 3085 1863 3139 εἰν·
1893 3074 1939 3136 C
1969 3089 2261 3151 vientibns,
2293 3098 2347 3145 et
2372 3089 2493 3144 ideo
2522 3087 2732 3143 laudesu
2761 3104 2790 3143 a
2818 3088 2926 3143 Deo
2956 3087 3138 3156 habet,
3168 3089 3260 3159 qui
3286 3090 3435 3142 solu.
3466 3090 3547 3145 vi-

296 3179 530 3232 cumcisio
551 3188 639 3231 tua
663 3177 967 3245 praputiuin
984 3176 1221 3245 factum.
1242 3174 1469 3233 Prodest
1484 3183 1729 3243 tempore
1742 3188 1859 3240 suo,

295 3268 404 3322 sive
424 3270 547 3335 quia
578 3267 759 3323 vivere
799 3267 925 3321 facit
951 3265 1217 3331 Judaeum,
1248 3273 1305 3321 et
1356 3279 1463 3319 nam
1486 3266 1863 3322 exterminari.

300 3358 477 3413 Potest
499 3370 555 3414 et
570 3361 646 3413 ita
665 3357 887 3426 intelligi
917 3375 930 3409 :
959 3355 1311 3413 Circumcisio
1331 3353 1570 3423 prodest,
1590 3355 1713 3423 quia
1738 3354 1868 3411 facit

299 3450 514 3521 intelligi
530 3449 815 3519 canentum
834 3456 1131 3519 perspecta,
1156 3446 1424 3502 invenitur
1448 3446 1624 3501 carnis
1643 3460 1674 3501 c
1696 3460 1868 3501 reum-

303 3540 498 3595 cisione
521 3548 772 3595 cessante
796 3552 979 3593 veram
1030 3536 1210 3593 cordis
1238 3548 1358 3592 esse
1388 3544 1691 3591 venturam.
1720 3535 1869 3591 Prae-

305 3631 558 3686 varicator
586 3629 717 3699 legis
744 3638 849 3695 est,
882 3628 1011 3684 dum
1041 3641 1147 3682 non
1178 3628 1422 3698 sequitur
1448 3626 1593 3696 quod
1617 3626 1689 3683 ibi
1723 3641 1888 3707 pra»,

306 3721 496 3778 dictum
520 3732 623 3779 est.
670 3722 892 3792 Signum
923 3719 1163 3790 prodest,
1192 3719 1239 3775 si
1269 3733 1357 3774 res
1398 3717 1563 3788 adsit,
1607 3728 1865 3774 caeterum

306 3814 501 3882 signum
526 3802 644 3869 sine
665 3829 727 3869 re
747 3810 1076 3882 superﬂuum
1100 3811 1227 3875 erit.
1252 3810 1384 3865 Nam
1406 3820 1461 3866 et
1482 3810 1694 3881 signum
1721 3809 1865 3880 quod

308 3902 429 3959 Cain
452 3907 678 3974 accepit,
712 3904 813 3959 hoc
831 3902 1156 3974 signiﬁcavit
1183 3902 1325 3973 quod
1349 3901 1561 3958 Iudaeos
1585 3902 1866 3958 circumci-

311 3995 385 4049 sio
406 3996 738 4052 discerneret
764 4009 796 4048 a
826 3994 1070 4065 reliquis.
1110 3993 1175 4049 Et
1198 3994 1337 4049 sicut
1364 3993 1454 4049 ille
1477 4008 1643 4063 vagus
1664 4002 1719 4050 et
1744 4008 1868 4064 pro-

311 4083 455 4155 fugus
487 4102 609 4143 cum
638 4088 758 4156 ipso
787 4087 940 4157 signo
962 4098 1131 4155 usque
1150 4084 1219 4139 ad
1262 4094 1491 4140 mortem
1533 4084 1763 4153 duravit,
1788 4088 1868 4141 sic

312 4174 656 4250 Jndainsque
681 4178 737 4233 in
762 4177 925 4232 linem
967 4190 1092 4254 cum
1134 4176 1257 4244 ipso
1277 4174 1711 4232 circumcisionis
1748 4175 1866 4247 jam

315 4265 443 4322 inani
464 4269 615 4339 signo
643 4283 739 4338 per
775 4267 962 4323 orbem
999 4265 1253 4336 dispersi,
1284 4263 1429 4333 pleni
1452 4264 1569 4321 zelo
1595 4273 1651 4321 et
1670 4280 1867 4334 pavore

313 4356 619 4426 dismrrnnt,
648 4366 707 4415 et
730 4357 908 4414 nullus
935 4356 1015 4413 eis
1043 4358 1219 4412 aufers
1236 4355 1723 4422 circumcisionem,
1753 4358 1868 4413 sive

1968 3181 2057 3236 det
2078 3194 2192 3245 cor,
2224 3179 2348 3249 quia
2377 3195 2442 3234 ex
2474 3179 2577 3233 lide
2608 3189 2876 3248 precatur.

2037 3273 2169 3330 Car.
2200 3288 2277 3328 ιιι.
2314 3273 2452 3339 Quid
2495 3288 2615 3345 ergo
2665 3273 2905 3342 antplius'
2935 3282 3010 3328 est
3052 3272 3279 3328 ludam?
3318 3285 3408 3329 aut
3433 3290 3551 3347 qua!

1970 3367 2164 3420 utilitas
2190 3366 2634 3419 circumcisiouis?
2659 3364 2855 3419 Reddit
2876 3366 3140 3421 rationem
3165 3367 3304 3436 quod
3328 3368 3404 3423 lex
3435 3369 3550 3422 ina-

1971 3460 2055 3513 nis
2082 3474 2186 3512 non
2212 3456 2394 3523 fuerit,
2417 3457 2510 3512 sed
2535 3456 2677 3527 quod
2706 3456 2941 3510 carnalis
2962 3458 3265 3513 circumcisi
3290 3459 3387 3512 =nis
3414 3473 3554 3525 prm-

1971 3552 2206 3621 rogativa
2251 3549 2383 3603 vana
2422 3549 2513 3616 sit,
2560 3549 2722 3603 nullis
2754 3549 3008 3617 operibus
3040 3547 3191 3603 l‘ulta.
3224 3549 3545 3617 Interroga,

1970 3642 2108 3709 Quid
2135 3641 2367 3711 amplius
2397 3638 2591 3693 habeat
2620 3637 2862 3693 Judmus.
2893 3636 3206 3707 Respondet
3232 3639 3346 3692 sive
3368 3653 3433 3691 ex
3464 3654 3547 3706 se,

1969 3737 2083 3790 sive
2124 3750 2187 3789 es
2231 3746 2461 3801 persona
2489 3731 2820 3797 Judatornm,
2850 3730 3076 3784 Multum
3099 3746 3189 3799 per
3211 3746 3409 3784 omnem
3438 3746 3550 3784 mo—
3604 3733 3622 3754 ’

1969 3826 2113 3879 dum.
2143 3824 2272 3878 Nam
2300 3822 2346 3876 si
2387 3821 2558 3892 ipsius
2589 3832 2671 3877 est
2698 3835 2889 3876 sensus
2910 3860 2925 3885 ,
2954 3820 3175 3875 Multum
3209 3835 3303 3889 per
3332 3837 3546 3876 onmem

1971 3918 2217 3981 modum;
2244 3925 2319 3983 et,
2348 3914 2538 3970 Omnis
2564 3915 2726 3970 homo
2754 3913 3014 3980 mendax,
3046 3914 3315 3983 quomodo
3364 3930 3430 3984 po
3461 3924 3548 3969 tea

1969 4008 2219 4064 convenit
2241 4006 2526 4062 tlicens:Si
2549 4014 2727 4061 autem
2750 4005 3001 4073 iniquitas
3017 4013 3221 4071 nostra,
3251 4013 3307 4060 et
3330 4017 3546 4067 caetera,

1972 4101 2270 4165 Postremo,
2291 4097 2555 4169 quomodo
2575 4107 2731 4167 negat
2756 4098 3065 4167 praecellere
3088 4096 3302 4152 Judmos
3320 4100 3547 4153 multum

1970 4206 2068 4261 per
2095 4204 2309 4245 omnem
2340 4188 2592 4245 modum?
2622 4189 2785 4243 Multa
2822 4188 2913 4243 illa
2942 4189 3141 4244 utilitas
3171 4190 3297 4256 erit,
3346 4189 3392 4244 si
3439 4193 3553 4247 elo-

1969 4280 2118 4351 quia,
2137 4296 2256 4351 qua:
2275 4280 2472 4335 meruit
2492 4278 2761 4349 accipere,
2782 4280 3296 4336 studeatcustodire.
3323 4281 3553 4335 Primum

1971 4372 2193 4441 quidem,
2222 4373 2343 4441 quia
2372 4370 2568 4427 credim
2593 4381 2711 4427 sunt
2731 4372 2837 4427 illis
2863 4372 3065 4444 eloquia
3091 4372 3205 4428 Dei.
3239 4374 3391 4442 Quid
3420 4391 3552 4445 gen-

314 4450 403 4505 sub
428 4452 665 4522 paganis,
710 4450 832 4506 sive
855 4449 959 4504 sub
986 4447 1313 4504 Christianis
1334 4448 1660 4519 principibus
1689 4450 1863 4517 ipsum

1976 4462 2117 4517 tibus
2144 4460 2308 4516 nulla.
2341 4462 2477 4530 Quid
2498 4465 2635 4517 enim
2656 4462 2701 4518 si
2728 4464 2938 4534 quidam
2955 4441 3177 4519 villorum
3198 4441 3298 4520 non
3322 4441 3554 4521 credide-

312 4541 503 4612 signum
535 4549 748 4612 portant
787 4540 987 4596 Christi
1013 4539 1319 4606 homicida,
1348 4540 1488 4596 sicut
1523 4541 1657 4596 Cain
1690 4541 1871 4597 fratri-

308 4632 415 4688 a'ds
444 4634 695 4704 portavit.
741 4633 805 4689 Si
828 4633 987 4703 igitur
1011 4632 1325 4703 pra'putittnt
1345 4632 1581 4705 ⁸ξιιιιιὶιὶιιε
1624 4632 1750 4704 legis
1779 4648 1868 4686 eu-

301 4724 505 4777 stodt'at.
552 4719 796 4779 Visibilia
840 4723 1081 4793 indigent
1124 4722 1479 4780 invisibilibus
1505 4765 1523 4792 ,
1578 4724 1866 4781 invisibilia

302 4828 411 4868 non
449 4813 687 4883 indigent
716 4811 1035 4879 visibilibus,
1082 4827 1150 4869 eo
1177 4812 1321 4883 quod
1351 4812 1581 4870 visibilia
1612 4814 1885 4885 imagines

292 4905 409 4969 sint
455 4904 826 4961 invisibilinm.
856 4904 1211 4967 Circumcisio
1256 4905 1662 4976 carnis’indlget
1691 4907 1870 4964 cordis

286 4994 727 5069 circumcisione,
757 4993 1098 5051 circumcisio
1124 5004 1302 5049 autem
1333 4995 1514 5051 cordis
1533 5011 1638 5050 non
1668 4996 1869 5067 indiget

284 5088 473 5142 carnis
507 5083 941 5151 circumcisione,
968 5082 1096 5153 quia
1126 5074 1359 5155 imagine
1378 5100 1490 5140 non
1535 5085 1740 5156 indiget
1770 5100 1866 5142 ve-

282 5180 449 5243 ritas,
495 5177 671 5246 imago
694 5190 824 5231 vero
862 5173 1067 5244 indiget
1102 5174 1347 5231 veritate.
1381 5175 1558 5243 Quare
1585 5192 1716 5247 ego
1743 5177 1867 5233 data

278 5278 377 5326 est
410 5266 766 5332 circumcisio,
812 5268 860 5322 si
898 5266 1012 5321 sola
1058 5280 1175 5322 non
1211 5266 1467 5336 prodest?
1508 5268 1772 5335 Primum,
1810 5280 1871 5325 ut
1936 5270 1949 5279 “

274 5368 712 5431 cognosceretur
743 5357 841 5421 Dei
858 5357 1084 5427 populus
1128 5359 1267 5415 inter
1292 5367 1481 5426 gentes
1504 5359 1588 5414 vel
1614 5361 1673 5414 in
1703 5361 1865 5415 bello.

272 5449 448 5519 Quod
486 5457 660 5504 autem
712 5448 804 5501 tali
854 5445 1094 5502 membro
1123 5447 1420 5515 signantur,
1470 5449 1697 5517 primum
1753 5450 1869 5507 haec

270 5556 454 5596 causa
489 5551 593 5602 est,
642 5554 711 5593 ne
750 5536 893 5589 aliud
925 5536 1221 5591 membrum
1271 5538 1673 5607 deturparetur,
1722 5542 1866 5609 quod

269 5640 522 5703 asjccm
550 5629 828 5691 horreret;
858 5625 1051 5681 deinde
1083 5638 1299 5697 propter
1332 5634 1520 5698 gratiae
1552 5633 1866 5708 ιιιόιιιιεείοο

653 5787 923 5845 Panos.
977 5782 1254 5843 LXVIII.

1973 4554 2127 4608 runt?
2154 4552 2411 4624 Nunquid
2433 4552 2764 4607 incredulitas
2782 4552 2997 4608 illorum
3030 4555 3182 4624 ﬁdem
3217 4557 3311 4610 Dei
3329 4573 3548 4611 evacua-

1973 4644 2085 4699 uit?
2119 4643 2285 4698 Absit.
2320 4643 2433 4699 Nec
2472 4644 2614 4699 enim
2662 4644 3006 4701 credentibus
3032 4646 3345 4716 prmjudicat
3371 4648 3549 4703 incre«

1973 4734 2173 4791 dulitas
2199 4743 2682 4806 transgressorum,
2736 4747 2791 4792 et
2838 4739 3123 4808 promissio
3170 4740 3282 4801 Dei.
3314 4756 3433 4809 qua:
3479 4742 3549 4795 ad

1974 4827 2245 4884 Abraham
2275 4826 2411 4883 facta
2443 4838 2549 4893 est,
2599 4826 2646 4882 si
2674 4828 2816 4882 circa
2863 4828 3299 4897 pmvaricatores
3324 4846 3551 4885 evacua-

1977 4926 2084 4983 tur,
2112 4917 2253 4995 circa
2293 4917 2608 4973 obedientes
2642 4916 2915 4985 impletur,
2942 4918 3060 4986 quia
3107 4915 3322 4973 mentiri
3353 4922 3552 4975 veritas

1975 5009 2168 5077 nescit,
2209 5007 2347 5063 sicut
2374 5006 2631 5076 scriptum
2674 5016 2755 5062 est
2781 5023 2793 5059 :
2824 5005 2918 5060 Em
2948 5015 3126 5062 autem
3177 5006 3317 5063 Deus
3363 5026 3547 5079 verax,

1974 5100 2154 5153 omnis
2182 5113 2309 5153 vero
2336 5097 2495 5151 homo
2526 5096 2776 5151 mendax.
2806 5094 2943 5161 Quia
2971 5114 3129 5151 nemo
3165 5101 3284 5155 sine
3306 5114 3547 5172 peccato,

1976 5198 2171 5261 praeter
2199 5188 2347 5243 illurn
2379 5189 2551 5242 solum
2584 5185 2672 5257 qui
2697 5200 2793 5243 nec
2821 5188 3092 5243 nascendo
3120 5189 3323 5257 habuit,
3354 5208 3452 5247 nec
3476 5196 3554 5247 vi-

1975 5282 2148 5339 vendo
2169 5281 2456 5337 contraxit.
2490 5280 2612 5334 Ideo
2633 5278 2781 5333 solus
2812 5296 2995 5348 verax,
3029 5281 3256 5352 implens
3278 5299 3397 5353 qua:
3424 5301 3550 5354 pro-

1973 5375 2120 5431 misit
2151 5376 2275 5445 quia
2304 5373 2356 5427 in
2386 5373 2597 5443 semine
2632 5371 2750 5442 ejus
2782 5372 3166 5429 bcnedicenda:
3214 5384 3397 5431 essent
3420 5392 3551 5446 gen-

1972 5476 2074 5529 tes,
2120 5475 2177 5520 ct
2219 5462 2606 5518 benedicuntur
2654 5465 2706 5518 iu
2736 5462 2972 5532 Christo,
3022 5474 3075 5518 et
3112 5480 3205 5532 per
3252 5462 3549 5532 Christum,
3613 5489 3621 5496 -

1971 5558 2095 5628 quia
2119 5558 2169 5611 iu
2203 5558 2321 5625 ipso
2349 5570 2442 5623 per
2473 5555 2589 5623 ejus
2617 5555 2839 5625 gratiam
2869 5554 3241 5619 crediderunt;
3270 5572 3389 5610 nam
3455 5561 3555 5614 ctsi

1972 5647 2258 5705 incredulis
2288 5645 2491 5702 Judtt'is
2518 5658 2772 5703 evacunta
2802 5655 2884 5702 cst
2920 5647 2973 5701 in
3006 5646 3105 5711 eis,
3132 5646 3219 5714 qui
3249 5645 3318 5702 de
3347 5651 3549 5720 populo

3208 5781 3280 5841 ib
