3904 6176
393 254 497 312 1'27

1500 257 1792 345 PRIMiSlI
1834 261 2284 341 ADRUMETANI
2326 264 2526 321 EPISC

3526 270 3630 325 ιξκ

388 378 508 441 ipso
547 372 688 426 dono
738 370 953 426 Domini
999 369 1366 439 crediderunt,
1396 377 1453 425 et
1496 370 1714 439 impleta
1763 379 1865 437 est,
1918 382 1971 429 et
2000 374 2048 436 Α
2075 382 2128 430 et
2156 375 2318 430 vincit
2347 391 2464 430 cum
2513 376 2795 445 iudicatur,
2849 377 2972 432 dum
3023 380 3242 449 gratiam
3276 381 3345 434 ab
3370 381 3656 439 incredulis

396 478 564 532 usque
614 464 665 517 in
711 462 870 516 linem
913 460 1154 528 quotidie
1203 460 1411 530 plenius
1449 461 1795 533 adimpletur,
1847 464 1970 530 quia

393 567 550 607 verax
578 561 659 607 est
703 551 791 620 qui
823 549 1088 620 promisit,
1120 558 1174 605 et
1215 548 1402 605 fallere
1430 551 1729 606 nullatenus
1774 562 1969 620 potest.

397 642 485 695 Est
504 652 670 696 autem
702 640 838 695 Deus
865 655 1043 706 vernas,
1068 642 1232 695 omnis
1254 626 1427 696 autem.
1444 641 1595 695 homo
1610 644 1870 697 mendax:
1897 645 1971 698 si-

393 747 474 792 cut
493 738 738 805 scriptum
771 746 865 790 est.
898 734 966 790 Ut
984 735 1162 805 justus
1193 736 1456 805 proberis,
1490 751 1610 791 cum
1643 736 1694 791 in
1723 746 1973 807 peccato-

394 830 541 886 ribus
581 828 862 883 vindicas:
897 825 963 881 Ut
982 828 1286 899 iustiﬁcari:
1316 827 1369 880 in
1402 830 1717 882 sermonibus
1768 829 1895 894 tuis,
1927 837 1975 882 et

393 923 567 976 vincas
589 937 702 974 cum
724 920 989 990 iudicaris.
1024 919 1205 975 Vincis
1234 934 1354 973 cum
1380 918 1667 989 iudicaris,
1690 934 1813 975 cum
1845 920 1975 975 mihi

380 1025 610 1087 peccata
632 1028 771 1079 mea,
801 1007 885 1065 rn'e
906 1012 1195 1066 coniﬁtente
1224 1021 1279 1067 et
1303 1012 1615 1078 damnante,
1640 1012 1885 1067 dimittis.
1907 1011 1978 1067 Ut

394 1103 721 1171 iustificeris,
752 1102 941 1171 inquit,
970 1102 1021 1155 in
1044 1103 1386 1167 sermonibus
1410 1103 1536 1165 tuis,
1565 1112 1646 1158 est
1667 1102 1809 1156 enim
1838 1102 1977 1157 Deus

396 1210 591 1260 verax;
624 1209 745 1249 nam
798 1194 898 1249 etsi
934 1204 1155 1247 vacuata
1187 1204 1271 1249 est
1303 1195 1635 1264 apostolatus
1680 1193 1977 1250 benedictio

393 1286 446 1359 in
476 1286 731 1342 traditore
758 1284 917 1351 Juda,
944 1284 1038 1339 sed
1068 1286 1123 1340 in
1160 1284 1344 1352 Petro,
1373 1285 1463 1355 qui
1504 1284 1663 1341 fidem
1693 1296 1978 1339 conserva-

392 1378 489 1443 vit,
529 1376 744 1448 impleta
778 1387 879 1434 est.
924 1379 1192 1435 Evacuata
1237 1390 1323 1437 est
1356 1381 1647 1451 promissio
1674 1379 1728 1436 in
1759 1379 1975 1449 populo,

390 1472 483 1543 qui
508 1480 724 1541 prepter
750 1473 1206 1542 transgressiones
1229 1472 1386 1543 periit
1408 1474 1461 1529 io
1489 1472 1734 1537 deserto;
1761 1474 1977 1541 inspieta

382 1570 475 1631 est
508 1563 562 1618 in
599 1563 677 1617 eis
706 1563 796 1633 qui
820 1562 880 1617 in
912 1571 1109 1618 terram
1152 1574 1392 1635 sanctam
1420 1563 1566 1619 dono
1604 1562 1839 1625 Domini.
1875 1561 1979 1617 fide

393 1663 739 1725 cooperante,
759 1641 1011 1725 perducti
1040 1664 1186 1711 sunt.
1213 1655 1411 1723 Adjicit
1435 1656 1594 1713 etiam
1620 1654 1689 1711 de
1719 1656 1925 1725 psalmo
1946 1670 1978 1710 ι.

2076 466 2406 534 repudiatam
2452 466 2794 521 credentibus
2845 468 3070 523 oonfert.
3102 470 3255 537 Quod
3301 486 3431 527 vero
3475 474 3657 528 dicit:

2079 552 2175 608 Est
2200 563 2380 608 autem
2416 553 2556 609 Deus
2582 568 2765 621 verax,
2795 556 2971 609 omnis
3009 568 3185 612 autem
3213 559 3375 614 homo
3401 561 3657 629 mendax,

2077 651 2130 698 et
2160 644 2350 698 iterum
2385 662 2398 697 :
2429 644 2487 700 Si
2532 656 2707 700 autem
2756 646 3011 717 iniquitas
3053 656 3234 703 nostra
3270 650 3530 719 justitiam
3564 654 3660 708 Dei

2076 736 2434 803 commendat,
2483 737 2725 792 infideles
2768 747 3053 808 utrumque
3085 743 3181 795 hoc
3213 744 3573 797 testimonium
3600 746 3661 799 in

2078 824 2382 879 rationabili
2411 840 2572 880 sensu
2603 825 2884 893 accipiant.
2926 828 2988 883 Si
3016 838 3188 883 autem
3216 831 3457 897 iniqu‘tas
3485 844 3664 887 nostra

2068 916 2328 986 justitiam
2351 915 2447 970 Dei
2475 917 2817 984 commendat,
2844 918 2967 986 quid
2997 920 3259 974 dicmus.’
3289 919 3536 989 Nunquid
3559 924 3666 974 ini-

2075 1024 2206 1076 quas
2232 1006 2385 1071 Deus,
2408 1010 2497 1078 qui
2523 1010 2677 1079 infert
2705 1009 2874 1065 irem?
2898 1011 2958 1068 Si
2987 1020 3164 1066 autem
3192 1011 3441 1079 iniquitas
3472 1021 3663 1068 nostra

2073 1098 2332 1169 justitiam
2374 1099 2465 1155 Dei
2497 1102 2859 1165 commendat,
2892 1102 3129 1172 iniquum
3167 1111 3267 1169 est,
3301 1103 3494 1172 inquit,
3528 1103 3571 1158 si
3594 1088 3662 1158 in

2064 1192 2196 1246 illos
2224 1189 2477 1256 vindicat,
2520 1191 2612 1261 qui
2652 1191 2774 1245 ideo
2806 1206 3021 1260 peccavi
3040 1202 3164 1247 runt
3189 1203 3249 1249 ut
3274 1194 3467 1263 iustior
3484 1194 3663 1264 appa-

2078 1293 2221 1338 reret
2250 1299 2266 1336 :
2296 1298 2397 1350 qua
2422 1282 2564 1337 enim
2589 1282 2795 1352 iustitia
2826 1283 3099 1339 damnabit
3130 1284 3464 1354 iniustitiam,
3495 1287 3539 1341 si
3571 1302 3666 1342 se-

2068 1372 2312 1427 cundum
2345 1381 2395 1426 te
2433 1372 2662 1428 humana
2708 1372 2994 1443 iniquitate
3032 1372 3091 1427 lit
3132 1373 3360 1443 iustior?
3398 1376 3509 1433 Hoc
3539 1376 3664 1431 loco

2079 1469 2335 1536 mag'stro
2361 1466 2597 1536 gentium
2636 1465 2955 1533 disserente,
2983 1466 3206 1521 duarum
3251 1467 3391 1523 ratio
3431 1471 3666 1525 vertitur

2082 1575 2454 1630 personarum,
2486 1560 2538 1616 id
2568 1569 2673 1629 est,
2706 1561 2807 1617 sub
2837 1562 3098 1631 imperitia
3138 1562 3275 1618 male
3303 1563 3664 1633 interpretan-

2078 1652 2168 1716 tis,
2198 1660 2253 1706 et
2280 1652 2383 1708 sub
2407 1652 2651 1707 doctrina
2690 1651 2934 1722 Apostoli
2972 1651 3286 1719 refellentis,
3318 1662 3374 1708 et
3405 1665 3661 1723 tanquam

392 1748 756 1803 testimonium
785 1763 800 1800 :
831 1746 902 1803 Ut
935 1746 1268 1817 iustificeris,
1312 1746 1502 1815 inquit,
1540 1745 1596 1801 in
1636 1744 1976 1803 sermonibus
2007 1748 2053 1807 Β
2080 1742 2124 1797 si
2153 1742 2562 1812 Apostolo'pars
2586 1742 2798 1798 diversa
2826 1741 3199 1813 imprudenter
3224 1743 3453 1798 credens
3466 1744 3549 1798 ita
3566 1744 3663 1798 di-

390 1839 521 1905 tuis,
550 1847 606 1895 et
630 1839 812 1907 vincas
838 1853 960 1894 cum
982 1838 1260 1907 iudicaris.
1295 1837 1350 1892 ln
1382 1838 1572 1908 psalmi
1602 1838 1791 1894 ordine
1817 1848 1872 1893 et
1901 1838 1979 1893 io-

394 1929 534 1985 cutio
560 1928 833 1999 propbctze
862 1928 936 1982 ita
962 1942 1022 1983 se
1038 1928 1206 1982 liabet
1230 1944 1245 1981 :
1271 1928 1313 1983 0
1340 1928 1587 1995 Domine,
1620 1927 1975 1997 pronuntiasti

384 2021 609 2091 quidem
636 2019 755 2074 sine
782 2032 1133 2089 personarum
1170 2019 1483 2086 acceptione
1505 2028 1558 2074 te
1588 2020 1638 2074 in
1667 2027 1977 2088 peccatores

392 2108 809 2175 vindicaturum,
837 2120 889 2163 et
921 2108 1135 2178 quidem
1185 2121 1326 2161 nunc
1374 2106 1501 2162 dum
1548 2107 1678 2162 milii
1727 2108 1974 2175 remittis,

390 2199 702 2272 patientiam
731 2208 874 2255 tuam
899 2199 1235 2255 mendacium
1262 2198 1523 2268 iudicant,
1549 2198 1643 2254 sed
1665 2199 1833 2255 vincis
1852 2212 1975 2253 cum

386 2292 670 2363 iudicaris,
699 2291 823 2347 dum
858 2290 986 2345 mihi
1028 2298 1261 2359 peceita,
1295 2296 1385 2344 me
1419 2289 1711 2345 confitente
1738 2298 1794 2344 et
1821 2289 1975 2345 dam-

389 2395 571 2452 nante,
596 2381 835 2447 dimittis,
870 2382 996 2452 quia
1041 2397 1146 2435 non
1172 2378 1382 2451 iudicas
1424 2379 1507 2435 bis
1542 2379 1597 2435 in
1634 2379 1888 2450 idipsum.
1920 2380 1974 2435 ld

388 2487 492 2547 est,
520 2476 645 2539 dum
676 2473 837 2528 homo
863 2472 975 2541 ipse
1002 2472 1087 2526 sui
1112 2470 1277 2540 iudex
1304 2470 1517 2540 culpam
1561 2469 1613 2523 in
1662 2484 1723 2525 sc
1769 2470 1971 2528 lamen-

390 2572 597 2633 tatione
621 2578 673 2624 et
692 2566 1021 2623 contritione
1049 2566 1407 2633 persequitur,
1438 2563 1633 2632 iniusta
1660 2577 1779 2618 esse
1809 2562 1975 2632 pieta-

393 2660 461 2716 tis
492 2672 594 2715 tua:
626 2657 947 2728 indulgentia
995 2670 1100 2710 non
1142 2654 1416 2724 probatur.
1447 2654 1580 2708 Dum
1612 2668 1698 2709 me
1730 2655 1975 2709 immanis

390 2749 661 2806 commissi
686 2762 834 2803 reum
866 2746 1048 2819 arguis
1076 2760 1171 2814 per
1197 2744 1536 2813 prophetam,
1572 2745 1763 2812 probas
1793 2756 1844 2801 te
1875 2745 1970 2800 ba-

391 2853 516 2896 nere
546 2841 615 2895 de
646 2841 844 2894 nostris
875 2837 1131 2907 operibus
1158 2850 1364 2901 curam,
1395 2845 1450 2890 et
1478 2836 1651 2890 vincis
1680 2850 1776 2892 eos
1804 2838 1893 2905 qui
1922 2847 1975 2893 te

390 2934 711 2987 incuriosum
761 2930 1115 2984 humanorum
1144 2938 1356 2983 aetuum
1394 2926 1723 2996 judicabant.
1754 2927 1877 2982 ideo
1904 2926 1975 2983 de

391 3025 492 3093 isto
537 3037 698 3077 sensu
750 3015 992 3090 Apostoli
1042 3027 1204 3073 totam
1255 3016 1643 3086 expositionem
1693 3018 1970 3087 cuiusdam

2078 1845 2225 1892 ceret
2254 1837 2341 1892 :0
2368 1835 2646 1906 Apostole,
2687 1849 2937 1905 magnum
2988 1835 3220 1904 peccatis
3266 1836 3465 1891 nostris
3509 1837 3661 1891 sola-

2080 1929 2210 1985 tium
2259 1926 2551 1992 contulisti,
2602 1925 2829 1983 dicendo
2874 1926 3015 1997 quod
3059 1926 3381 1997 iustiﬁcetur
3422 1927 3561 1983 Deus
3604 1929 3660 1983 in

2072 2027 2381 2075 nostrorum
2414 2019 2743 2090 indulgentia
2782 2019 3123 2085 delictorum,
3149 2028 3204 2075 et
3226 2020 3348 2090 quia
3375 2021 3662 2077 veritatem

2078 2108 2169 2164 Dei
2198 2108 2474 2164 mendacia
2501 2118 2683 2164 nostra
2715 2110 3113 2175 commendant,
3145 2118 3201 2165 et
3228 2117 3443 2178 peccata
3473 2122 3659 2166 nostra

2079 2202 2462 2257 misericordiae
2489 2201 2767 2257 materiam
2802 2201 2912 2258 Deo
2955 2200 3222 2269 ingerunt,
3255 2209 3313 2255 ut
3338 2215 3435 2269 per
3460 2202 3689 2273 iniqui--

2079 2298 2216 2347 tates
2240 2303 2453 2347 nostras
2479 2292 2598 2360 ejus
2639 2290 2851 2346 bonitas
2892 2299 3205 2347 exerceatur
3234 2298 3289 2345 et
3316 2290 3481 2361 gloria
3519 2291 3664 2347 dila-

2076 2389 2251 2451 tetur,
2296 2381 2496 2452 iniuste
2548 2389 2764 2451 peccata
2816 2388 2996 2436 nostra
3052 2381 3371 2449 puniuntur,
3417 2397 3538 2451 qua:
3586 2384 3662 2439 ad

2074 2474 2521 2539 manifestandam
2584 2473 2680 2529 Del
2743 2473 3053 2543 patientiam
3121 2473 3663 2544 benevolentiamque

2078 2566 2376 2637 proficiunt,
2404 2564 2589 2620 statim
2616 2563 2796 2620 infert.
2827 2564 3114 2632 ﬂuensque
3134 2563 3660 2630 obiectio’adversa,

2077 2659 2163 2715 hic
2185 2659 2470 2728 respondet
2499 2658 2786 2727 Apostolus
2815 2656 3024 2712 illorum
3048 2658 3230 2713 sensui
3264 2674 3279 2709 :
3306 2657 3518 2727 iniquus
3545 2670 3657 2725 est,

2078 2750 2271 2820 inquit,
2296 2746 2454 2815 Deus,
2486 2750 2528 2804 si
2562 2749 2615 2804 in
2647 2748 2768 2804 illos
2795 2747 3029 2803 vindicat
3057 2762 3155 2818 per
3181 2762 3406 2817 quorum
3435 2759 3659 2819 peccata

2077 2845 2335 2912 benignus
2357 2850 2597 2913 apparet,
2620 2849 2674 2897 et
2696 2854 2803 2895 non
2825 2839 2997 2896 debeo
3014 2838 3264 2909 iudicari,
3287 2841 3375 2913 qui
3398 2839 3661 2907 mentior,

2077 2938 2198 3008 quia
2232 2951 2355 2991 meo
2382 2934 2662 2989 mendacio
2702 2932 2797 2989 Dei
2841 2932 3040 2988 veritas
3079 2932 3301 2988 collecta
3340 2933 3663 3002 praedicat-i-

2078 3030 2179 3085 lior
2219 3030 2503 3084 invenitur.
2542 3027 2606 3081 Et
2641 3026 2767 3081 ideo
2805 3032 3006 3096 quanto
3045 3022 3250 3095 maiora
3292 3026 3428 3079 mala
3462 3024 3663 3080 ieceri-

388 3114 556 3185 saucti
590 3113 689 3166 viri
733 3112 908 3181 posui,
942 3123 1000 3164 ut
1047 3109 1257 3180 plenius
1283 3108 1504 3163 lectoris
1533 3108 1836 3163 sollicitudo
1872 3109 1969 3163 im-
1998 3122 2044 3185 ο
2076 3134 2215 3184 mus,
2240 3127 2387 3172 tanta
2414 3116 2613 3186 majora
2641 3116 2777 3171 bona
2812 3115 2880 3171 ab
2913 3115 3015 3170 illo
3045 3130 3140 3185 pro
3164 3118 3317 3185 cuius
3342 3114 3500 3171 laude
3528 3130 3664 3185 pec-

382 3205 659 3266 bueretur,
693 3210 747 3255 et
776 3199 1076 3268 ubicunque
1105 3199 1182 3253 :ic
1224 3198 1435 3252 invenis
1503 3197 1719 3267 paginas
1761 3198 1966 3266 plenas,

387 3307 485 3364 pro
516 3291 865 3346 L'uSIructione
898 3288 996 3343 hoc
1028 3288 1199 3356 posui.
1231 3287 1301 3343 Ut
1324 3286 1654 3356 iusdﬁceris,
1694 3288 1881 3354 inquit,
1915 3289 1967 3341 in

387 3384 722 3437 sermonibus
754 3380 881 3447 tuis,
909 3392 961 3433 et
995 3380 1177 3433 vincas
1211 3393 1332 3433 cum
1369 3376 1644 3447 iudicaris.
1686 3377 1971 3433 Videamus

386 3462 656 3546 quomodo
704 3474 802 3527 sibi
851 3473 951 3527 hoc
994 3473 1111 3526 loco
1166 3470 1408 3540 Apostoli
1451 3485 1631 3525 sermo
1674 3472 1971 3527 consentiat

386 3552 507 3625 cum
542 3568 845 3622 testimonio
874 3565 1014 3634 quod
1050 3578 1114 3617 ex
1146 3563 1427 3632 propheta,
1472 3577 1776 3618 sermonem
1813 3548 1979 3618 suuuf

385 3659 818 3725 confirmaturus,
841 3656 1149 3724 assumpsit.
1177 3654 1507 3709 Sententiam
1534 3654 1673 3709 hanc
1694 3655 1969 3710 evidenter

385 3746 481 3806 illo
518 3764 679 3805 sensu
724 3747 1016 3818 Apostolus
1058 3744 1225 3815 ponit,
1264 3759 1368 3813 quo
1409 3745 1610 3800 dudum
1660 3746 1823 3801 David
1869 3748 1971 3803 sub

384 3823 712 3909 poenitentiae
761 3854 892 3894 voce
944 3838 1256 3905 protulerat,
1297 3835 1520 3891 dicens:
1550 3835 1594 3889 0
1627 3836 1870 3909 Domine,
1904 3838 1970 3894 de

384 3932 590 3985 semine
622 3947 741 3984 meo
777 3945 895 3984 esse
937 3939 1220 3983 venturum
1262 3928 1594 4001 Salvatorem
1628 3928 1841 3983 immani
1880 3944 1970 3999 ge-

387 4018 528 4073 neris
561 4020 847 4088 promisisti
882 4038 893 4071 :
927 4034 1067 4073 nunc
1109 4019 1231 4071 dum
1280 4033 1364 4073 me
1404 4020 1545 4074 videt
1584 4019 1808 4089 [opulus
1850 4029 1969 4074 tuus

382 4107 580 4177 duplici
626 4107 853 4161 crimine
905 4108 1262 4171 vulneratum,
1294 4106 1662 4175 blasphemare
1699 4106 1796 4162 feci
1832 4108 1968 4164 filios

385 4198 576 4263 lsrael,
604 4209 681 4263 ut,
709 4198 832 4252 dum
872 4199 923 4251 in
953 4198 1215 4267 adulterio
1242 4209 1295 4252 et
1326 4198 1611 4267 homicidio
1645 4200 1969 4268 perspicLunt

382 4298 588 4344 reatum
614 4304 812 4352 mrum,
844 4294 896 4342 te
934 4296 1117 4356 putent
1147 4301 1266 4341 esse
1293 4287 1594 4353 tnentitum,
1620 4299 1672 4344 et
1702 4290 1823 4343 ideo
1849 4304 1968 4359 pre-

382 4394 499 4434 cem
530 4378 905 4432 satist’actionis
946 4392 1195 4446 agnosce,
1230 4388 1283 4432 et
1314 4386 1367 4431 tu
1398 4379 1611 4432 remitte
1666 4381 1806 4449 quod
1851 4382 1969 4449 ipse

2075 3209 2330 3271 cavimus,
2362 3206 2701 3275 recipiemus.
2732 3205 2845 3261 Hoc
2871 3204 3112 3260 fortassis
3141 3205 3262 3261 ideo
3289 3204 3664 3273 imprudentes

2032 3292 2041 3303 “
2075 3302 2145 3356 ita
2176 3300 2399 3368 intelligi
2422 3299 2618 3355 debere
2648 3298 3067 3365 arbitrabantur,
3107 3299 3229 3368 quia
3258 3297 3522 3368 legimus:
3546 3299 3663 3355 Uini

2073 3392 2366 3447 abundavit
2410 3400 2707 3461 peccatum,
2755 3389 3213 3461 superabundavit
3263 3391 3451 3460 gratia,
3496 3392 3661 3460 quasi

2072 3500 2193 3555 quae
2220 3486 2420 3553 peccati
2444 3486 2536 3540 det
2556 3485 2823 3559 meritum,
2848 3483 2974 3538 dum
2998 3482 3295 3539 clementia:
3315 3482 3407 3539 Dei
3433 3494 3666 3553 prazstet

2072 3586 2435 3648 augmentum.
2462 3577 2570 3633 Sed
2593 3577 2748 3646 longe
2766 3575 2920 3630 aliter
2940 3575 3281 3646 intelligenda
3302 3585 3384 3631 est
3406 3576 3507 3632 ista
3527 3591 3666 3632 sen-

2074 3669 2256 3724 tentia.
2291 3669 2355 3722 Et
2385 3667 2526 3737 quod
2569 3667 2641 3721 ita
2668 3681 2763 3734 per
2788 3666 3205 3722 satisfactionem
3237 3676 3295 3722 et
3318 3670 3663 3723 emendatio.

2072 3774 2194 3814 nem
2216 3766 2531 3827 consumpta
2555 3758 2624 3811 sit
2648 3756 2970 3812 abundantia
2995 3767 3355 3829 peccatorum,
3382 3767 3439 3811 ut
3465 3773 3663 3814 cmen-

2071 3849 2179 3903 dati
2208 3862 2313 3902 non
2354 3848 2527 3903 solum
2558 3848 2785 3914 veniam,
2816 3849 2911 3905 sed
2940 3851 3100 3905 etiam
3130 3850 3344 3920 praemia
3377 3865 3663 3907 mereren-

2074 3946 2200 3992 tur:
2228 3946 2286 3991 ut
2320 3937 2648 4007 iustificeris,
2692 3938 2882 4009 inquit,
2918 3941 2970 3994 in
3001 3941 3338 3997 sermonibus
3379 3944 3501 4015 tuis.
3538 3943 3664 4000 Hoc

2074 4026 2433 4080 testimonium
2461 4040 2585 4097 pars
2613 4028 2834 4083 adversa
2865 4028 2934 4082 ita
2964 4030 3241 4097 proposuit
3265 4031 3415 4100 quasi
3453 4033 3665 4088 dixerit

2077 4115 2267 4170 David:
2292 4115 2579 4185 Propterea
2599 4130 2700 4188 ego
2718 4118 2952 4187 peccavi,
2980 4127 3041 4173 ut
3064 4118 3191 4175 dum
3220 4134 3308 4178 me
3333 4122 3567 4191 iudicas,
3596 4133 3661 4178 tu

2067 4208 2246 4277 iustus
2293 4222 2568 4277 appareas,
2610 4216 2702 4263 aut
2748 4206 3075 4275 misericors,
3114 4210 3239 4265 dum
3286 4212 3564 4278 remittes;
3601 4224 3667 4269 et

2072 4297 2191 4352 ideo
2220 4311 2441 4366 parcere
2471 4297 2598 4353 mihi
2627 4298 2812 4368 debes,
2841 4300 2962 4369 quia
2991 4300 3240 4369 iniquitas
3267 4316 3406 4368 mea,
3428 4313 3522 4358 aut
3548 4307 3663 4359 mi-

2070 4386 2415 4451 sericordiam
2467 4396 2632 4454 tuam,
2678 4395 2779 4442 aut
2808 4388 3066 4456 iustitiam
3109 4392 3464 4447 commendat.
3496 4393 3663 4451 Hunc

383 4470 703 4535 condemno,
736 4479 794 4523 ut
820 4483 941 4521 cum
974 4483 1057 4523 me
1095 4468 1297 4522 indulta
1340 4469 1718 4537 propitiatione
1748 4487 1963 4539 repara-
1994 4491 2254 4554 Deorum
2299 4488 2538 4533 errorem
2588 4478 2880 4548 Apostolus
2919 4490 3208 4549 retractat,
3255 4491 3311 4538 et
3350 4484 3663 4553 interiectis

384 4558 552 4626 veris,
595 4568 647 4612 ct
675 4557 893 4627 dignum
938 4557 1291 4625 promissione
1323 4566 1409 4611 tua
1441 4557 1649 4623 feceris,
1684 4560 1735 4613 in
1764 4574 1968 4617 sermo-

384 4652 541 4707 nibus
562 4653 667 4707 tuis
685 4652 742 4721 iu
778 4659 860 4704 tus
883 4664 1164 4719 appareas,
1188 4659 1241 4703 et
1264 4650 1447 4704 vincas
1471 4666 1589 4703 cum
1616 4665 1646 4704 a
1678 4653 1966 4721 reprelien-

382 4745 594 4801 soribus
619 4741 893 4809 iudicaris,
923 4749 977 4795 et
1004 4742 1075 4794 ita
1107 4755 1244 4794 nunc
1278 4740 1413 4796 hanc
1450 4740 1649 4796 lineam
1681 4744 1966 4812 Apostolus

386 4838 632 4905 sequitur
657 4836 841 4890 dicens
870 4850 884 4887 :
918 4832 1063 4905 Licet
1095 4842 1512 4903 transgressores
1540 4833 1709 4889 Judaei
1743 4835 1968 4892 fecerint

382 4897 573 4981 nomen
608 4924 816 4980 Domini
864 4897 1377 4993 blaspiiemarinuo
1403 4922 1607 4977 dicatur
1642 4940 1655 4978 :
1692 4923 1814 4979 Haec
1844 4936 1964 4982 erat

379 5016 467 5068 illa
491 5031 621 5087 gens
641 5026 820 5069 sancta
849 5023 903 5068 et
929 5014 1154 5083 populus
1175 5013 1401 5078 eiectus,
1430 5014 1515 5083 qui
1540 5028 1599 5069 se
1624 5029 1767 5070 nunc
1790 5023 1960 5073 trans-

380 5107 653 5175 gressione
680 5114 731 5158 et
773 5102 1080 5171 inexpiabili
1128 5102 1409 5174 sacrilegio
1436 5112 1491 5159 et
1518 5105 1743 5159 crimine
1774 5107 1961 5175 impie-

382 5194 503 5247 tatis
545 5193 792 5255 involvit;
828 5207 955 5245 ccce
1002 5208 1095 5260 per
1141 5194 1316 5249 scelus
1359 5195 1825 5264 prmvaricatorum
1865 5198 1957 5254 Dei

378 5284 643 5354 promissa
671 5291 892 5337 vacuata
919 5293 1059 5338 sunt.
1087 5284 1193 5339 Sed
1215 5300 1322 5340 non
1346 5287 1417 5340 ita
1442 5296 1546 5352 est,
1572 5302 1691 5342 nam
1713 5290 1757 5343 si
1787 5297 1956 5345 trans-

378 5390 653 5448 gressores
709 5390 737 5427 a
784 5370 951 5443 gratia
1012 5374 1351 5439 exciderunt,
1406 5378 1691 5433 veridicam
1748 5378 1959 5436 Domini

379 5468 719 5540 sponsionem
761 5463 1067 5518 obedientia
1118 5461 1349 5518 ﬁdelium
1374 5469 1755 5537 consequitur,
1790 5483 1851 5525 ac
1879 5471 1960 5526 sic

379 5564 613 5620 confusis
643 5563 746 5619 illis
779 5564 867 5633 qui
913 5563 1120 5633 eloquia
1153 5561 1332 5618 divina
1376 5564 1430 5619 in
1478 5566 1685 5620 irritum
1729 5566 1955 5622 adducta

377 5654 666 5725 iactabant,
705 5657 1028 5727 iustificatttr
1058 5654 1311 5713 Dominus
1351 5659 1405 5713 in
1450 5660 1790 5715 sermonibus
1819 5662 1952 5729 suis,

2070 4569 2349 4625 sententiis
2376 4570 2607 4627 destruit
2636 4571 2818 4627 dicens
2848 4590 2861 4627 :
2893 4574 2976 4640 Si,
3014 4577 3461 4645 quemadmodum
3494 4580 3663 4635 aiunt

2071 4673 2173 4713 nos
2216 4659 2434 4729 quidam
2482 4660 2683 4727 dicere,
2725 4661 2976 4732 iniquitas
3018 4674 3199 4720 nostra
3243 4668 3503 4736 justitiam
3552 4669 3663 4727 Dei

2070 4750 2435 4816 commendat,
2463 4765 2591 4820 ergo
2622 4751 2834 4821 iniquus
2854 4761 2937 4808 est
2970 4753 3129 4819 Deus,
3156 4756 3247 4827 qui
3278 4755 3441 4812 infert
3482 4757 3659 4825 iram,

2069 4852 2189 4893 cum
2222 4838 2474 4908 iniquitas
2511 4849 2690 4895 nostra
2732 4840 2853 4912 eius
2898 4843 3155 4912 praedicet
3197 4847 3673 4906 misericordiam?

2070 4926 2364 4982 Secundum
2388 4929 2645 4982 hominem
2671 4929 2807 4983 dico.
2840 4931 3003 4987 Absit.
3029 4932 3085 4987 id
3106 4945 3186 4989 est
3208 4936 3506 4993 secundum
3527 4952 3663 4994 car-

2069 5020 2242 5074 naiem
2271 5032 2487 5074 sensum
2516 5029 2686 5085 tuum,
2723 5020 2807 5076 vel
2842 5022 3134 5079 secundum
3174 5033 3249 5093 te,
3275 5026 3363 5096 qui
3391 5028 3460 5084 de
3484 5043 3666 5099 sepe.

2065 5110 2195 5165 riori
2216 5112 2479 5166 sententia
2500 5118 2610 5165 tam
2629 5111 2875 5179 imperite
2891 5116 3059 5170 sentis
3076 5126 3134 5171 et
3148 5124 3255 5171 tam
3276 5118 3663 5189 imprudenter

2066 5201 2339 5271 intelligis.
2367 5203 2481 5270 Qua
2510 5204 2651 5258 enim
2677 5203 2880 5274 iustitia
2909 5206 3185 5265 damnabit
3227 5211 3566 5281 iniustitiam,
3604 5220 3660 5273 si

2066 5293 2213 5361 iuxta
2238 5292 2543 5361 opinionem
2573 5302 2717 5348 tuam
2746 5294 2979 5351 bumana
3017 5299 3294 5370 iniquitate
3314 5304 3383 5358 sit
3406 5303 3663 5375 iustior?

2065 5386 2173 5442 Sed
2198 5401 2305 5440 non
2327 5386 2397 5439 ita
2417 5393 2520 5441 est.
2544 5384 2676 5441 Nam
2706 5386 2873 5441 Deum
2896 5399 3137 5446 nostrum
3161 5407 3264 5449 non
3289 5404 3395 5450 tam
3425 5410 3663 5466 peccata

2064 5492 2222 5547 quam
2256 5478 2516 5532 bonorum
2545 5491 2768 5545 operum
2815 5488 2966 5549 gesta
3001 5482 3318 5552 gioriticant,
3350 5494 3404 5542 et
3431 5488 3556 5544 ideo
3590 5490 3660 5548 in

2066 5567 2350 5639 puniendis
2376 5569 2629 5637 peccatis
2668 5568 2844 5638 iustus
2878 5575 3244 5645 agnoscitur,
3294 5580 3382 5648 qui
3439 5585 3665 5639 sanctis

2063 5660 2315 5731 operibus
2343 5660 2657 5716 delectatur.
2683 5662 2920 5733 Alioquin
2945 5670 3195 5737 quomodo
3218 5671 3473 5741 iudicabit
3503 5673 3664 5734 Dm
