3968 6166
360 142 465 197 £29

1216 142 1285 201 ΙΝ
1325 145 1703 201 EPISTULAM
1748 144 1835 197 All
1879 139 2196 197 ROMANUS
2236 139 2751 195 COMMENTARIA.

3509 106 3612 194 et

342 261 497 306 nunc
527 260 789 319 mundum,
820 257 863 310 si
896 269 998 309 non
1032 256 1185 311 bonis
1205 258 1371 323 bona,
1400 267 1455 313 et
1492 259 1645 311 malis
1691 259 1822 311 mala
1856 273 1932 311 re.
1970 261 2016 317 Α
2044 260 2365 322 exaggerant
2396 252 2563 306 fetore
2591 251 2867 306 doctrinm.
2910 252 3093 309 Omnis
3121 254 3251 308 odor
3277 255 3465 311 mortis
3495 269 3617 325 pro.
3704 286 3713 297 -

364 346 572 412 tribuit,
603 356 662 399 ut
683 348 839 415 iustis
868 348 1141 414 praemium
1170 364 1269 417 pro
1300 349 1525 418 juStitia,
1559 360 1611 405 ct
1649 352 1936 417 peccatoris

369 435 466 490 bus
486 436 630 505 quod
660 448 934 493 tuerentur
959 439 1173 494 tribuit?
1194 440 1256 495 Si
1276 441 1406 494 enim
1429 443 1612 497 veritas
1643 443 1734 497 Dei
1758 446 1808 496 in
1832 461 1940 497 mro

368 528 638 581 mendacio
674 528 949 583 abundavit
994 530 1049 582 in
1089 529 1304 599 gloriam
1350 531 1536 601 ipsius,
1568 532 1725 600 quid?
1752 532 1806 586 Id
1837 544 1939 601 eet,

369 616 556 687 utquid
599 618 812 686 iit-dicor
837 621 987 688 quasi
1020 619 1398 675 malefaciens?
1428 630 1481 674 et
1508 636 1613 675 nou
1646 623 1782 676 sicut
1824 623 1941 690 qui-

369 707 501 761 dam
525 721 626 763 nos
650 708 834 763 dicunt
858 710 1057 775 dicere,
1088 718 1145 763 ut
1187 720 1384 780 quanto
1408 712 1611 781 majora
1637 714 1771 767 mala
1801 714 1941 769 fece-

368 801 565 867 rimus,
596 809 742 855 tanto
771 787 1028 871 amp'fiora
1067 801 1203 857 bona
1247 805 1585 873 recipiamus.
1634 806 1834 859 Adhuc.
1862 804 1946 858 ln-

369 906 559 960 super.
610 892 674 945 Et
714 909 806 962 ego
844 902 1081 960 tanquam
1107 904 1359 962 peccator.
1390 895 1557 948 llomo
1580 896 1667 964 qui
1698 896 1944 952 mentior.

366 983 614 1039 Judicor.
632 988 673 1039 Α
698 986 808 1040 Deo
830 986 882 1040 in
904 985 991 1042 die
1011 986 1216 1054 indicii.
1241 987 1343 1041 lste
1361 996 1442 1042 est
1462 1002 1671 1052 sensus,
1699 997 1945 1057 tanquam

369 1077 415 1130 si
446 1077 652 1131 diceret
681 1077 770 1131 :0
815 1078 1061 1145 inﬁdelis,
1101 1093 1165 1132 ex
1212 1070 1391 1133 verbis
1432 1080 1566 1135 meis
1610 1090 1947 1147 peccatorum

372 1178 588 1222 tuorum
622 1169 817 1223 asseris
846 1168 1238 1235 defensionem,
1266 1169 1494 1224 dicendo
1524 1171 1663 1239 quod
1690 1171 1947 1239 justitiam

372 1261 470 1315 Dei
513 1260 762 1330 iniquitas
788 1270 971 1316 nostra
1014 1260 1373 1325 commendet,
1400 1269 1455 1315 et
1491 1261 1687 1316 veritas
1732 1262 1844 1331 ejus
1884 1277 1952 1317 ex

374 1353 575 1406 nostris
623 1352 917 1407 mendaciis
962 1362 1187 1419 crescat,
1247 1362 1299 1409 et
1352 1352 1703 1408 imbecillitati
1756 1362 1953 1409 nostrae

373 1452 705 1512 comparata,
730 1444 897 1510 magis
924 1444 1194 1513 magisque
1213 1444 1384 1513 major
1403 1452 1673 1514 appareat.
1696 1442 1800 1498 Sed
1826 1444 1951 1497 dum

378 1533 451 1586 ita
484 1534 641 1587 malis
667 1535 773 1588 tuis
798 1534 1011 1591 inimica
1035 1534 1321 1590 severitate
1343 1534 1619 1601 blandiris,
1640 1534 1781 1603 iusta
1805 1535 1953 1588 dant-

2043 343 2183 396 cedit
2211 342 2277 396 de
2302 357 2395 397 ore
2422 355 2605 397 eorum
2633 359 2645 393 :
2679 341 2781 397 hoc
2812 351 2893 396 est
2922 344 3080 399 verba
3126 343 3374 412 pestifera
3400 353 3457 398 et
3486 344 3618 400 adu-

2044 432 2233 488 latoria
2268 449 2385 503 quae
2425 433 2750 489 interﬁciunt
2774 424 3069 491 audientes.
3100 437 3222 492 Ideo
3252 440 3391 492 enim
3428 439 3618 509 sepulc

2046 538 2134 578 cra
2182 524 2517 592 clauduntur,
2569 540 2634 580 ne
2679 525 2733 580 in
2780 526 2888 581 vita
2933 528 3116 595 positis
3150 529 3490 586 exhalatione
3533 529 3619 585 sui

2047 626 2300 685 generem
2348 625 2576 685 pestem.
2622 616 2835 687 Linguis
2864 620 2970 673 suis
2994 618 3169 674 dolose
3198 622 3429 691 agebant.
3459 623 3620 677 Aliud

2048 720 2142 760 ore
2187 714 2513 773 prementes,
2564 707 2707 761 aliud
2760 708 2923 762 t-orde
2972 711 3309 766 meditantes.
3361 713 3621 767 Venenum

2049 798 2304 856 aspidum.
2332 795 2531 850 Horum
2560 808 2863 865 serpentum
2894 800 3241 867 perniciosius
3268 806 3477 858 creteris
3502 819 3622 858 esse

2052 887 2216 942 fertur
2253 903 2537 943 venenum.
2572 889 2678 945 Sub
2728 891 2874 943 labiis
2920 907 3112 945 eorum.
3160 892 3212 946 Id
3245 902 3326 947 est
3357 895 3407 947 in
3437 894 3622 949 corde.

2056 980 2283 1055 Quorum
2324 996 2378 1032 os
2419 981 2792 1035 maledictionc.
2819 981 3083 1051 Quidquid
3129 983 3271 1037 enim
3315 984 3455 1037 malo
3500 994 3626 1037 voto

2053 1070 2266 1135 dicitur,
2297 1073 2413 1127 sine
2439 1073 2602 1127 dubio
2636 1075 2771 1128 male
2800 1074 3014 1128 dicitur.
3052 1074 3116 1128 Et
3145 1078 3484 1131 amaritudine
3519 1077 3630 1148 plc-

2055 1178 2175 1216 num
2202 1171 2295 1215 est.
2327 1164 2639 1219 Atnaritudo
2682 1166 2994 1220 Antichristi
3036 1168 3302 1222 contraria
3334 1181 3416 1223 est
3445 1169 3629 1224 dulce-

2055 1251 2161 1305 dini
2188 1252 2335 1307 verbi
2368 1252 2481 1307 Dei.
2524 1252 2729 1309 Veloces
2758 1256 2909 1321 pedes
2938 1272 3112 1310 eorum
3156 1259 3223 1309 ad
3258 1257 3629 1323 eﬂundendum

2055 1346 2375 1415 sanguinem.
2421 1345 2536 1400 Non
2580 1348 2644 1399 ad
2692 1347 2992 1402 liberandas
3020 1350 3247 1415 animas,
3279 1351 3371 1406 sed
3398 1351 3467 1405 ad
3508 1367 3631 1421 per-

2057 1435 2280 1500 dendas,
2311 1436 2426 1491 sive
2456 1437 2840 1493 interﬁc'entes
2863 1440 3091 1503 animas,
3128 1454 3236 1494 non
3284 1440 3386 1495 illis
3424 1456 3632 1497 annun-

2061 1528 2241 1581 tiando
2268 1538 2487 1596 peccata
2513 1544 2631 1593 sua,
2663 1529 2757 1584 sed
2800 1530 3109 1587 adulatione
3147 1534 3513 1588 conﬁrmando
3541 1550 3633 1589 cas

382 1624 601 1678 natione
628 1624 930 1693 puniendus
956 1638 1015 1680 es
1044 1625 1113 1679 ab
1141 1625 1235 1679 illo
1264 1625 1355 1695 qui
1383 1626 1675 1681 secundum
1706 1625 1957 1680 uniuscu-
1988 1627 2035 1685 B
2062 1618 2115 1671 ῑη
2144 1617 2292 1685 ipsis-
2324 1617 2474 1673 Unde
2505 1618 2699 1672 Paulus
2730 1618 2861 1672 dicit
2888 1637 2901 1671 ε
2927 1620 3149 1675 Mundus
3173 1635 3288 1689 sum
3314 1637 3347 1676 a
3376 1626 3636 1690 sanguine

379 1715 678 1785 juscunqne
705 1730 868 1784 opera
903 1715 1165 1785 iudicabit
1195 1716 1472 1771 mundum.
1520 1716 1670 1772 Unde
1700 1715 1786 1769 hic
1812 1715 1960 1771 locus

384 1806 506 1861 ideo
531 1806 802 1860 difﬁcilior
824 1806 1053 1873 videtur,
1073 1804 1194 1875 quia
1217 1806 1285 1860 ab
1308 1804 1568 1876 imperitis
1594 1806 1816 1860 diversae
1839 1821 1960 1875 par-

386 1902 455 1955 tis
477 1899 858 1967 quazstionibus
884 1888 1221 1964 obscuratur,
1248 1897 1387 1954 sicut
1409 1898 1514 1953 alio
1538 1898 1653 1953 loco
1673 1898 1961 1967 Apostolus

387 1991 771 2046 irrationabilia
799 1991 1007 2062 objecta
1039 1992 1283 2061 proponit
1315 2000 1368 2047 et
1394 1993 1595 2062 respuit
1622 2008 1633 2044 :
1662 1992 1796 2061 Quid
1820 1991 1961 2047 enim

350 2076 637 2147 'dicimus,
671 2082 1098 2151 permanebimus
1141 2084 1195 2136 in
1236 2091 1474 2153 peccato,
1508 2092 1567 2138 ut
1601 2083 1767 2153 gratia
1799 2084 1965 2137 abun-

388 2175 519 2228 det?
552 2176 723 2230 Absit.
760 2174 828 2228 Et
856 2174 1016 2244 paulo
1046 2182 1168 2245 post
1196 2189 1209 2229 :
1238 2174 1375 2241 Quid
1407 2175 1572 2246 ergo?
1602 2175 1962 2245 peccabimus,

391 2266 512 2334 quia
544 2280 649 2320 non
677 2279 859 2319 sumus
884 2265 983 2320 sub
1012 2266 1150 2337 lege,
1184 2266 1277 2321 sed
1324 2265 1425 2320 sub
1451 2264 1651 2335 gratia?
1681 2265 1851 2320 Absit.
1885 2264 1964 2319 Ad

393 2365 690 2411 extremum
738 2356 1023 2426 Apostolus
1065 2371 1224 2413 sensu
1254 2357 1494 2413 veritatis
1522 2372 1787 2413 evacuans
1815 2371 1967 2427 quaa-

395 2446 624 2500 stionem
654 2447 724 2500 ita
753 2445 880 2501 dicit
907 2463 921 2500 :
947 2444 1017 2498 Et
1046 2462 1146 2501 non
1169 2448 1298 2501 sicut
1325 2447 1752 2518 blasphemamur,
1774 2456 1822 2501 et
1842 2448 1969 2501 sicut

397 2539 537 2591 aiunt
574 2538 781 2607 quidam
809 2554 900 2591 nos
936 2539 1105 2592 dicere
1125 2554 1148 2593 :
1172 2539 1449 2593 Faciamus
1474 2538 1631 2604 mala,
1660 2550 1716 2592 ut
1742 2541 1970 2595 eveniant

401 2628 547 2680 bona.
598 2629 662 2682 Et
705 2629 818 2682 bzec
864 2629 1141 2684 stultorum
1172 2630 1402 2701 obiectio
1429 2639 1529 2696 est,
1557 2644 1713 2700 quam
1750 2631 1968 2701 subjun-

404 2734 531 2789 gens
577 2719 804 2775 destruit
847 2721 1074 2776 dicens:
1116 2722 1343 2789 Quorum
1390 2723 1649 2777 damnatio
1687 2724 1831 2793 justa
1878 2734 1970 2778 est.

402 2811 533 2877 Quid
583 2810 729 2904 ergn
773 2812 970 2880 justius
1008 2827 1164 2882 quam
1192 2822 1249 2868 ut
1278 2814 1467 2883 aliquis
1512 2828 1725 2884 pmnam
1770 2815 1974 2884 peccati

402 2906 483 2956 sui
509 2902 745 2958 Sentiat?
772 2919 927 2973 quam
959 2918 1056 2959 nos
1085 2919 1277 2975 negare
1310 2906 1514 2960 mentiti
1551 2914 1695 2973 sunt,
1722 2906 1815 2977 qui
1840 2906 1972 2961 nihil

2062 1720 2096 1759 ο
2120 1730 2128 1753 ι
2153 1706 2321 1759 nium.
2351 1707 2601 1760 (.‘ontritio
2630 1717 2676 1760 et
2709 1708 2981 1777 infelicitas
3015 1710 3077 1763 iu
3100 1712 3193 1765 viis
3218 1728 3415 1768 eorum.
3436 1712 3635 1769 Conte-

2062 1806 2252 1850 runtur
2276 1806 2332 1853 et
2358 1796 2599 1853 infelices
2636 1798 2941 1854 efﬁciuntur
2965 1799 3159 1856 animm
3202 1792 3263 1857 in
3300 1801 3398 1858 viis
3424 1818 3634 1870 eorum,

2065 1886 2167 1942 hoc
2196 1896 2280 1942 est
2319 1887 2372 1943 in
2417 1888 2675 1943 doctrinis
2712 1889 2800 1944 vel
2839 1888 2895 1943 in
2924 1890 3184 1958 exemplis
3212 1894 3637 1951 conversationis

2064 1992 2272 2033 eorum.
2319 1977 2384 2031 Et
2429 1980 2561 2032 riam
2608 1977 2749 2049 pacis
2789 1994 2889 2033 non
2930 1988 3288 2049 cognoverunt.
3328 1980 3637 2037 Doctriuatu

2067 2068 2258 2131 Patris,
2290 2082 2392 2137 qua
2438 2070 2581 2124 Deus
2628 2069 2932 2123 hominibus
2970 2079 3271 2138 pacaretur,
3309 2085 3413 2126 non
3443 2087 3641 2143 cogno-

2069 2166 2295 2213 verunt:
2320 2158 2440 2227 quia
2470 2173 2573 2226 pax
2606 2165 2787 2211 nostra
2820 2160 3062 2215 Christus
3090 2169 3187 2215 est.
3221 2160 3332 2215 Hoc
3357 2161 3465 2231 egit
3492 2177 3523 2216 a
3551 2177 3644 2216 ci-

2070 2250 2179 2318 pite
2208 2248 2469 2318 epistolis,
2500 2255 2559 2301 ut
2586 2248 2894 2304 estcttderet
2930 2264 3119 2305 omnes
3154 2249 3393 2322 indigere
3432 2253 3642 2308 miseri-

2066 2340 2253 2395 cordia
2276 2338 2395 2405 Dei,
2418 2338 2784 2393 misericordia
2814 2350 2989 2395 autem
3020 2340 3071 2393 in
3102 2350 3366 2410 potestate
3390 2342 3643 2401 donantis

2072 2440 2174 2485 est.
2221 2430 2386 2486 Nemo
2419 2430 2565 2485 enim
2608 2438 2782 2499 potest
2822 2430 3004 2485 dicere
3042 2445 3105 2486 se
3146 2431 3374 2500 amplius
3403 2435 3645 2503 accipere

2072 2522 2341 2578 debuisse.
2385 2522 2507 2577 Non
2535 2532 2607 2577 est
2632 2523 2783 2576 timor
2811 2522 2903 2578 Dei
2927 2531 3044 2578 aute
3066 2524 3241 2578 oculos
3268 2540 3465 2582 eorum.
3494 2527 3550 2581 In
3580 2528 3648 2581 ti-

2074 2628 2239 2685 more
2262 2612 2358 2667 Dei
2404 2612 2667 2668 conclusit
2700 2628 2714 2666 :
2745 2613 2866 2684 quia
2913 2611 2959 2667 si
3006 2613 3251 2669 timorem
3300 2614 3395 2670 Dei
3435 2630 3679 2687 semper-

2075 2715 2197 2759 ante
2216 2705 2403 2759 oculos
2427 2704 2757 2772 habuissent,
2780 2704 2959 2774 utique
2982 2720 3088 2761 non
3110 2718 3420 2777 peccassent
3444 2726 3457 2763 :
3476 2725 3653 2780 neque

2078 2796 2219 2850 enim
2247 2810 2432 2852 servus
2452 2796 2611 2852 audet
2638 2798 2862 2853 Domino
2886 2809 3150 2867 prasente
3175 2815 3417 2870 peccare.
3444 2802 3651 2857 Scimus

2078 2896 2246 2940 autem
2273 2887 2509 2950 quoniam
2540 2886 2946 2955 quacunquelea:
2964 2890 3209 2959 loquitur,
3240 2892 3317 2946 Itis
3352 2894 3441 2962 qui
3469 2894 3522 2946 in
3542 2894 3653 2962 lege

405 2993 574 3062 magis
602 3008 761 3062 quam
792 2993 992 3064 justum
1024 2994 1117 3049 Dei
1147 2996 1404 3063 judicium
1438 2996 1807 3066 prmdicatnus.
1840 2998 1977 3065 Quid

2080 2994 2196 3038 sunt
2245 2986 2486 3055 loquitur.
2531 2984 2609 3040 Ne
2655 2986 2898 3042 dicerent
2942 2985 3136 3053 Judazi,
3171 2987 3271 3043 hoc
3309 2989 3377 3044 de
3404 2991 3653 3060 gentibus

406 3082 600 3152 igitur?
645 3082 984 3150 praesttimus
1028 3085 1149 3138 eos?
1194 3086 1300 3139 Nos
1342 3084 1531 3153 Judaei,
1573 3086 1622 3141 id
1663 3095 1743 3141 est
1779 3088 1976 3141 nullam

408 3179 546 3232 unde
581 3180 833 3231 alterutra
873 3193 994 3247 pars
1038 3179 1303 3248 p~aecellat
1338 3192 1558 3234 causam
1596 3180 1828 3247 invenio,
1856 3181 1980 3250 quia

408 3284 598 3323 omnes
624 3269 726 3322 sub
757 3281 972 3336 peccato
1001 3283 1120 3325 esse
1162 3253 1483 3338 judicamus,
1533 3271 1634 3326 hoc
1679 3272 1820 3327 enim
1866 3272 1979 3342 ipsa

411 3358 546 3413 ratio
574 3357 942 3427 deprehendit,
975 3360 1072 3413 sub
1115 3368 1331 3428 peccato
1358 3375 1478 3415 esse
1504 3359 1719 3416 Judazos
1758 3369 1813 3416 et
1848 3376 1980 3430 gem

412 3459 511 3515 tes,
547 3460 606 3504 ut
645 3452 807 3504 etiam
855 3452 1042 3519 psalmi
1088 3452 1392 3506 testimonio
1428 3452 1825 3521 comprobatur.
1872 3453 1980 3506 Ne-

411 3558 684 3611 quaquam.
733 3542 851 3611 lpse
896 3543 1171 3608 respondit
1213 3543 1333 3596 sibi.
1376 3541 1583 3597 Causati
1614 3544 1747 3596 enim
1785 3560 1979 3598 sumus.

415 3633 727 3686 ltatiocinati
758 3646 961 3687 Sumus.
991 3630 1200 3687 ludwos
1230 3642 1275 3686 et
1306 3630 1511 3686 ercos
1543 3650 1716 3687 omnes
1750 3635 1842 3688 sub
1870 3650 1984 3702 pec-

414 3733 525 3777 cato
564 3739 692 3776 esse.
733 3725 908 3792 Atque
950 3723 1193 3792 gentiles.
1238 3723 1383 3777 Sicut
1426 3725 1671 3792 scriptum
1700 3734 1771 3778 est
1803 3741 1821 3777 :
1852 3724 1987 3789 Quia

416 3831 519 3868 non
560 3826 635 3868 est
650 3818 843 3887 justus.
874 3815 1115 3868 Psalrnus
1142 3815 1282 3870 unde
1326 3815 1426 3870 hoc
1454 3816 1812 3871 testimonium
1843 3830 1989 3870 sum-

418 3906 541 3974 psit,
570 3907 638 3960 de
670 3906 953 3974 insipiente
994 3906 1245 3977 loquitur,
1273 3907 1420 3976 quod
1455 3907 1507 3961 in
1535 3907 1760 3962 adventu
1790 3908 1986 3962 Christi

417 3997 695 4062 impletum
726 3997 979 4063 ostendit,
1008 4012 1111 4064 quo
1142 4007 1383 4065 tempore
1412 3998 1585 4052 nullus
1606 3998 1780 4065 justus
1805 3999 1990 4051 inven-

417 4097 505 4141 tus
552 4096 655 4139 est.
709 4086 1006 4157 Quisquam.
1049 4087 1154 4142 Nec
1194 4087 1424 4157 Judazus,
1457 4102 1556 4143 nec
1595 4088 1831 4142 Grzccus.
1865 4087 1988 4142 Non

417 4188 488 4231 est
513 4178 823 4251 intelligens,
852 4197 951 4233 non
988 4189 1063 4234 est
1106 4182 1365 4252 requirens
1400 4182 1579 4236 Deum.
1607 4182 1738 4248 Quia
1772 4199 1873 4237 non
1904 4182 1988 4236 in-

417 4272 629 4340 telligit,
654 4287 758 4325 non
786 4272 1025 4340 requirit.
1059 4273 1194 4326 Deus
1224 4283 1398 4328 autem
1425 4282 1549 4327 tunc
1572 4274 1844 4343 quaeritur,
1869 4289 1988 4329 cum

2080 3076 2278 3131 dictum
2301 3084 2382 3133 est
2410 3094 2422 3129 :
2446 3076 2723 3144 Quomodo
2744 3077 2913 3132 Judaei
2940 3078 3217 3134 dixerunt:
3242 3081 3356 3137 Non
3382 3094 3463 3137 est
3486 3083 3653 3148 Deus,

2084 3183 2189 3222 non
2221 3168 2402 3237 utique
2432 3168 2615 3230 verbo.
2648 3169 2743 3224 sed
2772 3185 2956 3239 opere.
2988 3171 3267 3227 Dominum
3310 3174 3451 3227 enim
3489 3177 3654 3229 conﬁ-

2085 3266 2262 3313 tentur
2288 3273 2347 3314 se
2368 3273 2548 3326 nosse,
2574 3260 2724 3314 factis
2748 3247 2927 3315 autem
2958 3273 3169 3332 negant.
3196 3262 3333 3333 Ergo
3363 3276 3551 3334 gentes
3574 3266 3657 3318 hic

2085 3364 2191 3403 non
2222 3350 2410 3418 tangit,
2437 3350 2531 3404 sed
2557 3350 2667 3418 jam
2693 3351 2762 3404 de
2787 3352 3035 3419 gentibus
3066 3353 3213 3421 prius
3249 3352 3477 3421 dixerat,
3505 3366 3557 3409 et
3588 3357 3659 3410 de

2085 3453 2268 3493 eorum
2310 3440 2605 3494 sceleribus
2649 3455 2806 3495 nemo
2836 3441 3132 3498 dubitabat.
3171 3443 3247 3498 Ne
3287 3444 3531 3500 dicerent
3556 3446 3661 3500 huc

2087 3532 2153 3585 de
2178 3531 2425 3601 gentibus
2453 3531 2731 3599 scriptum,
2766 3534 3001 3588 ostendit
3020 3548 3179 3589 omne
3203 3535 3343 3604 quod
3372 3536 3425 3590 in
3455 3537 3570 3607 lege
3591 3539 3659 3591 de

2086 3622 2333 3692 gentibus
2361 3623 2576 3687 dicitur,
2605 3624 2767 3678 etiam
2820 3625 2989 3693 ipsum
3035 3626 3103 3678 de
3141 3624 3342 3680 Judzeis
3377 3625 3503 3692 dici,
3534 3628 3662 3696 quia

2088 3715 2182 3783 ips
2206 3728 2321 3768 rum
2348 3714 2655 3783 principalis
2681 3724 2961 3770 estcausa.
2999 3716 3067 3772 Ut
3096 3733 3241 3770 omne
3270 3733 3326 3771 os
3350 3716 3662 3773 obstruetur.

2090 3804 2207 3859 Non
2235 3805 2405 3859 solum
2435 3805 2694 3873 gentium,
2721 3806 2817 3860 sed
2847 3808 3007 3859 etiam
3038 3807 3341 3861 Judatorum
3366 3824 3380 3861 :
3402 3822 3525 3863 cum
3555 3825 3661 3864 non

2092 3896 2324 3950 habeant
2354 3896 2494 3951 unde
2526 3897 2733 3966 possint
2760 3897 2997 3967 gloriari.
3033 3897 3098 3951 Et
3124 3899 3353 3953 subditus
3383 3900 3474 3970 ﬁat
3502 3898 3675 3955 omni?

2091 3996 2310 4049 mundus
2343 3995 2468 4049 Deo.
2495 3996 2565 4052 Ut
2592 3997 2725 4052 sciat
2760 4012 2822 4051 se
2856 3999 2971 4052 sine
2998 3999 3164 4068 gratia
3195 4000 3289 4054 Dei
3319 4001 3519 4056 saltum
3543 4018 3665 4057 esse

2097 4103 2200 4143 non
2232 4102 2390 4156 posse
2420 4105 2432 4140 :
2464 4088 2545 4141 vel
2589 4099 2735 4144 certe
2773 4090 2826 4143 in
2873 4090 3211 4146 confessione
3254 4095 3453 4160 peccati
3484 4106 3666 4163 speret

2095 4178 2536 4245 misericordiam,
2564 4194 2894 4251 cognoscens
2920 4197 2977 4235 se
3005 4195 3125 4237 esse
3156 4184 3207 4236 in
3250 4186 3501 4253 peccatis.
3536 4187 3668 4252 Quia

2096 4286 2159 4324 ea:
2186 4271 2421 4340 operibus
2467 4271 2611 4341 legis.
2659 4271 2770 4327 Hoc
2810 4281 2995 4328 contra
3047 4273 3356 4345 Pelagianos
3398 4275 3544 4340 facit,
3578 4280 3669 4348 qui

417 4360 536 4431 eius
568 4364 855 4431 inquiritur
880 4363 1125 4418 voluntas
1155 4375 1210 4419 et
1248 4366 1516 4434 impletur.
1551 4366 1736 4421 Omnes
1768 4368 1990 4422 declina-
2021 4371 2072 4430 Ι)
2096 4366 2279 4421 dicunt
2305 4367 2446 4435 quod
2478 4367 2559 4421 lex
2586 4366 2858 4436 iustiﬁcet.
2885 4368 3054 4437 Opera
3079 4379 3255 4424 autem
3284 4370 3413 4439 legis
3441 4373 3669 4426 circum-

414 4463 619 4507 rerunt.
651 4452 883 4508 Necesse
912 4463 1076 4508 estut
1104 4456 1334 4511 declinet
1373 4458 1466 4526 qui
1511 4460 1783 4526 requirere
1826 4458 1993 4514 uoluit

418 4551 835 4603 ﬁrmamentum.
871 4549 1039 4603 Simul
1077 4550 1282 4604 inutiles
1322 4554 1445 4621 [acti
1478 4561 1616 4606 sunt.
1652 4554 1727 4607 Ad
1760 4567 1893 4624 opus
1925 4553 1993 4609 ad

419 4644 558 4710 quod
609 4643 820 4697 fuerant
868 4642 1154 4711 procreati.
1202 4643 1323 4697 Non
1364 4654 1437 4697 est
1472 4645 1559 4715 qui
1596 4643 1753 4714 faciat
1783 4648 1991 4701 bonum.

418 4732 534 4787 Non
566 4746 699 4802 ergo
725 4740 841 4786 erat
870 4732 958 4800 qui
988 4733 1184 4787 taceret
1220 4733 1435 4799 bonum,
1466 4748 1587 4786 cum
1619 4733 1829 4787 Judzeos
1857 4749 1994 4797 pra:-

420 4824 681 4876 raricstio
725 4824 1121 4885 mandatorum,
1157 4833 1342 4893 gentes
1370 4839 1496 4878 vero
1522 4832 1722 4879 naturae
1753 4825 1837 4880 lex
1868 4839 1997 4879 con-

418 4916 726 4972 demnaret.
744 4916 875 4970 Cum
898 4932 1024 4986 ergo
1044 4932 1108 4974 ex
1132 4917 1382 4971 alterutra
1412 4928 1560 4986 parte
1586 4918 1776 4986 aliquis
1799 4918 1995 4972 bonum

422 5008 635 5075 iecerit,
668 5009 856 5078 gratia:
882 5023 941 5063 se
972 5007 1170 5063 debere
1207 5009 1435 5074 noverit,
1468 5023 1571 5062 non
1606 5020 1828 5072 naturae,
1861 5009 2000 5063 sicut

424 5100 689 5170 pmpheta
736 5098 801 5152 ad
844 5100 1125 5153 Dominum
1176 5098 1416 5153 referens
1454 5099 1581 5153 dicit
1615 5117 1626 5152 :
1659 5100 1806 5167 Apud
1839 5114 1995 5168 quem

422 5206 585 5246 nemo
618 5205 714 5256 per
737 5204 795 5244 se
819 5191 1076 5245 innocens
1106 5198 1205 5243 est.
1238 5192 1298 5243 Et
1325 5190 1483 5244 Isaias
1514 5188 1567 5243 in
1594 5190 1802 5244 cantico
1826 5190 1953 5245 dicit
1982 5208 1999 5246 :

428 5281 656 5335 Domine
674 5281 817 5334 Deus
839 5289 1038 5344 noster.
1061 5280 1209 5335 dabis
1235 5294 1415 5349 pacem
1442 5281 1596 5334 nobis
1622 5298 1635 5339 :
1660 5282 1833 5335 omnia
1858 5284 1999 5336 enim

427 5386 596 5440 opera
641 5380 822 5425 nostra
850 5381 1099 5439 operatus
1127 5385 1186 5425 es
1214 5371 1268 5425 in
1298 5370 1473 5427 nobis.
1511 5370 1630 5424 Non
1660 5381 1731 5423 est
1758 5387 1914 5441 usque
1935 5371 2003 5425 ad

432 5479 614 5518 unum.
636 5460 862 5528 Quidam
883 5462 1086 5528 dicunt,
1111 5475 1280 5527 usque
1296 5463 1363 5516 ad
1383 5460 1669 5517 Christum.
1699 5461 2004 5532 Sepulcrum

2095 4453 2349 4508 cisionem
2379 4452 2529 4520 diclt,
2569 4465 2624 4508 et
2664 4455 2964 4522 sabbatum,
2990 4466 3043 4511 et
3085 4458 3306 4528 reliqua.
3334 4458 3453 4514 Non
3475 4461 3671 4531 justi/i-

2096 4546 2291 4599 cabitur
2310 4546 2492 4600 omnis.
2522 4546 2637 4601 Non
2667 4548 3069 4617 justiﬁcabitur,
3095 4550 3217 4619 quia
3241 4549 3370 4605 nihil
3401 4553 3465 4607 ad
3491 4553 3667 4622 perfe-

2101 4650 2242 4695 ctum
2274 4640 2354 4694 lex
2385 4640 2622 4695 adduxit.
2657 4642 2789 4696 Hinc
2828 4653 3013 4697 contra
3049 4658 3141 4697 eos
3171 4645 3351 4711 incipit
3375 4645 3669 4715 disputare,

2098 4746 2290 4800 magno
2338 4731 2711 4802 diuturnoque
2747 4735 3033 4797 conﬂictu,
3083 4735 3173 4803 qui
3214 4735 3579 4805 gloriabantur
3618 4737 3670 4789 in

2097 4823 2234 4893 lege,
2257 4832 2311 4877 et
2338 4837 2431 4891 per
2457 4823 2626 4892 legem
2649 4838 2707 4877 se
2724 4824 3002 4891 iustiﬁcari
3032 4824 3340 4892 credebant,
3364 4834 3419 4879 et
3446 4840 3551 4880 non
3577 4841 3671 4896 per

2098 4914 2322 4983 gratiam
2357 4915 2597 4968 :doceus
2643 4928 2736 4982 per
2783 4915 3023 4967 ordinem
3071 4914 3242 4981 legem
3292 4929 3396 4969 non
3437 4920 3673 4985 potuisse

2100 5003 2330 5069 auferre,
2363 5004 2455 5058 sed
2501 5004 2679 5073 potius
2723 5004 2935 5057 auxisse
2982 5013 3275 5072 peccatum,
3318 5008 3457 5075 quod
3499 5008 3676 5077 aufert.

2101 5097 2289 5167 gratia,
2321 5097 2441 5165 quia
2476 5096 2563 5151 lex
2599 5097 2789 5166 jubere
2820 5098 2985 5162 novit,
3010 5097 3094 5151 cui
3134 5101 3432 5156 succumbit
3456 5103 3674 5158 inﬁrmi-

2104 5197 2204 5254 tas,
2232 5190 2370 5243 sicut
2396 5188 2565 5260 gratia
2593 5189 2803 5257 juvare,
2836 5205 2937 5258 qua
2962 5190 3254 5249 infunditur
3276 5194 3529 5250 Charitas.
3559 5196 3673 5249 Non

2103 5282 2329 5337 dirimus
2357 5297 2454 5337 nos
2479 5282 2797 5351 justiﬁcatos
2839 5296 2934 5337 eos
2984 5282 3147 5340 fuisse
3193 5285 3282 5355 qui
3321 5286 3675 5356 luerunt‘lcgi

2106 5371 2438 5439 obedientes,
2466 5370 2561 5426 sed
2590 5370 2689 5425 nisi
2730 5371 3166 5441 iustiﬁcarentur,
3200 5380 3305 5428 non
3340 5383 3521 5429 essent
3546 5377 3677 5429 obe-

2107 5462 2332 5517 dientes.
2361 5461 2515 5518 Caro.
2540 5464 2730 5519 Homo.
2746 5450 2947 5518 'Coram
2978 5464 3089 5519 illo.
3132 5463 3245 5519 Non
3275 5464 3449 5519 omnis
3472 5463 3675 5533 just‘t'a

439 5563 614 5618 patens
640 5560 716 5606 est
742 5560 922 5624 guttur
959 5566 1133 5605 eoum
1190 5549 1507 5608 Violentiam
1552 5550 1792 5619 pestiferi
1824 5551 2011 5608 odoris
2107 5569 2287 5610 coram
2321 5554 2543 5610 Domino
2567 5555 2841 5626 justiticat,
2869 5557 2960 5611 sed
2985 5572 3046 5613 ea
3070 5569 3187 5627 quae
3211 5572 3272 5612 ex
3300 5571 3443 5613 mera
3472 5556 3562 5613 Dei
3587 5572 3679 5613 vo-

850 5800 921 5814 ’.Α

2816 5728 2891 5756 ἤρα-ν
