3904 6176
316 204 412 258 451

316 409 475 464 lactat
516 409 875 463 infirmitatem
901 424 915 463 :
946 407 1081 463 sicut
1108 408 1328 461 istorum
1359 406 1550 475 quibus
1581 415 1704 461 tunc
1728 406 1886 473 justi-

315 496 385 554 tia
418 498 509 553 Dei
540 513 644 552 non
676 507 883 566 poterat
915 497 1162 564 revelari,
1195 497 1288 552 sed
1319 498 1431 551 sola
1461 497 1538 552 eis
1562 499 1763 567 peccati
1793 512 1884 554 co-

312 587 481 657 gnitio
509 586 1047 656 demutt~trata,-quia
1087 600 1235 640 suam
1283 594 1585 655 qumrentes
1624 594 1879 654 statuere,

310 678 532 748 iustitia:
549 678 651 739 Dei
684 692 787 732 non
829 684 984 730 erant
1021 674 1266 743 subjecti.
1300 672 1400 727 Per
1432 674 1589 745 legem
1629 677 1762 727 enim
1799 692 1884 728 eo-

309 767 471 835 gnitio
517 765 727 835 peccati.
772 763 885 817 Non
936 762 1201 824 remissio,
1250 775 1354 815 non
1395 764 1752 829 con‘sumptio,
1785 762 1880 817 sed

311 855 567 925 cognitio,
598 865 689 908 aut
726 853 844 922 quia
890 848 942 907 in
986 852 1255 906 oblivione
1279 861 1393 905 erat
1423 850 1506 905 lex
1538 859 1760 917 natura),
1793 859 1885 906 aut

309 950 430 1018 quia
462 957 588 1002 ante
631 948 799 1014 legem
846 944 1036 999 littera:
1067 943 1265 998 letiora
1291 956 1514 1012 qumque
1543 957 1646 995 non
1675 957 1877 1011 cogno-

310 1037 598 1092 scebantur
622 1049 743 1090 esse
772 1042 1008 1104 peccata,
1046 1032 1178 1086 sicut
1208 1031 1660 1100 concupiscentia,
1692 1041 1746 1085 et
1774 1046 1877 1086 ete-

311 1139 421 1184 tera
450 1143 567 1197 quae
593 1142 697 1181 non
725 1126 873 1180 alteri
907 1126 1190 1190 nocebant,
1233 1124 1327 1179 sed
1371 1124 1493 1193 ipsi.
1528 1123 1679 1177 Nunc
1717 1134 1883 1177 autem

308 1218 419 1270 sine
454 1218 562 1286 lege
585 1215 783 1283 iustitia
814 1212 927 1269 Dei.
957 1211 1087 1280 Quae
1117 1213 1270 1267 nobis
1296 1227 1324 1264 a
1359 1211 1466 1266 Deo
1494 1214 1660 1281 gratis
1683 1211 1880 1267 donata

307 1313 409 1371 est,
447 1319 552 1359 non
588 1314 771 1359 nostro
811 1302 994 1356 labore
1030 1301 1273 1370 quaesita.
1318 1299 1594 1369 Manifesta
1626 1310 1721 1355 est.
1753 1302 1881 1368 Qua:

308 1406 423 1450 erat
450 1395 675 1451 occulta.
711 1393 1006 1460 Testiﬁcala
1034 1408 1068 1444 a
1108 1395 1216 1461 lege
1252 1402 1298 1446 et
1328 1390 1606 1461 prophetis.
1639 1391 1764 1446 Haec
1797 1391 1881 1459 ju-

306 1487 449 1542 stitia
482 1485 613 1555 legis
641 1484 872 1539 oraculis
898 1482 1183 1551 praedicata
1218 1490 1300 1555 est
1328 1480 1631 1536 novissimis
1658 1489 1881 1535 ventura

306 1552 654 1646 temporibus.
680 1573 892 1628 Iustitia
920 1580 1089 1627 autem
1120 1570 1214 1625 Dei
1238 1552 1327 1642 per
1347 1570 1497 1639 ﬁdem
1519 1569 1549 1622 J
1559 1585 1645 1623 esu
1670 1568 1876 1623 Christi.

1440 200 1741 258 PRIMASH
1783 202 2226 261 ADRUMETANI
2274 208 2479 263 EPISC.

206 328 219 339 '
318 322 516 374 Iuntate
542 316 800 388 procedit,
831 332 933 371 non
959 317 1048 371 illa
1070 318 1221 386 cuius
1248 327 1570 385 prmeeptum
1596 316 1877 371 humanam
1910 325 1946 375 Α
1987 324 2370 389 emendationis
2402 332 2599 376 nostra:
2645 324 3040 392 exspectatione
3089 322 3397 386 patientiam
3426 338 3442 384 ;
3482 325 3551 375 ita

3444 208 3568 275 trs-2.

1986 414 2138 467 nobis
2185 415 2240 467 lit
2287 416 2653 471 misericordia
2685 415 3036 480 remissionis,
3061 415 3187 468 dum
3220 414 3317 469 ille
3357 415 3554 483 patitur

1983 508 2072 577 qui
2103 506 2232 561 nihil
2264 508 2518 573 peccavit,
2550 506 2673 573 quia
2697 506 2874 560 omnia
2904 505 3039 559 Deus
3057 502 3205 573 justo
3231 504 3376 558 facit.
3402 502 3555 558 Juste

1987 610 2111 667 ergo
2138 594 2379 649 diabolus
2411 594 2639 663 perdidit
2676 594 2992 656 debitorem,
3024 594 3147 662 quia
3180 591 3378 661 injuste
3405 594 3549 646 occi-

1983 686 2057 739 dit
2104 687 2460 742 innocentem.
2513 683 2729 754 PrOpter
2775 685 3120 739 remissionem
3158 683 3551 753 prandentium

1952 778 2300 832 delictorum.
2350 776 2527 841 Quare
2570 774 3019 843 przeccdenzium?
3067 773 3169 827 nisi
3214 773 3551 842 originalium

1944 876 1945 879 ‘
1982 867 2299 935 debitorum.
2339 864 2406 919 In
2448 866 2807 919 sustentatione
2835 863 2951 917 Dei.
2981 863 3309 918 Sustentatio
3350 862 3443 916 Dei
3481 865 3554 915 ad

1985 960 2183 1028 majora
2230 967 2447 1029 peccata
2489 958 2827 1027 profecerat-
2851 956 2931 1010 Ad
2971 956 3304 1009 ostensionem
3334 955 3556 1024 justitfc

1982 1054 2111 1123 ejus.
2145 1034 2221 1105 Ut!
2240 1050 2502 1105 revelaret
2530 1047 2790 1115 justitiam
2834 1061 2951 1114 qum
2978 1060 3043 1099 ex
3074 1044 3180 1098 fide
3207 1053 3311 1107 est,
3340 1044 3443 1097 hoc
3467 1050 3555 1096 est

1981 1142 2272 1206 Christum,
2300 1141 2351 1194 in
2394 1141 2493 1193 hoc
2526 1149 2762 1207 tempore
2803 1138 3116 1190 novissimo.
3148 1131 3215 1187 Ut
3244 1134 3353 1202 ipse
3377 1133 3442 1186 sit
3456 1134 3557 1202 ju-

1980 1245 2085 1287 stus
2104 1243 2152 1286 et
2163 1232 2473 1303 jttstiﬁcans.
2498 1230 2598 1296 Qui
2619 1229 2765 1284 solus
2778 1227 2948 1297 justus
2969 1226 3214 1281 iuventus
3231 1233 3333 1289 est,
3355 1230 3412 1278 et
3429 1237 3555 1292 qua:

1983 1326 1995 1377 i
2003 1339 2094 1394 pse
2102 1324 2493 1393 iustificaverit,
2506 1322 2627 1390 quia
2643 1332 2913 1392 peccatum
2927 1320 3169 1385 nescivit,
3184 1318 3306 1372 ideo
3328 1325 3553 1385 peceata

1982 1416 2270 1472 damnavit.
2304 1416 2433 1471 Eum
2458 1415 2545 1483 qui
2581 1431 2645 1469 ea:
2680 1414 2781 1483 [ide
2811 1423 2887 1468 est
2911 1411 3055 1466 Iesu.
3086 1411 3161 1466 Ex
3192 1408 3320 1473 ﬁde,
3351 1409 3553 1478 inquit,

1981 1509 2130 1578 Jesu,
2157 1524 2312 1579 quam
2336 1508 2449 1577 ipse
2472 1509 2629 1564 Jesus
2652 1507 2817 1572 dedit,
2843 1516 3020 1562 etnon
3049 1520 3115 1559 ex
3138 1503 3392 1572 operibus
3416 1503 3557 1570 legis

1981 1610 2071 1654 aut
2113 1611 2333 1654 naturae.
2378 1599 2475 1654 Ubi
2513 1610 2585 1653 est
2622 1614 2742 1669 ergo
2769 1596 3006 1667 gloriatio
3033 1594 3157 1648 tua?
3198 1592 3424 1646 Eadm
3449 1601 3552 1645 est.

303 1668 512 1723 “mnia
542 1666 676 1733 ἥδεθ’
708 1679 826 1734 qua
851 1662 1125 1719 Comen”
1152 1677 1248 1732 per
1276 1662 1456 1729 “dem’
1485 1660 1617 1716 ﬁdes
1644 1661 1757 1731 ipsa
1788 1675 1877 1717 π’
1906 1674 1955 1734 Β
1981 1690 2060 1744 Ad
2085 1690 2297 1745 Judmos
2318 1690 2467 1744 dicit.
2497 1688 2595 1744 Ubi
2615 1660 2701 1745 est
2724 1660 2883 1742 elatio
2906 1697 3013 1751 tua,
3037 1686 3093 1738 in
3112 1698 3215 1753 qua
3235 1681 3557 1752 gloriabaris

303 1760 445 1815 culta
488 1757 835 1825 inspiratione
875 1756 966 1811 Dei
1008 1755 1193 1825 gratize
1232 1754 1376 1810 dono
1412 1753 1724 1820 infunditur,
1770 1769 1871 1808 non

302 1852 483 1907 labore
506 1849 761 1916 humano,
786 1862 885 1903 nec
910 1861 1074 1917 opere
1105 1845 1310 1901 Veteris
1340 1844 1665 1900 Testamenti
1696 1844 1877 1913 aequi-

302 1942 457 2005 ritur,
481 1939 627 2009 quia,
652 1945 711 1992 ut
735 1937 935 1992 dictum
959 1944 1061 2003 est,
1090 1936 1257 2004 ipsius
1283 1934 1478 1990 donum
1503 1946 1586 1989 est
1610 1944 1668 1988 ut
1688 1935 1875 1991 creda-

301 2045 435 2086 mus.
470 2029 640 2098 Super
678 2044 846 2083 omnes
875 2028 964 2098 qui
1002 2026 1233 2080 credunt.
1271 2024 1386 2081 Non
1416 2039 1577 2094 super
1606 2025 1751 2079 solos
1775 2024 1872 2079 Ju-

300 2123 467 2177 dazos.
497 2120 743 2177 Ostendit
767 2118 885 2174 illos
908 2119 1027 2173 ideo
1053 2118 1213 2173 talem
1235 2117 1406 2186 legem
1437 2117 1732 2184 accepisse,
1752 2117 1874 2186 quia

304 2226 410 2271 non
440 2210 750 2275 credebant,
786 2216 1111 2278 quapropter
1142 2206 1195 2260 in
1226 2205 1474 2275 praesenti
1505 2205 1619 2260 sive
1649 2205 1869 2276 peccati,

300 2302 409 2357 sive
450 2298 671 2371 justitite
707 2298 954 2354 meritum
983 2297 1306 2352 referebant.
1344 2293 1461 2349 Non
1503 2295 1639 2348 enim
1664 2303 1738 2348 est
1766 2295 1872 2349 dis-

299 2392 494 2446 tinctio.
533 2388 720 2443 Omnes
750 2390 885 2442 enim
931 2394 1260 2459 peccaverunt
1289 2394 1337 2438 et
1366 2394 1509 2455 egent
1552 2384 1718 2455 gloria
1757 2383 1867 2439 Dei.

298 2483 353 2538 Id
382 2492 486 2548 est,
518 2484 655 2537 inter
682 2480 924 2536 Judaeum
952 2489 1004 2535 et
1032 2478 1307 2550 gentilem,
1333 2477 1456 2547 quia
1487 2487 1709 2545 utraque
1751 2490 1872 2545 pars

299 2578 353 2629 in
381 2571 751 2628 incredulitate
778 2571 1032 2626 conclusa
1057 2576 1155 2632 est,
1189 2574 1245 2622 et
1269 2574 1425 2637 egent
1452 2566 1617 2645 gloria
1644 2565 1871 2620 Redem-

290 2665 488 2735 ptoris,
526 2677 648 2735 quas
694 2665 744 2719 in
790 2660 1015 2717 salutem
1055 2658 1383 2715 credentium
1430 2657 1703 2711 dilatatur.
1740 2655 1869 2710 Nam

299 2754 463 2811 intubi
489 2754 662 2825 legem
685 2752 900 2820 litterte,
925 2749 1152 2820 gentiles
1172 2756 1375 2801 natura:
1404 2748 1573 2816 legem
1605 2756 1872 2814 transgre-

298 2845 515 2911 diendo,
544 2844 747 2915 pariter
771 2850 1082 2913 peccatores
1112 2828 1312 2894 inventi
1353 2846 1494 2901 sunt,
1525 2848 1578 2890 et
1625 2852 1718 2904 per
1758 2838 1871 2890 ori-

298 2937 475 3008 ginale
516 2940 810 3003 peceatum,
852 2940 907 2985 et
945 2944 1045 2999 per
1082 2927 1315 2983 actuale.
1363 2923 1644 2993 iustiﬁcati
1689 2926 1867 2996 gratis.

297 3028 421 3082 Siue
469 3026 593 3080 ullis
642 3023 1067 3094 praecedentibus
1114 3019 1343 3084 meritis,
1401 3032 1498 3085 per
1551 3016 1869 3083 baptismum
1899 3033 1945 3093 α

297 3115 591 3186 iustificati.
619 3112 753 3169 Cum
779 3112 1027 3168 omnibus
1066 3124 1171 3164 non
1205 3108 1531 3164 merentibus
1560 3108 1725 3176 gratis
1753 3122 1873 3175 pec-

297 3219 415 3262 cata
458 3207 696 3272 donavit,
741 3203 867 3258 audi
907 3203 1095 3273 gratis,
1143 3210 1198 3255 et
1239 3209 1353 3254 tace
1400 3200 1468 3253 de
1509 3197 1736 3254 meritis.
1777 3198 1874 3252 Per

297 3301 516 3371 gratiam
544 3298 726 3369 ipsius.
755 3296 887 3362 Quia
913 3294 1056 3364 quod
1086 3309 1189 3348 non
1214 3292 1443 3347 debebat
1467 3304 1563 3360 pro
1592 3289 1745 3345 nobis
1777 3306 1870 3343 rx-

306 3389 488 3453 sulvit,
525 3398 581 3440 ut
612 3401 709 3440 nos
734 3385 899 3456 gratis
928 3384 1229 3452 redemptos
1255 3381 1505 3435 salvaret.
1539 3378 1642 3433 Per
1674 3380 1873 3433 redem-

296 3481 519 3552 ptionem
549 3491 660 3545 qua:
694 3485 766 3529 est
800 3476 854 3528 in
884 3474 1085 3528 Christo
1112 3471 1255 3527 Jesu.
1300 3472 1372 3530 De
1407 3471 1712 3539 captivitate
1752 3484 1872 3538 pec-

296 3571 401 3626 cati
424 3567 685 3637 redempti
712 3580 918 3629 sumus,
939 3581 1046 3619 non
1076 3572 1283 3631 natura,
1303 3562 1425 3632 quia
1449 3568 1637 3614 natura
1660 3574 1872 3628 semper

296 3660 463 3729 ipsius
506 3658 719 3723 fuimus,
751 3657 873 3725 quia
905 3656 993 3724 qui
1040 3653 1277 3719 redimit,
1325 3667 1479 3705 suum
1521 3650 1679 3704 docet
1709 3649 1872 3703 fuisse

295 3767 453 3819 quem
483 3749 715 3811 redimit,
741 3750 877 3803 sicut
900 3749 1058 3802 docet
1081 3745 1364 3816 prepbeta:
1383 3744 1561 3799 Gratis
1584 3740 1871 3796 venundati

294 3840 444 3906 estis,
475 3849 529 3893 et
558 3840 675 3892 sine
703 3836 927 3906 pecunia
960 3832 1316 3889 redimetnini.
1349 3831 1596 3886 Christus
1618 3844 1747 3899 ergo
1776 3844 1871 3884 nos

297 3930 543 3994 redemit,
576 3930 716 3983 sicut
744 3927 874 3982 dicit
917 3926 1106 3980 Petrus
1134 3942 1147 3978 :
1182 3925 1423 3979 Scientes
1452 3922 1576 3993 quia
1598 3937 1715 3987 non
1751 3935 1872 3974 cor-

298 4019 638 4083 ruptibilibus
677 4026 899 4085 argento
924 4024 979 4069 et
1007 4030 1138 4069 auro
1171 4012 1435 4083 redempti
1462 4012 1595 4067 estis
1624 4011 1693 4065 de
1735 4024 1869 4063 vana

298 4118 471 4162 vestra
516 4106 945 4169 conversatione,
973 4114 1028 4159 et
1058 4104 1299 4171 reliqua;
1337 4112 1391 4157 et
1429 4100 1661 4155 Paulus:
1698 4098 1870 4167 Etnpti

296 4199 436 4253 cuitu
470 4197 606 4251 estis
648 4196 819 4265 pretio
853 4206 1068 4262 magno.
1119 4192 1397 4260 lledetnpti
1436 4203 1566 4260 ergo
1595 4202 1782 4243 sumus
1803 4188 1872 4243 de

298 4294 493 4349 morte,
527 4286 612 4340 cui
660 4299 752 4353 per
798 4292 1072 4352 peccatum
1107 4280 1314 4335 venditi
1356 4279 1650 4341 fueramus,
1683 4291 1871 4331 secun-

299 4377 422 4428 dum
456 4375 643 4429 lsaiam
683 4374 950 4427 dieeutem
975 4388 989 4424 :
1013 4371 1144 4437 Quis
1183 4370 1318 4424 liber
1357 4368 1607 4437 repudii?
1632 4367 1869 4423 Peccatis
1898 4390 1953 4450 Β

298 4466 439 4519 enim
466 4464 657 4517 vestris
683 4461 965 4517 venundati
995 4461 1142 4515 estis.
1175 4462 1351 4526 Quam
1375 4469 1600 4515 mortem
1631 4458 1872 4514 Christus

300 4554 487 4619 evicit,
511 4553 598 4622 qui
631 4560 903 4621 peccatum
934 4566 1038 4603 non
1070 4549 1215 4614 fecit,
1243 4548 1365 4619 quia
1392 4564 1583 4604 omnes
1603 4548 1873 4603 debitores

300 4660 513 4701 eran'ius
542 4644 699 4699 morti
732 4658 827 4713 per
872 4651 1169 4710 peccatum.
1202 4639 1296 4694 Ille
1334 4647 1509 4693 autem
1554 4653 1614 4694 se
1660 4637 1874 4692 tradidit

302 4738 481 4803 morti,
506 4738 588 4791 cui
614 4735 743 4791 nihil
770 4731 1018 4796 debebat,
1041 4740 1099 4786 ut
1120 4746 1218 4786 nos
1243 4746 1341 4785 suo
1361 4730 1617 4799 sanguine
1644 4745 1673 4782 a
1702 4738 1872 4782 morte

302 4832 608 4885 redittterct.
660 4828 773 4882 Non
815 4823 963 4891 emit,
997 4824 1119 4894 quia
1153 4839 1245 4889 per
1275 4829 1517 4875 naturam
1563 4818 1730 4887 ipsius
1756 4817 1870 4870 fue-

303 4938 514 4988 ramus;
545 4920 635 4976 scd
668 4917 912 4984 redemit,
947 4916 1066 4985 quia
1108 4914 1307 4984 captivi
1347 4911 1677 4967 tenebamur.
1711 4906 1875 4972 Quem

302 5016 563 5085 prepositit
613 5012 749 5067 Deus
798 5009 1207 5080 propitiatiouem
1247 5022 1337 5077 per
1371 5004 1521 5073 ﬁdem
1549 5003 1604 5055 in
1627 4998 1876 5069 sanguine

301 5106 481 5172 ipsius.
509 5103 563 5154 lu
593 5110 838 5172 promptu
868 5100 1065 5168 posuit,
1097 5098 1213 5168 quia
1241 5097 1408 5166 gratis
1438 5093 1548 5159 dat,
1581 5102 1633 5145 ut
1666 5104 1763 5143 nec
1783 5090 1878 5146 de-

304 5202 487 5263 speret
524 5192 732 5260 aliquis,
774 5205 872 5244 nec
906 5190 974 5245 de
1013 5191 1124 5244 suis
1171 5186 1372 5242 meritis
1410 5182 1717 5248 extollatur,
1754 5181 1876 5249 quia

304 5268 609 5356 propitiatio
631 5291 683 5337 ct
710 5265 953 5336 remissio
982 5289 1317 5348 peccatorum
1348 5291 1442 5346 per
1462 5274 1771 5343 sanguinem
1795 5280 1877 5326 est

304 5379 498 5435 Christi
527 5376 747 5439 collata,
768 5373 821 5426 in
861 5371 1012 5440 cujus
1043 5380 1167 5440 typo
1193 5370 1357 5441 etiam
1390 5369 1440 5421 in
1476 5366 1654 5421 Veteri
1681 5365 1871 5418 Testa-

305 5481 482 5524 mento
525 5482 619 5536 pro
651 5461 883 5535 peccatis
926 5460 1104 5529 populi
1138 5459 1469 5514 victimarum
1502 5454 1718 5524 sanguis
1742 5452 1876 5508 offe-

304 5574 537 5616 rebatur.
588 5560 665 5613 Ad
708 5555 1042 5611 ostertsionem
1082 5551 1299 5622 justitite
1336 5566 1473 5621 suae.
1514 5548 1571 5601 In
1615 5547 1715 5600 hoc
1750 5544 1880 5599 dicit

305 5651 607 5707 ostendisse
653 5646 941 5717 iustitiam,
1000 5643 1142 5715 quod
1187 5640 1514 5695 indelensam
1568 5637 1737 5692 tenuit
1783 5648 1887 5704 pro.

1979 1794 2031 1837 te
2056 1784 2333 1839 meliorem
2366 1796 2486 1839 esse
2512 1797 2603 1852 per
2626 1778 3084 1835 circumcisionem
3110 1772 3413 1829 carnalem!
3439 1773 3553 1825 Ex-

1976 1877 2125 1931 clusa
2154 1884 2236 1933 est
2276 1876 2519 1947 gloriatio
2548 1883 2656 1930 tua.
2706 1871 2808 1925 Per
2849 1885 3002 1941 quam
3028 1867 3226 1938 legem?
3265 1865 3558 1936 ludorum?

1977 1968 2121 2036 Non,
2144 1971 2232 2024 sed
2256 1986 2344 2038 per
2365 1968 2523 2039 legem
2545 1968 2683 2037 ﬁdei.
2706 1964 2984 2034 Sequitur:
3009 1960 3251 2030 Nunquid
3274 1974 3368 2030 per
3386 1958 3558 2012 lactt»

1977 2074 2118 2125 rum,
2144 2061 2193 2112 id
2215 2069 2298 2114 est
2316 2074 2479 2129 opera
2503 2056 2667 2127 legis?
2682 2064 2733 2109 et
2758 2052 3074 2123 respondet:
3096 2051 3234 2115 Non,
3258 2049 3352 2103 sed
3374 2049 3559 2115 legem
3603 2050 3615 2059 ’

1977 2148 2119 2203 fidei.
2134 2148 2324 2219 Legem
2343 2148 2472 2203 dicit
2488 2147 2611 2202 fidei
2630 2144 2877 2218 gratiam,
2899 2158 2997 2214 per
3016 2156 3174 2212 quam
3187 2140 3254 2194 ad
3275 2139 3557 2195 Christum

1975 2239 2301 2306 accedimus,
2346 2254 2439 2308 per
2478 2252 2641 2307 quam
2685 2234 2844 2291 fidem
2883 2232 3197 2302 accipimus.
3229 2228 3560 2283 Arbitrantur

1975 2334 2106 2387 enim
2140 2332 2418 2404 justiﬁcari
2456 2330 2709 2384 hominem
2746 2345 2837 2397 per
2871 2328 3042 2397 ﬁdem.
3075 2323 3382 2389 Deﬁnimus,
3410 2323 3559 2378 certi

1974 2439 2177 2491 sumus,
2212 2426 2311 2478 hoc
2336 2422 2651 2492 judicatnus.
2684 2420 2811 2475 Sine
2841 2416 3071 2488 operibus
3112 2416 3257 2485 legis.
3285 2414 3558 2468 Addenda

1978 2516 2133 2586 legis,
2177 2512 2411 2568 tstendit
2452 2526 2572 2565 esse
2618 2521 2671 2565 et
2719 2508 2843 2563 fidei
2885 2520 3068 2576 opera.
3115 2504 3389 2571 Quomodo
3415 2516 3563 2572 ergo

1972 2614 2199 2670 lacubus
2228 2612 2337 2669 ait:
2372 2596 2529 2666 Fides
2581 2610 2696 2664 sine
2741 2606 2990 2676 operibus
3020 2614 3228 2659 mortua
3270 2602 3392 2659 est?
3436 2602 3559 2657 Sed

1976 2707 2169 2771 Paulus
2194 2705 2260 2760 de
2286 2702 2538 2772 operibus
2558 2701 2688 2771 legis
2709 2699 2859 2765 dicit,
2881 2698 3112 2752 Jacobus
3133 2704 3308 2750 autem
3324 2694 3393 2749 de
3412 2708 3557 2762 ope-

1975 2797 2121 2852 ribus
2147 2810 2266 2864 quae
2300 2794 2506 2849 fidelem
2539 2791 2806 2846 hominem
2843 2802 2961 2843 esse
2995 2789 3242 2857 probant,
3267 2786 3401 2857 sicut
3426 2784 3564 2852 ipse

1975 2889 2028 2943 iu
2072 2886 2419 2957 sequentibus
2446 2885 2668 2953 exponit
2697 2899 2711 2938 :
2744 2881 2981 2937 Ostende
3023 2880 3152 2934 mihi
3196 2893 3260 2931 ex
3291 2864 3559 2945 operibus

1978 2980 2135 3035 fidem
2164 2987 2328 3033 tuam.
2354 2977 2523 3047 Opera
2550 2986 2672 3030 sunt
2696 2989 2791 3044 per
2817 2987 2935 3043 qua
2957 2970 3091 3027 fides
3117 2970 3438 3041 agnoscitur.
3462 2968 3557 3021 An

1975 3069 2273 3126 Iudaeorum
2322 3066 2501 3122 Deus?
2533 3066 2721 3120 Nonne
2748 3077 2936 3120 omnes
2964 3062 3105 3117 Deus
3130 3061 3272 3124 fecit,
3303 3070 3355 3113 et
3392 3058 3559 3112 simi-

1975 3163 2095 3218 liter
2120 3161 2187 3216 de
2207 3160 2454 3214 omnibus
2480 3171 2605 3212 cura
2633 3165 2717 3212 est
2738 3156 2822 3211 ei?
2842 3154 2957 3209 Non
2981 3152 3151 3208 solum
3179 3149 3350 3215 vobis,
3366 3148 3465 3203 sed
3490 3157 3562 3204 et

1974 3252 2218 3323 gentibus
2245 3252 2386 3304 venit
2409 3249 2650 3304 Christus
2675 3261 2739 3301 et
2764 3243 3216 3315 legepromissus,
3248 3243 3352 3295 imo
3372 3242 3559 3310 magis

1973 3343 2122 3412 ipsis.
2154 3340 2396 3395 Tantum.
2424 3338 2589 3405 Quasi
2611 3335 2780 3394 Judaei
2802 3335 3014 3389 dicant:
3033 3334 3137 3389 Sed
3163 3342 3347 3403 gentes
3369 3331 3554 3386 Deum

1973 3435 2390 3502 dereliquerunt,
2422 3441 2476 3486 et
2505 3428 2886 3498 respondeatur
2925 3427 3003 3481 eis
3029 3443 3043 3479 :
3075 3425 3143 3479 Et
3169 3438 3281 3479 vos.
3312 3423 3393 3476 llli
3420 3437 3560 3491 pec-

1972 3534 2249 3590 caverunt,
2279 3533 2337 3580 et
2362 3538 2476 3578 vos.
2508 3521 2613 3578 Sed
2644 3512 2751 3575 nos
2780 3519 3157 3583 convertimur,
3182 3526 3237 3571 et
3258 3516 3352 3571 illi.
3379 3513 3562 3570 Nobis

1973 3616 2215 3671 Christus
2246 3614 2394 3669 vertit
2430 3613 2744 3682 promissus,
2790 3618 2844 3664 et
2890 3608 3012 3662 illis.
3045 3606 3161 3662 Non
3209 3619 3339 3676 ergo
3367 3614 3560 3658 vester

1974 3714 2174 3762 tantum
2206 3712 2287 3760 est
2308 3704 2469 3771 Deus,
2495 3711 2585 3756 aut
2613 3701 2765 3771 quasi
2797 3713 2891 3754 vos
2916 3698 3166 3753 nesciatis
3184 3696 3325 3767 quod
3353 3709 3563 3751 omnes

1973 3815 2041 3856 ex
2088 3800 2253 3852 Adam
2285 3798 2393 3850 nati
2444 3804 2590 3860 sunt,
2641 3805 2695 3848 et
2719 3793 2860 3861 quod
2916 3790 3173 3859 scriptum
3216 3790 3308 3855 sit,
3360 3798 3565 3855 gentes

1973 3891 2183 3946 Christo
2210 3886 2529 3949 credituras,
2575 3885 2712 3939 sicut
2740 3884 2907 3938 dicit:
2943 3883 3140 3937 Domus
3167 3894 3306 3945 mea,
3354 3878 3561 3934 domus

1974 3980 2231 4037 orationis
2279 3978 2555 4034 vocabitur
2578 3977 2826 4031 omnibus
2867 3973 3135 4043 gentibus.
3193 3973 3263 4026 Et
3306 3972 3501 4025 iterum
3540 3988 3558 4023 :

1974 4073 2165 4129 Audite
2207 4085 2391 4126 vocem
2442 4069 2602 4133 tubae,
2647 4077 2702 4123 et
2753 4067 3042 4127 dixerunt:
3075 4063 3191 4119 Non
3242 4061 3555 4116 audiemus.

1974 4167 2197 4234 Propter
2230 4165 2331 4218 hoc
2358 4160 2574 4216 audient
2618 4168 2824 4229 gentes.
2874 4156 3064 4211 Nonne
3090 4164 3141 4210 et
3166 4155 3392 4225 gentium
3413 4154 3438 4206 Ρ
3466 4154 3558 4207 Ea

1973 4254 2222 4326 gentibus
2246 4251 2598 4315 credentium,
2638 4250 2761 4318 quia
2806 4248 3112 4315 frequenter
3161 4242 3431 4312 prepheta:
3474 4243 3559 4299 de

1976 4362 2160 4402 eorum
2192 4345 2472 4399 vocatione
2522 4341 2791 4396 dixerunt.
2847 4338 2962 4391 Ima
2997 4347 3046 4391 et
3073 4336 3318 4406 gentium.
3366 4336 3418 4389 Id
3464 4342 3563 4390 est

1981 4439 2145 4493 multo
2174 4437 2341 4505 magis
2368 4444 2420 4488 et
2447 4433 2706 4504 gentium,
2729 4430 2852 4500 quia
2878 4438 3004 4485 ante
3043 4429 3212 4497 legem
3244 4425 3415 4483 sancti
3438 4425 3565 4481 Deo

1980 4534 2312 4602 placuerunt.
2337 4517 2548 4597 Optime
2572 4536 2749 4579 autem
2772 4521 2987 4577 modum
3007 4519 3242 4576 servavit
3261 4519 3315 4573 iu
3333 4517 3555 4573 verbis:

1980 4626 2088 4680 imo
2140 4624 2293 4687 dixit,
2333 4630 2389 4674 ut
2426 4617 2729 4673 ostenderet
2786 4613 2952 4684 magis
2988 4622 3196 4682 gentes,
3250 4613 3372 4681 quia
3419 4620 3563 4665 ante

1980 4717 2191 4771 fuerunt
2236 4713 2403 4766 sancti
2438 4708 2735 4779 prmputiati
2762 4720 2918 4775 quam
2944 4702 3267 4765 circumcisi.
3296 4712 3351 4756 et
3370 4703 3559 4756 Abra-

1981 4806 2102 4860 ham
2132 4812 2255 4858 ante
2283 4800 2743 4858 circumcisioncm
2780 4795 3098 4865 justifiestus
3124 4792 3367 4848 credidit.
3403 4791 3561 4854 Quo-

1978 4898 2118 4951 niam
2147 4894 2344 4963 quidem
2376 4906 2505 4944 unus
2543 4888 2682 4941 Deus
2720 4888 2809 4958 qui
2834 4886 3083 4959 justiﬁcat
3113 4882 3563 4937 circumeisiouem

1977 5005 2040 5043 ex
2067 4988 2186 5054 ﬁde.
2234 4985 2520 5052 Utramque
2545 4989 2757 5051 gentem
2784 4994 2881 5047 per
2914 4977 3069 5032 [idem
3108 4974 3309 5030 Christi
3331 4974 3587 5028 salvan;

1978 5080 2097 5133 dam
2128 5091 2251 5131 esse
2290 5074 2589 5138 denuntiat,
2633 5071 2733 5126 hoc
2772 5078 2876 5132 est,
2900 5084 2964 5124 ex
2987 5068 3111 5123 fide.
3133 5065 3263 5122 Nam
3292 5080 3388 5120 nec
3412 5080 3563 5134 pra:-

1980 5172 2205 5241 putium,
2258 5182 2357 5222 nec
2404 5164 2743 5219 circumcisio
2770 5162 2888 5217 sine
2947 5160 3051 5216 fide
3098 5157 3433 5227 iustiﬁcetur.
3484 5157 3563 5212 Et

1981 5261 2283 5332 prtrputium
2304 5275 2392 5329 per
2422 5258 2593 5325 ﬁdem.
2636 5255 2785 5314 Sicut
2816 5253 2971 5319 Abel,
2993 5252 3126 5320 Noe,
3144 5261 3198 5307 et
3225 5251 3428 5307 exteri.
3456 5249 3560 5305 Le-

1978 5372 2090 5428 gem
2141 5369 2259 5423 ergo
2288 5350 2594 5405 drstruimus
2622 5364 2712 5418 per
2739 5347 2932 5417 ﬁdem?
2981 5345 3144 5398 Absit.
3194 5344 3386 5414 Legem
3422 5358 3573 5409 ergo

1982 5460 2076 5516 per
2103 5444 2262 5501 fidem
2290 5440 2639 5508 destruimus,
2668 5453 2787 5508 quae
2825 5435 3287 5495 circumcisionem
3317 5431 3500 5487 docuit
3529 5435 3569 5487 r

1982 5542 2151 5596 Absit.
2182 5539 2239 5594 In
2270 5547 2473 5592 tantum
2508 5542 2567 5588 ut
2595 5533 2738 5586 dicat
2765 5530 2983 5600 Moysen
3028 5535 3242 5597 propter
3264 5523 3563 5581 circumi-

1982 5645 2097 5685 sum
2130 5629 2292 5683 filium
2316 5641 2451 5697 pene
2480 5623 2816 5680 interfectum
2848 5622 3027 5676 fuisse.
3060 5620 3133 5676 Ne
3159 5635 3286 5690 ergo
3309 5618 3384 5673 illi
3408 5616 3571 5670 disc-
