3968 6166
319 392 421 447 455

1176 388 1239 446 IN
1284 390 1667 448 EPISTOL.\M
1706 390 1796 445 AD
1837 387 2160 445 ROMANOS
2199 386 2718 444 COMMENTARIA.

3463 391 3569 441 ὁδε

319 513 467 558 rent:
493 500 686 572 Legem
708 516 834 570 ergo
861 500 1113 566 destruis,
1132 502 1181 554 in
1212 517 1311 571 qua
1338 516 1524 556 omnes
1551 501 1634 565 qui
1654 500 1894 555 credide-
1924 503 1970 559 Α
2000 496 2405 551 circumcisione
2434 495 2585 559 dicit,
2634 503 2687 549 et
2720 492 2928 547 cmteris
2969 490 3293 560 hujusmodi.
3331 494 3572 550 (It-edenti

318 606 441 649 runt
458 593 591 665 justi
612 593 910 649 circumcisi
942 592 1151 647 luerunt
1171 603 1294 649 ante
1319 593 1489 664 legum
1522 591 1894 655 incircumcisi,

316 688 413 741 sed
449 697 625 740 tamen
668 684 846 739 nullus
873 683 1275 749 incircumcisus
1312 683 1365 737 in
1401 684 1537 752 lege.
1568 682 1683 755 Nop
1727 682 1895 747 solus,

314 778 412 838 ait,
448 792 553 830 non
580 776 818 839 destruo,
864 773 967 828 sed.
988 773 1271 839 conﬁrmo,
1305 772 1432 826 dum
1481 773 1615 825 hanc
1664 772 1902 841 praedico

314 867 809 931 circumcisionem,
853 880 1011 934 quam
1044 863 1135 918 ille
1165 863 1407 929 prtedixit
1437 881 1452 918 :
1484 864 1539 917 in
1573 862 1896 923 novissimis,

316 959 513 1029 inquit,
555 958 743 1013 diebus
773 954 1118 1012 circumcidet
1148 954 1404 1029 Dominus
1443 954 1583 1007 Deus
1611 967 1704 1007 cor
1729 962 1897 1017 tuum,

314 1062 369 1104 et
394 1028 500 1104 cur
527 1046 748 1103 seminis
780 1047 876 1112 tui,
925 1045 993 1100 ad
1042 1044 1207 1099 Deum
1236 1028 1385 1098 tuum
1433 1045 1741 1097 amandum.
1778 1042 1901 1097 ll:rc

314 1150 401 1197 est
429 1142 582 1195 ﬁdes.
606 1140 757 1195 Tunc
781 1139 1113 1194 destruerem
1138 1136 1328 1204 legem,
1371 1134 1417 1190 si
1450 1134 1594 1190 illam
1623 1134 1898 1191 mentitam

315 1231 575 1293 dicerem,
620 1228 721 1284 hoc
768 1236 853 1283 est
904 1240 1011 1281 non
1040 1234 1389 1293 cessaturam,
1423 1239 1544 1278 cum
1575 1224 1663 1278 illa
1685 1236 1744 1278 se
1781 1238 1899 1291 pro-

315 1320 897 1381 miseritcessaturam,
924 1317 1063 1371 sicut
1084 1314 1213 1370 dicit
1237 1314 1499 1370 Jeremias
1526 1331 1540 1366 :
1573 1313 1721 1369 Dabo
1751 1314 1900 1370 vobis

317 1421 696 1466 testamentum
725 1422 943 1465 novum.
975 1406 1039 1460 Et
1086 1405 1248 1459 Isaias
1285 1422 1299 1459 :
1333 1403 1412 1457 Ex
1439 1404 1565 1458 Sion
1596 1405 1899 1472 egredietur
1936 1422 1953 1431 κ

322 1505 432 1570 lex,
461 1510 517 1557 et
538 1500 760 1556 verbum
782 1498 994 1553 Domini
1025 1496 1092 1552 de
1114 1495 1434 1552 Jerusalem.
1461 1495 1564 1550 Sed
1607 1495 1768 1566 legem
1796 1506 1902 1549 sm-

322 1597 549 1650 tuimus.-
578 1593 735 1651 Stare
771 1593 1017 1658 facimus,
1061 1592 1187 1646 dum
1234 1592 1519 1661 probamus
1551 1605 1732 1661 verum
1777 1603 1900 1643 esse

317 1686 461 1754 quod
491 1684 622 1739 dixit
643 1684 711 1739 de
733 1683 966 1752 antiquis
981 1682 1143 1751 justis
1169 1690 1223 1736 et
1251 1681 1497 1749 gentibus
1518 1679 1822 1742 creditoris,
1847 1686 1899 1730 et

316 1776 654 1846 spiritualem
698 1772 1164 1829 circumcisionem
1200 1781 1504 1835 venturam,
1535 1770 1658 1824 dum
1693 1771 1791 1822 hoc
1819 1767 1897 1821 oi-

2003 596 2175 642 autem
2205 590 2257 641 in
2288 604 2421 651 eum,
2444 588 2532 657 qui
2551 585 2805 657 justi/icat
2847 584 3078 653 impium.
3102 572 3330 655 impium
3365 603 3458 655 per
3481 603 3574 641 ευ.

2004 678 2106 732 lam
2139 678 2293 732 ﬁdem
2327 677 2603 745 justiﬁcat,
2632 689 2737 729 non
2781 688 2961 743 opera,
2988 689 3108 747 qua:
3136 691 3238 729 non
3272 674 3491 744 habuit;
3529 680 3571 733 si

2002 768 2142 823 enim
2178 768 2472 822 secundum
2514 781 2695 836 opera,
2738 764 3037 836 puniendus
3059 776 3161 830 est,
3190 782 3295 821 non
3342 770 3576 825 liberau-

2002 857 2121 911 dus.
2151 858 2319 914 Simul
2362 856 2744 912 attendendum
2788 872 2893 910 non
2923 865 3259 923 peccatorem
3295 858 3573 926 iustiﬁcari

2002 965 2096 1019 per
2126 950 2305 1017 ﬁdem,
2330 946 2426 1005 se'd
2456 950 2696 1019 impium.
2736 948 3021 1018 Reputatur
3045 949 3175 1017 ﬁdes
3196 953 3311 1024 ejus
3332 952 3574 1023 adjusti-

2004 1042 2148 1106 tiam,
2186 1043 2458 1095 secundum
2485 1041 2801 1109 propositum
2827 1040 3005 1109 gratia:
3032 1038 3164 1093 Dei:
3186 1042 3319 1095 sicut
3342 1053 3387 1096 et
3415 1044 3579 1097 David

2003 1134 2145 1188 dicit.
2180 1132 2329 1187 Sicut
2349 1130 2612 1198 Abrahze;
2646 1140 2699 1185 et
2729 1140 2910 1185 nostra
2941 1130 3172 1185 ﬁliorum
3203 1132 3319 1201 ejus
3344 1147 3440 1201 per
3460 1156 3580 1201 gra-

2004 1226 2151 1281 tiam.
2183 1225 2554 1279 Beatitudinem
2574 1223 2811 1277 hominis.
2838 1222 3021 1293 Magna
3044 1223 3309 1279 beatitudo
3332 1235 3434 1287 est,
3463 1227 3579 1281 sine

2003 1316 2184 1373 labore
2215 1316 2364 1386 legis,
2399 1316 2481 1370 vel
2511 1306 2839 1383 poenitentiae
2860 1313 3015 1367 ﬁdem
3042 1328 3134 1382 per
3153 1315 3321 1369 Solam
3349 1318 3575 1386 gratiam

2002 1409 2317 1477 promereri,
2338 1406 2631 1464 secundum
2655 1405 2984 1475 propositum
3018 1406 3132 1475 Dei,
3158 1422 3264 1476 quo
3295 1411 3573 1477 pr0posuit

2002 1502 2165 1569 gratis
2191 1509 2402 1568 peccata
2432 1498 2723 1553 dimittere.
2753 1495 2850 1551 Cui
2882 1496 3018 1549 Deus
3049 1508 3253 1568 accepto
3282 1498 3379 1567 fert
3410 1501 3573 1571 justi-

2001 1592 2123 1645 tiam
2143 1592 2252 1644 sine
2280 1589 2533 1659 operibus.
2566 1588 2642 1642 llli
2670 1597 2892 1657 accepto
2922 1587 3091 1642 fertur
3118 1590 3377 1655 justitiam
3405 1590 3432 1625 “
3461 1592 3577 1648 sine

2002 1681 2273 1751 operibus,
2305 1681 2394 1749 qui
2422 1695 2515 1747 per
2544 1679 2725 1745 ﬁdem,
2757 1693 2857 1748 qua
2902 1678 3130 1747 primum
3176 1680 3283 1735 Deo
3322 1681 3572 1751 credidit,

2002 1782 2054 1826 et
2097 1770 2165 1825 de
2195 1771 2461 1835 prteterito
2490 1769 2803 1837 absolvitur,
2834 1779 2889 1825 et
2924 1769 2992 1824 de
3032 1772 3282 1840 praesenti
3312 1773 3579 1841 justiﬁca-

318 1867 430 1919 ﬁcit
455 1865 610 1929 ﬁdes,
638 1863 777 1935 quod
810 1864 897 1918 lex
926 1862 1099 1933 jubet,
1131 1877 1249 1931 quae
1279 1861 1412 1916 ﬁdes
1437 1861 1608 1914 sinon
1631 1859 1720 1925 sit,
1747 1859 1897 1927 jubet
1927 1868 1971 1926 Β
2002 1871 2103 1928 tur,
2136 1872 2190 1916 ct
2240 1861 2306 1916 ad
2349 1863 2526 1916 futura
2566 1860 2690 1915 ﬁdei
2741 1875 2904 1928 opera
2939 1869 3288 1929 praeparatur.
3341 1861 3584 1919 Probare

315 1965 526 2011 tantum
567 1956 675 2020 lex,
700 1964 753 2010 et
783 1970 888 2009 non
926 1953 1207 2023 implentes
1231 1955 1377 2021 jussa
1424 1965 1548 2007 reos
1588 1962 1751 2015 tenet,
1782 1965 1900 2019 qua:

316 2063 425 2101 non
478 2045 749 2114 impletur,
784 2044 886 2099 nisi
931 2058 1026 2114 per
1072 2043 1413 2108 charitatem,
1467 2056 1626 2111 quatn
1670 2040 1899 2109 Spiritus

315 2143 535 2190 sanctus
564 2134 791 2188 infundit
820 2148 912 2202 per
933 2131 1154 2201 gratiam
1189 2147 1363 2185 suam.
1416 2192 1419 2195 λ

388 2224 521 2280 Car.
550 2242 623 2280 tv.
656 2225 795 2293 Quid
820 2239 942 2293 ergo
969 2223 1187 2276 dicimus
1232 2223 1481 2276 invenisse
1509 2221 1763 2275 Abraham
1808 2236 1898 2287 pa.

314 2326 446 2373 trem
475 2319 746 2371 nostrum?
777 2317 1012 2371 Revocat
1036 2315 1156 2369 illos
1177 2313 1242 2370 ad
1267 2325 1423 2384 caput
1450 2316 1895 2383 circumcisiuuis,

316 2420 375 2463 ut
402 2409 545 2479 quod
577 2408 728 2462 initio
761 2407 1085 2471 constiterit,
1139 2406 1192 2460 id
1234 2405 1491 2461 habeatur
1541 2408 1592 2460 in
1623 2416 1754 2483 tcto:
1786 2409 1900 2462 Cir-

317 2500 576 2553 cumcisio
604 2499 657 2552 in
689 2512 849 2553 carne
873 2507 975 2563 est,
1003 2496 1130 2552 ﬁdes
1150 2506 1325 2551 autem
1352 2497 1402 2550 in
1429 2507 1605 2552 mente
1629 2499 1895 2553 consistit.

322 2591 591 2645 Abraham
632 2588 924 2644 secundum
963 2589 1120 2645 ﬁdem
1158 2604 1251 2658 per
1292 2590 1606 2658 prmputium
1640 2598 1792 2658 pater
1816 2599 1900 2645 est

318 2682 579 2749 gentium,
609 2682 903 2737 secundum
933 2696 1148 2736 carnem
1174 2692 1321 2750 pater
1345 2692 1425 2736 est
1454 2682 1895 2738 circumcisionis.

320 2774 474 2830 Fides
494 2786 671 2830 autem
696 2790 796 2845 qua
821 2785 969 2844 pater
989 2784 1071 2829 est
1096 2775 1358 2843 gentium,
1387 2789 1489 2829 non
1508 2775 1559 2830 in
1590 2791 1774 2843 carne,
1797 2778 1889 2831 sed

320 2867 373 2919 in
405 2874 587 2921 mente
614 2866 879 2920 consistit.
922 2864 1217 2920 Secundum
1247 2880 1469 2919 carnem.
1506 2863 1560 2921 id
1593 2876 1675 2919 est
1701 2880 1894 2920 set-un-

320 2960 442 3011 dum
473 2956 650 3012 carnis
672 2957 1153 3012 circumcisionem.
1180 2956 1241 3010 Si
1267 2957 1399 3008 enim
1422 2956 1676 3009 Abraham
1697 2974 1759 3011 ea:
1780 2974 1898 3025 ape-

321 3052 457 3104 ribus
476 3050 796 3120 justi/iratus
835 3057 928 3113 est,
955 3047 1101 3101 habet
1122 3047 1360 3117 gloriam.
1385 3046 1661 3113 Quomodo
1685 3064 1749 3101 ex
1774 3064 1898 3116 ope-

318 3141 488 3205 ribus,
510 3154 630 3193 cum
654 3150 709 3194 et
738 3140 853 3207 ipse
872 3154 936 3193 ex
966 3137 1210 3208 gentibus
1237 3136 1481 3192 venerit?
1504 3136 1609 3190 Sed
1636 3153 1735 3191 non
1758 3138 1897 3208 apud

2002 1954 2110 2008 vult
2136 1963 2189 2009 et
2216 1955 2268 2009 in
2312 1955 2426 2023 ipsa
2456 1954 2572 2023 lege
2618 1952 2870 2022 praedici,
2894 1951 3152 2021 justitiam
3180 1954 3296 2010 sine
3323 1958 3583 2024 opeihus

2003 2048 2276 2114 prodesse,
2308 2060 2406 2102 nec
2438 2061 2497 2102 se
2542 2045 2643 2099 hoc
2670 2059 2768 2100 suo
2815 2044 3123 2109 defendere,
3154 2046 3249 2100 sed
3302 2047 3577 2115 prophetat

2000 2138 2248 2205 exemplo
2274 2136 2505 2191 ﬁrmare.
2537 2134 2689 2203 Quod
2725 2136 3031 2202 remittitur,
3064 2150 3168 2188 non
3193 2142 3297 2199 est,
3327 2136 3467 2204 quod
3501 2145 3579 2190 te-

1999 2227 2141 2295 gitur
2171 2242 2274 2281 non
2306 2236 2472 2296 patet,
2507 2235 2560 2280 et
2592 2226 2711 2279 ideo
2735 2240 2833 2279 nec
2855 2226 3162 2293 imputatur.
3195 2224 3339 2279 Beati
3362 2244 3587 2296 quorum.

2001 2320 2221 2372 remissa:
2248 2329 2367 2371 sunt
2398 2318 2708 2388 iniquitates.
2759 2314 2956 2370 Contra
2986 2316 3155 2371 ,ἰυάωὶ
3194 2319 3577 2387 arrogantiam,

2001 2411 2122 2479 quia
2182 2408 2452 2463 beatitudo
2482 2418 2534 2463 et
2586 2409 2832 2462 remissio
2864 2416 3204 2476 peccatorum
3245 2408 3579 2465 creduLtatis

2001 2516 2134 2570 Opus
2159 2510 2260 2565 est,
2293 2515 2398 2554 non
2420 2498 2639 2553 laboris.
2671 2497 2894 2564 Quidam
2925 2498 3105 2553 dicunt
3137 2498 3335 2553 remitti
3364 2511 3576 2569 peccata

2003 2607 2096 2659 per
2131 2592 2476 2658 baptismum,
2518 2590 2639 2659 tegi
2667 2590 2917 2660 lacrymis
2942 2589 3309 2661 ,pmnitentize,
3342 2605 3444 2644 non
3478 2592 3576 2644 im-

2003 2684 2172 2753 putari
2202 2684 2307 2739 nlla
2358 2693 2573 2753 peccata
2607 2682 2658 2737 in
2707 2683 2984 2753 martyrio.
3017 2682 3273 2750 Quamvis
3323 2692 3489 2737 totum
3521 2684 3575 2737 in

2003 2779 2105 2831 liie
2144 2776 2393 2843 baptismi
2441 2775 2609 2844 possit
2662 2774 2905 2844 intelligi,
2957 2781 3132 2827 tamen
3182 2790 3302 2829 cum
3353 2775 3575 2829 remissa

2002 2869 2198 2923 fuerint
2229 2869 2441 2933 delicta,
2466 2865 2699 2936 diligitur
2731 2867 2889 2920 Deus.
2920 2864 3017 2920 Cui
3046 2866 3187 2921 enim
3212 2868 3330 2933 plus
3355 2867 3572 2920 dimitti-

2003 2967 2106 3022 tur,
2140 2957 2258 3024 plus
2287 2953 2479 3025 diligit,
2506 2965 2556 3010 et
2577 2955 2699 3010 ideo
2727 2955 2961 3009 Charitas
2986 2956 3159 3025 operit
3180 2956 3570 3010 multitudinem

2003 3058 2362 3118 peccatorum,
2392 3056 2449 3101 ut
2493 3056 2709 3116 superet
2752 3047 2969 3102 dilectio
2991 3048 3279 3117 pristinum
3328 3060 3575 3121 contem:

2002 3151 2167 3209 ptum.
2203 3139 2320 3193 Non
2351 3147 2527 3193 autem
2559 3139 2803 3208 imputat,
2834 3138 2959 3193 dum
2988 3138 3141 3194 bonis
3169 3138 3284 3209 ejus
3321 3138 3576 3209 deinceps

320 3231 507 3284 Deum.
539 3231 645 3285 Sed
682 3230 821 3299 apud
852 3227 1425 3297 semetipsnm‘habet,
1459 3228 1579 3297 quia
1602 3226 1754 3297 jussa
1780 3245 1894 3297 pt-r-
1921 3246 1963 3305 ς
2001 3231 2276 3299 operibus,
2305 3246 2422 3299 quae
2462 3244 2557 3298 per
2584 3229 2902 3285 charitotem
2941 3230 3092 3295 ﬁunt,
3130 3222 3448 3295 delectatur,
3480 3246 3578 3285 nec

316 3319 464 3384 ﬁcit;
495 3321 651 3373 aliter
685 3334 811 3389 ergo
838 3318 990 3374 nihil.
1022 3318 1100 3381 llli
1143 3318 1286 3371 Deus
1319 3316 1557 3379 donavit,
1594 3308 1786 3372 sedes
1814 3333 1890 3384 se,

314 3410 409 3465 sed
440 3426 507 3463 ex
534 3410 786 3477 operibus
827 3409 939 3463 suis
967 3407 1149 3461 habuit
1187 3407 1430 3477 gloriam.
1454 3406 1559 3463 Sed
1582 3407 1705 3476 quia
1749 3408 1892 3461 illum

316 3502 449 3558 ﬁdes
494 3518 523 3555 a
548 3502 659 3556 Deo
677 3500 871 3557 donata
903 3502 1020 3556 sine
1042 3515 1261 3568 operum
1292 3502 1707 3568 praesumptione
1740 3499 1895 3568 justi-

315 3594 464 3657 ﬁcat,
496 3609 600 3649 non
632 3594 758 3658 sibi,
784 3593 878 3649 sed
914 3592 1142 3647 Domino
1164 3606 1230 3645 ex
1274 3590 1504 3661 gratuita
1536 3590 1785 3660 largitate
1806 3592 1897 3645 dat

305 3684 563 3755 gloriam.
590 3683 727 3738 Dicit
748 3699 876 3754 ergo
906 3682 1118 3739 beatum
1153 3681 1423 3736 Abraham
1465 3695 1571 3736 non
1602 3696 1670 3737 ex
1717 3682 1893 3751 operi-

308 3776 414 3830 bus
438 3776 583 3844 (quia
613 3783 737 3828 ante
764 3776 930 3844 legem
954 3774 1095 3844 fuit),
1116 3772 1208 3827 sed
1232 3788 1297 3827 ex
1325 3773 1426 3828 ﬁde
1449 3772 1590 3844 (quia
1621 3775 1897 3843 promissis

312 3866 412 3920 Dei
456 3867 705 3935 credidit)
758 3867 1025 3921 invenisse
1072 3866 1356 3935 juStitiam,
1389 3875 1442 3922 et
1467 3868 1588 3937 quia
1622 3868 1754 3922 ﬁdes
1804 3883 1898 3936 per

302 3959 540 4026 gratiam
578 3958 671 4012 Dei
713 3972 816 4011 non
855 3957 1027 4013 solum
1062 3967 1422 4026 peccatoretn,
1471 3958 1565 4012 sed
1598 3968 1652 4013 et
1678 3959 1895 4028 impium

311 4064 415 4117 pro
449 4048 542 4103 Dei
569 4048 807 4107 bonitate,
825 4048 1101 4119 justiﬁeat,
1134 4049 1258 4103 dum
1288 4066 1392 4105 non
1422 4066 1485 4105 ex
1518 4051 1768 4118 operibus
1798 4052 1894 4105 Ita-

312 4142 407 4192 bet
437 4140 705 4206 ﬁduciam,
731 4141 825 4197 sed
852 4156 946 4210 per
974 4141 1153 4203 omnia
1178 4156 1241 4195 se
1271 4142 1380 4196 Deo
1409 4142 1652 4211 intelligit
1682 4143 1895 4196 debito-

310 4244 455 4293 rem,
487 4231 608 4309 quia
653 4220 780 4285 nihil
802 4231 1016 4285 invenit
1044 4229 1201 4317 (ινοά
1232 4230 1330 4285 sibi
1354 4244 1603 4300 arrogare
1633 4231 1802 4302 possit
1830 4247 1894 4286 ex

308 4320 544 4384 meritis.
574 4320 711 4386 Quid
734 4322 868 4375 enim
898 4320 1170 4392 Scriptura
1195 4321 1361 4376 dicit?
1379 4322 1706 4389 Scriptttram
1734 4324 1897 4383 inter-

308 4425 588 4479 rogemus.
634 4411 861 4467 Credidit
903 4413 1160 4467 Abraham
1205 4414 1333 4468 Deo.
1367 4412 1639 4479 Probavit,
1681 4426 1734 4470 et
1775 4416 1896 4469 ideo

303 4500 453 4567 apud
487 4502 647 4555 Deum
673 4502 833 4557 habet
860 4504 1106 4572 gloriam.
1131 4504 1261 4559 Tam
1291 4520 1481 4575 magna
1506 4506 1603 4560 fuit
1629 4505 1771 4563 dono
1800 4507 1893 4560 Dei

2003 3321 2365 3376 reminiscitur
2410 3321 2528 3390 ejus
2577 3328 2700 3375 ante
2754 3320 3037 3375 factorum.
3093 3319 3160 3373 Et
3189 3338 3408 3392 quorum
3448 3331 3577 3375 tecta

1999 3421 2117 3465 sum
2146 3422 2372 3480 peccata.
2404 3411 2699 3466 Cltaritate.
2748 3410 2937 3465 Beatus
2958 3412 3035 3465 vir
3076 3412 3160 3465 cui
3182 3430 3281 3466 non
3308 3413 3581 3483 imputavit

2001 3500 2249 3555 Dominus
2279 3512 2561 3569 peccatum.
2593 3500 2669 3555 Ne
2700 3511 3106 3556 rememoratur.
3153 3502 3422 3557 [lentitudo
3456 3519 3581 3573 ergo

1997 3593 2105 3648 hwc
2154 3595 2207 3648 in
2249 3595 2653 3659 circumcisione,
2699 3610 2765 3647 nn
2795 3596 2945 3649 etiam
2984 3594 3037 3647 in
3064 3596 3349 3664 prreputio?
3379 3594 3579 3649 Volunt

1997 3684 2158 3755 aliqui
2187 3685 2341 3739 istam
2374 3685 2755 3740 beatitudinem
2784 3685 2957 3739 tribus
2989 3686 3317 3755 temporibus
3337 3684 3575 3754 as~igna-

1998 3789 2077 3840 re,
2122 3774 2355 3840 Naturae,
2394 3774 2795 3829 Circumcisioni
2827 3784 2881 3827 et
2926 3774 3331 3841 Christianitati,
3366 3776 3459 3828 sed
3515 3786 3575 3830 ut

1998 3880 2093 3920 eos
2130 3866 2350 3935 agloria
2386 3864 2646 3935 privilegii
2687 3864 2954 3928 excludat,
3008 3865 3123 3932 ipse
3166 3864 3316 3930 dicit,
3367 3881 3471 3920 non
3522 3866 3578 3921 in

1998 3956 2423 4024 circumcisione,
2478 3955 2572 4011 sed
2618 3957 2669 4011 in
2702 3956 2983 4026 prteputio.
3016 3956 3247 4010 Dicimus
3276 3960 3413 4012 enim
3456 3959 3576 4029 quia

1998 4056 2234 4117 reputate
2260 4057 2331 4099 est
2359 4048 2575 4101 Abmhce
2599 4048 2727 4117 ﬁdes
2766 4048 2834 4100 ad
2873 4049 3152 4118 justitiam.
3186 4051 3319 4116 Quia
3367 4052 3577 4121 utrique

1998 4137 2319 4191 etinﬁtemur
2342 4137 2689 4205 justiﬁcatum
2720 4156 2735 4205 ;
2764 4140 2886 4209 quia
2916 4154 3043 4208 ergo
3069 4139 3134 4194 de
3157 4140 3424 4194 Abraham
3468 4153 3575 4195 trn-

2000 4237 2228 4295 ctzunus,
2258 4229 2397 4299 quod
2419 4228 2488 4284 de
2509 4229 2626 4298 ipso
2649 4232 2908 4286 inveniret
2931 4232 3086 4296 ratio,
3122 4232 3221 4287 hoc
3247 4235 3297 4287 in
3326 4234 3574 4290 omnibus

1999 4319 2349 4387 accipiamus,
2386 4319 2487 4373 hoc
2516 4334 2703 4375 omnes
2733 4321 3095 4378 indubitanter
3118 4334 3414 4389 teneamus,
3451 4328 3575 4395 quia

2001 4410 2134 4465 ﬁdes
2179 4410 2297 4464 haec
2325 4426 2432 4465 non
2462 4410 2561 4465 soli
2608 4411 2837 4467 Abrahae
2867 4414 3151 4482 profuerit,
3182 4416 3275 4470 sed
3327 4419 3575 4473 omnibus

2001 4502 2088 4572 qui
2116 4502 2441 4557 credulitatis
2488 4517 2599 4556 sure
2638 4516 2930 4573 sequuntur
2965 4509 3289 4574 exemplum,
3343 4513 3481 4565 sicut
3523 4511 3587 4566 in

307 4593 451 4646 ﬁdes
482 4592 730 4660 Ahrahre,
768 4604 827 4651 ut
870 4605 924 4649 et
965 4596 1188 4664 pristina
1221 4596 1270 4651 ei
1301 4607 1515 4664 peccata
1547 4598 1889 4665 donarentur,
1928 4614 1972 4671 ι)
2002 4594 2348 4665 sequentibus
2392 4594 2639 4665 legimus,
2696 4606 2752 4650 ut
2780 4608 3056 4666 reputetur
3084 4600 3156 4653 illi
3188 4601 3253 4654 ad
3290 4601 3575 4670 justitiam.

304 4696 367 4737 et
383 4686 498 4739 sola
524 4685 570 4738 ei
601 4700 695 4754 pro
716 4692 859 4741 omni
882 4687 1087 4755 justitia
1111 4688 1393 4744 duceretur
1438 4702 1732 4760 accepto,et
1751 4703 1895 4747 tanto

299 4792 401 4829 aut
443 4788 501 4831 re
532 4777 791 4849 ﬂagravit,
817 4788 874 4832 ut
905 4779 1159 4848 deinceps
1184 4781 1527 4850 semperﬂeo
1552 4783 1800 4852 placeret.
1828 4784 1894 4839 Et

300 4882 604 4941 reputatur):
654 4883 724 4929 est
778 4874 858 4928 illi
910 4874 980 4929 ad
1003 4875 1284 4946 justitiam.
1337 4876 1750 4944 Compensatum
1783 4883 1894 4931 sola

300 4962 475 5016 ﬁdes.
516 4961 582 5015 Ei
616 4972 782 5039 autem
810 4965 897 5032 qui
938 4973 1200 5035 operatur,
1240 4981 1435 5039 merces
1462 4983 1561 5019 non
1610 4969 1893 5029 imputatur

301 5051 600 5104 secundum
630 5038 873 5123 gratiam,
920 5055 1013 5107 sed
1062 5056 1339 5108 secundum
1383 5038 1623 5111 debitum.
1672 5058 1896 5125 Exponit

300 5141 496 5211 ipsum
539 5141 864 5208 exemplum.
916 5142 983 5195 Et
1013 5142 1134 5211 quia
1186 5143 1267 5203 lett
1316 5158 1476 5212 opera
1524 5148 1765 5213 requirit,
1800 5163 1895 5215 per

296 5247 439 5302 quae
466 5232 631 5287 elatus
659 5234 712 5287 ln
751 5246 831 5288 rat
857 5234 1192 5300 Pharisaatts;
1218 5250 1338 5289 cum
1370 5252 1496 5305 ergo
1513 5237 1768 5305 justiﬁcat
1793 5240 1893 5291 int-

296 5325 462 5392 pium
490 5323 669 5379 diiua
702 5326 993 5389 miseratio,
1037 5325 1208 5381 locum
1239 5328 1410 5381 meriti
1453 5344 1558 5385 non
1593 5338 1766 5398 potest
1796 5330 1894 5384 ha-

296 5414 448 5467 bere
479 5415 843 5483 praesumptio.
873 5415 1094 5471 Debitor
1122 5417 1264 5469 enim
1295 5426 1377 5470 cst
1397 5428 1680 5487 antequam
1714 5429 1896 5489 parcit

295 5503 620 5572 prtem-ptis,
649 5514 701 5559 et
732 5505 831 5559 nisi
861 5506 1112 5574 paruerit,
1163 5506 1463 5561 damnatus.
1505 5507 1563 5563 Si
1603 5519 1777 5563 autem
1821 5511 1895 5565 fe-

290 5593 470 5660 cerit,
506 5610 606 5647 non
639 5594 799 5649 habet
820 5595 1067 5665 gloriam,
1094 5594 1215 5665 quia
1241 5595 1440 5650 inutilis
1468 5613 1652 5652 servus
1674 5609 1771 5664 est,
1806 5601 1895 5669 qui

293 5686 449 5741 nihil
480 5686 702 5755 amplius
732 5698 1002 5755 Operatur.
1039 5687 1097 5742 Si
1129 5703 1244 5741 vero
1269 5688 1355 5756 qui
1396 5705 1499 5742 non
1528 5700 1789 5757 operatur.
1824 5690 1895 5745 De

388 5862 419 5895 "
454 5861 755 5935 Legendum
789 5879 916 5919 sane
938 5864 1141 5935 justitia
1168 5864 1218 5919 in
1245 5865 1568 5922 nominativo
1601 5882 1745 5921 casu.
1775 5869 1929 5924 Eutr.

2010 4687 2275 4754 Quomodo
2296 4705 2415 4757 ergo
2432 4697 2663 4756 reputata
2679 4699 2770 4755 est,
2792 4691 2845 4743 in
2866 4693 3343 4758 circttmcisione,an
3366 4695 3417 4746 in
3439 4710 3575 4763 prte-

2004 4778 2185 4848 putio?
2234 4777 2523 4833 Videamus
2570 4789 2745 4832 utrum
2778 4790 3055 4847 propterea
3082 4782 3280 4848 justus,
3313 4784 3437 4851 quia
3466 4784 3571 4837 cir-

2004 4864 2272 4927 cumcisu's
2297 4889 2311 4937 ;
2346 4888 2411 4926 an
2441 4872 2561 4926 ideo
2583 4870 2948 4937 circumcisus,
2979 4872 3101 4939 quia
3120 4874 3297 4939 justus
3327 4874 3576 4929 inventus

2004 4971 2088 5016 est
2125 4979 2136 5014 :
2181 4973 2355 5017 utrum
2406 4960 2743 5015 circumcisio
2789 4959 2856 5014 de
2899 4960 3125 5027 justitia,
3157 4975 3226 5015 an
3269 4961 3472 5031 jnstitia
3510 4966 3577 5018 de

2003 5056 2409 5111 circumcisione
2438 5056 2507 5109 sit
2530 5064 2674 5107 nata.
2706 5051 2825 5105 Non
2874 5054 2928 5106 in
2958 5052 3358 5119 circumcisione,
3396 5057 3485 5111 sed
3524 5057 3589 5110 in-

2001 5147 2274 5216 prwputio.
2303 5146 2441 5201 Ante
2467 5144 2789 5213 justiﬁeatus
2806 5153 2886 5198 est
2907 5160 3065 5214 quam
3081 5145 3576 5204 circumcideretur.

1996 5234 2113 5289 Non
2142 5249 2270 5305 ergo
2308 5244 2525 5303 propter
2572 5234 3030 5291 circum‘cisionem
3081 5236 3403 5305 justiﬁcatus
3453 5247 3557 5293 est.

2000 5323 2066 5377 Et
2093 5320 2291 5395 signum
2329 5325 2521 5394 accepit
2565 5325 2983 5380 circumcisionis.
3006 5325 3093 5401 ,ΝΘ
3120 5327 3359 5383 dicerent
3393 5344 3406 5381 :
3436 5326 3583 5394 Quid-

2005 5432 2132 5487 ergo
2153 5416 2497 5475 circumcisus
2515 5427 2616 5483 est,
2643 5417 2687 5472 si
2713 5434 2815 5472 non
2841 5418 3110 5488 indigebat
3132 5421 3539 5477 circumcisione
3553 5422 3589 5476 1'

2004 5507 2222 5577 Signum
2266 5515 2367 5574 est,
2402 5506 2592 5576 inquit,
2622 5508 2863 5578 jllSlllizl‘,
2896 5524 3000 5562 non
3029 5519 3392 5578 augmentum.
3445 5510 3586 5566 Item

2004 5600 2159 5655 aliter
2191 5617 2204 5653 :
2234 5599 2299 5656 Ut
2342 5601 2646 5656 ostenderet
2689 5617 2849 5670 quam
2897 5602 3073 5672 justus
3114 5614 3166 5656 et
3213 5603 3381 5658 fidelis
3412 5616 3587 5679 esset,

2005 5689 2095 5761 qui
2122 5691 2359 5769 dolorem
2392 5693 2491 5750 sibi
2533 5710 2594 5750 ex
2629 5692 2877 5747 mandato
2920 5691 3017 5749 Dei
3060 5708 3164 5751 non
3195 5694 3458 5754 dubitavit
3502 5699 3583 5755 io-
