3968 6166
393 393 497 448 135

1497 396 1797 452 Ρηιιιλειι
1838 391 2281 455 ᾹυιῖυΜΕΤΑΝΙ
2326 402 2532 459 EPISC.
3533 416 3628 469 £36

392 508 555 570 ferre,
588 519 690 557 non
712 513 901 572 putans
930 504 1273 573 superﬂuum,
1319 505 1458 575 quod
1504 506 1571 560 ab
1621 506 1959 561 scientiarum
1991 505 2041 566 Α
2068 511 2419 577 peccantium.
2468 512 2592 569 Ideo
2618 514 2809 583 quippe
2837 515 2917 570 lex
2950 515 3079 571 iram
3112 532 3381 587 operatur,
3427 537 3482 578 ut
3527 538 3629 581 ter-

395 599 618 653 Dom'uo
654 596 961 665 jubebatur,
1017 597 1153 651 sicut
1203 596 1666 665 necparricidium
1717 596 1959 665 impium,

389 688 531 760 quod
562 688 680 742 fons
738 698 1058 755 praeceperat
1094 689 1324 755 p'etatis.
1386 670 1727 755 Sigtmculum
1747 689 1965 758 justitia:

390 781 531 849 ﬁdei.
566 780 634 834 Ut
666 778 991 847 signiﬁcaret
1032 777 1290 848 justitiam
1339 776 1555 841 Christi,
1588 794 1705 847 qua:
1746 791 1810 832 ex
1858 778 1962 832 ﬁde

392 881 494 938 est,
524 885 640 939 qua:
669 884 811 924 nunc
837 878 923 924 est
948 869 999 922 in
1052 872 1330 937 praeputio,
1362 869 1478 922 sive
1524 882 1642 937 qua:
1665 869 1712 921 ei
1745 869 1795 921 in
1822 883 1962 935 prae-

395 962 540 1029 putio
586 970 666 1014 est
695 970 838 1013 nata.
866 957 994 1012 ltem
1022 959 1178 1012 aliter
1214 976 1226 1010 :
1261 958 1388 1012 Tam
1420 959 1650 1027 perfecta
1694 957 1793 1012 fuit
1834 958 1964 1013 ﬁdes

391 1054 568 1122 cujus,
597 1052 1019 1123 utsignaculnm
1062 1059 1380 1117 mereretur,
1414 1065 1624 1120 semper
1671 1067 1758 1107 res
1806 1054 1961 1120 plena

390 1144 631 1214 signatur
659 1152 713 1197 et
752 1157 956 1212 magna.
994 1143 1121 1206 Qua:
1141 1152 1215 1196 est
1240 1144 1291 1195 in
1323 1144 1593 1211 prteputio.
1626 1142 1775 1197 Nunc
1798 1144 1852 1197 in
1880 1143 1962 1198 bis

390 1254 510 1302 qtliB
541 1252 605 1291 ex
653 1236 899 1308 gentibus
929 1235 1171 1289 credunt.
1208 1233 1274 1289 Ut
1305 1236 1371 1288 sit
1418 1244 1561 1302 pater
1589 1238 1815 1289 omnium
1849 1252 1960 1289 cre-

392 1330 619 1382 dentium
648 1344 738 1397 per
789 1327 1115 1395 prwputium.
1149 1325 1218 1381 Ut
1247 1341 1433 1380 omnes
1481 1328 1569 1396 qui
1614 1343 1679 1381 ex
1718 1329 1963 1396 gentibus

392 1420 640 1482 credunt,
673 1418 963 1471 secundum
993 1418 1149 1470 fidem
1177 1416 1269 1471 ﬁlii
1303 1418 1409 1471 sint
1458 1418 1685 1472 Abrahae
1711 1435 1723 1471 :
1754 1418 1877 1472 dum
1910 1429 1963 1473 et

395 1513 503 1566 illis
530 1511 645 1566 sola
684 1511 813 1565 fides
844 1510 908 1563 ad
955 1509 1214 1577 justitiam
1246 1518 1541 1575 reputatur,
1589 1508 1747 1562 etiam
1776 1518 1831 1562 et
1860 1508 1964 1576 ipsi

393 1582 694 1656 circumcisi
729 1617 832 1655 non
852 1615 1034 1664 carne,
1066 1598 1158 1653 sed
1198 1598 1357 1653 corde
1385 1615 1398 1653 :
1427 1598 1539 1652 sive
1566 1599 1690 1666 quia
1715 1607 1839 1653 ante
1862 1600 1964 1653 cir-

393 1692 775 1746 cumcisiooem
798 1691 972 1760 justus
998 1699 1139 1746 esset
1162 1691 1599 1760 prtcputiatorutn
1624 1700 1772 1760 pater
1794 1690 1962 1759 justo-

394 1800 533 1837 rum.
569 1782 637 1838 Ut
657 1792 917 1850 reputetur
937 1792 984 1836 et
1013 1782 1117 1835 illis
1150 1783 1217 1835 ad
1235 1782 1513 1851 justitiam,
1537 1793 1583 1835 et
1608 1784 1671 1834 sit
1696 1795 1837 1848 pater
1858 1784 1961 1834 cir-

2066 600 2168 652 rito
2191 610 2349 669 atque
2376 617 2636 659 converso
2662 606 2726 660 ad
2749 608 3011 675 justitiam
3043 610 3172 680 legis
3197 613 3520 682 implendam
3549 620 3630 675 Dei

2066 691 2423 746 misericordia
2470 696 2694 761 gratiam
2742 697 2996 769 largiatur
3034 717 3127 769 per
3151 703 3330 759 Jesum
3361 706 3630 765 Christum

2069 779 2347 835 Dominum
2389 792 2653 851 nostrum,
2697 787 2785 855 qui
2832 798 2914 843 est
2963 789 3055 845 Dei
3100 794 3388 861 sapientia;
3432 798 3501 853 de
3528 816 3630 869 quo

2067 871 2319 937 scriptum
2347 882 2429 929 est
2451 888 2467 928 :
2492 875 2683 945 Legem
2707 886 2761 931 et
2784 880 3200 937 misericordiam
3230 885 3284 940 in
3309 887 3486 958 lingua
3507 905 3627 960 por-

2066 969 2159 1015 tat.
2195 961 2409 1031 Legem,
2444 980 2562 1034 qua:
2589 975 2806 1033 terreat,
2837 970 3278 1044 misericordiam,
3307 992 3411 1046 qua
3436 980 3628 1037 subve-

2065 1059 2195 1105 niat.
2227 1052 2473 1122 Coguitio
2500 1055 2676 1123 itaque
2697 1058 2829 1127 legis
2852 1059 2977 1115 facit
2998 1065 3289 1131 superbum
3314 1070 3627 1136 prmvarica~

2066 1148 2236 1195 torem
2273 1159 2288 1197 :
2321 1157 2416 1211 per
2458 1144 2653 1200 donum
2701 1157 2879 1203 autem
2929 1149 3202 1208 ebaritatis
3231 1156 3461 1213 delectat
3506 1160 3632 1231 legis

2065 1246 2186 1285 esse
2216 1231 2492 1289 factorem.
2525 1236 2651 1303 Lex,
2679 1237 2868 1308 inquit,
2900 1239 3033 1295 iram
3059 1253 3328 1315 operatur,
3360 1248 3463 1303 hoc
3494 1249 3628 1313 ideo,

2066 1324 2186 1391 quia
2219 1324 2297 1377 ira
2347 1325 2435 1381 Dei
2468 1328 2638 1396 major
2690 1337 2773 1385 est
2810 1332 2861 1385 in
2891 1334 3373 1404 praevaricatorem,
3422 1341 3514 1409 qui
3543 1356 3632 1409 per

2067 1412 2235 1479 legem
2265 1418 2539 1495 cognoscit
2583 1428 2855 1486 peccatum
2888 1430 2939 1476 et
2969 1431 3144 1479 tamen
3184 1425 3324 1481 facit.
3363 1428 3463 1482 Ubi
3500 1434 3630 1485 enim

2066 1519 2167 1555 uou
2192 1515 2264 1558 est
2290 1505 2392 1569 (ex,
2420 1496 2510 1560 uec
2537 1513 2911 1578 praevaricatio.
2942 1513 3070 1581 Qua:
3093 1498 3305 1587 prbptcr
3327 1527 3628 1591 transgres-

2065 1595 2269 1650 sionem
2300 1599 2468 1665 posita
2500 1611 2616 1654 est:
2652 1603 2740 1656 ubi
2771 1606 2910 1657 enim
2931 1608 3073 1660 venit
3093 1624 3155 1664 ex
3188 1610 3301 1680 lege
3326 1616 3626 1683 praeceptio,

2068 1685 2354 1741 abundavit
2402 1698 2456 1743 et
2512 1694 2961 1759 praevaricationis
2989 1700 3219 1753 occasio.
3253 1699 3381 1757 Ideo
3417 1720 3483 1759 ex
3511 1708 3622 1774 ﬁde.

2071 1779 2319 1834 lla-redes
2338 1794 2401 1835 ex
2426 1781 2550 1850 ﬁde,
2580 1798 2683 1838 non
2706 1801 2769 1839 ex
2802 1787 2937 1856 lege.
2974 1788 3040 1844 Ut
3074 1794 3350 1847 secundum
3392 1798 3621 1864 gratiam.

392 1872 735 1928 cnmcisionis.
767 1874 896 1927 Cum
917 1872 1189 1941 justiﬁcati
1218 1874 1431 1938 ιυυτῑυι,
1468 1874 1766 1927 circumcisi
1792 1883 1915 1926 sunt
1944 1890 1958 1926 :
1997 1866 2040 1923 Β
2071 1868 2357 1937 Diligenter
2388 1872 2629 1939 adverte,
2660 1876 2779 1944 quia
2812 1882 3101 1934 secundum
3128 1882 3351 1951 gratiam
3380 1885 3532 1953 dixit,
3576 1900 3627 1944 ut

396 1967 514 2033 quia
542 1965 885 2034 praeputiatus
914 1964 1144 2031 sijnstus
1170 1972 1273 2026 e.-t,
1297 1965 1612 2031 prteputium
1640 1962 1755 2032 ejus
1786 1965 1839 2017 in
1863 1966 1965 2017 cir-

394 2057 721 2111 cumcisione
768 2055 1125 2123 reputabitur.
1167 2054 1320 2108 Modo
1357 2057 1497 2108 enim
1546 2055 1698 2125 signo
1728 2070 1835 2108 non
1880 2066 1965 2108 est

395 2164 549 2216 opus,
573 2161 666 2215 per
695 2146 835 2215 quod
864 2148 929 2199 ab
950 2145 1130 2199 homin
1158 2147 1254 2199 bus
1284 2157 1657 2217 cognoscatur.
1685 2147 1800 2201 Non
1825 2148 1962 2201 cuitu

396 2254 496 2290 una
529 2253 657 2306 gens
688 2248 769 2291 est
802 2237 917 2299 Dei,
942 2237 1036 2289 sed
1061 2251 1125 2289 ex
1147 2237 1395 2290 omnibus
1425 2239 1774 2306 congregatio
1800 2256 1811 2289 :
1844 2239 1964 2307 quia

392 2333 500 2403 jam
551 2329 696 2384 venit
747 2329 1073 2397 exspectatio
1116 2330 1350 2396 gentium
1399 2326 1668 2383 Christus.
1728 2329 1845 2382 Non
1885 2329 1964 2382 his

397 2433 591 2476 tantum
614 2422 696 2491 qui
724 2432 837 2473 sunt
868 2437 929 2474 ea:
956 2420 1337 2473 circumcisione
1365 2420 1562 2488 ﬁ..'eles,
1594 2422 1679 2472 sed
1702 2433 1746 2473 et
1777 2420 1856 2472 Itis
1878 2422 1964 2488 qui

396 2524 655 2568 sectantur
697 2514 903 2583 vestigia
948 2513 1091 2580 ﬁdei,
1141 2527 1252 2580 quae
1286 2521 1360 2565 est
1411 2513 1464 2565 in
1514 2512 1763 2581 praeputio
1810 2511 1965 2579 patris

398 2606 556 2658 nostri
584 2603 820 2657 Abraltw.
867 2602 925 2656 Si
954 2603 1099 2657 illum
1128 2602 1420 2655 imitantur.
1457 2601 1577 2656 Non
1620 2603 1752 2655 enim
1783 2618 1871 2671 per
1894 2603 1967 2656 le-

396 2713 528 2767 gem.
566 2696 678 2748 Non
715 2710 805 2763 per
852 2692 1039 2763 legem,
1074 2691 1168 2745 sed
1210 2701 1334 2746 ante
1365 2692 1532 2762 legem
1569 2709 1581 2745 :
1616 2694 1738 2761 quia
1768 2694 1819 2745 in
1853 2694 1965 2761 lege

398 2790 611 2859 quidem
636 2789 700 2842 tlc
724 2787 826 2842 tide
849 2797 899 2841 et
924 2787 1277 2855 promissione
1302 2788 1528 2841 Abt'alttc
1552 2790 1815 2843 creditum
1842 2798 1925 2843 est
1949 2808 1960 2843 :

399 2881 491 2934 sed
525 2880 752 2950 Moyses,
800 2878 886 2947 qui
914 2878 1127 2945 scripsit
1164 2878 1358 2947 legero,
1407 2886 1588 2947 postea
1618 2879 1730 2932 luit.
1766 2878 1966 2933 Deinde

400 2974 514 3038 ipse
553 2974 616 3046 ad
663 2970 875 3024 Galatas
904 2968 1036 3023 dicit
1070 2985 1083 3022 :
1123 2970 1255 3035 Quia
1295 2979 1412 3037 post
1459 2970 1873 3038 quadringentos
1914 2980 1969 3024 et

400 3064 612 3133 triginta
640 3076 810 3115 annos
838 3061 972 3114 facta
998 3069 1078 3115 est
1103 3060 1189 3115 lex
1217 3076 1334 3129 qute
1373 3077 1476 3114 non
1508 3062 1717 3115 irritum
1754 3061 1875 3117 facit
1900 3061 1965 3113 ad

401 3153 755 3207 cvacuandam
800 3150 1230 3221 promissionem.
1285 3149 1562 3203 Promissio
1595 3151 1828 3212 Abrahae,
1875 3163 1965 3204 aut

2068 1975 2241 2017 cesset
2288 1968 2651 2035 praesumptio,
2685 1984 2802 2038 quae
2850 1971 2950 2025 sibi
3002 1956 3270 2032 blanditur
3307 1980 3376 2035 de
3406 1984 3623 2039 meritis.

2070 2052 2252 2107 Firma
2287 2056 2352 2109 sit
2390 2058 2659 2126 promissio
2693 2063 2832 2114 omni
2868 2066 3067 2119 semini.
3109 2066 3300 2127 Νοτιιὶ
3322 2075 3409 2139 qui
3435 2090 3499 2128 ex
3527 2076 3627 2145 lege

2069 2155 2138 2197 est
2162 2148 2347 2213 solum,
2377 2151 2465 2202 sed
2485 2161 2531 2203 et
2561 2151 2606 2204 ei
2628 2154 2716 2220 qui
2735 2170 2797 2206 ea:
2816 2154 2919 2222 ﬁde
2940 2165 3011 2209 est
3036 2157 3275 2217 Abrahae.
3296 2162 3425 2227 Quia
3447 2181 3628 2221 omnes

2068 2246 2249 2303 gentes
2271 2238 2513 2304 credunt,
2547 2249 2602 2295 et
2629 2244 2927 2310 completur
2954 2247 3235 2313 promissio
3264 2250 3510 2308 Abrahae.
3531 2256 3627 2322 Qui

2065 2339 2139 2381 est
2159 2340 2302 2397 pater
2328 2331 2555 2383 omnium
2581 2342 2831 2399 nostrum,
2860 2336 2987 2389 sicut
3012 2324 3257 2406 scriptum
3283 2353 3377 2395 est.
3408 2343 3565 2399 Pater
3579 2356 3628 2400 ct

2068 2419 2499 2486 pratputiatorum
2517 2431 2565 2475 et
2594 2423 3048 2480 circumcisorum.
3078 2429 3187 2484 Hoc
3212 2431 3328 2485 loco
3350 2434 3438 2487 ubi
3461 2434 3625 2489 Abra-

2067 2508 2191 2562 ham
2225 2512 2507 2564 ntultarum
2538 2514 2771 2580 gentium
2802 2523 2951 2580 pater
2976 2515 3191 2580 dicitur,
3215 2518 3516 2576 Judmorum
3543 2538 3627 2577 su-

2068 2602 2243 2670 perbia
2266 2604 2626 2672 confunditur,
2658 2606 3105 2673 quia'Judtnorum
3137 2624 3227 2677 per
3248 2625 3482 2676 carnem,
3512 2632 3627 2686 gen.

2068 2696 2195 2747 tium
2223 2710 2314 2763 per
2334 2694 2490 2749 ﬁdem
2518 2705 2602 2749 est
2627 2705 2794 2764 pater.
2832 2696 2964 2763 Quia
2987 2709 3178 2766 patrem
3201 2703 3475 2757 multarum
3508 2724 3626 2778 gen-

2067 2786 2191 2837 tium
2223 2786 2367 2853 posui
2418 2796 2464 2838 te
2498 2796 2616 2840 ante
2640 2786 2824 2855 Deum,
2852 2789 2935 2841 cui
2964 2791 3241 2844 credidisti.
3291 2794 3423 2860 Quia
3454 2811 3545 2865 per
3571 2814 3627 2852 se

2067 2890 2165 2930 nec
2197 2877 2350 2931 unius
2396 2877 2488 2930 ﬁlii
2542 2886 2747 2946 poterat
2778 2888 2925 2947 pater
2950 2893 3089 2935 esse.
3123 2881 3220 2948 Qui
3245 2884 3468 2952 viviﬁcat
3495 2904 3629 2942 mor-

2066 2978 2197 3022 tuos.
2231 2968 2310 3023 Ad
2333 2968 2690 3037 generandum
2726 2979 2962 3023 mortuos
2988 2969 3135 3039 dicit,
3170 2983 3226 3026 ut
3253 2982 3305 3028 et
3332 2979 3622 3044 prasertint

2066 3058 2275 3124 Suram,
2300 3068 2355 3111 ut
2378 3057 2672 3126 praesertim
2698 3058 2893 3112 clausa:
2920 3062 3234 3115 conveniat:
3257 3064 3377 3131 quia
3401 3065 3627 3122 fructum

2067 3150 2289 3215 sobolis,
2343 3164 2501 3218 quem
2533 3158 2661 3204 tetas
2706 3164 2808 3203 non
2838 3148 3159 3215 obtinuerat,
3212 3153 3345 3208 ﬁdes
3396 3156 3630 3225 perfecta

398 3244 581 3297 semini
618 3244 749 3312 ejus,
774 3252 827 3294 ut
848 3241 1007 3293 Ita2res
1032 3250 1153 3293 esset
1184 3241 1379 3293 mundi.
1413 3241 1526 3295 Non
1559 3255 1651 3308 per
1677 3241 1957 3296 circnmci-
1990 3216 2033 3276 (δ
2069 3240 2379 3311 promeruit.
2414 3240 2481 3294 Et
2510 3250 2653 3295 vocat
2677 3258 2735 3294 ea
2758 3258 2871 3312 qua:
2895 3257 2996 3295 non
3017 3254 3153 3307 sunt,
3179 3253 3418 3315 tanquam
3436 3264 3494 3301 ea
3517 3267 3632 3318 qua

400 3332 629 3386 sionem.
661 3331 767 3386 Sed
797 3347 884 3401 per
903 3331 1153 3400 justitiam
1182 3330 1322 3398 ﬁdei.
1361 3331 1430 3384 Ut
1464 3330 1514 3383 in
1544 3331 1747 3385 semine
1789 3331 1960 3385 Abra-

402 3423 507 3488 hae,
553 3422 606 3477 id
645 3432 726 3477 est
773 3422 1004 3488 Cill‘iSiO,
1047 3421 1491 3477 benedicerentur
1519 3438 1708 3477 omnes
1756 3434 1961 3493 gentes,

396 3516 482 3570 cui
509 3515 647 3570 data:
693 3525 814 3566 sunt
851 3527 879 3566 a
910 3513 1067 3567 Patre
1092 3522 1275 3583 gentes
1307 3513 1358 3566 in
1399 3512 1799 3578 hatreditatem;
1851 3512 1965 3568 sive

394 3616 454 3663 ut
483 3621 602 3661 cum
628 3620 693 3659 eo
720 3605 1048 3670 requiescant
1094 3613 1297 3672 gentes,
1333 3606 1473 3659 sicut
1514 3603 1644 3658 dicit
1671 3603 1911 3659 Salvator
1946 3622 1959 3656 :

397 3698 624 3752 Venient
653 3696 720 3749 ab
742 3695 959 3749 Oriente
989 3702 1042 3748 et
1070 3692 1379 3758 Occidente,
1410 3705 1462 3748 et
1504 3695 1813 3749 recumbent
1841 3709 1960 3749 eum

392 3788 685 3851 Abraham,
715 3797 769 3841 et
798 3787 964 3852 Isaae,
1004 3785 1258 3841 ctJacob.
1294 3786 1354 3838 Si
1380 3788 1515 3839 enim
1536 3787 1624 3853 qui
1651 3802 1712 3839 ea:
1738 3787 1846 3859 tege
1866 3789 1965 3857 Ita:-

394 3885 539 3936 redes
580 3890 719 3935 sunt.
752 3880 807 3935 Si
838 3895 901 3934 es
934 3878 1364 3942 circumcisione,
1407 3878 1704 3933 secundum
1749 3893 1883 3932 vos:
1915 3878 1963 3932 si

393 3977 469 4030 illi
496 3976 618 4039 Soli,
652 3983 711 4029 ut
736 3989 829 4028 vos
859 3974 1038 4039 vultis,
1087 3973 1350 4040 ltaaredes,
1402 3988 1507 4025 non
1546 3971 1772 4026 reddidit
1824 3971 1964 4025 Dens

397 4067 623 4121 Abralm
650 4066 788 4135 quod
844 4066 1088 4135 promisit
1128 4080 1219 4131 per
1243 4065 1499 4134 justitiam
1532 4073 1587 4118 ut
1629 4071 1779 4133 pater
1820 4073 1965 4118 esset

394 4160 679 4213 multarum
720 4158 976 4229 gentium,
1002 4167 1053 4211 et
1087 4156 1293 4211 videtur
1316 4156 1433 4209 sine
1462 4169 1621 4210 causa
1649 4152 1960 4209 credidisse.
1989 4222 1995 4227 ο

391 4247 499 4302 Sed
532 4263 638 4300 non
668 4248 739 4302 ita
761 4255 842 4300 est
864 4262 879 4301 :
903 4261 1021 4300 nam
1050 4246 1289 4314 implevit
1320 4248 1457 4300 Deus
1480 4246 1706 4301 Abraltte
1733 4248 1965 4317 promis-

391 4340 620 4403 sionem,
652 4338 775 4407 quia
802 4352 869 4394 ex
890 4339 1034 4391 omni
1066 4350 1214 4406 parte
1235 4338 1417 4392 mundi
1440 4347 1628 4408 gentes
1656 4339 1882 4392 credunt
1910 4340 1963 4392 in

389 4427 623 4482 Christo.
669 4426 951 4479 Exinanita
1000 4437 1072 4479 est
1120 4426 1268 4495 ﬁdes,
1313 4427 1504 4481 abolita
1550 4438 1624 4482 est
1672 4428 1960 4497 promissio.

395 4520 533 4585 lirgo
565 4531 722 4570 nemo
744 4515 1067 4584 justifieatur
1098 4530 1160 4569 ex
1195 4516 1319 4583 fide,
1365 4531 1463 4572 nec
1510 4516 1626 4584 ipse
1665 4515 1953 4573 Abraham.

392 4608 498 4663 Sed
523 4610 771 4675 quoniam
802 4605 932 4659 ﬁdes
952 4605 1211 4661 exinaniri
1243 4622 1347 4660 non
1379 4616 1573 4676 potest,
1599 4622 1697 4662 nec
1727 4608 1957 4677 promis-

388 4700 471 4755 sio
515 4698 737 4763 aboleri,
770 4708 1012 4767 superest
1050 4707 1108 4751 ut
1154 4713 1258 4751 non
1297 4697 1366 4752 sit
1395 4712 1481 4777 ex‘
1507 4698 1623 4766 lege
1654 4697 1957 4766 hzereditas,

389 4790 484 4846 sed
516 4805 607 4858 per
632 4790 891 4860 justitiam
919 4789 1061 4844 fidei.
1089 4789 1198 4844 Lex
1219 4789 1362 4843 enim
1389 4797 1609 4857 peccata
1638 4803 1745 4844 non
1774 4788 1958 4855 donat,

390 4883 483 4936 sed
515 4882 712 4936 indicat
745 4879 915 4957 [Alias
942 4881 1165 4933 vindicat
1202 4878 1315 4934 sive
1333 4877 1576 4950 judicat].
1629 4878 1697 4933 Et
1717 4877 1837 4934 ideo
1858 4894 1962 4933 non

390 4980 567 5040 potest
595 4972 730 5024 filios
780 4972 955 5025 facere
1001 4969 1255 5034 Abralm,
1307 4970 1431 5040 quia
1476 4970 1768 5025 secundum
1821 4970 1963 5039 quod

393 5074 579 5112 mortes
610 5060 708 5113 sub
748 5072 967 5128 peccato
1014 5063 1211 5116 inventi
1258 5071 1403 5127 sunt,
1459 5075 1647 5116 omnes
1689 5072 1841 5115 erant
1872 5076 1967 5129 pu-

393 5148 601 5204 niendi.
656 5148 779 5202 Ideo
814 5164 942 5219 ergo
991 5166 1057 5205 ex
1102 5152 1223 5215 ﬁde,
1270 5160 1327 5205 ut
1355 5150 1592 5205 dimissis
1622 5167 1715 5221 per
1742 5152 1964 5219 gratiam
2008 5148 2013 5154 ’

393 5240 657 5312 peccatis,
693 5238 821 5292 ﬁant
847 5240 939 5292 ﬁlii
972 5243 1217 5294 Abralnr.
1252 5241 1357 5295 Lex
1380 5242 1511 5295 enim
1537 5243 1668 5295 iram
1704 5252 1962 5311 operatur.

393 5336 529 5400 Quae
557 5330 772 5403 injustis
797 5341 879 5384 est
908 5332 1097 5399 posita,
1128 5346 1244 5400 qua:
1273 5335 1439 5403 magis
1468 5332 1703 5402 gravavit
1744 5347 1967 5401 peccan-

395 5440 495 5493 tes,
524 5441 629 5481 non
647 5424 896 5489 absolvit,
924 5423 1045 5492 quia
1070 5423 1279 5492 iniustis
1300 5435 1380 5479 est
1408 5425 1576 5493 posita
1599 5442 1611 5477 :
1637 5425 1687 5478 in
1720 5424 1964 5491 prazsenti

395 5521 538 5572 cuitu
588 5533 800 5588 pmnam
833 5515 1314 5585 transgressoribus
1359 5515 1642 5570 inferebat.
1676 5515 1783 5571 Lex
1820 5515 1962 5569 enim

395 5610 520 5676 quid
552 5610 694 5662 aliud
730 5624 889 5677 quam
929 5608 1039 5662 sola
1079 5608 1250 5660 littera
1283 5616 1363 5660 est
1399 5607 1478 5661 eis
1502 5608 1590 5675 qui
1622 5621 1738 5660 eam
1790 5606 1968 5674 legere
2012 5654 2023 5667 ,

398 5705 683 5760 noverunt,
730 5704 784 5748 et
814 5696 1036 5763 implere
1081 5711 1185 5749 non
1219 5695 1481 5762 possunt?
1510 5712 1626 5763 qua:
1654 5696 1848 5751 talibus
1881 5696 1960 5749 lit-

400 5794 515 5840 tera
540 5796 645 5849 est,
672 5785 794 5850 quia
826 5801 930 5839 non
956 5794 1037 5840 est
1062 5784 1287 5855 adiutrix
1333 5785 1643 5856 legentium,
1696 5790 1787 5843 sed
1818 5790 1966 5843 testis

1720 5955 1851 5980 ῘἋΑ·
1908 5967 1923 5979 κ

2063 3341 2202 3387 sunt.
2256 3331 2511 3399 Quamvis
2565 3332 2618 3387 in
2669 3332 2930 3400 principio
2970 3334 3235 3389 vocaverit
3267 3350 3330 3390 ea
3362 3352 3479 3406 qua:
3523 3356 3629 3397 non

2064 3435 2237 3488 erant,
2284 3434 2336 3477 et
2382 3423 2447 3478 ad
2480 3432 2663 3476 nutum
2691 3421 2930 3491 jubentis
2966 3423 3143 3477 statim
3174 3438 3291 3479 esse
3328 3440 3629 3498 cmperuut,
3666 3464 3675 3485 ε

2066 3523 2239 3569 tamen
2273 3512 2357 3566 hic
2384 3512 2451 3566 de
2489 3510 2582 3566 ﬁlii
2625 3510 2901 3580 desperata
2949 3512 3296 3581 conceptione
3345 3515 3626 3586 signiﬁcat.

2067 3602 2167 3667 Qui
2187 3614 2363 3655 contra
2392 3618 2551 3671 spem.
2583 3601 2783 3655 Contra
2808 3616 2955 3670 spem
3001 3611 3202 3657 natura:
3228 3614 3345 3659 erat
3371 3614 3431 3658 ut
3454 3610 3631 3663 vetula

2066 3703 2294 3762 pareret,
2324 3701 2377 3745 et
2419 3706 2602 3746 semen
2634 3705 2784 3746 suum
2810 3692 2949 3747 sicut
2976 3693 3159 3748 stellas
3188 3694 3308 3749 caeli
3338 3682 3574 3751 futurum
3613 3717 3628 3753 :

2065 3783 2095 3837 Ι
2102 3802 2130 3836 ιι
2153 3799 2289 3853 spem
2317 3782 2554 3837 credidit.
2589 3782 2643 3837 lo
2672 3797 2767 3851 spe
2794 3783 3042 3852 patentia
3072 3783 3187 3839 Dei.
3220 3785 3287 3840 Ut
3314 3788 3457 3855 ﬁeret
3483 3801 3635 3858 pater

2064 3877 2338 3928 multarum
2368 3874 2615 3944 gentium.
2645 3872 2778 3940 Quia
2808 3873 2981 3929 adhuc
3005 3874 3160 3931 unius
3184 3877 3278 3932 ﬁlii
3319 3890 3465 3947 pater
3490 3891 3631 3935 erat.

2067 3964 2358 4021 Secundum
2385 3965 2523 4033 quod
2539 3964 2729 4019 dictum
2755 3972 2828 4017 est
2855 3978 2873 4017 :
2904 3964 3000 4019 Sic
3019 3965 3115 4020 erit
3142 3982 3311 4020 semen
3335 3975 3477 4021 tuum
3501 3969 3637 4023 sicut

2065 4056 2225 4110 steltte
2249 4056 2361 4110 caeli
2390 4065 2436 4108 et
2457 4071 2613 4109 arena
2637 4056 2817 4109 maris.
2852 4054 2993 4133 Quia
3013 4056 3304 4113 scientibus
3353 4059 3525 4130 legem
3556 4063 3637 4116 lo-

2065 4147 2329 4212 quebatur
2354 4146 2661 4215 Apostolus,
2690 4146 2746 4201 in
2767 4160 2928 4202 arena
2962 4147 3197 4217 Judaos,
3228 4149 3279 4203 in
3309 4151 3472 4205 stellis
3498 4167 3639 4221 gen-

2068 4247 2169 4301 tes,
2218 4250 2338 4306 quae
2366 4236 2593 4292 credunt
2642 4236 2958 4306 signiﬁcavit
2988 4251 3004 4291 :
3033 4238 3151 4292 illos
3203 4247 3467 4306 terrenos,
3501 4241 3641 4297 istos

2067 4329 2313 4383 caelestes
2333 4327 2607 4397 intellige;
2640 4326 2762 4396 quia
2789 4327 2947 4382 etiam
2976 4326 3046 4383 de
3066 4328 3181 4397 ipso
3197 4344 3391 4399 genere
3417 4330 3644 4387 Judaeu-

2067 4434 2182 4474 rum
2229 4419 2614 4489 primitivorum
2664 4419 2925 4485 Ecclesia,
2954 4434 3073 4488 qua:
3118 4420 3364 4485 credidit,
3397 4422 3541 4477 casio
3580 4434 3640 4478 et

2068 4511 2236 4566 stellis
2265 4512 2457 4567 merito
2483 4524 2842 4579 comparatur.
2869 4511 2932 4564 Et
2971 4528 3071 4567 non
3090 4524 3163 4567 est
3190 4514 3477 4584 inﬁrmatus
3509 4518 3644 4585 ﬁde,

2068 4617 2159 4656 nec
2186 4603 2518 4658 consideravit
2540 4616 2724 4673 corpus
2755 4619 2902 4656 suum
2930 4614 3238 4672 emortuum,
3266 4621 3379 4658 cum
3397 4607 3508 4677 fere
3523 4625 3652 4663 cen-

2070 4702 2180 4747 tum
2206 4709 2455 4747 amtorum
2479 4704 2630 4759 esset,
2662 4703 2708 4746 et
2755 4705 3032 4748 emortuam
3071 4695 3271 4749 vulvam
3298 4695 3462 4752 Sorae.
3495 4697 3653 4756 Nihil

2071 4796 2275 4841 natura;
2316 4785 2621 4843 considerat
2652 4785 2783 4839 ﬁdes
2817 4800 2832 4839 :
2862 4785 2982 4854 quia
3010 4787 3062 4840 in
3113 4785 3194 4839 bis
3216 4801 3334 4855 quae
3378 4789 3655 4857 promittit

2075 4880 2238 4944 Deus,
2266 4876 2419 4931 facile
2446 4889 2632 4931 natura
2654 4891 2751 4931 suo
2775 4877 2941 4931 servit
2961 4876 3182 4931 auctori.
3208 4876 3473 4943 Quaeritur
3501 4894 3654 4948 quo-

2074 4969 2231 5024 modo
2260 4960 2531 5024 Abraham
2581 4977 2768 5037 postea
2807 4967 2873 5022 de
2900 4966 3134 5022 Cethura
3178 4966 3319 5020 ﬁlios
3345 4983 3655 5038 generave-

2076 5063 2163 5126 rit,
2190 5061 2280 5131 qui
2310 5060 2377 5115 de
2404 5058 2538 5117 Sara
2562 5069 2685 5115 ante
2706 5076 2808 5114 non
2837 5060 3025 5129 potuit.
3052 5060 3254 5115 Idcirco
3281 5061 3348 5115 de
3376 5062 3507 5117 Sara
3538 5078 3657 5118 non

2072 5154 2275 5221 genuit,
2304 5152 2425 5220 quia
2453 5167 2590 5206 anus
2634 5161 2751 5206 erat
2787 5161 2843 5206 et
2876 5151 3095 5206 sterilis.
3125 5151 3202 5206 De
3239 5151 3328 5206 illa
3371 5166 3497 5208 vero
3528 5168 3661 5221 quae

2076 5244 2126 5297 in
2149 5242 2319 5297 aetatis
2345 5242 2628 5309 iuventute
2651 5242 2821 5311 posita
2852 5250 2989 5307 erat,
3025 5240 3179 5296 facile
3204 5241 3367 5297 valuit
3390 5257 3660 5311 procrea-

2075 5336 2140 5389 ri.
2160 5332 2224 5387 In
2246 5333 2631 5403 repromissione
2650 5342 2816 5386 autem
2837 5330 2933 5386 Dei
2949 5348 3050 5393 non
3075 5331 3323 5387 htesitavit
3342 5334 3659 5402 diﬁdenu’a,

2073 5424 2161 5476 sed
2180 5422 2489 5491 confortatus
2513 5431 2584 5475 est
2608 5422 2732 5491 ﬁde,
2762 5420 2891 5474 dans
2920 5422 3137 5489 gloriam
3170 5421 3300 5475 Deo.
3324 5421 3432 5476 Nec
3458 5423 3536 5477 de
3563 5438 3664 5479 so-

2075 5513 2303 5567 nectutis
2334 5512 2782 5581 impossibilitate,
2815 5525 2914 5565 nec
2940 5511 3009 5566 de
3038 5512 3408 5581 promissionis
3434 5514 3667 5582 magni-

2074 5602 2257 5656 tudine
2301 5601 2602 5654 dubitavit:
2640 5601 2763 5669 quia
2807 5615 2911 5654 non
2963 5600 3028 5654 ad
3071 5615 3242 5655 annos
3264 5616 3408 5665 suos,
3436 5603 3542 5655 sed
3594 5605 3670 5657 ad

2072 5690 2459 5758 Omnipotcntis
2503 5691 2761 5757 promissa
2795 5690 3053 5758 reSpexit,
3092 5689 3225 5746 dans
3254 5692 3476 5759 gloriam
3515 5691 3665 5757 Deo,

2072 5794 2159 5839 tan
2182 5800 2318 5855 juant
2346 5782 2411 5837 de
2437 5794 2689 5853 percepto
2717 5784 2913 5852 gratias
2938 5799 3126 5852 agens.
3159 5783 3449 5839 Plenissime
3478 5786 3666 5839 sciens
