3968 6166
391 375 493 429 εις-ι

1241 379 1304 433 1N
1347 372 1726 434 EPISTOLAM
1771 358 2225 425 AD'liO'ilANOS
2263 367 2795 429 CUMMENTARIA.

3552 365 3655 421 458

388 493 514 562 quia
540 507 852 563 quacunque
888 493 1120 561 promisit
1151 493 1303 556 Deus,
1330 503 1503 564 potens
1522 502 1594 547 est
1614 501 1663 546 et
1690 491 1874 559 facere.
1910 486 1965 542 ld
1998 486 2046 546 Δ
2074 486 2213 556 quod
2260 500 2539 556 speramus
2563 529 2579 553 ,
2629 496 2880 556 quantum
2928 500 2991 539 ex
3022 498 3083 539 se
3126 495 3448 552 praesumere
3480 479 3657 534 nullus

390 595 497 651 est,
528 585 849 641 certissime.
882 586 1002 656 ipse
1031 587 1191 654 igitur
1215 585 1370 641 fidem
1422 585 1655 655 gentium
1686 582 1832 649 facit,
1880 581 1967 651 qui

390 683 583 741 potens
613 685 696 731 est
716 676 892 732 facere
926 676 1069 746 quod
1118 676 1382 745 promisit.
1414 676 1531 745 ipse
1562 689 1690 742 ergo
1719 681 1971 742 operatur

392 764 444 816 in
472 764 726 820 cordibus
755 767 954 821 nostris
984 766 1142 822 ﬁdem
1184 768 1320 822 miro
1345 776 1399 821 et
1426 764 1682 821 ineﬁ‘abili
1724 763 1883 827 modo
1914 770 1971 817 ut

390 856 693 910 credamus.
754 854 885 910 Ideo
926 862 974 911 et
1020 866 1311 926 reputatum
1351 868 1425 911 est
1462 855 1545 910 illi
1584 859 1653 909 ad
1692 856 1967 930 justitiam.

394 945 519 1000 Non
560 956 634 1002 est
662 959 832 1002 autem
880 950 1123 1019 scriptum
1153 959 1351 1004 tantum
1392 956 1600 1020 propter
1636 951 1823 1020 ipsum,
1853 950 1973 1018 quia

391 1047 684 1109 reputatum
710 1049 781 1093 est
801 1039 898 1094 illi.
916 1040 1048 1108 Quia
1072 1041 1117 1095 si
1137 1040 1171 1076 “
1199 1040 1446 1096 credidit.
1473 1040 1537 1095 Et
1564 1040 1737 1104 aliter,
1770 1040 1973 1094 Adver-

395 1132 613 1187 tc‘ndum
642 1133 763 1204 quia
797 1134 935 1205 apud
971 1135 1135 1190 Deum
1166 1149 1273 1189 non
1327 1134 1499 1190 solum
1528 1134 1745 1191 devotio
1794 1134 1973 1203 operis

397 1221 558 1277 liabet
582 1223 853 1289 meritum,
894 1224 988 1280 sed
1018 1225 1178 1281 etiam
1208 1226 1359 1279 ﬁrma
1385 1233 1441 1280 et
1483 1223 1714 1294 perfecta
1745 1223 1976 1279 creduli-

399 1327 495 1368 tas.
531 1313 640 1371 Sed
683 1325 732 1369 et
758 1324 964 1387 propter
1008 1333 1120 1382 nos,
1152 1317 1334 1386 quibus
1381 1318 1721 1385 reputabitur.
1755 1316 1869 1371 Non
1916 1325 1973 1370 ut

396 1407 658 1463 sciremus
684 1417 886 1462 tantum
918 1409 1090 1479 qualis
1116 1409 1297 1476 fuerit,
1331 1410 1424 1464 sed
1455 1420 1512 1464 ut
1543 1409 1697 1465 uobis
1724 1410 1974 1464 omnibus

397 1499 646 1567 exemplo
695 1500 786 1566 sit,
817 1511 877 1555 ut
918 1501 1045 1556 liliis
1092 1510 1244 1571 pater
1277 1520 1288 1555 :
1318 1503 1456 1557 sicut
1503 1503 1680 1557 omnia
1725 1503 1973 1571 exempla

397 1600 729 1659 sanctorum,
779 1594 893 1649 sive
948 1594 1292 1663 tentationes,
1337 1604 1395 1650 ut
1436 1610 1493 1649 se
1525 1595 1622 1662 ipsi
1650 1595 1869 1660 scirent,
1922 1605 1977 1673 et

398 1696 497 1736 nos
554 1696 737 1737 eorum
792 1684 1043 1753 exempla
1092 1699 1461 1755 sequeremur.
1524 1685 1649 1741 ideo
1703 1693 1977 1740 tentantur

398 1771 590 1838 sancti,
625 1779 681 1826 ut
712 1773 809 1843 ipsi
832 1788 893 1829 se
919 1783 1245 1845 agnoscant:
1280 1776 1400 1830 ideo
1432 1775 1637 1845 probati
1680 1774 1974 1845 justilican-

2074 579 2316 645 auderet,
2348 581 2470 649 quia
2502 582 2553 633 in
2587 582 2698 634 sola
2749 578 2842 632 Dei
2865 578 3061 633 virtute
3093 586 3198 642 est,
3230 586 3288 629 ut
3324 576 3484 627 homo
3514 574 3565 625 in
3596 570 3659 624 iis

2076 668 2268 723 liorttm
2301 670 2390 725 Dei
2422 686 2643 725 numero
2673 670 2842 738 possit
2869 668 3188 732 ascendere;
3213 665 3449 721 ostendit
3479 670 3531 717 ct
3562 676 3660 718 uos

2075 762 2272 819 habere
2292 764 2435 817 unde
2460 773 2603 818 recte
2648 770 2703 817 et
2734 762 2849 816 sine
2878 759 3111 830 periculo
3138 759 3448 828 gloriemur.
3474 756 3661 825 Magna

2074 855 2216 908 enim
2236 855 2401 922 gloria
2431 864 2514 909 est
2542 870 2634 921 per
2658 854 2815 907 ﬁdem
2838 867 2901 905 ac
2931 865 3078 920 spem
3104 851 3155 904 in
3184 864 3406 903 numero
3428 849 3551 902 tilio:
3569 848 3657 901 um

2075 942 2173 998 Dei
2193 944 2438 999 adscisci.
2464 944 2520 997 ln
2538 958 2632 1014 spe
2647 944 2830 1014 gloria:
2860 943 3091 996 ﬁliorum
3110 940 3204 994 Dei
3221 939 3350 993 illud
3370 938 3521 993 nobis
3541 952 3662 1006 pro-

2077 1034 2325 1100 mittitur,
2357 1035 2522 1103 quod,
2555 1037 2695 1088 sicut
2734 1034 2933 1087 dictum
2966 1039 3068 1099 est,
3113 1044 3330 1099 sperare
3360 1028 3535 1082 nullus
3556 1042 3660 1095 au-

2076 1124 2238 1179 debat
2269 1141 2283 1179 :
2315 1125 2455 1194 quod
2488 1126 2533 1178 si
2565 1124 2700 1180 forte
2730 1124 2781 1179 iu
2830 1131 3063 1177 mentem
3113 1120 3335 1189 alicujus
3365 1117 3659 1180 iucidlsSet‘,

2078 1224 2285 1285 poterat
2312 1217 2580 1271 aestimare
2598 1224 2660 1270 Se
2681 1216 2735 1270 in
2767 1214 3149 1283 blasphemiam
3174 1210 3496 1266 incurrisse:
3521 1208 3665 1278 quod

2077 1308 2212 1361 adeo
2242 1322 2490 1375 maguum
2530 1316 2632 1372 est,
2662 1316 2719 1360 ut
2747 1321 2777 1359 a
2808 1306 2989 1360 multis
3023 1320 3116 1374 pro
3153 1304 3267 1373 ipsa
3299 1300 3663 1369 magnitudine

2078 1399 2388 1454 incredibile
2432 1400 2675 1453 videatur
2706 1414 2719 1451 :
2752 1413 2816 1453 eo
2846 1400 2986 1467 quod
3030 1411 3307 1465 speramus
3337 1393 3560 1463 gloriam
3595 1394 3661 1445 ﬁ-

2076 1491 2266 1545 liorum
2311 1491 2404 1545 Dei
2437 1505 2533 1545 nos
2558 1500 2960 1546 consecuturos.
2993 1487 3116 1542 Non
3145 1491 3311 1541 solum
3352 1494 3542 1547 autem,
3574 1486 3665 1538 sed

2076 1586 2227 1637 etiam
2264 1584 2615 1652 qloriamurin
2657 1581 3082 1637 tribulationibus.
3119 1579 3241 1633 ldt-o
3281 1579 3331 1632 in
3365 1577 3663 1632 tribulatio-

2078 1675 2233 1727 nibus
2259 1675 2535 1743 gloriatur,
2568 1675 2687 1742 quia
2720 1689 2824 1742 .per
2864 1688 2955 1727 eas
2987 1670 3256 1740 patientia:
3288 1669 3454 1722 virtus
3481 1678 3661 1724 osten-

2078 1768 2243 1830 ditur,
2266 1767 2408 1821 etde
2438 1766 2687 1835 patientia
2719 1766 2840 1820 ﬁdei
2883 1763 3194 1834 approbatio
3233 1764 3511 1817 nascitur:
3545 1772 3669 1827 spes

400 1873 507 1929 tur,
539 1872 597 1917 ut
617 1877 714 1917 nos
744 1879 927 1919 eorum
958 1865 1175 1935 vestigia
1204 1866 1613 1935 subsequamur.
1646 1865 1975 1921 (It-edentibus
2010 1855 2051 1913 Β
2081 1873 2208 1912 vero
2235 1859 2303 1912 de
2332 1858 2513 1912 invicti
2544 1857 2704 1911 animi
2734 1857 3048 1925 probatione
3078 1853 3330 1907 nutritur.
3364 1849 3669 1905 Gloriantur

399 1953 451 2005 in
488 1970 625 2020 eum,
661 1956 747 2022 qui
780 1955 1041 2009 suscitavit
1071 1956 1252 2010 Iesum
1286 1954 1545 2010 Christum
1577 1955 1977 2009 Dominum'no-

399 2052 563 2097 stram
600 2061 632 2097 α
666 2046 899 2099 mortuis.
932 2045 1223 2102 Videamus
1265 2063 1370 2116 quo
1400 2047 1590 2103 ordine
1621 2050 1726 2103 huc
1765 2051 1882 2104 loco
1912 2049 1978 2102 ad

398 2135 600 2191 Christi
652 2137 929 2193 transierit
982 2141 1469 2194 resurreCtionem:
1504 2140 1686 2205 idest,
1728 2150 1783 2194 et
1828 2141 1980 2194 nobis

400 2228 758 2298 reputabitur,
788 2228 834 2285 si
875 2236 984 2283 tam
1036 2229 1267 2299 perfecte
1295 2229 1679 2285 crediderimus
1707 2222 1978 2285 Christum

398 2336 429 2375 a
452 2321 679 2375 mortuis
702 2321 1082 2385 resurrexisse,
1133 2320 1400 2391 quomodo
1424 2322 1513 2377 ille
1534 2338 1578 2375 et
1595 2322 1760 2376 edidit
1789 2337 1981 2391 corpus

402 2411 442 2468 S
478 2427 553 2466 ra:
602 2402 902 2467 emortuum
935 2427 1093 2482 posse
1140 2412 1206 2467 ad
1257 2413 1668 2483 concipiendum
1700 2415 1978 2470 vivitit-ari.

405 2504 510 2570 Qui
558 2505 780 2558 traditus
819 2514 891 2559 est
937 2514 1141 2576 propter
1191 2504 1372 2557 delicta
1405 2515 1603 2558 nostra.
1637 2505 1690 2559 ltt
1742 2506 1982 2560 traditio-

404 2610 472 2648 ne
514 2594 910 2659 misericordia,
949 2596 1000 2649 iu
1052 2595 1450 2651 resurrectione
1496 2597 1732 2666 potentia
1762 2595 1981 2651 demon-

405 2694 572 2740 slrata
613 2693 695 2738 est
723 2702 736 2739 :
762 2695 815 2740 et
844 2695 901 2739 ut
947 2701 1103 2742 nova:
1131 2702 1196 2742 ex
1244 2687 1639 2742 resurrectione
1680 2690 1825 2754 vitat,
1864 2703 1984 2758 qua:
2026 2746 2031 2750 ,

404 2785 487 2829 est
528 2773 845 2844 justiﬁeatio
870 2786 1072 2842 nostra,
1113 2777 1266 2832 nobis
1295 2777 1511 2833 daretur
1535 2782 1880 2847 exemp’um;
1930 2790 1985 2833 ut

409 2875 627 2935 peccata
665 2874 844 2920 ucstra
878 2875 1133 2937 portaret,
1177 2878 1419 2923 mortuus
1448 2880 1530 2924 est
1564 2888 1578 2924 :
1610 2872 1901 2925 resurrexit
1928 2880 1986 2926 ttt

409 2973 506 3026 per
533 2962 977 3015 resurrectionem
1001 2975 1151 3015 suam
1179 2959 1401 3028 gloriam
1427 2972 1621 3015 nostra
1646 2962 1985 3032 iustiﬁcatio-

409 3050 493 3103 ttis
530 3048 857 3104 ostenderet.
890 3047 957 3102 Et
1000 3052 1274 3106 resurrexit
1322 3062 1528 3122 prapter
1562 3052 1988 3122 justiﬁcutiouem

409 3151 663 3198 nostram.
697 3143 818 3199 Ideo
846 3159 1091 3200 mortuus
1126 3157 1225 3212 est,
1263 3156 1318 3202 ut
1353 3148 1513 3201 vitant
1546 3148 1771 3203 mortuis
1798 3148 1987 3203 redde-

2082 1964 2209 2019 ergo
2238 1950 2408 2003 sancti
2448 1947 2513 2003 de
2559 1949 2839 2003 tolerantia
2888 1945 3244 2001 tribulationis
3274 1942 3391 1996 sine
3437 1939 3671 2009 periculo

2082 2043 2352 2095 vanitatis.
2385 2040 2499 2094 Non
2530 2040 2702 2095 solum
2744 2040 2885 2094 enim
2917 2038 2969 2093 in
3010 2035 3178 2108 gloria
3216 2035 3352 2104 spei,
3385 2032 3475 2087 sed
3507 2031 3669 2085 etiam

2083 2131 2137 2186 in
2161 2131 2527 2185 saluberrimis
2547 2130 2701 2185 nobis
2726 2128 3153 2184 tribulatiOnihus
3168 2127 3475 2197 gloriamur,
3499 2120 3672 2176 scicn-

2087 2232 2166 2276 tes
2194 2232 2444 2291 quantam
2479 2222 2669 2275 habeat
2700 2220 3205 2281 remunerationem,
3238 2215 3375 2269 sicut
3411 2213 3483 2267 ait
3510 2211 3667 2266 Jaco-

2086 2314 2182 2366 bus
2217 2331 2227 2365 :
2259 2314 2428 2367 Omne
2458 2312 2705 2381 gaudium
2735 2310 3056 2373 existimate,
3090 2307 3284 2360 fratres
3313 2303 3438 2368 mei,
3466 2316 3585 2356 cum
3614 2300 3668 2352 in

2085 2407 2403 2459 tentationes
2427 2406 2595 2458 varias
2628 2401 2939 2457 incidetitis.
2968 2401 3032 2453 Et
3063 2397 3192 2452 illud
3218 2414 3231 2449 :
3259 2396 3449 2450 Beatus
3478 2392 3558 2447 vir
3579 2388 3673 2461 qui

2086 2500 2275 2552 sullert
2307 2496 2649 2551 tentationem
2686 2513 2699 2547 :
2731 2495 2850 2564 quia
2881 2510 3000 2547 (um
3039 2492 3292 2560 probatus
3320 2487 3499 2549 fuerit,
3530 2487 3661 2539 acci-

2089 2590 2199 2656 piet
2225 2603 2477 2642 coronam
2502 2590 2645 2639 vitae.
2671 2586 2744 2639 De
2776 2584 3115 2639 tribulatione
3131 2583 3273 2637 enim
3304 2580 3531 2650 gloriosa
3552 2591 3663 2646 pcr-

2090 2680 2316 2733 mittitur
2357 2679 2509 2732 nobis
2542 2687 2594 2731 ut
2622 2679 2910 2747 gloriemur
2942 2694 2955 2727 :
2989 2676 3129 2745 quod
3174 2684 3227 2728 et
3255 2674 3300 2728 si
3348 2672 3667 2734 fecerimus,

2091 2772 2195 2825 tale
2211 2781 2290 2825 est
2318 2768 2475 2839 quale
2502 2771 2543 2822 si
2564 2771 2701 2838 quis,
2735 2784 2952 2822 nummo
2983 2783 3131 2821 a'neo
3153 2774 3243 2819 aut
3266 2764 3512 2834 plumbeo
3540 2776 3668 2816 eon-

2091 2870 2311 2930 tcntpto,
2329 2873 2595 2929 gemmam
2621 2862 2821 2930 regiam
2840 2873 3212 2928 consequatur.
3234 2856 3542 2925 Quanquam
3567 2869 3673 2906 uott

2090 2956 2158 3007 sit
2179 2953 2333 3022 digna
2358 2938 2685 3022 comparatio
2718 2970 2729 3004 :
2763 2954 2885 3021 quia
2920 2953 3026 3017 hic,
3059 2950 3302 3021 quamvis
3333 2947 3557 3018 pretium
3590 2946 3675 2998 di-

2091 3055 2215 3108 stet,
2242 3057 2414 3098 mauet
2448 3053 2623 3097 tamen
2666 3047 2942 3111 utr'usque
2973 3041 3244 3110 torruptio
3278 3058 3288 3093 :
3322 3039 3390 3093 ibi
3422 3037 3678 3102 deregaut

2096 3136 2272 3204 parvis
2304 3151 2515 3204 magna,
2546 3144 2598 3189 et
2638 3135 2852 3189 caducis
2878 3133 3167 3188 sutceduut
3195 3142 3413 3186 mterna.
3453 3129 3673 3183 Scicutet

410 3245 515 3291 ret.
540 3234 665 3292 Ideo
687 3236 741 3291 in
771 3236 887 3306 ipso
914 3253 1140 3306 corpore
1168 3255 1272 3309 quo
1302 3250 1385 3294 εει
1414 3239 1698 3295 cruciﬁxus
1721 3242 1985 3310 appara“,
2019 3223 2064 3285 C
2095 3228 2231 3296 quod
2254 3225 2535 3280 tribulatio.
2557 3224 2693 3280 Sciri
2710 3226 2818 3295 jam
2842 3225 3052 3290 dic’tur,
3074 3222 3211 3293 quod
3240 3220 3543 3276 ﬁrmissime
3559 3235 3679 3273 cre-

413 3338 472 3384 ut
501 3327 660 3383 ﬁdem
688 3338 843 3399 atque
861 3329 1119 3400 justitiam
1144 3332 1473 3387 credentium
1488 3333 1852 3399 conﬁrmaret,
1872 3349 1991 3387 cum

415 3421 468 3473 in
499 3418 828 3488 plenitudine
858 3419 1229 3489 promissionis
1256 3420 1484 3477 fructum
1515 3439 1629 3481 sua:
1661 3422 1993 3478 credulitatis

415 3514 748 3581 agnosceret.
1208 3525 1251 3576 ι

486 3605 617 3660 CAP.
657 3621 713 3659 ν.
742 3602 1021 3675 Jusliﬁcati
1036 3605 1215 3678 igitur.
1244 3603 1376 3659 Cum
1402 3604 1574 3659 Judzei
1612 3615 1665 3661 et
1692 3616 1878 3676 gentes
1908 3608 1993 3660 in-

419 3708 500 3752 ter
535 3713 594 3752 se
617 3697 997 3767 disceptarent,
1026 3707 1080 3752 et
1110 3697 1184 3750 illi
1207 3697 1274 3752 de
1298 3700 1526 3766 antiqua:
1556 3698 1687 3768 lt'gis
1717 3700 1992 3765 operibus,

420 3788 471 3841 lti
501 3787 565 3841 de
582 3802 717 3849 nova
731 3786 926 3843 Christi
941 3787 1218 3842 vocatione
1247 3797 1653 3856 praesumerent,
1673 3796 1994 3857 pertractata

417 3894 577 3934 eausa
595 3878 719 3948 quia
742 3892 901 3934 nemo
931 3893 1116 3932 eorum
1133 3889 1297 3933 estex
1322 3878 1513 3932 metito
1530 3893 1627 3933 suo
1648 3879 1990 3949 justiﬁcatus,

417 3971 512 4030 Sed
541 3985 732 4026 omnes
756 3986 850 4041 per
871 3971 1114 4042 gratiam,
1145 3986 1264 4040 quae
1296 3970 1454 4026 ﬁdem
1488 3970 1737 4037 infundit,
1764 3981 1820 4025 et
1851 3971 1995 4025 veri-

419 4074 581 4118 tatem
634 4063 899 4129 ostendit;
959 4062 1184 4133 etquod
1238 4077 1337 4118 nec
1382 4064 1572 4132 genus,
1626 4077 1723 4116 nec
1771 4063 1999 4115 circum-

416 4156 572 4221 cisio,
617 4154 711 4209 sed
764 4154 913 4209 ﬁdes
954 4153 1109 4208 faciat
1156 4153 1291 4207 ﬁlios
1341 4151 1589 4217 Abrahae,
1622 4154 1863 4223 quiante
1893 4154 1997 4207 cir-

416 4247 800 4303 cumcisionem
844 4228 910 4301 ex
963 4248 1075 4301 sola
1122 4244 1443 4300 credulitate
1491 4244 1819 4314 jns'iﬁcatus
1869 4255 1996 4299 est:

417 4355 517 4408 qua
549 4338 755 4393 ratioae
802 4337 1053 4393 conclusa
1086 4352 1268 4406 pacem
1298 4351 1391 4390 eos
1428 4335 1627 4390 habere
1654 4336 1900 4390 hortatur
1930 4336 1996 4390 ad

418 4430 611 4496 Deum,
643 4429 765 4501 quia
792 4444 951 4485 nemo
976 4428 1088 4483 suis
1139 4427 1364 4489 meritis,
1395 4426 1491 4482 sed
1522 4443 1711 4482 omnes
1748 4426 1842 4482 Dei
1879 4443 2002 4498 gra-

417 4524 489 4580 tia
533 4534 590 4579 et
628 4521 993 4579 misericordia
1036 4529 1163 4576 sunt
1218 4521 1433 4575 salvati.
1479 4519 1559 4574 Ea:
1605 4520 1728 4589 lite.
1762 4520 1891 4588 Qua:
1934 4536 1998 4573 ex

2098 3318 2260 3371 ditur.
2289 3317 2598 3370 Patientiam
2630 3329 2888 3386 operatur.
2917 3319 2968 3369 In
2996 3316 3335 3370 tribulatione
3352 3323 3573 3382 apparet
3592 3326 3684 3382 pa-

2100 3414 2280 3465 tientia
2328 3411 2440 3465 sive
2488 3421 2727 3480 augetur.
2762 3410 2958 3479 Optant
2998 3408 3181 3463 ﬁdeles
3223 3406 3419 3476 aliquid
3452 3407 3553 3473 pati
3588 3418 3684 3473 pro

2100 3502 2315 3555 nomine
2342 3500 2571 3564 Domini,
2599 3510 2655 3553 ut
2682 3506 2959 3569 acquirunt
2997 3498 3063 3552 de
3087 3496 3425 3552 tribulatione
3453 3494 3681 3548 finienda

2100 3600 2318 3666 ptmmia
2350 3602 2464 3652 sine
2506 3600 2609 3653 line
2642 3615 2909 3652 mansura.
2948 3596 3207 3651 Patientia
3237 3607 3403 3650 autem
3428 3595 3683 3663 probatio-

2100 3716 2211 3751 nem
2236 3714 2255 3753 :
2287 3698 2519 3765 probatio
2554 3713 2666 3752 vero
2688 3715 2844 3761 ενιηι.
2872 3698 2969 3763 Qui
2999 3696 3051 3750 in
3081 3696 3328 3750 omnibus
3352 3697 3556 3765 patiens
3579 3695 3686 3749 fue-

2101 3792 2188 3855 tit,
2223 3792 2473 3858 probatus
2504 3799 2605 3844 est.
2640 3790 2774 3843 Vasa
2816 3791 2957 3843 enim
2990 3789 3130 3857 figuli
3164 3788 3351 3857 probat
3390 3787 3598 3851 fortun,
3632 3793 3686 3840 et

2100 3882 2535 3949 boutinesjustos
2562 3882 2783 3934 tentatio
2825 3879 3207 3934 tribulationis.
3234 3878 3362 3946 Spes
3392 3888 3560 3931 autem
3582 3894 3685 3932 nou

2102 3974 2388 4043 confundit.
2432 3974 2566 4042 Spes
2600 3973 2893 4026 futurorum
2943 3986 3159 4026 omnem
3191 3970 3559 4025 confusionem
3590 3984 3683 4024 ex.

2104 4041 2252 4130 pellit
2279 4041 2643 4132 praesentium,
2672 4059 2811 4115 unde
2855 4060 3104 4128 probatur
3128 4076 3233 4114 non
3279 4060 3475 4114 habere
3504 4075 3677 4130 spem,

2101 4156 2189 4226 qui
2218 4156 2499 4225 przeceptis
2520 4156 2718 4210 Christi
2749 4153 3111 4211 confunditur.
3145 4156 3275 4221 Quia
3314 4155 3536 4208 chariton
3567 4154 3683 4207 Dei.

2103 4249 2384 4318 Quomodo
2411 4264 2509 4304 nos
2540 4249 2680 4304 Deus
2709 4248 2892 4318 diligat
2927 4264 2993 4305 ex
3024 4248 3123 4303 ltoc
3146 4245 3689 4318 cognoscimus,quia

2104 4359 2209 4398 non
2231 4342 2405 4397 solum
2435 4342 2587 4397 nobis
2611 4356 2706 4411 per
2723 4353 2946 4397 mortem
2966 4341 3087 4396 Filii
3112 4341 3192 4395 sui
3218 4347 3433 4410 peccata
3453 4338 3687 4405 dimisit,

2104 4435 2199 4489 sed
2248 4435 2410 4489 etiam
2458 4434 2659 4488 donum
2690 4434 2742 4487 in
2774 4433 2927 4488 nobis
2969 4432 3142 4487 sancti
3167 4431 3398 4501 Spiritus
3426 4428 3688 4493 contulit,

2108 4527 2193 4598 qui
2226 4534 2416 4597 purgtt
2439 4537 2491 4579 et
2522 4526 2789 4580 illuminat
2813 4526 3027 4581 occulta
3050 4525 3312 4591 cordium,
3340 4534 3392 4581 et
3415 4526 3524 4593 jam
3553 4537 3693 4578 nunc

418 4614 533 4669 Deo
554 4622 659 4683 est,
702 4624 759 4668 ut
789 4612 1103 4679 credamus;
1138 4611 1279 4666 Sicut
1314 4621 1366 4664 ει
1394 4610 1459 4664 ad
1492 4609 1708 4666 Galatas
1738 4610 1903 4665 diCil:
1932 4615 2003 4666 At
2034 4593 2083 4652 θ
2111 4593 2313 4675 revelat
2332 4593 2560 4687 gloriam
2576 4617 2910 4697 futurorum.
2939 4618 3153 4685 lli/fusa
3170 4628 3244 4673 est
3266 4620 3318 4673 in
3343 4618 3576 4672 cordibus
3603 4632 3694 4669 ua-

418 4707 511 4761 ubi
543 4705 690 4761 venit
717 4705 875 4774 ﬁdes,
923 4705 1033 4777 jam
1089 4720 1192 4760 non
1232 4718 1415 4758 sumus
1462 4703 1563 4759 sub
1594 4702 1905 4773 paedagogo.
1937 4701 2004 4758 Et

416 4798 485 4852 ad
526 4798 783 4853 Hebraeos
831 4815 845 4848 ε
895 4797 1230 4867 Aspicientes
1259 4784 1313 4851 in
1354 4806 1627 4850 auctorem
1654 4803 1719 4859 et,
1747 4811 2001 4850 consum-

418 4898 684 4943 maturem
716 4889 841 4943 ﬁdei
868 4888 1051 4944 Jesum
1092 4886 1384 4943 Christum.
1417 4884 1605 4939 Pacem
1625 4884 1896 4940 habeamus
1935 4888 2003 4940 ad

422 4979 609 5035 Deum.
638 4978 735 5035 Vel
770 4979 999 5049 subjecti
1023 4980 1191 5034 simus
1219 4980 1328 5034 Deo
1358 4994 1373 5031 :
1405 4979 1486 5034 vel
1528 4992 1711 5048 pacem
1742 4978 1856 5045 Dei,
1900 4994 2005 5034 non

419 5069 603 5123 steculi
636 5067 946 5124 habeamus.
978 5064 1081 5123 Per
1103 5067 1377 5123 Dominum
1394 5078 1621 5122 nostrum
1652 5066 1828 5121 Iesum
1854 5068 2008 5123 C/tri-

420 5169 578 5212 stum.
604 5157 720 5212 Non
748 5175 811 5213 ex
853 5158 1126 5228 Operibus,
1169 5176 1257 5229 per
1281 5175 1428 5229 quem
1470 5158 1712 5211 habemus
1752 5173 2008 5212 accessum

423 5266 512 5318 per
522 5249 681 5318 ﬁdem
697 5248 748 5303 iu
766 5251 983 5320 gratiam
1001 5252 1167 5304 istam.
1185 5249 1285 5305 Per
1303 5266 1459 5317 quem
1479 5250 1804 5306 accessimus
1823 5266 2007 5320 prope,

422 5342 514 5412 qui
541 5357 758 5397 eramus
786 5343 964 5414 longe.
998 5342 1065 5397 In
1092 5361 1195 5414 qua
1225 5353 1442 5398 stamus.
1472 5344 1607 5410 Quia
1633 5352 1759 5400 ante
1789 5346 2011 5415 gratiam

420 5434 760 5509 jacebarpus.
787 5435 856 5491 Et
878 5437 1163 5509 gloriamur
1184 5439 1237 5492 in
1260 5455 1349 5508 spe
1370 5439 1549 5512 gloria:
1569 5440 1795 5508 filiorum
1817 5439 1934 5495 Dei.
1958 5441 2015 5496 In

426 5529 531 5585 huc
555 5532 696 5602 quod
717 5532 1027 5589 incredibile
1049 5532 1277 5601 videtur,
1304 5547 1401 5586 nos
1418 5547 1512 5601 per
1542 5531 1699 5588 tidem
1724 5532 2017 5602 gloriamur

431 5622 661 5677 ﬁliorum
705 5622 800 5680 Dei
830 5639 1046 5693 sperare
1071 5638 1167 5678 uos
1194 5624 1560 5693 adoptimtem,
1592 5632 1906 5697 tantumque
1932 5633 2017 5681 est

506 5810 544 5845 ι
569 5810 799 5870 Dolenda
826 5812 1035 5871 videtur
1065 5812 1373 5883 coniunctio
1398 5814 1461 5867 si.
1490 5811 1644 5869 Eutr.

2110 4714 2227 4766 stris
2248 4728 2339 4778 per
2362 4712 2617 4780 Spiritum
2644 4723 2898 4778 sanctum,
2920 4714 3005 4779 qui
3032 4712 3183 4766 datus
3217 4721 3291 4765 est
3312 4711 3472 4763 nobis.
3497 4705 3697 4776 Magni-

2113 4804 2241 4858 tudo
2273 4804 2654 4860 beneliciorum
2686 4802 2879 4858 excitat
2905 4805 2955 4856 in
2978 4818 3038 4857 se
3077 4800 3491 4870 magnitudinem
3517 4797 3696 4852 chari«

2114 4896 2260 4965 tatis,
2292 4911 2410 4966 qtue
2451 4895 2686 4966 perfecta
2717 4894 2907 4948 timere
2947 4907 3052 4946 non
3082 4892 3247 4955 novit,
3274 4903 3446 4956 neque
3474 4887 3694 4942 confun-

2113 4988 2257 5042 ditnr
2287 5005 2300 5042 :
2329 5003 2444 5056 qua
2478 4996 2650 5039 tamen
2696 4984 2745 5037 itt
2774 4982 2930 5037 nobis
2957 4995 3061 5034 non
3093 4994 3187 5047 per
3227 4980 3498 5048 proprium
3530 4977 3694 5033 meri-

2116 5089 2249 5144 tum,
2281 5078 2373 5132 sed
2422 5092 2513 5146 per
2542 5075 2795 5143 Spiritum
2840 5079 3079 5125 sanctum
3121 5070 3347 5125 donatur
3378 5088 3392 5125 :
3424 5072 3551 5142 quia
3581 5073 3693 5139 ipsa

2116 5169 2350 5224 eltaritas
2383 5167 2657 5237 plenitudo
2708 5164 2845 5233 legis
2890 5177 3010 5218 esse
3059 5165 3420 5234 cognoscitur.
3457 5164 3525 5218 Et
3572 5164 3725 5219 ideo,

2119 5273 2277 5313 nemo
2310 5259 2360 5310 in
2390 5272 2468 5322 se,
2504 5256 2598 5311 sed
2628 5254 2682 5308 in
2715 5254 2845 5323 Deo,
2869 5251 3021 5323 cujus
3049 5255 3248 5309 donum
3278 5266 3382 5320 est,
3405 5254 3691 5323 glorietur:

2118 5366 2214 5407 uec
2245 5350 2388 5404 dicat
2420 5365 2435 5403 :
2469 5349 2581 5419 Ego
2619 5347 2845 5402 naturali
2895 5346 2995 5416 legi
3043 5347 3284 5411 credidi,
3326 5356 3381 5401 et
3407 5345 3485 5401 sic
3511 5348 3694 5414 accepi

2120 5440 2375 5509 Spiritum
2406 5447 2649 5494 sanctum
2683 5454 2699 5493 :
2731 5440 2853 5509 quia
2885 5453 3043 5494 nemo
3072 5438 3324 5507 prtevenit
3370 5439 3534 5493 Deum
3554 5479 3571 5505 ,
3602 5439 3695 5493 sed

2118 5533 2258 5588 illius
2283 5546 2496 5601 semper
2530 5530 2891 5585 misericordia
2923 5530 3295 5602 praevertimur.
3333 5528 3524 5597 thuid
3562 5532 3725 5585 enim.

2118 5622 2349 5681 Christus
2371 5638 2486 5676 cum
2515 5622 2683 5676 adhuc
2721 5623 2911 5691 inﬁrmi
2940 5638 3178 5677 essemus.
3212 5620 3328 5676 Vult
3365 5620 3486 5678 hinc
3512 5632 3701 5680 catena
