3968 6166
379 327 484 378 439

1488 332 1780 391 PRIMASII
1821 330 2265 393 ADRUMETANI
2305 340 2512 397 EPISC.

3524 351 3621 405 44η

377 440 525 507 dere,
571 444 688 511 quia
732 460 827 512 pro
858 446 1032 516 impiis
1071 459 1313 505 mortuus
1351 460 1452 516 est,
1484 460 1538 507 et
1567 453 1947 508 beneﬁciorum
1975 450 2026 511 A
2053 467 2270 510 manere
2295 458 2556 526 custodia.
2587 458 2707 513 Non
2742 461 2908 515 solum
2936 470 3122 526 autem,
3154 463 3243 516 sed
3277 473 3323 517 et
3349 464 3564 532 gloriam
3598 483 3623 518 r

378 527 495 598 ejus
536 534 711 599 magni
738 536 950 595 urlincm
981 542 1377 606 commendare,
1411 556 1468 598 ιιι
1508 546 1740 599 indebite
1787 546 1946 603 abeo

378 628 581 674 tantum
610 622 814 692 dilecti,
847 638 1104 695 quantum
1134 646 1253 685 cum
1284 632 1504 702 diligere
1530 634 1838 693 debeamus.
1872 637 1947 690 vi-

377 710 621 777 deamus,
658 727 748 770 aut
774 717 820 771 si
855 729 960 773 tam
989 731 1174 776 sancto
1196 732 1250 777 et
1276 733 1424 779 tanto
1449 725 1708 781 beneﬁcio
1745 730 1945 797 aliqrrid

375 805 793 869 przrponenrlum
835 807 930 867 sit.
960 823 1082 864 cum
1126 811 1214 866 ille
1250 812 1403 868 nobis
1441 815 1616 881 impiis
1653 832 1752 872 nec
1781 819 1945 873 vitam

376 906 526 946 suam
558 900 921 964 pneposuerit,
956 917 1055 957 nec
1088 903 1431 974 denegaverit
1466 918 1713 964 mortem.
1747 910 1943 965 Secun-

376 984 497 1041 dum
525 997 717 1052 tempus
739 1006 830 1055 pro
851 990 1019 1061 impiis
1040 1005 1264 1048 mortuus
1284 1006 1376 1051 est.
1397 995 1519 1051 Sive
1534 998 1655 1068 quia
1681 1000 1732 1053 in
1758 1001 1947 1055 ultimo

375 1072 554 1127 stt-culi
586 1089 772 1144 passus
812 1089 897 1135 cst
920 1081 1186 1148 Christus,
1215 1087 1330 1141 sive
1370 1087 1437 1142 ad
1478 1104 1732 1157 prtesens.
1765 1093 1848 1147 vel
1877 1092 1945 1147 ad

376 1164 538 1219 tridui
569 1176 794 1236 tempus,
813 1180 868 1224 ιιι
890 1174 1295 1240 pra-dicabatur,
1316 1186 1399 1232 est
1419 1193 1681 1235 mortuus.
1697 1181 1795 1247 Qui
1819 1198 1946 1250 ergo

374 1268 475 1324 pro
514 1256 690 1325 impiis
719 1268 957 1315 mortuus
985 1271 1069 1318 est
1106 1264 1310 1331 dicens,
1342 1269 1594 1338 ostendit,
1630 1273 1770 1342 quod
1802 1273 1944 1341 pium

376 1343 656 1400 hominum
676 1364 841 1419 usque
868 1352 933 1405 ad
954 1364 1176 1411 mortem
1204 1358 1429 1427 diligere
1458 1360 1767 1430 debeamus,
1784 1379 1943 1431 quem

374 1447 474 1501 pro
510 1433 687 1503 impiis
716 1442 887 1497 servis
912 1445 1207 1500 cruciatum
1231 1451 1417 1503 mortis
1442 1450 1720 1520 excepisse
1742 1468 1945 1522 cogno-

318 1580 333 1597 ρ
372 1526 570 1581 scimus
603 1544 618 1582 :
649 1529 913 1602 simulque
955 1538 1264 1605 notandum,
1296 1542 1435 1611 quod
1465 1545 1562 1610 ait,
1609 1559 1707 1615 pro
1744 1546 1943 1613 impiis,

376 1627 428 1667 ut
462 1621 806 1691 prmsnmptio
848 1625 1075 1681 humana
1121 1631 1459 1701 reprimatur,
1492 1648 1559 1689 ne
1592 1636 1707 1689 suis
1743 1638 1945 1692 meritis

2049 544 2101 597 in
2142 544 2267 598 Deo.
2310 547 2424 601 Non
2452 548 2624 602 solum
2655 549 2811 603 nobis
2839 551 2943 605 vita
2970 550 3183 605 dabitur
3226 552 3427 605 Christi
3458 554 3509 605 itr
3538 553 3618 606 illa

2048 638 2459 692 resurrectionis
2488 640 2876 705 immutatione,
2905 642 2999 697 sed
3025 650 3082 696 et
3116 644 3313 712 gloria,-
3337 645 3476 701 sicut
3497 646 3624 699 dicit

2046 724 2280 780 Joannes
2312 729 2597 792 Apostolus
2628 747 2642 782 :
2673 730 2918 786 Nondum
2944 739 3190 802 apparuit
3228 736 3354 803 quid
3380 736 3617 792 erimus:

2046 817 2246 870 scimus
2275 821 2524 885 quoniam
2565 835 2690 875 cum
2731 825 3059 891 apparuerit,
3088 825 3295 881 similes
3319 828 3371 881 ei
3397 831 3623 885 erimus.

2051 902 2151 957 Per
2178 905 2453 962 Dominum
2478 918 2708 965 nostrum
2729 911 2910 966 Iesum
2935 914 3213 969 Christum.
3240 917 3315 975 Ut
3338 934 3431 987 per
3459 920 3623 987 ipsius

2044 995 2266 1063 gratiam
2289 997 2697 1055 similitudinem
2716 999 2835 1070 ejus
2854 1017 3175 1072 mereamur,
3191 1015 3247 1060 et
3262 1008 3432 1064 simus
3452 1010 3505 1065 in
3518 1012 3626 1081 glo-

2044 1084 2121 1138 ria
2148 1085 2242 1156 Dei
2268 1085 2457 1143 Patris.
2484 1087 2587 1143 Per
2611 1106 2757 1159 quem
2781 1108 2916 1146 nunc
2937 1097 3396 1152 reconciliationem
3426 1104 3617 1173 accepi-

2045 1188 2182 1229 mus.
2203 1173 2361 1235 Nunc,
2385 1178 2893 1249 reconciliationem,
2925 1191 3053 1239 tuac
3073 1184 3316 1253 gloriam.
3345 1185 3625 1259 Propterea

2043 1263 2171 1318 sicut
2198 1282 2289 1334 per
2310 1282 2469 1321 unum
2488 1268 2743 1325 hominem
2764 1273 2818 1326 in
2837 1273 2975 1339 [tunc
2993 1278 3261 1333 mundum.
3283 1278 3420 1336 Hine
3444 1292 3627 1338 osten-

2044 1352 2172 1407 dere
2204 1354 2312 1409 vult
2342 1367 2625 1427 propterea
2654 1360 2921 1417 Christum
2963 1380 3197 1434 passum,
3248 1378 3307 1423 ut
3333 1371 3425 1439 qui
3450 1387 3484 1426 a
3514 1372 3625 1430 Deo

2044 1456 2141 1507 per
2169 1443 2335 1497 Adam
2366 1445 2804 1515 discesseramus,
2832 1466 2927 1520 per
2949 1454 3220 1511 Christum
3248 1461 3622 1518 reconciliare-

2043 1545 2184 1584 mur.
2206 1530 2477 1587 Peccatum
2489 1536 2720 1593 intravit.
2736 1538 2979 1596 Traduce
3000 1553 3055 1598 et
3066 1546 3311 1614 exemplo
3326 1564 3341 1604 ;
3354 1553 3623 1616 quomodo

2006 1624 2007 1627 ‘
2043 1620 2187 1673 enim
2217 1636 2336 1676 cum
2366 1637 2471 1678 non
2492 1635 2634 1680 esset
2656 1639 2951 1696 peccatum,
2978 1647 3071 1698 per
3088 1633 3255 1689 Adam
3285 1637 3521 1704 advenit,
3549 1640 3621 1695 ita

2043 1720 2099 1763 ει
2125 1725 2243 1765 cum
2267 1712 2380 1782 jam
2410 1716 2547 1782 apud
2574 1718 2773 1772 nullum
2811 1732 2951 1776 esset
2976 1723 3203 1792 justitia,
3231 1742 3325 1793 per
3348 1728 3617 1787 Christum

371 1807 556 1852 eontra
581 1799 848 1872 Pelagium
881 1806 1004 1863 facit
1041 1811 1130 1879 qui
1163 1826 1318 1883 negat
1352 1816 1610 1884 originale
1641 1832 1937 1886 peccatum,
1976 1802 2018 1859 Β
2047 1813 2296 1856 revoca“
2327 1815 2438 1870 (⁵⁸ῑῖ
2471 1816 2525 1860 εί
2549 1810 2815 1875 quomodo
2856 1827 2948 1879 per
2971 1814 3113 1871 illius
3142 1828 3416 1884 Peccamm
3444 1835 3613 1889 mors-

369 1886 513 1952 quod
542 1889 585 1941 si
618 1888 884 1949 hominem
932 1912 1036 1952 non
1067 1900 1375 1972 obligasset,
1422 1922 1567 1960 mors
1607 1906 1802 1963 Christi
1834 1925 1940 1963 non

369 1974 559 2031 inisset
599 1985 921 2038 necessaria.
955 1987 1177 2063 Dignum
1222 2003 1397 2049 autem
1436 2006 1516 2049 est
1556 2008 1608 2050 nt
1658 1999 1815 2052 homo
1848 2018 1942 2067 pro

369 2068 704 2128 confessione
735 2075 856 2130 boni
880 2078 1085 2135 Domini
1111 2084 1268 2137 vitam
1300 2087 1665 2144 incunctanter
1684 2093 1939 2161 ell'uodnt,

368 2159 461 2227 qui
484 2175 588 2215 non
617 2178 713 2231 pro
731 2165 908 2233 jrtstis,
940 2170 1032 2224 sed
1063 2186 1158 2240 pro
1179 2172 1355 2244 impiis
1383 2189 1622 2233 mortuus
1647 2190 1748 2246 est,
1779 2192 1831 2235 et
1859 2159 1938 2238 vel

368 2251 448 2303 sic
475 2250 543 2306 de
583 2254 733 2310 nobis
763 2272 1085 2325 praesumere
1113 2264 1441 2322 desinamus.
1483 2269 1611 2323 Nam
1640 2274 1683 2325 si
1728 2274 1809 2327 vix
1846 2289 1942 2343 pro

363 2338 510 2408 justo
534 2345 653 2411 quis
682 2349 920 2414 moritur,
950 2351 1067 2418 quis
1097 2368 1193 2422 pro
1222 2356 1399 2424 iniquo
1424 2366 1477 2411 et
1504 2359 1687 2429 impio,
1721 2364 1820 2416 nisi
1852 2364 1941 2418 ille

366 2432 455 2497 qui
487 2445 703 2489 venerat
732 2438 936 2493 salvum
967 2440 1144 2497 facere
1169 2448 1307 2513 qrrod
1342 2448 1573 2514 perierat
1604 2467 1618 2504 :
1649 2453 1731 2503 crri
1763 2454 1939 2508 nuilos

370 2522 512 2589 prior
530 2523 696 2589 dedit,
722 2531 813 2584 sed
839 2533 908 2585 ab
936 2534 1025 2587 illo
1050 2540 1275 2605 accepit,
1300 2549 1355 2591 ut
1376 2538 1657 2596 crederet?
1679 2543 1817 2597 Nam
1845 2563 1937 2615 pro

366 2611 498 2665 lieno
534 2614 749 2685 forsitan
772 2622 886 2691 quis
913 2624 1100 2679 audeat
1126 2628 1275 2681 mori.
1305 2627 1435 2683 Tam
1467 2632 1621 2686 facile
1649 2651 1662 2686 :
1692 2649 1810 2688 nam
1844 2611 1937 2689 bo-

367 2716 493 2756 num
521 2703 620 2759 hoc
640 2718 725 2762 est
744 2712 883 2778 quod
900 2713 1123 2781 justum,
1146 2720 1433 2773 sccunrlum
1459 2723 1584 2777 illud
1607 2726 1934 2793 mandatum,

358 2792 559 2861 justum
582 2805 632 2849 et
656 2796 873 2853 bonum.
902 2801 1230 2858 Commendat
1258 2819 1426 2861 autem
1450 2827 1596 2865 suam
1617 2813 1935 2873 charitatern.

365 2886 587 2952 Quando
614 2889 846 2947 indebite
871 2894 1067 2964 aliquid
1102 2898 1360 2967 redditttr,
1391 2912 1515 2957 tunc
1539 2905 1769 2959 clraritas
1792 2922 1936 2960 corrr-

364 2980 664 3037 tneudatnr.
705 2983 839 3049 Quid
886 3002 1014 3055 ergo
1058 2998 1163 3043 tam
1213 2993 1503 3048 irrdebitttm
1548 3012 1705 3065 quam
1739 3007 1792 3050 ut
1821 3000 1936 3055 sine

365 3082 583 3137 precatu
619 3076 875 3131 Dominus
919 3081 1037 3148 pius
1084 3097 1178 3149 pro
1225 3098 1380 3139 servo
1410 3086 1572 3155 impio
1601 3095 1935 3146 moreretur?

2047 1893 2113 1942 ita
2149 1906 2245 1960 per
2274 1893 2430 1963 hujus
2457 1893 2716 1963 justitiam
2739 1902 2865 1955 vita.
2906 1900 2971 1956 Et
3000 1921 3091 1973 per
3119 1917 3399 1976 peccatum.
3435 1909 3490 1963 In
3521 1909 3620 1966 hoc

2043 1982 2163 2036 loco
2188 1992 2375 2038 contra
2413 1989 2696 2057 abruptum
2744 1992 3035 2062 Pelagiana:
3064 1997 3351 2066 impietatis
3379 2015 3616 2057 errorem

2045 2086 2265 2128 mortenr
2290 2076 2467 2131 studet
2496 2081 2776 2136 ostendere
2808 2100 2915 2139 non
2943 2101 2974 2139 a
3002 2086 3113 2141 Deo
3134 2076 3354 2157 lactant,
3389 2093 3485 2146 sed
3519 2108 3616 2162 per

2042 2167 2248 2235 culpam
2281 2175 2715 2242 transgressionis
2745 2176 2940 2233 illatam
2972 2197 2988 2234 :
3021 2181 3145 2250 quia
3167 2183 3304 2238 sicut
3331 2198 3426 2253 per
3456 2185 3613 2254 primi

2042 2255 2169 2308 Adre
2203 2268 2472 2323 peccatum
2503 2262 2649 2317 salus
2680 2267 2869 2320 amissa
2910 2276 3012 2333 est,
3046 2271 3117 2325 ita
3160 2286 3257 2341 per
3283 2275 3499 2328 secundi
3523 2276 3614 2344 ju-

2040 2348 2236 2402 stitiam
2281 2363 2523 2421 reparata
2553 2367 2654 2412 est.
2688 2358 2782 2411 llic
2811 2360 3099 2428 Apostolus
3136 2363 3236 2418 hoc
3278 2366 3504 2420 intendit
3530 2382 3618 2420 as-

2043 2454 2245 2506 serere,
2278 2458 2400 2511 qura
2429 2460 2617 2515 magna
2648 2446 2745 2502 iuit
2773 2450 2900 2505 Atla:
2940 2456 3310 2522 transgressio,
3335 2456 3428 2511 sed
3454 2457 3615 2513 ditior

2042 2542 2127 2585 est
2176 2532 2371 2588 Christi
2400 2537 2725 2608 redemptio;
2757 2553 2811 2595 et
2854 2543 2977 2605 inde
3020 2546 3153 2598 dixit
3184 2560 3199 2599 :
3236 2547 3300 2601 Et
3338 2563 3445 2605 non
3473 2550 3614 2606 sicut

2046 2639 2138 2692 rer
2161 2640 2319 2679 unum
2344 2626 2611 2683 hominem
2642 2640 2939 2699 peccatum,
2967 2635 3036 2688 ita
3075 2646 3129 2690 et
3153 2637 3371 2693 donum.
3400 2640 3477 2695 Ex
3506 2656 3610 2696 uno

2043 2727 2261 2783 peccato
2290 2718 2379 2773 ille
2408 2720 2585 2773 intulit
2624 2731 2848 2777 mortem
2881 2742 2894 2777 :
2929 2725 3013 2780 hic
3040 2744 3103 2781 ex
3134 2730 3415 2785 multorum
3444 2733 3610 2787 aboli-

2044 2805 2188 2860 tione
2212 2807 2436 2861 reddidit
2459 2809 2642 2865 vitam.
2669 2811 2734 2866 Et
2759 2814 2877 2867 ideo
2899 2814 3017 2883 plus
3039 2818 3312 2885 praevaluit
3328 2818 3535 2889 justitia
3557 2822 3607 2877 in

2041 2896 2375 2962 viviiicando,
2406 2915 2563 2967 quam
2595 2911 2865 2969 peccatum
2898 2906 2948 2958 in
2978 2907 3287 2967 occidendo,
3320 2908 3486 2965 Mars.
3515 2912 3605 2966 llla

2039 2986 2106 3041 de
2132 3001 2235 3055 qua
2275 2988 2439 3044 dicit:
2467 2987 2599 3044 Cum
2629 2994 2820 3047 mortui
2850 2995 3037 3049 essetis
3067 2997 3119 3051 in
3150 3000 3398 3067 peccatis,
3423 3003 3604 3057 convi-

2039 3076 2270 3131 vilicavit
2297 3093 2391 3133 vos
2414 3078 2647 3135 Christo.
2677 3081 2820 3137 Mors
2847 3098 2877 3137 a
2910 3100 3088 3141 morsu
3120 3078 3387 3159 serpentis
3414 3107 3603 3149 nomen

363 3160 503 3215 Dens
537 3164 588 3216 in
614 3165 778 3221 nobis.
805 3168 1069 3232 Quantum
1097 3186 1192 3225 nos
1220 3173 1402 3240 drligat
1429 3192 1491 3231 ex
1520 3188 1690 3232 morte
1714 3194 1807 3233 sua
1838 3195 1931 3235 co-

2036 3167 2259 3236 arcepit.
2288 3168 2355 3222 Et
2395 3170 2488 3224 ita.
2515 3172 2792 3238 Quomodo
2830 3175 2884 3229 in
2925 3176 3035 3231 illa.
3079 3175 3143 3233 In
3183 3196 3351 3236 omnes
3380 3186 3605 3239 homines

360 3257 687 3321 grroscimus.
722 3260 977 3327 Quoniam
1014 3279 1129 3316 cum
1170 3266 1339 3319 rdhrrc
1378 3282 1661 3335 peccatores
1690 3290 1929 3342 essemus,

362 3341 594 3399 Christus
618 3363 711 3416 pro
732 3334 879 3403 nobis
908 3362 1134 3407 mortuus
1161 3366 1253 3410 est.
1284 3356 1450 3412 Multo
1476 3362 1629 3427 igitur
1656 3366 1817 3435 inagis
1838 3369 1932 3434 ju-

359 3437 568 3503 stiﬁcati
594 3455 729 3493 nunc
754 3442 804 3495 irr
830 3446 1073 3514 sanguine
1100 3449 1283 3516 ipsius,
1309 3453 1436 3506 salvi
1474 3456 1683 3508 erimus.
1714 3458 1767 3511 Si
1812 3474 1936 3525 pec-

357 3535 568 3582 catores
591 3537 791 3584 tantum
821 3534 1023 3602 dilexi',
1056 3548 1254 3607 quanto
1281 3541 1449 3611 magis
1465 3545 1575 3613 jam
1603 3562 1735 3613 quos
1758 3550 1932 3616 justos

359 3614 484 3669 fecit
509 3621 804 3677 custodiet?
832 3633 884 3677 et
909 3628 952 3679 si
983 3642 1079 3695 pro
1121 3633 1389 3686 extraneis
1418 3634 1733 3701 intercessit,
1767 3642 1933 3694 multo

359 3708 528 3778 magis
566 3725 693 3767 suos
721 3714 895 3781 perire
933 3733 1037 3771 non
1068 3721 1383 3790 patietur,Si
1411 3728 1754 3795 SBﬂlellpslllll
1785 3730 1934 3785 dedit

359 3814 453 3867 pro
492 3800 673 3872 impio,
702 3807 973 3868 quomodo
996 3824 1090 3864 sua
1134 3816 1325 3880 poterit
1354 3815 1653 3892 denegare?
1679 3820 1791 3874 Non
1816 3823 1929 3892 jam

355 3902 450 3956 per
486 3894 791 3949 animalium
830 3914 1096 3966 cruorem,
1129 3902 1265 3956 sicut
1296 3890 1523 3975 in‘lege;
1559 3909 1651 3964 sed
1684 3925 1778 3979 per
1806 3928 1931 3968 san-

354 3985 566 4053 guinem
599 3986 717 4042 Filii
749 3988 839 4044 Dei
870 3992 1138 4049 debitores
1178 4011 1297 4050 esse
1328 4013 1424 4051 nos
1474 4001 1743 4059 admonet.
1778 4004 1842 4059 Et
1870 4019 1931 4061 ut

350 4073 710 4146 intelligamus
740 4093 992 4151 quantnnr
1040 4072 1224 4157 diligat
1255 4103 1519 4159 receptos,
1570 4096 1659 4163 qui
1692 4102 1930 4151 reconci-

353 4165 499 4221 liavit
523 4168 785 4226 iniruicos.
827 4175 902 4226 Ab
929 4177 1025 4229 ira.
1059 4178 1192 4232 Iram
1220 4179 1427 4246 jrrdicii.
1460 4182 1565 4237 Per
1608 4187 1793 4251 ipsum.
1830 4188 1930 4243 Per

351 4250 523 4322 ipsum
546 4258 889 4331 salvabimur,
911 4280 1015 4319 non
1044 4282 1136 4335 per
1165 4283 1261 4321 nos
1282 4287 1295 4323 :
1320 4272 1418 4325 hoc
1442 4283 1544 4339 est,
1566 4278 1609 4328 si
1630 4279 1925 4334 membrum

350 4345 467 4412 ejus
491 4345 746 4407 fuerimus
764 4368 778 4406 :
795 4369 915 4408 cum
944 4358 1086 4410 enim
1111 4359 1286 4413 omnia
1314 4363 1594 4427 ardebunt,
1620 4368 1791 4420 solrrm
1815 4383 1928 4422 cor-

351 4452 452 4507 pus
471 4440 761 4497 salvabitnr
774 4445 1081 4513 iudicantis.
1106 4451 1167 4506 Si
1190 4454 1322 4504 enim
1343 4470 1457 4507 cum
1473 4456 1667 4510 inimici
1683 4475 1924 4514 essemus.

2034 3274 2171 3313 mors
2199 3265 2507 3325 pertransiit.
2530 3264 2669 3321 Mors
2694 3275 2797 3319 tarn
2823 3266 3017 3323 animat
3031 3286 3187 3339 quam
3215 3276 3457 3343 corporis
3486 3292 3603 3344 per-

2036 3352 2305 3406 transite:
2331 3354 2572 3418 origrnali
2592 3373 2669 3423 pe.
2690 3370 2808 3410 cato
2831 3372 2883 3411 et
2900 3356 2951 3411 in
2976 3360 3258 3431 Abraham,
3282 3372 3335 3418 et
3359 3363 3411 3418 in
3437 3365 3602 3436 Isiac,

2034 3450 2085 3493 ει
2115 3441 2163 3492 in
2192 3440 2379 3507 .lacob,
2405 3446 2499 3498 sr-d
2527 3448 2616 3501 Dei
2645 3457 2770 3500 sunt
2796 3448 3041 3504 viviﬁcati
3082 3466 3115 3521 g
3146 3453 3287 3520 atia,
3320 3453 3386 3509 de
3414 3457 3602 3525 quibus

2032 3533 2230 3586 dicitur
2252 3552 2265 3587 :
2296 3534 2408 3587 Non
2439 3547 2519 3589 est
2544 3536 2680 3593 Dens
2706 3553 3065 3607 mortuorum;
3087 3545 3221 3597 sicut
3240 3552 3294 3599 et
3317 3545 3602 3614 Aposrolus

2032 3625 2098 3677 dir
2121 3626 2157 3676 it
2182 3628 2342 3679 etiam
2371 3626 2425 3681 in
2454 3643 2547 3682 eos
2568 3631 2656 3698 qui
2680 3646 2784 3683 non
2826 3642 3178 3700 peccaverunt
3203 3650 3218 3687 :
3249 3634 3297 3687 id
3325 3649 3426 3699 est,
3460 3638 3603 3704 capi-

2033 3718 2137 3772 tale
2166 3728 2439 3786 peccatum
2480 3720 2637 3775 sicin
2683 3723 2926 3778 homines
2964 3726 3291 3794 pertransiit,
3318 3715 3442 3796 quia
3492 3743 3604 3783 non

2029 3809 2197 3861 solurrr
2233 3809 2318 3863 ille
2340 3819 2578 3864 mortuus
2603 3823 2681 3866 est
2698 3813 2786 3882 qui
2820 3823 3176 3883 transgressus
3196 3826 3299 3882 est,
3318 3816 3415 3871 sed
3439 3818 3598 3872 etiam

2032 3898 2105 3952 illi
2128 3900 2215 3969 qui
2245 3915 2308 3954 ex
2338 3906 2816 3971 trarrsgrcssoribus
2837 3918 2960 3959 sunt
2988 3908 3382 3976 procreati,pcr
3403 3919 3602 3963 natura:
3636 3954 3639 3955 ν

2028 3994 2298 4046 vinculum
2346 4004 2591 4048 tenentur
2619 3995 2857 4065 obnoxii,
2889 3996 2940 4051 id
2969 4006 3052 4051 est
3081 4014 3175 4067 per
3200 4014 3388 4054 omnes
3426 4016 3603 4055 rztnros

2032 4080 2212 4135 virium
2234 4098 2388 4138 Suum
2412 4086 2558 4138 radix
2585 4098 2831 4156 corrupta
2860 4088 3169 4141 transmisit.
3193 4088 3360 4145 Αὼιιι
3387 4090 3596 4154 occidit,

2027 4176 2267 4229 Christus
2311 4177 2614 4232 vivilic.rvit.
2652 4177 2717 4231 In
2758 4196 2857 4251 quo
2885 4196 3058 4234 omnes
3084 4193 3446 4261 peccauerunt.
3475 4181 3598 4234 Sive

2029 4279 2244 4333 peccato
2272 4265 2664 4334 irtobedierrtim,
2693 4270 2805 4323 sive
2832 4271 2883 4323 in
2912 4272 2990 4324 Ad
3012 4284 3080 4324 un
3106 4274 3338 4325 omnium
3372 4287 3593 4341 peccau-

2029 4358 2156 4411 tiurtt
2200 4376 2351 4427 paena
2385 4371 2785 4428 pwrttonsttata
2825 4372 2925 4417 est.
2972 4362 3143 4430 Usque
3169 4367 3236 4417 ad
3279 4364 3307 4416 ι
3326 4381 3436 4435 gem
3466 4369 3592 4417 enim

2029 4454 2288 4517 peceatum
2316 4466 2419 4507 erat
2464 4455 2515 4506 irt
2546 4462 2751 4508 mundo.
2782 4453 3170 4523 lit-quirendnnt
3197 4467 3277 4510 est
3298 4457 3437 4523 quod
3478 4472 3597 4521 pec~

352 4528 554 4584 Inimici
582 4546 795 4588 eramus
818 4548 943 4592 ante
967 4537 1162 4595 donum
1188 4544 1372 4612 gratim
1399 4546 1586 4614 ipsius,
1615 4558 1666 4601 ει
1692 4562 1814 4604 ante
1837 4551 1927 4607 b3-
1960 4520 2004 4578 ί)
2028 4556 2203 4596 catum
2237 4560 2249 4596 ε
2286 4543 2334 4597 id
2359 4556 2461 4609 est,
2495 4547 2620 4600 illud
2651 4549 2817 4601 solum
2841 4561 3113 4617 peccatum
3144 4564 3309 4618 usque
3333 4551 3398 4602 ad
3430 4550 3595 4616 legem

349 4621 528 4691 ptismi
556 4635 981 4697 sacramentum;
1013 4631 1104 4687 sed
1134 4644 1188 4687 et
1225 4635 1295 4690 illi
1326 4636 1523 4693 inimici
1549 4654 1669 4695 esse
1698 4658 1926 4697 noscun-

347 4719 454 4775 tur,
479 4714 569 4781 qrri
611 4726 731 4784 post
770 4718 1090 4789 baptismum
1119 4724 1330 4796 ﬂagitiis
1357 4738 1411 4782 et
1444 4732 1735 4787 sceleribus
1760 4749 1817 4788 se
1846 4736 1924 4787 irr-

350 4806 590 4872 volvunt,
610 4822 705 4863 nec
727 4814 1032 4878 pterritentia
1064 4817 1244 4869 volunt
1266 4820 1553 4876 emendare
1570 4838 1802 4888 errores,
1822 4825 1923 4879 sic-

348 4906 400 4945 ut
428 4894 555 4950 dirit
584 4896 813 4955 Iacobus
840 4918 853 4955 :
886 4905 1126 4958 Amicitia
1154 4907 1307 4976 hujus
1334 4909 1513 4964 mnudr
1544 4912 1816 4967 inimicitia
1840 4923 1921 4969 αι

348 4983 462 5040 Dei.
494 4989 691 5045 Inimici
710 5010 836 5059 ergo
866 5011 966 5047 non
991 5010 1195 5063 natura,
1221 4999 1315 5053 sed
1334 5003 1599 5054 contraria
1625 5003 1923 5059 mlurrtate.‘

346 5075 677 5133 Ileconciliatt
712 5098 906 5139 sumus.
937 5089 1069 5152 Quia
1098 5091 1308 5145 alienati
1337 5101 1389 5145 et
1419 5092 1615 5147 inimici
1658 5093 1780 5148 facti
1809 5098 1919 5151 l’ue-

338 5180 519 5222 ramus
536 5182 630 5237 per
655 5179 1149 5242 transgressionem.
1169 5181 1333 5236 Nemo
1358 5184 1500 5238 enim
1520 5187 1913 5255 reconciliatur,

339 5259 439 5312 nisi
469 5274 533 5315 ex
560 5258 869 5318 inimicitiis.
898 5266 1146 5325 Inimicos
1168 5284 1341 5329 autem
1376 5290 1471 5330 nos
1500 5277 1652 5346 primi
1682 5285 1913 5345 parentis

340 5354 693 5422 transgressio
722 5353 864 5411 fecit.
890 5356 992 5411 Per
1022 5373 1227 5416 mortem
1254 5365 1375 5419 Filii
1395 5371 1503 5439 ejus
1533 5383 1552 5421 :
1571 5370 1731 5422 multo
1756 5372 1915 5441 magis

333 5447 646 5509 reconciliati
684 5451 809 5503 salvi
833 5451 1023 5506 erimus
1060 5455 1111 5506 in
1143 5458 1244 5506 vita
1280 5457 1462 5526 ipsius.
1493 5460 1547 5513 Si
1576 5475 1667 5528 per
1690 5476 1912 5517 mortem

337 5542 532 5597 Christi
560 5544 744 5598 salvati
776 5558 980 5612 sumus,
1005 5553 1205 5615 quanto
1227 5548 1392 5613 magis
1420 5550 1473 5602 in
1499 5550 1600 5603 vita
1625 5550 1791 5619 ipsius
1810 5552 1915 5621 glo-

337 5636 684 5702 rilicabimnr,
712 5638 757 5691 si
785 5648 838 5691 et
865 5637 942 5692 vit
962 5654 1028 5691 rm
1060 5638 1176 5706 ejus
1207 5639 1476 5693 imitemur
1497 5653 1549 5693 et
1581 5653 1803 5697 mortem
1822 5686 1836 5709 ,
1864 5632 1917 5699 et

335 5725 389 5780 itr
416 5735 799 5793 praceptorum
825 5727 939 5794 r-jtts
958 5728 1221 5797 arljtttorio
1238 5729 1401 5798 ipsius
1422 5729 1778 5785 studuerimus
1796 5748 1910 5799 per-

2031 4635 2216 4703 vigrtit,
2243 4640 2381 4707 quod
2414 4643 2779 4703 praevaricatio
2802 4640 2956 4708 primi
2981 4646 3212 4710 parentis
3236 4641 3453 4696 invexit.
3482 4643 3598 4696 Ces-

2028 4726 2177 4779 sabat
2205 4728 2346 4781 enirn
2372 4739 2581 4796 transgr
2616 4731 2810 4784 sxionis
2830 4732 3087 4785 delictum
3106 4743 3229 4787 ante
3255 4735 3383 4802 legis
3404 4734 3596 4787 adven-

2031 4827 2160 4869 tum.
2196 4817 2267 4889 In,
2295 4834 2463 4884 primo
2490 4821 2686 4873 stetulo
2715 4832 3015 4888 peccatores
3057 4824 3297 4879 libertate
3327 4826 3598 4892 praesentis

2026 4912 2148 4961 vita:
2176 4910 2417 4963 securius
2445 4910 2767 4965 lruebantur.
2797 4913 2920 4966 Erat
2941 4914 3155 4981 quidem
3176 4924 3300 4968 ante
3334 4916 3505 4984 legero
3535 4922 3596 4968 ex

2029 5003 2337 5069 operatione
2362 5011 2659 5071 peccaturo,
2691 5004 2783 5058 sed
2810 5020 2911 5058 non
2944 5004 3017 5058 ira
3070 5008 3447 5076 imputabatur,
3479 5010 3595 5075 quia

2022 5097 2130 5163 jam
2163 5111 2296 5162 pene
2339 5096 2639 5170 oblitterata
2686 5100 2852 5151 luerat
2879 5099 3097 5153 scientia
3143 5099 3422 5163 naturalis,
3451 5097 3599 5167 cujus

2028 5186 2325 5240 intellectus
2351 5188 2498 5252 quasi
2528 5198 2766 5257 mortuus
2795 5190 2982 5243 revixit
3004 5204 3067 5242 ει
3096 5187 3232 5255 lege.
3267 5189 3369 5241 Lex
3401 5190 3594 5242 vindex

2027 5277 2228 5345 peccati
2247 5281 2337 5330 adt
2351 5279 2480 5331 errit.
2510 5258 2777 5331 Peccatum
2794 5292 2957 5332 autent
2976 5296 3075 5335 non
3094 5282 3159 5331 im
3167 5281 3460 5346 putabatur,
3481 5293 3593 5331 cum

2027 5370 2109 5421 [ex
2130 5386 2227 5421 non
2249 5381 2395 5423 esset.
2428 5371 2553 5422 Erat
2581 5388 2593 5422 :
2620 5373 2711 5425 sed
2735 5372 3026 5439 agrestibus
3047 5372 3346 5424 luminibus
3369 5386 3471 5424 non
3497 5371 3595 5424 im-

2022 5459 2325 5526 putabatur,
2346 5475 2443 5513 nec
2473 5460 2537 5513 ab
2555 5460 2670 5513 aliis
2698 5460 3011 5514 credebatur
3028 5474 3147 5513 esse
3173 5470 3466 5527 peccatum.
3491 5458 3593 5512 Sed

2018 5550 2243 5617 regnavit
2272 5565 2406 5603 mors
2431 5549 2491 5602 ab
2519 5549 2681 5602 Adam
2705 5566 2858 5617 usque
2883 5550 2950 5601 ad
2979 5546 3208 5617 Moysen.
3236 5550 3288 5602 ld
3316 5560 3419 5612 est,
3450 5562 3589 5601 tnrrrs

2020 5654 2082 5692 ex
2110 5640 2349 5708 originali
2375 5641 2512 5693 malo
2541 5644 2756 5694 veniens
2788 5654 2953 5705 usque
2975 5641 3037 5693 ad
3070 5641 3236 5708 legero
3266 5641 3381 5692 sola
3405 5652 3587 5706 regna-

2019 5734 2114 5786 vit.
2150 5732 2271 5787 Ideo
2295 5732 2455 5786 dixit:
2494 5733 2772 5802 Regnavit,
2802 5734 2924 5803 quia
2956 5744 3117 5788 totum
3149 5733 3401 5787 tntrndoru
3432 5746 3586 5800 gene-
