3968 6166
132 354 231 409 Ml

999 358 1062 415 IN
1102 357 1485 415 EPISTULAM
1529 357 1621 414 AD
1660 352 1984 412 liOblA‘NOS
2022 350 2535 415 COMHENI'ARIA.

3296 344 3405 415 iis

129 468 323 523 raliter
366 478 734 538 occupaverat.
788 470 905 524 Alia
946 484 1075 525 vero
1125 468 1342 537 peccata
1389 479 1719 537 nequaquam
1753 469 1793 523 Α
1827 465 1946 519 loco
1972 467 2192 523 omnino
2217 468 2454 527 cavenda
2477 477 2559 524 est
2588 467 2770 539 opinio
2793 482 2909 539 quae
2934 469 3089 525 dicit:
3109 464 3256 527 Sicut
3276 485 3401 526 caro

125 569 368 623 regnare
410 558 743 627 videbantur,
773 558 897 627 quia
938 572 1043 612 non
1075 573 1166 626 per
1198 560 1475 611 universos
1503 569 1719 625 genera-

125 644 257 702 liter
295 648 553 715 regnabat
581 648 851 718 iniquitas.
896 647 1161 703 Naturalis
1202 648 1345 701 enim
1396 645 1723 715 aliquantula

128 736 346 807 iustitia
375 737 585 806 vigebat
615 737 669 791 itt
710 738 974 807 plurimis,
1016 739 1159 793 sicut
1195 740 1247 791 in
1276 738 1460 793 multis
1489 736 1727 806 philoso-

137 821 261 894 phis
290 839 309 877 :
340 835 396 881 et
440 836 633 881 εικῆ
663 828 858 882 delicta
886 829 1129 897 quamvis
1176 843 1242 884 ex
1260 828 1457 882 vitiata
1494 810 1679 883 natura
1702 858 1727 893 ,ι

144 927 321 970 tamen
349 918 643 973 voluntaria
667 928 838 975 erant.
866 920 1123 974 Secutum
1143 928 1229 975 e.~t
1252 919 1393 973 aliud
1412 934 1639 983 novum,
1666 918 1723 973 id

153 1016 225 1061 est
272 1009 726 1075 prevaricationis
762 1019 1070 1078 contempta
1108 1008 1226 1078 lege
1268 1008 1541 1063 delictum.
1582 1007 1727 1077 Ergo

155 1094 399 1164 obligatio
419 1098 532 1152 sola
568 1098 727 1166 primi
751 1098 985 1153 hominis
1002 1112 1176 1168 usque
1195 1098 1261 1152 ad
1285 1098 1503 1169 Moysen
1544 1113 1638 1166 per
1663 1113 1725 1153 se

157 1196 369 1241 mrtem
393 1200 611 1257 operata
641 1190 904 1259 regnavit.
928 1190 1129 1259 Ategis
1155 1200 1335 1245 autem
1366 1203 1608 1259 tempore
1632 1204 1727 1260 ge-

159 1292 248 1333 nus
272 1279 423 1333 aliud
443 1280 759 1336 delictorum
785 1280 845 1335 in
868 1291 1074 1336 reatum
1096 1282 1362 1351 neglectas
1386 1281 1516 1350 legis
1544 1295 1726 1336 acces-

158 1366 239 1432 sit,
264 1369 407 1433 quod
440 1379 566 1424 ante
586 1370 703 1438 ejus
730 1371 1210 1440 promulgationem
1243 1387 1349 1426 non
1379 1380 1587 1440 poterat
1617 1372 1722 1426 im-

160 1456 338 1524 putari.
364 1460 442 1514 At:
482 1458 563 1514 sic
586 1459 982 1516 introeuntibus
1021 1462 1175 1516 novis
1204 1461 1481 1531 praeceptis
1523 1462 1721 1531 iniqui-

158 1556 230 1602 tas
255 1548 607 1619 multiplicata
643 1559 746 1606 est.
777 1551 888 1608 Lex
912 1552 1055 1607 enim
1080 1566 1186 1607 non
1214 1561 1273 1607 ut
1298 1551 1510 1608 tolleret
1537 1566 1725 1621 pecca-

158 1648 279 1707 tum,
304 1639 405 1696 sed
431 1649 490 1697 ut
514 1640 929 1710 demonstraret,
960 1642 1042 1699 vel
1066 1641 1352 1712 iudicaret,
1381 1642 1594 1698 advenit
1625 1660 1637 1695 :
1670 1652 1724 1698 et

160 1730 271 1785 ideo
296 1730 388 1788 hic
410 1730 789 1787 abundantiam
816 1733 1000 1803 gratia:
1026 1734 1267 1803 Apostoii
1305 1735 1543 1789 doctrina
1567 1748 1719 1789 eom-

1823 570 1888 611 es
1914 572 2080 614 carne
2094 559 2245 626 Adw,
2272 561 2340 614 ita
2363 560 2538 614 anima
2567 568 2749 615 nostra
2771 574 2835 615 ex
2854 560 3028 614 anima
3048 561 3175 617 Adae
3195 565 3398 617 occulta

1789 662 1794 668 ’
1824 645 1920 700 Dei
1950 649 2262 715 operatione
2289 657 2521 705 creator.

1894 736 2044 792 Sicut
2069 738 2282 807 quidam
2310 740 2446 794 dixit
2478 756 2492 794 :
2522 739 2665 809 Lege
2705 738 2890 794 latenti
2919 737 3105 793 fundet
3142 753 3276 807 opus
3304 755 3402 791 nn.

1825 836 1940 883 tura
1967 843 2142 894 suum,
2173 844 2293 899 qua:
2332 831 2435 885 nisi
2467 830 2555 886 hic
2585 830 2745 885 fuerit
2782 830 3003 884 liberata
3033 844 3130 898 per
3155 831 3400 898 gratiam,

1824 928 2080 988 perpetua
2121 934 2276 989 pmna
2309 921 2361 976 in
2389 929 2651 976 :eternum
2677 919 3038 976 damnabitur.
3090 918 3231 973 Nam
3251 921 3404 988 judi-

1824 1010 1977 1063 cium.
2012 1010 2338 1067 Subauditur
2359 1013 2561 1066 mortis.
2591 1010 2676 1065 Ea:
2701 1025 2803 1066 uno
2829 1011 2884 1063 in
2909 1010 3402 1064 condemnationem.

1824 1097 2173 1167 Subauditur,
2193 1112 2430 1170 peccante
2454 1101 2569 1157 sive
2597 1111 2802 1172 peccato
2830 1101 3073 1171 primum.
3096 1096 3279 1153 Gratia
3306 1115 3405 1152 ost-

1825 1196 1926 1242 tem
1965 1205 2031 1243 ex
2067 1190 2242 1243 multis
2271 1190 2471 1245 delictis
2498 1192 2553 1244 in
2572 1190 3014 1262 justiﬁcationem.
3044 1190 3121 1244 Ac
3160 1189 3206 1243 si
3237 1189 3407 1257 prima

1826 1277 2081 1346 obligatio
2096 1280 2294 1335 veteris
2325 1280 2545 1336 oli’ensas
2567 1296 2735 1348 usque
2754 1280 2823 1335 ad
2839 1279 3107 1335 Christum
3131 1280 3407 1334 dominata

1825 1376 1930 1421 eet.
1956 1366 2076 1422 Alia
2105 1383 2235 1423 vero
2260 1369 2456 1425 delicta
2494 1378 2621 1426 ante
2651 1370 2990 1425 interdictum
3027 1369 3157 1438 legis
3183 1384 3289 1424 non
3318 1370 3400 1423 vi-

1825 1454 2089 1512 debantur
2127 1458 2215 1513 vel
2245 1473 2351 1514 non
2394 1459 2834 1530 intelligebantur
2873 1473 2996 1514 esse
3042 1468 3147 1512 tam
3177 1459 3402 1527 gravia:

1826 1546 2119 1605 adveniens
2142 1564 2272 1620 ergo
2295 1551 2487 1619 gratia,
2520 1565 2626 1606 non
2653 1552 2825 1606 solum
2846 1549 3107 1621 originale
3139 1550 3401 1617 debitum,

1826 1639 1924 1695 sed
1965 1648 2022 1695 et
2048 1642 2261 1697 actuale
2303 1641 2520 1697 domvit
2563 1656 2659 1711 per
2700 1642 3046 1711 baptismum.
3080 1640 3148 1695 Et
3175 1640 3297 1696 ideo
3337 1655 3409 1695 ex

1834 1732 2015 1788 multis
2039 1734 2248 1790 delictis
2269 1733 2597 1805 iustiﬁcavit.
2626 1734 2686 1792 Si
2714 1736 2847 1789 enini
2870 1736 3021 1789 unius
3044 1734 3232 1789 delicto
3268 1750 3414 1789 more

157 1820 377 1885 tuendat,
405 1822 529 1891 quia
569 1835 682 1878 non
710 1792 1345 1889 tunicatum-debitum,
1375 1824 1515 1894 quod
1543 1824 1716 1878 solum
1751 1792 1798 1857 Β
1823 1824 2051 1895 regnavit
2076 1839 2169 1894 per
2193 1792 2373 1880 unum.
2401 1826 2455 1881 ld
2482 1836 2568 1881 est
2592 1841 2688 1897 per
2727 1827 2857 1882 Adae
2894 1827 3405 1897 transgressionem.

158 1926 309 1980 usque
340 1913 409 1967 ad
435 1913 630 1984 legem,
658 1914 803 1969 velut
831 1914 1104 1986 tyrannica
1134 1915 1497 1972 dominatione
1524 1931 1717 1985 regna-

158 2010 322 2068 verat;
352 2001 449 2058 sed
479 2004 639 2058 etiam
667 2006 974 2060 innumeras
1000 2004 1233 2060 oti'ettsas
1266 2005 1720 2075 praevaricationis

155 2101 202 2148 et
220 2095 458 2160 reprobat:
478 2095 902 2150 conversationis
928 2094 1303 2164 Redemptoris
1327 2095 1535 2151 bonitas
1560 2095 1718 2150 redo-

158 2182 301 2237 navit.
336 2182 774 2255 Propterea,disit
802 2202 817 2239 :
845 2184 976 2241 Nam
999 2184 1256 2254 judicium
1283 2187 1497 2255 quidem
1525 2202 1593 2242 ex
1615 2201 1720 2242 uno

159 2271 203 2325 in
219 2274 735 2330 mndemnatiouem.
749 2276 903 2342 Quod
923 2286 1102 2332 autem
1122 2277 1283 2332 dicit:
1304 2292 1475 2347 usque
1485 2279 1551 2332 ad
1568 2280 1719 2349 Moy-

158 2380 257 2428 sen,
283 2366 335 2420 id
363 2375 447 2420 est
470 2381 639 2436 usque
664 2367 732 2421 ad
761 2372 917 2423 tinem
941 2368 1076 2439 legis
1096 2379 1149 2423 et
1171 2370 1377 2424 initium
1407 2371 1590 2440 gratim
1621 2370 1721 2424 de-

156 2452 305 2509 bitum
327 2456 567 2515 naturale
594 2459 836 2527 regnavit
858 2476 872 2512 :
894 2461 1032 2514 sicut
1060 2460 1311 2526 dicimus,
1343 2461 1487 2516 verbi
1515 2462 1717 2530 gratia:

158 2545 377 2601 Fuerunt
404 2548 579 2603 llunni
608 2563 775 2620 usque
800 2550 867 2604 ad
892 2550 1134 2606 Attilam.
1162 2551 1278 2606 Non
1320 2554 1502 2620 utique
1524 2553 1712 2620 princi-

155 2638 286 2705 pium
305 2639 453 2708 regni
480 2640 620 2707 ejus,
648 2639 747 2699 sed
776 2640 932 2697 linem
959 2640 1301 2710 designatuus
1330 2658 1345 2695 :
1373 2642 1453 2696 sic
1471 2651 1527 2697 et
1553 2658 1720 2714 usque

152 2727 213 2783 ad
232 2729 468 2800 Moysen.
486 2731 548 2785 id
568 2741 655 2787 est
680 2746 849 2801 usque
868 2732 935 2788 ad
963 2733 1123 2787 linem
1151 2732 1303 2801 legis,
1326 2742 1380 2788 et
1404 2733 1717 2802 principium

154 2820 351 2887 gratiae.
376 2823 601 2893 Reliqua
626 2822 843 2887 delicta,
867 2839 986 2893 qum
1013 2840 1119 2879 non
1150 2824 1578 2893 intelligebatttur
1598 2841 1722 2895 pec-

152 2920 262 2963 cata
283 2924 401 2967 esse
424 2926 592 2982 usque
615 2913 684 2969 ad
706 2914 1022 2983 principium
1052 2915 1204 2984 legis,
1224 2930 1501 2985 quousque
1514 2915 1722 2972 diceret

151 3000 229 3056 les
261 3018 279 3055 :
303 3002 414 3061 Non
442 3006 792 3072 concupisces
813 3044 830 3071 ,
864 3020 958 3075 per
1005 3007 1177 3076 legem
1226 3008 1552 3065 revixerunt.
1584 3008 1719 3064 Nam

149 3094 402 3162 originale
423 3095 685 3164 hodieque
713 3111 880 3166 usque
917 3096 983 3152 ad
1022 3097 1346 3166 baptismum
1375 3109 1578 3169 regnat,
1621 3101 1715 3155 sed

150 3180 340 3239 [omnis
380 3185 461 3243 sui
489 3186 718 3254 perdidit
746 3200 922 3251 usum,
954 3199 1231 3255 postquam
1260 3185 1457 3243 Christi
1499 3190 1717 3259 sanguis

149 3272 551 3344 chirographum
598 3276 859 3345 originale
883 3276 1097 3332 delevit.
1154 3277 1260 3333 Sed
1287 3276 1428 3332 dicet
1476 3279 1668 3348 aliquis
1700 3296 1715 3331 :

149 3360 321 3427 Quare
346 3366 520 3419 adhuc
561 3365 613 3420 itt
638 3366 827 3422 multis
852 3366 1103 3443 gentibus
1133 3377 1320 3436 regnat
1355 3368 1575 3437 originis
1605 3384 1720 3424 uta-

148 3452 291 3508 luut?
319 3456 409 3512 Cui
455 3456 747 3525 reSpondet
777 3474 793 3510 :
825 3457 975 3513 Tunc
1019 3473 1145 3512 vere
1186 3459 1350 3527 pestis
1398 3459 1502 3513 late
1529 3459 1719 3515 uitiosa

150 3547 417 3611 regnabat.
446 3548 663 3615 quando
689 3547 928 3603 medicus
956 3546 1164 3612 deerat,
1184 3546 1720 3615 qnaudotnortalitss

148 3636 403 3703 generalis
429 3651 619 3692 omnes
645 3636 908 3693 vastabat.
937 3634 1040 3690 Ubi
1077 3650 1206 3691 vero
1238 3644 1452 3703 portant
1487 3636 1717 3703 paradisi

147 3725 388 3779 remissio
413 3727 483 3780 de
508 3727 661 3781 cretis
690 3726 858 3785 missa
884 3725 1156 3795 patefacit,
1189 3742 1332 3779 tttors
1364 3726 1595 3793 pt-rdidit
1626 3742 1717 3796 po.

150 3822 387 3869 testazetn
416 3830 435 3872 :
464 3829 529 3873 ac
562 3816 641 3871 sic
668 3830 776 3870 non
816 3826 1027 3885 regnat,
1056 3816 1178 3885 quia
1219 3830 1441 3886 regnum
1474 3816 1595 3885 ejus
1621 3817 1719 3871 de-

151 3916 509 3969 structumest
524 3923 619 3977 per
642 3910 869 3979 gratiam
888 3908 1109 3971 Christi.
1132 3909 1306 3965 Etiam
1327 3911 1381 3964 in
1402 3926 1486 3971 eos
1509 3910 1597 3979 qui
1616 3926 1722 3971 non

149 4008 486 4065 peccaverunt,
516 3999 571 4052 in
593 4000 979 4065 similitudinem
1005 4000 1439 4069 pranaﬁcotionis
1462 4000 1607 4065 Adae,
1634 4000 1721 4069 qui

149 4098 225 4141 cst
257 4089 417 4156 [arma
442 4092 632 4160 futuri.
672 4091 865 4155 Forma
903 4090 1067 4147 futuri
1089 4130 1106 4156 ,
1154 4091 1326 4145 lucina
1353 4092 1719 4158 econtrario;

149 4180 406 4247 quomodo
440 4180 535 4243 ille
566 4182 777 4249 potuisti
801 4222 818 4247 ,
856 4181 934 4237 ita
974 4182 1063 4237 hic
1096 4179 1321 4251 justitite
1354 4197 1367 4231 :
1402 4180 1515 4243 sire
1545 4181 1634 4234 ille
1663 4180 1721 4235 in

148 4270 315 4325 auitas
335 4271 562 4335 vivente,
580 4271 685 4335 iste
708 4273 761 4325 in
778 4258 975 4341 spiritu
988 4273 1309 4331 viviﬁcante.
1333 4269 1532 4325 Christi
1551 4273 1720 4327 fortun

148 4359 309 4414 Adam
340 4364 439 4423 lu.t
465 4378 482 4414 :
511 4361 632 4431 quia
656 4363 802 4419 sicut
835 4361 1004 4417 Adam
1036 4363 1155 4417 sine
1180 4360 1505 4417 commercio
1533 4360 1721 4431 conju-

144 4450 252 4520 gali
278 4452 365 4508 Dei
393 4433 640 4515 manibus
665 4464 747 4508 est
792 4452 985 4519 factus,
1030 4453 1099 4511 ita
1142 4463 1197 4507 et
1234 4452 1480 4507 Christus
1508 4466 1575 4507 es
1605 4451 1721 4509 vir-

144 4541 286 4611 gine,
308 4543 413 4599 Deo
431 4554 704 4613 operante,
737 4545 1015 4612 processit.
1040 4543 1145 4599 Sed
1164 4560 1271 4601 non
1294 4543 1425 4598 sicut
1450 4544 1717 4610 delictum,
1745 4541 1763 4579 ‘-

145 4628 226 4693 ῆι.
247 4641 288 4683 et
309 4633 519 4691 donum.
547 4632 611 4688 Si
633 4634 765 4695 enim
794 4634 947 4689 tutius
971 4633 1155 4689 delicto
1184 4634 1335 4686 multi
1359 4634 1544 4687 mortui
1563 4643 1680 4688 sunt
1697 4650 1718 4690 :

146 4723 304 4774 multo
331 4722 493 4793 magis
520 4724 687 4793 gratia
721 4723 836 4791 Dei,
864 4733 912 4778 et
950 4724 1143 4791 donant
1172 4725 1223 4779 in
1247 4725 1415 4795 gratia
1442 4725 1593 4779 unius
1632 4726 1720 4779 Ito-

143 4811 294 4865 ntiais
310 4810 433 4891 Jesu
454 4814 645 4869 Christi
660 4814 917 4883 inplores
939 4815 1232 4875 abwtduoit.
1258 4814 1324 4870 Et
1351 4831 1450 4870 non
1473 4815 1605 4875 sicut
1627 4832 1718 4884 per

143 4917 302 4954 unum
324 4913 606 4974 peccatum,
637 4904 710 4969 ita
733 4914 782 4959 et
809 4906 1022 4960 donum.
1054 4907 1108 4960 ld
1146 4916 1248 4975 est,
1281 4907 1400 4976 plus
1441 4907 1719 4975 prtevaluit

136 4992 339 5059 justiti:
367 4994 420 5049 in
448 4993 787 5062 viviﬁcando,
810 5010 976 5065 quam
1002 5007 1280 5065 peccaturo
1308 4995 1360 5051 in
1387 4996 1676 5052 occidendo
1700 5013 1714 5049 :

134 5081 268 5149 quia
293 5085 415 5140 Adae
442 5096 716 5156 peccatum
748 5097 804 5143 et
830 5102 891 5143 se
915 5096 968 5141 et
994 5102 1121 5142 suos
1148 5098 1392 5158 posteros
1412 5089 1711 5149 interiecit:

132 5170 383 5232 Christus
418 5185 598 5231 autem
624 5185 682 5231 ct
711 5192 845 5246 quos
874 5178 929 5233 itt
969 5191 1195 5247 corpore
1225 5178 1448 5246 invenit,
1474 5189 1532 5235 et
1561 5197 1714 5236 suum

134 5262 408 5323 hominem
433 5308 451 5334 ,
493 5276 548 5323 et
593 5279 838 5338 posteros
868 5270 1112 5329 salvavit.
1144 5268 1251 5324 Sed
1281 5270 1418 5326 forte
1461 5272 1591 5327 dicit
1619 5272 1718 5327 ali.

131 5352 272 5420 quis
297 5369 310 5406 :
336 5355 497 5424 Caro,
519 5372 637 5426 qua:
667 5373 730 5413 ex
756 5369 1148 5427 transgressum
1177 5360 1339 5426 venit,
1374 5360 1519 5431 iuste
1555 5364 1719 5420 trahit

128 5446 394 5513 originale
434 5459 707 5519 peccatum
732 5466 748 5517 ;
779 5455 953 5507 animo
984 5467 1113 5507 vero
1135 5492 1151 5519 ,
1183 5468 1302 5522 qua:
1341 5455 1594 5511 innocens
1623 5472 1717 5511 na-

128 5533 325 5603 scitur,
351 5538 494 5595 unde
520 5540 680 5595 trahit
707 5541 962 5609 originale
989 5553 1289 5610 peccatum,
1333 5552 1389 5596 ut
1418 5545 1461 5597 si
1490 5559 1598 5600 non
1624 5544 1717 5601 ba-

127 5624 367 5695 ptizatus
392 5629 566 5685 infans
592 5631 872 5694 moriatur,
904 5631 957 5685 in
982 5641 1240 5686 internum
1266 5631 1579 5691 damnetur?
1603 5637 1715 5689 Au-

130 5716 337 5774 diatet
359 5733 610 5791 agnoscat
640 5722 759 5790 quia
787 5723 954 5791 magis
978 5723 1155 5775 anima
1197 5723 1425 5791 primum
1462 5725 1517 5779 in
1548 5726 1715 5779 Adam

136 5823 265 5877 pro
281 5814 501 5884 appetitu
519 5813 814 5869 divinitatis
859 5826 1013 5879 quam
1043 5830 1169 5870 caro
1197 5816 1451 5885 peccavit.
1472 5816 1719 5874 lstovero

1820 1911 1990 1966 Multo
2016 1915 2182 1985 magis
2205 1915 2571 1977 abundantiam
2598 1917 2795 1987 gratim.
2815 1918 2984 1986 Major
3009 1927 3093 1971 est
3106 1917 3409 1986 redemptio

1821 2002 2115 2060 Salvatoris
2131 2020 2289 2075 quam
2306 2006 2535 2075 perditio
2551 2007 2986 2078 transgressoris:
3012 2009 3133 2077 quia
3152 2023 3247 2075 per
3259 2005 3411 2064 Chri-

1820 2102 1965 2149 stum
1991 2096 2171 2150 omnia
2197 2106 2415 2165 peccata
2439 2096 2659 2153 dimissa
2687 2106 2827 2163 sunt,
2846 2112 2950 2153 non
2974 2097 3146 2153 solum
3170 2099 3411 2168 origines
3506 2174 3514 2180 .

1823 2186 1914 2253 lia,
1937 2203 2124 2243 verum
2155 2190 2319 2244 etiam
2344 2199 2394 2244 et
2423 2190 2670 2244 actualia.
2698 2188 2769 2243 Et
2789 2190 3100 2255 donationis,
3126 2202 3174 2243 et
3190 2191 3407 2261 justitiw

1821 2279 2125 2343 accipientes
2164 2280 2217 2333 in
2240 2280 2395 2333 vitam
2416 2278 2700 2350 regnabant
2725 2295 2814 2349 per
2852 2296 3012 2333 unum
3044 2277 3222 2333 Jesutn
3251 2278 3406 2333 Citri-

1822 2380 1949 2425 tunt.
1980 2370 2110 2437 Quia
2147 2381 2201 2425 et
2228 2381 2283 2424 ut
2301 2370 2446 2440 juste
2476 2370 2740 2435 vivamus,
2770 2378 2824 2425 et
2846 2379 2905 2425 ut
2923 2384 3045 2424 cum
3068 2370 3185 2439 ipso
3206 2385 3400 2439 regne-

1822 2475 1963 2529 mus,
1994 2462 2230 2516 muneris
2258 2460 2426 2529 ipsius
2451 2460 2693 2530 largitate
2715 2460 2973 2517 donatum
3012 2469 3113 2513 est.
3145 2460 3405 2514 Donatio-

1822 2565 1920 2605 nes
1942 2551 2188 2606 audimus
2213 2567 2227 2604 :
2248 2550 2317 2606 de
2343 2553 2541 2607 nostris
2562 2549 2772 2606 meritis
2796 2557 3084 2604 taceamus.
3113 2549 3283 2621 Igitur
3305 2550 3406 2604 sic-

1821 2652 1877 2697 ut
1905 2659 1997 2711 per
2026 2643 2181 2696 maius
2205 2642 2444 2696 delictum
2468 2641 2524 2695 in
2557 2655 2732 2694 omnes
2767 2639 2996 2693 homines
3022 2640 3075 2693 in
3097 2643 3403 2693 condemno-

1820 2734 2028 2798 tionem,
2058 2734 2134 2793 sic
2156 2743 2204 2787 et
2240 2748 2331 2802 per
2356 2733 2510 2786 unius
2526 2730 2785 2802 justitiam
2813 2730 2865 2784 in
2892 2744 3065 2784 omnes
3091 2730 3316 2785 homines
3350 2731 3404 2786 in

1811 2826 2229 2897 justiﬁcationem
2273 2827 2410 2878 sine.
2450 2822 2594 2877 liora
2639 2821 2917 2891 regnavit,
2956 2818 3399 2877 subaudiendum.

1821 2916 1924 2980 Qui
1965 2929 2096 2984 ergo
2138 2929 2206 2969 ex
2238 2913 2337 2969 hac
2379 2911 2828 2971 condemnatione
2858 2910 3136 2977 liberatur,
3175 2913 3403 2981 gratiam

1821 3005 2038 3073 diligat;
2070 3005 2158 3074 qui
2188 3020 2296 3059 non
2346 3004 2630 3069 liberatur,
2657 3002 2897 3058 debitum
2929 3012 3203 3072 agnoscat.
3249 3002 3307 3059 Si
3348 3003 3402 3060 in

1822 3094 2145 3150 remittendo
2172 3095 2356 3150 debito
2405 3094 2642 3159 bonitas,
2686 3094 2741 3148 in
2781 3093 3044 3162 exigendo
3072 3095 3295 3161 tequitas
3323 3092 3406 3148 iu-

1825 3185 2078 3255 telligitur
2109 3202 2123 3239 :
2153 3199 2417 3255 nusquam
2446 3184 2587 3240 enim
2626 3198 2749 3239 esse
2789 3183 2930 3252 apud
2957 3182 3122 3238 Deum
3152 3181 3405 3252 iniquitas

1821 3278 2112 3335 invenitur.
2139 3279 2288 3331 Sicut
2317 3279 2451 3331 enirn
2482 3293 2570 3345 per
2596 3275 2989 3330 inobedients’am
3015 3276 3167 3329 unius
3185 3272 3407 3343 hominis

1820 3377 2109 3435 peccatores
2128 3366 2391 3421 constituti
2419 3377 2536 3421 sunt
2566 3364 2735 3430 multi,
2760 3366 2834 3418 ita
2871 3374 2919 3419 et
2946 3382 2991 3435 ρ.
3010 3382 3036 3417 r
3056 3366 3209 3419 utrius
3233 3365 3407 3419 obedi-

1820 3458 2010 3511 tt'onem
2041 3458 2173 3523 justi
2212 3457 2590 3511 constituuntur
2618 3458 2788 3511 multi.
2832 3457 2983 3511 Sicut
3016 3454 3260 3525 exemplo
3286 3454 3405 3510 ino-i

1819 3547 2109 3611 bellieatite
2132 3548 2265 3602 Adae
2290 3554 2643 3616 peccaverunt
2672 3546 2845 3611 multi,
2876 3547 2951 3601 ita
2976 3555 3032 3602 et
3048 3543 3248 3600 Christi
3272 3545 3406 3600 obe-

1822 3639 2026 3699 ditione
2048 3638 2410 3709 justillcaotur
2431 3638 2605 3695 multi.
2627 3636 2844 3695 Grande
2866 3637 3066 3693 crimen
3092 3637 3186 3693 ino
3224 3637 3406 3693 odiem

1826 3730 1912 3783 tite
1927 3770 1945 3795 ,
1968 3744 2127 3798 quam
2149 3729 2240 3797 qui
2264 3728 2512 3783 habuerit
2530 3724 2887 3791 Christianus,
2904 3725 3255 3795 quodcunque
3278 3724 3404 3791 boui
3458 3740 3465 3747 '

1822 3823 2002 3879 lcccrit
2036 3829 2280 3877 evacuat.
2307 3820 2705 3883 Obedientiam,
2734 3819 2926 3886 inquit,
2961 3817 3101 3871 malo
3128 3830 3285 3884 quam
3313 3829 3404 3869 sa-

1820 3915 2105 3970 criﬁcium.
2125 3912 2233 3966 Le:
2246 3922 2417 3966 autem
2433 3911 2757 3974 subintrarit,
2771 3917 2828 3962 ut
2845 3906 3403 3965 abundwetdclt'rtant.

1824 4004 1905 4060 lie
1948 4002 2190 4058 dicerent
2220 4001 2377 4057 nobis
2409 4018 2424 4055 :
2459 4000 2565 4055 Lex
2612 4006 2826 4067 peccata
2857 3996 3057 4053 dimisit
3088 4012 3104 4050 :
3133 3994 3289 4059 Non.
3322 3994 3407 4051 inn

1819 4095 1953 4167 quit,
1981 4094 2128 4150 venit
2151 4093 2447 4160 dimittere,
2470 4091 2564 4146 sed
2587 4099 2928 4146 monstrare:
2944 4097 3403 4157 quaeontempta.

1821 4186 2042 4254 incmpit
2073 4185 2353 4239 abundare
2368 4182 2622 4238 delictum
2648 4197 2747 4251 per
2784 4180 3065 4237 sdemians
3095 4180 3295 4249 aquai
3318 4179 3404 4233 di-

1819 4285 1970 4333 ceret
2002 4293 2018 4329 :
2052 4276 2119 4331 Ut
2140 4275 2322 4341 video,
2346 4276 2432 4330 les
2454 4283 2676 4344 peccata
2702 4289 2808 4328 non
2839 4272 3048 4337 minuit.
3072 4270 3167 4331 sed
3186 4270 3407 4341 adjecit,

1822 4384 1931 4423 non
1960 4377 2136 4422 tamen
2158 4381 2260 4422 suo
2282 4367 2433 4433 vitio,
2461 4366 2557 4421 sed
2581 4366 2817 4421 illorum.
2834 4364 3402 4443 ;Les,.inquit,snbitt-_.-

1824 4462 2003 4524 travit,
2035 4469 2093 4513 ut
2130 4459 2426 4514 abundaret
2463 4459 2717 4514 delictum
2750 4476 2764 4511 :
2794 4456 2943 4527 quod
2976 4456 3409 4526 supervenientis

1827 4552 2015 4621 gratiae
2039 4551 2283 4618 largitate
2307 4561 2582 4606 vacuatum
2612 4559 2714 4606 est.
2741 4548 2941 4617 Aperte
2959 4564 3092 4619 ergo
3108 4564 3177 4605 ea
3200 4548 3308 4603 hoe
3324 4559 3409 4605 te-

1826 4640 2081 4698 stimonio
2102 4641 2453 4705 advertimus,
2476 4640 2790 4709 Apostolnm
2818 4640 2888 4694 de
2916 4640 3120 4697 duobus
3142 4640 3284 4708 loqui
3306 4655 3405 4709 ge-

1823 4737 2042 4790 neribus
2064 4744 2425 4804 peccatorum,
2452 4749 2570 4803 quae
2599 4733 2681 4787 vel
2710 4747 2776 4787 es
2804 4732 3033 4789 naturali
3068 4731 3198 4799 legis
3229 4740 3405 4787 trans-

1823 4826 2100 4895 gressione
2133 4825 2435 4888 veniebant,
2458 4823 2788 4881 ubincausaui
2810 4821 3061 4888 explicuit
3078 4818 3408 4883 naturalem,

1828 4918 2047 4987 legalem
2088 4918 2356 4981 subdidit,
2385 4916 2573 4971 dicens
2608 4930 2621 4968 :
2658 4914 2755 4971 Ubi
2783 4911 3071 4975 abundavit
3100 4918 3404 4979 peccatum,

1825 5008 2280 5077 superabundavit
2298 5008 2486 5077 gratia.
2515 5004 2611 5061 Ubi
2636 5014 2804 5061 autem
2828 5002 3102 5056 abundavit
3122 5010 3413 5070 peccatum,

1826 5100 1915 5156 To
1930 5117 1991 5154 us
2015 5098 2104 5154 hic
2129 5114 2317 5155 sensus
2340 5109 2450 5152 est:
2474 5098 2634 5151 Vetus
2661 5094 2829 5150 Adam
2852 5108 2945 5162 per
2968 5107 3128 5147 unum
3150 5091 3405 5149 delictum

1823 5192 2002 5246 intulit
2028 5200 2290 5256 mortem;
2324 5204 2493 5245 novus
2526 5187 2696 5245 Adam
2721 5200 2787 5241 es
2817 5184 3281 5243 innumerabilium
3310 5183 3401 5263 de;

1825 5286 2072 5340 lictorum
2114 5284 2443 5352 indulgentia
2472 5282 2687 5339 donavit
2731 5281 2981 5343 salutem.
3010 5281 3114 5345 libi
3139 5324 3157 5348 ,
3188 5281 3403 5351 inquit,

1823 5373 2111 5430 abundavit
2138 5384 2447 5441 peccatum:
2470 5374 2590 5442 quia
2621 5384 2838 5442 accepta
2864 5374 2987 5445 lege.
3004 5383 3276 5442 peccatum
3292 5389 3405 5426 ιιοη

1826 5479 1946 5521 cum
1978 5464 2295 5534 ignorantia,
2322 5465 2419 5521 sed
2460 5480 2580 5521 cuin
2622 5467 3227 5547 scicntia'perpett'atur.
3276 5464 3399 5518 Ideo

1827 5555 2007 5622 incipit.
2036 5554 2306 5609 abundare
2332 5554 2604 5613 delictum.
2637 5558 3083 5624 Supernbundavit
3105 5557 3293 5627 gratia.
3332 5555 3400 5615 Ui

1824 5643 2193 5711 sicutre‘gnaoit
2220 5654 2481 5712 peccatum
2510 5646 2560 5698 in
2580 5657 2809 5701 morum.
2836 5645 3109 5715 Quomodo
3128 5644 3257 5699 dicit
3276 5643 3366 5698 Sal
3398 5706 3401 5715 γ

1824 5747 2019 5786 vatur:
2052 5733 2146 5787 Cui
2189 5736 2306 5802 plus
2337 5736 2640 5801 dimittitur,
2687 5737 2801 5805 plus
2843 5738 3031 5807 diligit.
3071 5737 3396 5792 .liutt.lestata

1826 5824 2187 5891 chuantitas
2215 5826 2435 5895 peccati,
2459 5837 2507 5871 nl
2541 5830 2657 5875 mir:
2678 5839 2732 5883 ut
2761 5830 3173 5902 tt:a-.;uitu.liuettt
3193 5829 3389 5889 sntiat.
