3904 6176
506 337 610 395 με

2909 273 2932 284 υ
2939 268 3118 284 *λα’-Ἢν·

1601 339 1900 400 ΡΒΙΙΑδΙΙ
1943 336 2394 396 ΔυΗυΜΕΤΔΝΙ
2439 335 2652 393 EPISC.
3664 344 3752 397 lu

501 469 556 514 et
596 457 880 512 redderent
910 454 1330 528 magnitudinem
1381 454 1691 523 cliaritatis,
1724 466 1779 511 et
1818 471 1883 511 es
1914 455 2084 510 indul-
2111 459 2156 513 Α
2188 452 2346 506 ritum
2378 468 2554 507 suum.
2590 453 2802 509 Plenius
2842 453 3217 523 requirendum
3247 461 3330 508 est
3369 454 3492 523 quid
3539 454 3748 523 intelligi

501 549 678 620 gentia
708 547 1038 603 remissionis
1053 558 1323 602 cresceret
1350 547 1584 602 debitum
1616 546 1907 601 charitatis.
1930 545 2014 599 Ila
2034 554 2083 599 et

502 645 669 713 gratia
693 651 864 714 regnet
893 657 982 710 per
993 641 1249 712 justitiam
1274 641 1325 693 in
1354 643 1508 694 vitam
1533 650 1770 694 «ternum
1792 655 1881 708 per
1905 637 2084 692 Iesum

501 735 760 790 Christum
804 733 1078 787 Dominum
1107 744 1355 788 nostrum.
1398 733 1800 789 Mauifestantur
1828 732 2084 788 beneﬁcia

502 827 628 879 dum
671 823 978 879 econtrario
1025 823 1360 891 indignorum
1407 824 1612 877 meritis
1658 833 2081 890 comparantur:

503 931 650 971 mors
670 917 814 970 enim
846 932 938 984 per
965 915 1133 970 Adam
1157 916 1416 985 regnavit,
1447 916 1552 970 vita
1579 929 1674 984 per
1701 915 1993 969 Christum.
2019 913 2087 968 Ut

502 1009 637 1061 sicut
662 1005 1034 1059 cooﬁrmatum
1058 1017 1136 1058 est
1167 1021 1386 1075 regnum
1416 1006 1616 1072 peccati
1650 1020 1742 1073 per
1769 1004 1934 1073 legem
1959 1019 2086 1058 cott-

504 1108 778 1163 tosnptam,
812 1113 930 1166 quae
961 1097 1181 1150 abstulit
1205 1098 1604 1152 excusationem
1645 1095 1979 1164 ignorantiae,
2016 1095 2085 1148 ita

505 1201 560 1243 et
587 1205 808 1257 negtium
840 1189 1021 1255 gratia:
1046 1188 1394 1244 conﬁrmetur
1429 1204 1522 1257 per
1549 1189 1833 1243 multorum
1863 1186 2086 1242 remissa

506 1294 866 1349 peccatorum.

575 1372 703 1424 Car.
745 1387 814 1424 vr.
858 1373 926 1410 ——’
969 1369 1108 1436 Quid
1143 1387 1264 1443 ergo
1286 1373 1548 1425 dicemus?
1578 1369 1998 1424 Permanebintus
2034 1370 2089 1421 in

505 1470 736 1530 peccato,
779 1471 831 1512 ut
868 1462 1032 1531 gratia
1061 1461 1322 1514 abundet?
1364 1462 1578 1514 illorum
1624 1459 1709 1513 hic
1737 1457 1964 1513 infertur
1994 1458 2090 1513 ob-

501 1550 685 1620 jectio,
711 1550 797 1619 qui
828 1550 998 1603 adhuc
1025 1566 1208 1618 parum
1230 1551 1588 1616 iutebigcntes
1610 1547 1789 1602 dicere
1811 1555 2086 1616 poterant:

504 1644 561 1698 Si
589 1643 758 1713 gratia
787 1654 998 1697 crescet
1024 1643 1075 1695 in
1102 1661 1129 1694 ιι
1155 1642 1466 1711 agnitudine
1491 1640 1810 1694 delictorum
1830 1681 1844 1701 ,
1869 1653 2089 1707 peccare

508 1735 788 1802 debemus,
820 1736 1060 1803 utgratia
1085 1734 1339 1800 abundet,
1369 1742 1422 1784 ut
1449 1732 1616 1799 possit
1637 1732 1807 1799 magis
1829 1745 1891 1784 ac
1920 1730 2088 1799 magis

2185 543 2400 610 debeat,
2450 545 2503 598 in
2556 556 2728 599 morte
2772 544 2939 614 ipsius
2985 544 3234 613 baptizati
3279 561 3484 599 sumus.
3519 545 3756 614 Prwcipil

2186 638 2476 707 Apostolus
2507 648 2564 690 ut
2595 638 2717 706 quia
2765 646 2984 706 propter
3013 652 3111 691 nos
3146 637 3395 691 Christus
3434 638 3754 701 cruciﬁxus,

2187 735 2429 779 mortuus
2460 734 2514 779 et
2542 726 2784 794 sepultus
2813 735 2932 791 est,
2965 735 3021 780 et
3051 727 3382 792 resurrexit,
3418 740 3516 779 nos
3554 741 3757 795 quoque

2187 816 2252 870 ad
2276 815 2540 884 passionis
2569 828 2680 870 sua:
2704 815 3108 870 similitudinem
3131 815 3429 870 voluntates
3447 876 3451 877 ν
3469 825 3524 870 et
3559 815 3758 883 cupidi-

2190 917 2324 962 tates
2349 918 2560 962 nostras
2579 907 2979 977 cruciﬁgamus,
3002 917 3056 962 et
3077 907 3130 962 in
3151 907 3489 975 baptismatis
3507 909 3760 976 mysterio

2189 999 2400 1064 mortis,
2451 999 2744 1068 sepultura:
2771 1013 2836 1053 ac
2875 998 3289 1054 resurrectionis
3314 998 3430 1068 ejus
3455 998 3758 1066 exemplum

2190 1093 2478 1157 imitemur,
2531 1102 2588 1147 ut
2638 1093 2684 1145 si
2729 1093 3036 1162 passionum
3087 1092 3220 1146 socii
3272 1075 3551 1156 fuerimus,
3597 1094 3760 1146 simus

2189 1183 2349 1240 etiam
2395 1185 2841 1238 consolationum.
2896 1185 3006 1241 Sed
3061 1186 3439 1256 requirendum
3494 1189 3765 1256 quomodo

2190 1278 2359 1345 possit
2387 1278 2437 1330 in
2468 1278 2576 1331 vita
2622 1279 2829 1345 positus
2857 1277 2995 1332 mori
3017 1317 3035 1344 ,
3067 1287 3124 1333 et
3152 1279 3385 1333 nondum
3418 1288 3659 1333 mortuus
3689 1293 3764 1334 se-

2194 1369 2380 1436 peliri;
2408 1379 2463 1423 et
2497 1368 2731 1422 nondum
2761 1368 3024 1438 sepultus.
3075 1370 3344 1439 quomodo
3392 1371 3566 1425 valeat
3598 1371 3766 1425 susci-

2195 1461 2315 1513 tari.
2366 1459 2477 1513 lloc
2507 1461 2689 1529 utique
2724 1460 2886 1514 modo
2912 1461 3037 1513 dum
3065 1460 3134 1514 de
3163 1461 3285 1515 ﬁliis
3327 1462 3643 1530 perditionis
3683 1463 3768 1518 lilii

2192 1550 2497 1620 adoptionis
2515 1549 2799 1615 efﬁcimur,
2824 1551 2989 1618 priori
3013 1559 3219 1604 natura:
3239 1551 3474 1606 secunda
3495 1552 3768 1607 uativitate

2195 1643 2598 1712 prmmorimur;
2632 1650 2689 1697 et
2717 1642 2844 1696 dum
2895 1641 2995 1696 sub
3041 1653 3268 1711 cognato
3315 1652 3474 1698 terra:
3503 1643 3767 1720 elemento

2194 1733 2590 1801 submergimur
2614 1773 2631 1798 ,
2675 1733 2995 1802 sepelimur;
3033 1733 3158 1787 dum
3191 1748 3221 1788 e
3249 1735 3369 1787 sinu
3403 1734 3563 1788 fontis
3590 1749 3771 1790 assur-

510 1825 875 1880 muniﬁcentia
919 1823 1037 1892 ejus
1084 1824 1136 1877 in
1183 1823 1553 1892 peccatmibus
1599 1822 1890 1877 abundare.
1924 1821 2086 1874 Absit.
2123 1825 2168 1884 Β
2194 1823 2390 1891 pimus,
2416 1825 2742 1877 suscitamur
2775 1843 2786 1876 :
2819 1833 2874 1877 et
2900 1839 2970 1878 ex
2997 1824 3099 1878 hoc
3120 1825 3410 1877 maximum
3435 1825 3768 1893 baptismatis

508 1917 682 1971 Absit.
715 1916 794 1969 llli
826 1927 930 1969 tam
957 1917 1202 1982 imperite
1230 1900 1540 1984 loquuntur,
1576 1912 1664 1982 qui
1688 1911 1860 1964 adhuc
1890 1911 2088 1964 inlirmi

511 2008 874 2062 inveniuntur.
897 2005 1002 2059 Nos
1026 2021 1152 2060 vero
1181 2007 1578 2073 persuasionem
1605 2002 1761 2070 hujus
1778 2003 2092 2071 ignorantia:

511 2115 844 2168 respuanius,
876 2098 967 2168 qui
985 2098 1093 2167 jam
1127 2097 1322 2150 mortui
1349 2112 1534 2150 sumus
1561 2105 1800 2164 peccato,
1828 2106 1884 2149 ut
1903 2093 2090 2162 gratiae

513 2193 835 2247 viveremus.
881 2189 981 2256 Qui
1022 2190 1166 2244 enim
1198 2189 1393 2241 mortui
1443 2202 1627 2241 sumus
1671 2195 1927 2254 peccato,
1959 2201 2091 2254 quo-

516 2282 676 2335 modo
708 2281 884 2334 adhuc
917 2279 1158 2334 vivemus
1187 2280 1246 2360 iri
1273 2279 1400 2332 illo?
1441 2277 1562 2330 Vult
1591 2287 1695 2330 tam
1730 2275 2094 2331 ﬁrmum'esse

517 2373 861 2440 baptizatum,
885 2381 1099 2440 tamque
1124 2369 1440 2438 perfectum,
1465 2369 1612 2436 quasi
1639 2367 1726 2436 qui
1751 2367 1813 2419 ad
1842 2367 2090 2435 capitalia

515 2465 901 2518 committenda
934 2473 1145 2518 mortuo
1173 2460 1568 2530 quodammodo
1614 2467 1957 2526 comparetur
1991 2475 2003 2511 :
2037 2466 2095 2511 ut

514 2555 623 2623 jam
671 2569 894 2622 peccare
923 2568 1029 2607 non
1056 2552 1289 2614 debeat,
1325 2551 1375 2603 id
1405 2559 1507 2613 est,
1554 2548 1759 2603 crimen
1786 2547 2088 2602 admittere.

519 2651 596 2701 Αιι
622 2647 867 2717 ignoratis
887 2646 1008 2714 quia
1032 2645 1319 2714 quicunque
1343 2641 1583 2710 baptizati
1616 2655 1788 2692 sumus
1811 2639 1864 2691 in
1888 2636 2094 2692 Christo

519 2743 664 2794 Iesu.
715 2744 819 2794 Aut
851 2738 1090 2806 nunquid
1124 2727 1515 2791 sacramentum
1559 2733 1725 2802 ipsius
1758 2733 2096 2802 baptismatis

522 2833 820 2902 ignoratis?
869 2831 920 2883 In
962 2829 1255 2896 Scripturis
1303 2825 1678 2892 baptismatum
1729 2833 1856 2878 sunt
1895 2836 2096 2892 genera

520 2928 622 2977 tria
656 2940 668 2976 :
700 2936 870 2991 aquae,
903 2929 960 2973 ut
990 2919 1256 2981 Joannes;
1289 2915 1543 2985 Spiritus,
1576 2914 1665 2981 qui
1694 2923 1747 2969 et
1776 2914 1928 2983 ignis,
1962 2913 2094 2967 utin

523 3014 740 3069 Actibus
794 3011 1179 3081 apostolorum.
1240 3007 1524 3062 Descendit
1587 3004 1818 3074 Spiritus
1879 3013 2094 3060 sanctus

521 3104 671 3172 quasi
703 3103 859 3172 ignis,
892 3101 960 3155 de
995 3100 1146 3170 cujus
1177 3099 1377 3154 deitate
1418 3098 1526 3150 alio
1566 3096 1684 3151 loco
1709 3095 2042 3150 demonstrat
2075 3111 2089 3148 :

2194 1924 2588 1967 sacramentum
2620 1923 2724 1969 est.
2773 1914 2838 1967 Et
2869 1914 2990 1969 ideo
3027 1914 3158 1968 dixit
3186 1932 3200 1968 :
3231 1914 3545 1984 Consepulti
3587 1929 3770 1970 sumus

2193 2020 2313 2060 cum
2332 2005 2420 2059 illo
2438 2019 2533 2074 per
2555 2006 2876 2076 baptismum
2897 2006 2949 2060 in
2973 2016 3222 2060 mortem.
3241 2007 3305 2060 Et
3323 2008 3377 2060 in
3391 2009 3766 2076 consequenti:

2201 2097 2277 2162 Si,
2315 2098 2505 2164 inquit,
2529 2097 2722 2150 mortui
2753 2112 2937 2152 sumus
2961 2113 3084 2152 cum
3102 2098 3337 2163 Christo,
3363 2098 3632 2153 credimus
3659 2101 3767 2169 quia

2197 2189 2356 2243 simul
2390 2190 2550 2244 etiam
2585 2189 2976 2245 viviemuscum
3005 2189 3240 2245 Christo.
3273 2190 3676 2245 Elaborandum
3701 2203 3770 2245 est

2197 2282 2376 2349 itaque
2403 2289 2462 2334 ut
2493 2281 2624 2334 nihil
2658 2281 2726 2335 de
2753 2281 3002 2336 sordibus
3029 2283 3228 2336 veteris
3261 2282 3492 2336 hominis
3518 2297 3770 2350 agnosca-

2197 2380 2283 2424 tur
2318 2371 2370 2423 in
2395 2370 2566 2424 nobis.
2600 2370 2752 2425 Unde
2781 2371 2828 2425 si
2857 2373 2979 2440 quis
3005 2381 3244 2426 nostrum
3276 2371 3413 2426 forte
3442 2374 3770 2440 prievenitur

2196 2463 2340 2517 dono
2372 2462 2577 2515 Domini
2605 2477 2698 2530 per
2727 2463 3092 2531 penitentiam
3118 2463 3372 2518 diluatur.
3406 2464 3463 2519 Si
3498 2479 3637 2534 ergo
3666 2465 3768 2518 fue-

2199 2554 2370 2609 rimus
2398 2554 2554 2617 novl,
2584 2563 2639 2607 et
2683 2555 2945 2607 immutati
2977 2555 3028 2608 in
3054 2557 3496 2619 conversatione,
3530 2556 3772 2609 similiter

2197 2644 2321 2696 novi
2362 2653 2417 2697 et
2456 2643 2719 2696 immutati
2749 2641 3045 2699 efﬁciemur
3073 2644 3128 2698 in
3158 2646 3350 2714 gloria.
3377 2644 3632 2700 Scientes
3660 2646 3773 2713 quia

2202 2746 2353 2789 vetus
2385 2735 2544 2788 homo
2567 2743 2749 2789 noster
2778 2735 2937 2789 simul
2967 2736 3252 2790 cruciﬁxus
3279 2749 3384 2790 est.
3418 2735 3590 2790 Vetus
3625 2737 3776 2789 bouto

2198 2827 2395 2881 dicitur
2414 2827 2502 2894 qui
2525 2834 2762 2880 veterem
2783 2834 2836 2880 et
2863 2835 3132 2880 terrenum
3159 2827 3324 2880 Adam
3350 2835 3442 2878 aut
3461 2826 3778 2894 deposuisse

2198 2917 2433 2971 nondum
2459 2916 2690 2982 videmr,
2716 2927 2806 2971 aut
2828 2918 3097 2982 eumdem,
3124 2919 3176 2972 in
3200 2933 3412 2973 ccenum
3437 2919 3639 2985 prioris
3659 2919 3777 2970 vita:

2200 3010 2474 3076 relapsus,
2510 3007 2770 3062 imitatur.
2805 3007 2959 3063 Sicut
3003 3017 3178 3064 autem
3228 3009 3537 3077 redemptor
3583 3008 3680 3062 ille
3707 3011 3780 3060 is-

2200 3099 2414 3154 nosium
2445 3113 2640 3168 corpus
2679 3099 2956 3167 appendit,
2989 3100 3059 3154 ita
3091 3115 3190 3154 nos
3220 3102 3437 3155 noxium
3469 3101 3777 3168 suapenda-

525 3195 688 3258 Deus,
743 3191 936 3261 inquit,
971 3199 1156 3243 noster
1197 3188 1336 3258 ignis
1364 3202 1687 3242 consumens
1716 3196 1820 3240 est.
1851 3185 2090 3240 Tertium
2121 3181 2166 3244 C
2199 3206 2317 3248 mus
2343 3207 2372 3244 a
2396 3192 2558 3246 vitiis.
2591 3193 2646 3245 In
2675 3205 2780 3260 quo
2825 3192 3080 3262 mysterio
3105 3193 3282 3246 crucis
3311 3193 3518 3261 Moyses
3562 3205 3784 3260 serpen-

520 3297 689 3351 genus
715 3292 797 3336 est
823 3280 1068 3347 baptismi
1101 3279 1156 3332 in
1187 3279 1466 3347 sanguine,
1499 3292 1606 3346 qun
1633 3285 1894 3346 martyres
1924 3275 2095 3344 bapti-

521 3375 732 3429 zontur’.
762 3371 912 3428 Unde
939 3371 1052 3439 ipse
1085 3370 1342 3424 Dominus
1377 3370 1487 3439 jam
1524 3369 1821 3438 baptizatus
1843 3368 1895 3422 in
1931 3369 2098 3422 Evan-

520 3465 663 3530 gelio
705 3469 1030 3528 protestetur
1059 3478 1072 3513 :
1102 3461 1372 3530 Baptismo
1427 3459 1600 3513 habeo
1648 3459 1903 3528 baptizari
1953 3457 2096 3527 quod

521 3569 618 3608 vos
649 3553 888 3609 nescitis.
924 3553 1070 3609 Sicut
1112 3553 1165 3607 in
1203 3553 1423 3608 Joannis
1453 3552 1681 3621 apostoli
1710 3551 1937 3620 epistola
1970 3551 2098 3621 legi-

524 3659 686 3699 mus:
721 3644 846 3698 Tria
881 3652 1005 3698 sunt
1027 3657 1147 3711 qua:
1177 3643 1463 3712 perhibent
1489 3643 1853 3698 testimonium
1891 3661 1901 3693 :
1937 3656 2094 3711 aqua,

521 3737 756 3806 sanguis,
809 3735 1067 3804 Spiritus.
1113 3735 1289 3790 Unum
1323 3735 1372 3788 in
1407 3735 1710 3788 ministerio
1731 3775 1746 3798 ,
1779 3749 1881 3786 oon
1913 3734 1966 3788 in
1999 3749 2094 3785 na-

522 3838 659 3882 tura.
684 3829 830 3896 Aqua
855 3841 946 3895 per
968 3827 1190 3896 ﬁguram
1214 3825 1363 3881 testis
1375 3835 1458 3880 est
1471 3824 1760 3879 dominicae
1772 3824 2094 3894 sepulturae;

520 3919 734 3988 sanguis
763 3917 914 3973 testis
943 3927 1026 3972 est
1053 3917 1270 3982 mortis;
1299 3916 1532 3985 Spiritus
1563 3915 1715 3970 testis
1742 3923 1827 3970 est
1855 3928 2100 3969 resurre-

520 4008 714 4064 ctionis
742 4025 756 4062 :
784 4009 908 4078 quia
929 4007 1162 4078 Spiritus
1184 4017 1368 4062 auctor
1390 4015 1470 4061 est
1493 4006 1634 4060 vitae.
1668 4003 1732 4058 In
1754 4016 1916 4059 morte
1938 4005 2099 4072 ipsius

522 4099 766 4170 baptisati
794 4114 988 4153 sumus.
1019 4096 1078 4152 lu
1102 4108 1277 4153 morte
1302 4097 1500 4152 Christi
1532 4096 1901 4165 baptizamur,
1945 4103 2002 4148 ut
2040 4096 2091 4149 in

527 4193 692 4260 ipsius
739 4198 914 4246 morte
963 4189 1287 4252 credentes,
1329 4187 1484 4257 quasi
1533 4185 1731 4240 mortui
1772 4186 2094 4239 viveremus.

523 4284 730 4351 Quippe
759 4281 953 4350 quibus
981 4280 1114 4334 nihil
1139 4287 1285 4335 esset
1302 4293 1425 4333 cum
1449 4277 1551 4332 hoc
1572 4276 1771 4330 mundo
1793 4290 2093 4331 commune.

525 4376 591 4428 Et
619 4374 812 4444 quibus
839 4383 983 4428 totus
1013 4371 1244 4426 mundus
1273 4378 1390 4424 erat
1421 4368 1660 4423 auctoris
1694 4368 1942 4435 exemplo
1983 4380 2098 4420 mo-

526 4468 743 4528 riturus,
781 4466 923 4522 sicut
945 4462 1094 4517 multi
1125 4462 1294 4516 sancti
1341 4460 1425 4516 vel
1454 4460 1698 4515 fecerunt
1733 4458 1816 4513 vel
1849 4457 2043 4512 faciunt
2079 4475 2093 4509 :

2200 3293 2304 3338 tem
2327 3297 2526 3338 aii-eum
2545 3283 2598 3337 in
2613 3283 2776 3337 dorso
2799 3283 2829 3313 ⁸
2850 3283 3149 3352 suspendit,
3172 3293 3230 3336 ut
3252 3282 3568 3337 destruatur
3592 3296 3784 3351 corpus

2200 3376 2424 3441 peccati.
2455 3374 2567 3429 Hoc
2600 3385 2704 3438 est,
2741 3382 2797 3428 ut
2829 3388 2932 3428 non
2975 3388 3037 3428 ex
3071 3383 3244 3442 parte,
3275 3375 3368 3428 sed
3400 3389 3566 3428 omne
3596 3376 3778 3428 vitium

2198 3467 2525 3522 destruatur.
2559 3467 2854 3538 Consepulti
2883 3468 3015 3519 enim
3041 3483 3215 3520 sumus
3243 3483 3356 3520 eum
3381 3469 3468 3520 illo
3499 3484 3599 3535 per
3626 3471 3787 3535 bapti-

2198 3574 2362 3614 snium
2389 3559 2442 3612 in
2470 3569 2700 3612 mortem.
2734 3559 2786 3612 In
2812 3558 3057 3628 exemplo
3087 3558 3285 3612 Christi
3313 3560 3381 3610 ad
3411 3572 3534 3612 eum
3571 3559 3785 3612 imitan-

2201 3649 2324 3704 dum
2366 3635 2761 3719 consepelimur
2794 3649 2846 3703 in
2877 3651 3159 3718 baptismo,
3194 3659 3248 3702 ut
3282 3649 3476 3702 mortui
3506 3651 3789 3705 veteribus

2199 3740 2516 3795 criminibus
2546 3741 2914 3795 reuuntiemus
2941 3740 3158 3795 diabolo
3192 3751 3246 3794 et
3273 3742 3482 3810 pompis
3511 3740 3662 3809 ejus.
3687 3742 3785 3794 Os—

2201 3832 2371 3886 tendit
2393 3844 2490 3884 nos
2521 3831 2590 3884 ita
2625 3830 2886 3899 baptizari
2913 3841 2972 3884 ut
2995 3831 3422 3900 consepeliamur
3444 3831 3690 3887 Christo.
3726 3830 3790 3885 Ut

2199 3921 2452 3990 quomodo
2467 3919 2686 3973 surrexit
2708 3917 2939 3973 Christus
2961 3936 2992 3972 a
3012 3920 3222 3972 mortuis
3243 3935 3332 3988 per
3349 3920 3574 3986 glorians
3594 3919 3785 3974 Patris.

2201 4013 2272 4071 Ut
2301 4012 2569 4082 quomodo
2597 4011 2930 4082 gloriﬁcatur
2975 4010 3132 4066 Pater
3181 4026 3277 4080 per
3325 4013 3796 4067 resurrectionem

2202 4103 2342 4168 Filii,
2395 4103 2468 4157 ita
2519 4110 2574 4158 et
2619 4117 2714 4172 per
2764 4102 3189 4158 conversationis
3243 4110 3442 4157 nostra:
3492 4105 3792 4160 novitatem

2201 4193 2546 4263 gloriﬁcetur.
2580 4191 2665 4246 Ila
2709 4203 2757 4248 et
2802 4209 2895 4249 nos
2939 4193 2994 4246 in
3045 4195 3270 4248 novitate
3298 4194 3415 4248 vita:
3441 4197 3790 4250 ambulemus.

2200 4285 2452 4340 Ostendit
2498 4283 2768 4352 quomodo
2807 4271 3046 4340 viventes
3087 4286 3281 4340 ortui
3321 4299 3444 4341 esse
3491 4289 3792 4356 possimus,

2203 4390 2301 4432 nec
2330 4375 2528 4445 aliquid
2555 4375 2695 4432 velle
2722 4385 2813 4430 aut
2842 4390 3040 4445 cupere
3069 4377 3381 4442 debeamus,
3419 4378 3567 4445 quod
3601 4380 3794 4432 volunt

2202 4476 2294 4519 aut
2324 4469 2543 4535 cupiunt
2573 4465 2610 4519 ii
2635 4465 2727 4534 qui
2755 4465 2875 4519 novi
2905 4481 3008 4518 non
3039 4476 3186 4520 sunt.
3209 4466 3269 4520 Si
3291 4467 3425 4519 enim
3450 4468 3802 4536 complantati-

525 4557 646 4627 qoia
677 4556 920 4610 Christus
949 4569 1046 4623 pro
1065 4553 1316 4632 omnibus
1349 4561 1594 4606 mortuus
1621 4560 1722 4605 est.
1749 4549 1889 4618 Ergo
1910 4564 2097 4604 omnes
2128 4555 2178 4616 D
2203 4558 2326 4628 facti
2355 4573 2535 4612 sumus
2562 4557 2890 4610 similitudini
2916 4558 3094 4611 mortis
3129 4559 3272 4629 ejus,
3299 4558 3459 4611 simul
3479 4569 3527 4611 et
3557 4574 3798 4612 resurre-

525 4647 717 4702 mortui
747 4656 888 4711 sunt,
923 4654 980 4699 ιιι
1007 4653 1062 4699 et
1088 4645 1178 4712 qui
1208 4642 1396 4696 viVunt
1437 4641 1548 4710 jam
1590 4655 1694 4694 non
1739 4640 1844 4695 sibi
1888 4648 2090 4703 Vivent,

524 4743 616 4798 sed
639 4743 686 4798 ei
717 4743 805 4811 qui
834 4755 930 4810 pro
956 4739 1059 4794 illis
1091 4750 1332 4793 mortuus
1358 4747 1460 4792 est.
1495 4737 1625 4790 Vivo
1651 4745 1962 4798 autem,non
1987 4737 2096 4806 jam

521 4852 654 4906 ego:
681 4837 809 4891 vivit
835 4847 962 4888 vero
989 4834 1042 4888 in
1065 4847 1150 4887 me
1171 4831 1432 4887 Christus.
1459 4830 1542 4898 Et,
1574 4829 1701 4885 Mihi
1725 4829 1957 4884 mundus
1977 4845 2098 4884 cru-

520 4934 708 4988 cilisus
733 4940 834 4998 est,
858 4939 911 4984 et
934 4944 1033 4999 ego
1059 4926 1277 4982 mundo.
1307 4923 1447 4980 Fieri
1470 4923 1610 4978 enim
1634 4938 1740 4976 non
1771 4931 1968 4990 potest,
1995 4922 2097 4977 nisi

522 5034 839 5092 ut,tuorluo
889 5023 1082 5090 capite,
1135 5019 1315 5074 omnia
1367 5018 1606 5072 membra
1653 5015 2093 5070 commoliantur.

522 5119 693 5186 Caput
719 5119 859 5170 enim
893 5131 988 5184 pro
1018 5113 1269 5169 omnibus
1320 5111 1576 5165 membris
1621 5107 1836 5178 pertulit
1881 5122 2090 5176 poenas,

524 5220 582 5268 ιι
604 5208 782 5262 omnia
812 5208 862 5261 in
887 5222 1006 5261 eum
1041 5207 1280 5260 membra
1313 5210 1670 5266 morerentur,
1698 5210 1750 5254 et
1777 5200 1844 5252 ita
1875 5207 2096 5266 peccato

525 5311 732 5358 mortua
763 5300 1002 5353 viverent
1047 5298 1178 5353 Deo.
1213 5295 1495 5362 Quomodo
1521 5293 1664 5348 enim
1703 5301 1945 5345 mortuus
1973 5305 2093 5357 pec-

521 5407 646 5450 care
677 5409 779 5447 non
810 5397 1016 5460 potest,
1045 5388 1117 5442 ita
1143 5399 1196 5442 et
1220 5387 1456 5456 nos,‘qui
1488 5384 1702 5439 Christo
1730 5398 1913 5438 sumus
1942 5397 2093 5436 com-

525 5487 742 5550 mortui,
773 5481 1028 5552 implicari
1062 5480 1290 5548 peccatis
1332 5478 1648 5545 capitalibus
1677 5491 1781 5530 non
1813 5475 2092 5530 debemus.

522 5582 624 5648 Qui
652 5578 940 5632 cruciﬁxus
959 5581 1061 5636 est,
1096 5571 1227 5626 nihil
1257 5571 1397 5623 aliud
1429 5568 1571 5630 facit,
1606 5568 1706 5622 nisi
1732 5566 1873 5636 quod
1902 5566 2090 5620 horam

525 5671 712 5725 mortis
739 5675 1033 5736 exspectnt,
1056 5671 1110 5718 et
1134 5663 1184 5715 in
1209 5673 1398 5715 manus
1431 5660 1601 5714 Putris
1626 5658 1966 5713 commendat
1987 5658 2096 5728 Spi-

599 5783 629 5816 *
661 5785 816 5838 Ferte
845 5778 1123 5850 legendum
1154 5793 1205 5830 ut
1228 5777 1442 5829 de.erto.
1476 5773 1626 5828 Eutr.

2203 4650 2385 4703 ctionis
2409 4649 2618 4702 erimus.
2651 4649 2708 4702 Si
2736 4649 3031 4717 consepulti
3060 4662 3264 4710 sumus,
3291 4659 3345 4703 et
3372 4651 3800 4705 resurrectionis

2203 4741 2403 4794 erimus
2450 4739 2758 4808 participes.
2805 4739 2862 4795 Si
2908 4739 3252 4809 complantati
3283 4754 3388 4794 non
3417 4754 3653 4805 sumus,
3702 4757 3800 4793 nec

2202 4845 2644 4900 conresurgetnus
2675 4848 2686 4884 :
2718 4840 2773 4886 et
2811 4830 2855 4886 si
2887 4829 3145 4885 fuerimus
3185 4831 3308 4885 novi
3340 4833 3389 4884 in
3421 4831 3554 4896 vita,
3592 4835 3806 4886 erimus

2203 4927 2254 4979 in
2283 4925 2471 4993 gloria.
2523 4925 2577 4978 Si
2629 4925 3034 4979 similitudinem
3087 4925 3276 4978 mortis
3328 4923 3713 4991 habuerimus,
3750 4935 3802 4976 et

2204 5015 2615 5071 resurrectionis
2647 5015 2984 5070 habebimus.
3039 5012 3153 5066 Hoc
3203 5015 3440 5079 scientes,
3491 5015 3623 5083 quia
3656 5027 3806 5068 cetus

2203 5112 2354 5162 homo
2394 5118 2562 5161 noster
2585 5109 2737 5162 simul
2766 5107 3045 5175 cruciﬁxus
3066 5115 3161 5160 est.
3191 5105 3293 5171 Qui
3338 5115 3582 5160 veterem
3618 5108 3802 5159 horni-

2203 5215 2324 5253 nem
2375 5208 2429 5252 et
2475 5209 2747 5252 terrenum
2796 5197 3052 5252 imitando
3093 5189 3402 5266 peccaban‘i.
3451 5195 3588 5250 Nam
3645 5209 3810 5251 vetus

2205 5292 2364 5346 homo
2396 5291 2562 5346 Adam
2607 5292 2943 5362 intelligitur,
2992 5291 3130 5344 sicut
3179 5304 3346 5343 novus
3393 5289 3677 5344 Christus.
3737 5292 3807 5345 Ut

2203 5383 2498 5435 destruatur
2535 5400 2719 5454 corpus
2769 5384 2982 5452 peccati.
3025 5381 3199 5438 Unum
3245 5381 3428 5435 vitium
3481 5383 3810 5438 membrum

2203 5484 2286 5530 cst
2333 5476 2583 5544 peccati:
2628 5490 2822 5545 corpus
2868 5490 2997 5530 vero
3051 5476 3377 5530 universitas
3424 5475 3767 5530 delictorum
3798 5519 3811 5539 ,

2203 5583 2427 5637 quorum
2484 5567 2803 5637 principium
2863 5567 3125 5636 originale
3179 5575 3475 5636 peccatum.
3537 5566 3814 5620 Christus

2212 5671 2389 5714 autem
2423 5674 2527 5714 non
2558 5675 2623 5714 ex
2649 5666 2817 5728 parte,
2842 5657 2935 5714 sed
2961 5659 3165 5728 integer
3184 5665 3264 5713 est
3285 5655 3598 5722 cruciﬁxus,
3622 5668 3685 5711 ut
3712 5675 3816 5714 nos
