3968 6166
260 405 368 460 845

1135 399 1195 455 ΙΝ
1236 398 1613 455 EPISTULAM
1657 398 1744 454 AD
1785 396 2104 455 ROMANOS
2142 389 2666 452 COMMENTARIA.

3423 386 3525 440 “6

258 540 327 579 ex
354 529 469 578 toto
492 520 783 576 moriamur
813 524 1036 586 peccato
1062 556 1075 581 ,
1121 522 1177 570 et
1204 514 1438 569 vivamus
1466 514 1612 578 Deo;
1644 513 1759 566 sive
1790 518 1845 564 ut
1874 513 1927 572 Α
1956 509 2070 563 Non
2101 506 2471 575 concupisces.
2497 502 2603 559 Sed
2632 517 2794 573 neque
2819 501 3093 556 exhibeatis
3120 500 3343 556 membra
3368 512 3531 555 vestra

246 627 461 681 acernus
486 620 729 666 nostrum
753 608 1061 663 destruatur
1080 620 1110 660 a
1133 606 1396 660 servitute
1422 603 1648 673 peccati,
1671 610 1726 655 et
1757 601 1847 654 ﬁat

253 704 486 774 iustitia:
513 699 879 768 mancipium,
928 699 1067 770 quod
1116 684 1327 754 solebat
1373 711 1495 751 csse
1540 694 1743 750 delicti.
1778 692 1849 748 Ut

257 796 405 851 ultra
451 810 554 848 nou
596 792 881 847 serviamus
909 800 1135 860 peccato.
1167 789 1354 857 Omnis
1399 788 1539 843 enim
1588 786 1677 855 qui
1727 786 1849 841 facit

256 895 570 955 peccatum,
594 897 791 940 servus
816 890 902 938 est
931 881 1159 952 peccati.
1193 880 1297 946 Qui
1325 880 1457 934 enim
1488 890 1718 933 mortuus
1772 886 1849 933 est

251 976 589 1047 iustiﬁcata:
634 984 708 1029 est
758 990 791 1027 a
839 981 1069 1044 peccato.
1120 972 1233 1027 Hoc
1280 980 1384 1039 est,
1417 971 1679 1025 alienatus
1707 977 1847 1023 esta

258 1076 512 1136 peccato,
552 1065 666 1135 jam
717 1081 823 1120 non
865 1072 1042 1134 potest
1069 1054 1290 1132 peceare
1320 1079 1336 1116 :
1365 1061 1652 1117 cruciﬁxus
1680 1062 1845 1125 enim,

254 1157 518 1212 omnibus
555 1154 814 1210 membris
864 1153 1054 1209 dolore
1093 1154 1369 1223 occupatis
1395 1192 1411 1218 ,
1469 1166 1693 1222 peccare
1740 1166 1847 1206 non

255 1254 482 1316 potest;
534 1245 631 1301 sed
675 1244 1130 1314 concupiscentiis
1172 1254 1227 1299 et
1267 1244 1605 1314 passiouibus
1634 1253 1851 1298 contra—

252 1337 418 1393 dicit.
450 1335 516 1392 Si
556 1346 726 1390 autem
766 1336 955 1397 mortui
994 1350 1171 1389 sumus
1197 1350 1310 1388 cum
1338 1332 1565 1400 Christo,
1598 1332 1848 1387 credimus

254 1427 390 1497 quia
416 1426 573 1483 simul
614 1428 769 1481 etiam
794 1428 1015 1483 vivemus
1052 1442 1167 1480 cum
1205 1425 1426 1480 Christo.
1456 1425 1605 1480 Sicut
1635 1434 1691 1480 et
1719 1424 1845 1479 alibi

256 1519 404 1574 dicit
434 1537 459 1583 :7
481 1518 543 1575 Si
567 1518 888 1574 commortui
912 1531 1120 1582 sumus,
1141 1526 1194 1572 et
1223 1516 1594 1571 convivemus.
1619 1514 1849 1570 Scientes

254 1611 405 1678 quod
426 1608 664 1665 Christus
686 1624 899 1679 surgens
920 1625 956 1662 α
980 1608 1217 1674 mortuis,
1230 1609 1346 1677 jum
1370 1623 1469 1679 non
1498 1606 1736 1661 moritur.
1762 1604 1850 1660 Sic

258 1674 321 1755 et
359 1712 486 1763 nos,
515 1697 563 1753 si
588 1674 800 1753 mortui
815 1696 1074 1751 fuerimus
1098 1674 1265 1760 vitiis,
1298 1674 1525 1750 mortem
1557 1694 1846 1750 secundam

256 1804 372 1845 non
405 1788 734 1844 timebimus.
766 1790 876 1842 Aut
913 1797 1061 1843 certe
1101 1788 1172 1841 ita
1204 1802 1219 1839 :
1250 1786 1389 1839 sicut
1412 1784 1525 1854 jam
1570 1800 1667 1854 pro
1698 1784 1849 1839 vobis

1952 619 2097 657 arma
2119 599 2406 671 iniquitatis
2445 604 2673 669 peccato.
2703 593 3131 664 Unumquodque
3160 594 3457 647 membrum
3483 596 3528 647 si

1951 692 2183 749 ofﬁcium
2215 704 2371 743 suum
2400 689 2452 741 in
2490 684 2663 740 malos
2703 698 2833 739 usus
2862 684 3217 749 converterit,
3246 696 3396 735 arma
3429 681 3529 735 ini-

1950 782 2171 855 quitatis
2198 781 2431 836 eflicitur
2457 778 2523 831 ad
2550 775 2813 845 justitiam
2842 771 3249 844 expugnandam
3276 789 3292 826 :
3328 772 3371 826 si
3419 788 3521 825 rna-

1951 890 2053 931 nus
2091 873 2157 928 ad
2200 872 2425 937 furtum,
2457 870 2634 939 lingua
2676 867 2742 921 ad
2774 866 3118 921 mendacium
3160 862 3247 917 vel
3277 863 3529 932 blasphe-

1952 965 2142 1030 miam;
2165 962 2211 1017 si
2233 962 2419 1017 oculus
2436 959 2889 1028 concupiscentiae
2916 956 3115 1012 serviat
3137 956 3201 1010 ad
3221 953 3529 1024 pudicitiam

1952 1053 2382 1126 expugnandam,
2424 1061 2477 1105 et
2504 1060 2717 1105 caetera.
2752 1048 2858 1104 Sed
2897 1046 3125 1103 exhibete
3163 1063 3250 1100 vos
3292 1044 3400 1098 Deo
3421 1054 3533 1097 tan-

1951 1166 2104 1220 quam
2133 1164 2197 1203 ea:
2227 1146 2440 1201 mortuis
2482 1147 2716 1198 viventes.
2768 1144 3040 1212 Tanquam
3066 1144 3175 1211 jam
3211 1153 3528 1195 resurrexe-
3556 1132 3559 1135 ’

1952 1242 2069 1296 ritis
2094 1258 2108 1295 :
2135 1247 2257 1309 post
2282 1237 2729 1293 resurrectionem
2752 1246 2929 1310 autem
2962 1250 3064 1289 non
3090 1233 3376 1289 carnaliter
3399 1230 3534 1285 vivi-

1954 1342 2060 1395 tur,
2084 1346 2182 1389 nec
2202 1339 2470 1401 peccatur.
2492 1326 2559 1381 Et
2580 1327 2805 1381 membra
2826 1336 2989 1380 vestra
3009 1343 3151 1378 arma
3159 1325 3378 1395 justitia:
3403 1322 3531 1377 Deo.

1952 1420 2022 1478 Ut
2067 1420 2255 1476 oculus
2305 1418 2395 1489 qui
2442 1426 2564 1473 ante
2615 1416 2831 1471 videbat
2877 1415 2941 1469 ad
2994 1414 3357 1485 peccandum,
3392 1428 3533 1466 nunc

1950 1516 2129 1571 videat
2154 1514 2220 1569 ad
2249 1514 2377 1571 boni
2402 1512 2582 1581 operis
2624 1510 3011 1574 ministerium;
3044 1511 3131 1575 qui
3165 1519 3288 1561 ante
3318 1505 3533 1560 videbat

1951 1607 2020 1663 ad
2064 1604 2496 1675 exspoliandum,
2550 1617 2691 1657 nunc
2734 1602 2910 1655 videat
2947 1599 3012 1654 ad
3054 1599 3380 1654 vestiendum
3413 1615 3426 1651 :
3456 1598 3535 1651 sic

1952 1699 2115 1755 etiam
2143 1697 2212 1754 de
2248 1697 2469 1765 reliquis
2500 1693 2755 1750 membris
2783 1695 3037 1758 adverte,
3069 1702 3127 1747 ut
3156 1691 3222 1746 de
3254 1691 3537 1761 iniquitate

1952 1791 2020 1847 ad
2052 1788 2471 1861 misericordiam
2498 1796 2915 1842 commutentur.
2942 1784 3217 1840 Peccatum
3240 1784 3537 1839 enimnobis

255 1892 374 1934 non
420 1886 619 1946 potest,
649 1876 694 1930 si
723 1876 1015 1931 criminose
1058 1874 1338 1942 vixeritis,
1368 1874 1611 1929 Christus
1655 1874 1849 1930 iterum
1881 1886 1929 1945 Β
1955 1898 2059 1936 non
2106 1879 2479 1936 dominabitur.
2536 1876 2652 1932 Non
2700 1891 2793 1932 vos
2840 1878 3017 1930 vincat
3065 1885 3341 1946 peccatum
3386 1893 3397 1927 :
3432 1890 3538 1930 non

255 1967 531 2038 crueiﬁgi,
560 1967 636 2021 ita
676 1975 732 2022 et
778 1981 875 2021 vos
923 1981 1028 2020 non
1074 1965 1298 2035 potestis
1327 1966 1520 2021 iterum
1566 1964 1845 2031 baptizari,

254 2063 408 2116 sicut
447 2059 576 2114 alibi
604 2057 735 2114 dicit
768 2074 785 2113 :
815 2057 1147 2128 [inpossbile
1187 2067 1272 2113 est
1297 2071 1393 2113 eos
1417 2057 1507 2125 qui
1533 2058 1700 2112 semel
1725 2068 1851 2112 sunt

256 2150 579 2217 illuminati,
605 2158 661 2205 et
680 2149 969 2219 participes
995 2158 1118 2204 sunt
1140 2149 1340 2217 effecti,
1376 2148 1625 2203 renovari
1656 2162 1849 2203 rursus

254 2241 332 2295 ad
381 2240 778 2310 paenitentiam,
822 2254 1010 2297 rursus
1057 2241 1431 2311 cruciﬁgentes
1472 2242 1525 2296 in
1562 2255 1622 2296 se
1657 2239 1850 2295 Filium

260 2334 403 2399 Dei;
432 2334 628 2403 quibus
658 2349 765 2389 non
794 2334 1186 2404 penitentiam,
1215 2335 1310 2390 sed
1339 2335 1762 2401 innovationem,
1795 2333 1849 2388 id

255 2436 349 2481 est
375 2427 717 2481 iterationem
746 2426 1080 2496 baptismatis
1107 2427 1399 2482 interdicit.
1424 2426 1568 2481 Mors
1597 2427 1675 2481 illi
1715 2426 1853 2480 ultra

255 2533 369 2573 non
417 2518 788 2572 dominabitur.
842 2518 899 2574 Si
949 2518 1083 2573 ultra
1141 2534 1247 2574 non
1294 2519 1674 2584 dominabitur,
1724 2532 1853 2587 ergo

250 2609 374 2679 iam
418 2609 693 2675 dominata
720 2621 824 2677 est,
856 2619 1041 2665 contra
1064 2610 1390 2665 Maniehzeos
1415 2649 1432 2675 ,
1482 2609 1605 2679 quia
1653 2617 1850 2679 negant

252 2696 540 2755 Christum
570 2713 751 2753 veram
779 2713 996 2752 carnem
1036 2697 1309 2753 habuisse.
1341 2697 1491 2763 Quod
1540 2698 1673 2751 enim
1713 2712 1853 2772 mor-

251 2799 384 2844 tuus
425 2798 503 2844 est
542 2798 767 2859 peccato.
799 2790 927 2845 Sive
956 2791 1096 2858 quod
1128 2802 1224 2859 pro
1264 2800 1481 2859 peccato
1509 2787 1727 2859 generis
1751 2788 1850 2842 bu-

251 2880 439 2948 mani,
471 2881 592 2937 sive
610 2883 750 2951 quod
778 2881 939 2937 morti
968 2880 1095 2951 ipsi,
1128 2897 1248 2950 qnte
1276 2883 1330 2934 in
1362 2896 1484 2936 eum
1508 2880 1645 2935 ultra
1670 2879 1848 2937 locum

249 2987 371 3028 non
396 2972 632 3041 potuerit
651 2971 874 3038 habere,
903 2972 1261 3033 siLmortuus.
1306 2969 1543 3025 Mortuus
1571 2978 1646 3024 est
1668 2969 1846 3024 semel.

252 3062 314 3119 Id
343 3072 436 3119 est
465 3064 611 3117 sicut
633 3070 798 3133 caput
842 3072 1079 3119 vestrum
1110 3062 1282 3118 semel
1322 3072 1409 3117 est
1446 3072 1739 3126 mortuum,
1768 3061 1848 3115 sic

248 3165 309 3212 et
331 3168 436 3211 vos
459 3154 700 3211 membra
721 3154 865 3210 illius
885 3154 1084 3222 eﬁ'eeti,
1118 3154 1241 3208 vita:
1265 3154 1383 3224 ejus
1401 3154 1649 3224 exempla
1670 3163 1846 3209 secta-

1952 1973 2099 2028 enim
2128 1971 2263 2027 estis
2291 1969 2519 2039 parvuli,
2573 1968 2669 2024 sed
2723 1968 2977 2037 perfecti;
3025 1966 3175 2037 quasi
3218 1967 3540 2036 pasdagOgus

1956 2077 2129 2133 puero
2157 2061 2303 2116 dicat
2331 2078 2343 2113 :
2377 2060 2495 2127 Noli
2529 2059 2707 2115 facere
2736 2059 2920 2113 vitium
2946 2060 3228 2123 sermonis,
3263 2074 3369 2113 non
3392 2059 3534 2113 enim

1952 2154 2127 2209 adhuc
2154 2152 2306 2207 audis
2332 2152 2765 2220 grammaticum,
2800 2149 2893 2205 sed
2925 2157 3221 2205 oratorem.
3266 2149 3391 2207 Sive
3425 2165 3531 2203 non

1953 2244 2337 2311 dominabitur,
2365 2258 2472 2297 non
2504 2243 2662 2296 habet
2684 2241 2971 2298 dominari.
3008 2241 3127 2294 Non
3154 2243 3288 2294 enim
3311 2242 3401 2294 sub
3427 2242 3536 2313 lege

1951 2339 2091 2403 estis,
2121 2335 2211 2389 sed
2240 2335 2331 2389 sub
2352 2333 2540 2403 gratia.
2576 2332 2632 2386 Id
2660 2341 2764 2396 est,
2788 2333 2888 2386 sub
2909 2331 3279 2387 benevolentia
3308 2331 3537 2388 Redem-

1952 2430 2142 2500 ptoris,
2165 2426 2256 2496 qui
2282 2422 2552 2495 pugnandi
2571 2431 2730 2493 atque
2760 2422 3007 2477 vincendi
3036 2432 3327 2478 etconalus
3355 2423 3529 2489 dedit,

1952 2530 2009 2578 et
2035 2522 2335 2578 doctrinam
2365 2510 2629 2587 praebuit;
2659 2520 2755 2575 sed
2784 2529 2840 2577 et
2870 2520 3173 2589 exemplum
3205 2520 3448 2589 insuper,
3472 2531 3528 2574 et

1952 2614 2203 2668 virtutem
2237 2627 2330 2681 per
2361 2610 2783 2667 consolationem
2811 2600 3040 2678 Spiritus
3071 2610 3243 2665 sancti
3289 2609 3530 2674 donavit,

1953 2722 2052 2778 per
2092 2702 2253 2776 quam
2306 2704 2601 2758 liberamur
2640 2719 2669 2757 a
2724 2703 3095 2759 dominatione
3139 2702 3538 2772 percati-Quid

1954 2812 2075 2866 ergo
2104 2797 2128 2849 .9
2152 2794 2468 2866 peccabimus
2498 2794 2621 2865 quia
2649 2810 2751 2848 non
2789 2811 2964 2848 sumus
2992 2793 3087 2847 sub
3118 2793 3263 2863 lege?
3291 2793 3394 2860 Qui
3436 2794 3538 2847 sub

1954 2886 2072 2957 lege
2103 2895 2186 2942 est
2227 2887 2488 2957 premitur
2517 2901 2547 2940 a
2574 2886 2719 2956 lege,
2767 2885 2894 2940 dum
2942 2902 3047 2940 non
3094 2886 3280 2955 implet
3324 2887 3535 2957 legem;

1953 2994 2060 3033 non
2082 2986 2168 3034 est
2181 2978 2282 3033 sub
2305 2978 2442 3049 lege,
2470 2978 2564 3034 sed
2587 2994 2708 3034 cum
2730 2979 2870 3048 lege.
2898 2978 3005 3033 Sed
3024 2978 3116 3033 sub
3137 2979 3344 3051 gratia?
3370 2978 3535 3034 Absit.

1952 3070 2031 3125 An
2071 3072 2274 3125 nescitis
2304 3070 2549 3141 quoniam
2577 3071 2660 3124 cui
2690 3069 2934 3125 exhibetis
2977 3087 3063 3124 vos
3092 3086 3267 3125 servos
3308 3072 3375 3125 ad
3417 3074 3537 3123 obe-

1952 3165 2214 3232 dientium,
2244 3164 2375 3219 servi
2403 3168 2523 3220 estis
2547 3167 2660 3235 ejus
2702 3164 2787 3218 cui
2825 3163 3066 3219 obedistis
3085 3205 3100 3229 ,
3129 3165 3233 3218 sive
3260 3166 3451 3233 peccati
3470 3163 3539 3216 ad

251 3249 418 3313 mini,
447 3258 503 3302 ut
531 3246 667 3301 nihil
693 3246 852 3302 morti
873 3246 1094 3303 ulterius
1116 3245 1388 3310 debeatis,
1423 3244 1526 3300 hoc
1552 3254 1668 3314 est,
1703 3255 1761 3301 ut
1790 3246 1844 3302 in

1952 3267 2184 3324 mortem,
2213 3257 2317 3312 sive
2344 3256 2648 3311 ebeditionis
2696 3256 2765 3310 ad
2783 3256 3083 3328 justitiam?
3123 3255 3202 3310 Ne
3240 3254 3438 3310 inducti
3480 3266 3536 3309 et

251 3339 419 3396 vobis
434 3339 613 3394 locum
633 3352 776 3392 mors
795 3336 1029 3392 secunda
1053 3351 1160 3392 non
1176 3336 1387 3391 habeat.
1414 3336 1548 3391 Nam
1563 3338 1652 3405 qui
1675 3337 1850 3393 credit

254 3430 592 3501 baptismum
618 3442 775 3499 posse
801 3428 1019 3494 iterare,
1060 3426 1231 3482 credit
1256 3425 1528 3481 Christum
1558 3440 1716 3496 posse
1744 3429 1847 3483 ite-

254 3540 386 3580 rtttn
433 3521 694 3591 cruciﬁgi.
742 3522 895 3589 Quod
923 3531 1089 3575 autem
1131 3522 1271 3586 vivit,
1302 3522 1421 3575 vivit
1452 3522 1577 3577 Deo.
1622 3522 1767 3578 Vivit
1793 3523 1847 3577 iu

257 3615 490 3681 deitate,
518 3615 634 3682 ipse
674 3614 834 3668 homo
864 3614 1024 3667 Deus.
1074 3610 1161 3665 Ita
1200 3620 1249 3667 et
1290 3628 1376 3667 vos
1414 3614 1700 3667 existimate
1735 3629 1846 3670 vos.

256 3708 428 3776 Quasi
472 3706 566 3761 ﬁlii
604 3706 687 3763 vel
725 3706 967 3762 membra
993 3707 1110 3776 ejus
1139 3720 1236 3761 vos
1278 3706 1577 3774 intelligite.
1609 3705 1847 3763 Morinos

256 3799 475 3868 quidem
514 3812 623 3852 esse
670 3805 898 3866 peccato.
949 3796 1102 3851 Sicut
1147 3796 1383 3850 imitator
1428 3794 1549 3865 ejus
1591 3796 1845 3853 dicebat:

259 3890 405 3946 Vivo
428 3901 607 3947 autem
629 3890 742 3960 jam
770 3906 878 3946 non
921 3905 1045 3960 ego,
1076 3890 1209 3947 vivit
1231 3906 1359 3948 vero
1392 3892 1448 3947 in
1472 3908 1560 3949 me
1578 3893 1845 3950 Christus.

272 3981 517 4039 Vimtes
550 3991 759 4037 autem-
792 3982 908 4038 Hoc
933 3992 1058 4048 est,
1103 3981 1220 4053 ejus
1252 3984 1415 4039 vitam
1445 3993 1753 4054 sequentes,
1794 3987 1848 4041 in

259 4077 422 4134 nobis
458 4076 696 4132 nondum
725 4076 951 4133 vivimus
972 4116 988 4143 ,
1018 4076 1114 4133 sed
1139 4076 1254 4146 jam
1281 4076 1337 4132 in
1365 4075 1580 4133 Christo
1618 4077 1849 4133 vivimus

258 4182 479 4227 omnes.
506 4169 697 4225 Hormi
717 4168 859 4225 enim
882 4182 1089 4237 sumus,
1112 4175 1172 4223 et
1194 4168 1301 4224 vita
1323 4176 1506 4223 nostra
1533 4168 1847 4225 abscondita

256 4269 350 4317 est
378 4273 499 4315 cum
542 4259 758 4315 Christo
799 4258 854 4314 in
900 4258 1030 4314 Deo.
1082 4256 1193 4312 Deo
1234 4259 1289 4312 in
1333 4258 1535 4314 Christo
1576 4255 1726 4313 Iesu.
1756 4258 1850 4316 Ille

256 4360 446 4406 autem
479 4350 608 4406 vivit
650 4350 792 4415 Deo,
838 4352 928 4419 qui
974 4348 1176 4409 Christi
1221 4349 1449 4419 vestigia
1497 4349 1801 4406 humilitate
1827 4390 1846 4418 ,

256 4442 690 4500 sanctiﬁcatione
713 4482 733 4507 ,
785 4442 985 4512 pietate
1032 4450 1299 4517 sectatur.
1342 4440 1465 4497 Non
1513 4459 1634 4515 ergo
1674 4453 1848 4514 regnet

261 4543 535 4603 peceatum
559 4535 613 4589 in
634 4545 798 4590 uestro
822 4533 1030 4588 mortali
1053 4548 1286 4601 corpore,
1307 4544 1362 4587 ut
1387 4532 1634 4589 obediatis
1652 4550 1846 4590 concu-

261 4626 529 4693 piscentiis
570 4626 702 4695 ejus.
749 4623 997 4680 Ostendit
1021 4624 1293 4695 quomodo
1324 4635 1533 4694 regnet.
1572 4624 1666 4681 Ille
1701 4628 1846 4681 enim

1951 4631 2049 4689 sed
2089 4631 2209 4700 ipso
2237 4629 2501 4686 liberante
2528 4637 2585 4683 et
2612 4627 2899 4698 adiuvante
2929 4627 3040 4695 jam
3067 4641 3169 4682 nou
3201 4627 3330 4681 estis
3364 4642 3377 4679 :
3409 4626 3534 4694 quia
3632 4642 3633 4645 η

258 4724 477 4788 regnat,
516 4717 602 4771 cui
646 4704 838 4783 θωπιοὲ
884 4716 1163 4772 obediunt.
1204 4714 1485 4783 Quomodo
1516 4716 1569 4770 iu
1611 4731 1846 4787 corpore

258 4815 541 4879 peccatum
570 4817 762 4877 regnet
789 4806 1076 4877 exposuit,
1109 4806 1163 4861 id
1190 4814 1303 4871 est,
1331 4807 1378 4862 si
1411 4807 1612 4863 vitiatae
1640 4818 1846 4865 naturae

255 4901 597 4972 praebeamus
622 4900 983 4957 obedientiam
1010 4908 1066 4955 et
1082 4899 1502 4956 consentiamus.
1527 4899 1643 4957 Non
1667 4899 1802 4954 dixit
1828 4916 1843 4954 :

260 4994 389 5051 Non
426 4994 525 5060 sit,
553 4995 672 5062 quia
699 4992 812 5064 jam
841 4992 917 5049 ibi
943 5001 1057 5059 est;
1087 4992 1183 5049 sed
1215 5010 1230 5048 :
1264 4992 1626 5061 Nonregnet,
1655 4992 1709 5047 id
1738 5002 1844 5060 est,

256 5100 376 5143 non
406 5086 500 5141 ﬁat
538 5085 680 5157 quod
716 5084 892 5156 jubet.
940 5084 1123 5155 Surgit
1146 5084 1226 5139 ira
1256 5100 1272 5138 :
1304 5085 1413 5139 noli
1441 5085 1575 5139 dare
1603 5084 1697 5139 irai
1739 5084 1845 5138 litt-

257 5193 425 5251 gtsam
446 5178 514 5235 ad
535 5177 986 5243 maledicendum,
1015 5191 1124 5233 non
1164 5192 1380 5233 manum
1407 5177 1475 5231 ad
1514 5175 1841 5244 feriendum,

259 5287 377 5329 non
402 5272 644 5328 membra
669 5270 881 5327 libidini
910 5286 1073 5341 :quat
1099 5285 1205 5325 non
1232 5279 1501 5338 surgeret,
1530 5269 1633 5324 nisi
1659 5283 1849 5339 peccs-

260 5376 381 5422 tum
409 5378 553 5421 esset
581 5365 636 5420 in
669 5364 929 5421 membris
955 5365 1174 5420 nostris.
1216 5363 1360 5420 Inest
1387 5364 1604 5432 quidem
1653 5378 1846 5431 pecca-

262 5465 378 5512 tum
406 5456 459 5511 in
486 5456 772 5521 membris;
802 5456 899 5512 sed
924 5471 1034 5511 non
1065 5464 1269 5525 regnat,
1317 5454 1363 5509 si
1411 5470 1519 5510 non
1560 5454 1847 5519 obediatur

263 5548 549 5605 desideriis
564 5549 710 5618 ejus.
741 5548 810 5605 Et
838 5548 962 5605 ideo
988 5549 1117 5603 dum
1147 5548 1288 5618 quod
1317 5562 1424 5603 non
1461 5548 1598 5614 vnlt,
1626 5548 1756 5617 agit,
1790 5546 1841 5602 id

266 5649 376 5705 est,
421 5655 527 5695 non
567 5640 680 5695 vult
720 5628 1125 5709 concupiscere,
1171 5639 1529 5709 concupiscit,
1579 5638 1850 5695 consentit

264 5733 396 5802 legi,
424 5735 677 5805 quoniam
708 5733 844 5789 bona
870 5741 952 5789 est
988 5750 1002 5786 :
1036 5732 1138 5787 hoc
1166 5731 1309 5787 enim
1334 5731 1445 5787 vult
1468 5740 1524 5787 et
1551 5731 1669 5800 ipse
1696 5732 1839 5800 quod

269 5823 380 5891 lex,
420 5824 542 5895 quia
564 5824 676 5880 vult
703 5823 817 5894 ipse
848 5838 951 5882 non
983 5822 1383 5897 concupiscere,
1426 5830 1481 5879 et
1526 5821 1615 5878 lex
1668 5821 1846 5879 dixit:

1954 3349 2009 3404 in
2042 3348 2148 3403 ﬁde
2174 3347 2334 3404 rudes
2364 3346 2665 3417 objicerent
2699 3364 2713 3401 :
2754 3348 2893 3420 Ergo
2920 3359 3166 3404 cessante
3190 3345 3426 3402 vindicta
3456 3346 3533 3401 le-

1949 3442 2052 3511 gis,
2084 3440 2301 3509 impune
2327 3439 2689 3509 peccabimns.
2725 3440 2900 3494 Absit.
2929 3439 3111 3495 Gratia
3135 3455 3254 3509 quae
3282 3448 3338 3495 et
3365 3439 3536 3494 dona-

1951 3531 2027 3586 vit
2052 3529 2324 3601 quomodo
2348 3530 2645 3599 vincamus,
2665 3546 2772 3585 non
2792 3532 2905 3585 vult
2919 3546 3017 3587 nos
3036 3530 3254 3587 omnino
3274 3545 3495 3600 peccare
3515 3548 3529 3583 :

1949 3624 1996 3678 si
2038 3624 2317 3680 volueritis
2362 3638 2611 3693 peccare.
2657 3622 3022 3679 dominabitur
3066 3623 3217 3678 vobis
3246 3623 3376 3692 legis
3405 3637 3533 3678 sen-

1926 3713 2136 3779 .tentia,
2184 3729 2304 3783 qua:
2336 3713 2649 3783 vindicatin
2685 3723 2989 3781 peccantes.
3021 3712 3073 3767 Si
3104 3722 3282 3766 autem
3312 3712 3535 3779 iustitiae

1950 3804 2250 3859 servieritis
2269 3844 2285 3867 ,
2328 3818 2433 3858 non
2474 3804 2607 3858 estis
2634 3801 2734 3858 sub
2760 3801 2913 3872 lege,
2946 3802 3044 3857 sed
3067 3802 3166 3857 sub
3193 3802 3389 3881 gratia.
3418 3802 3533 3856 Non

1948 3896 2115 3961 enim,
2146 3895 2340 3965 inquit,
2368 3894 2591 3964 potestis
2611 3894 2820 3949 duobus
2839 3892 3064 3948 servire.
3094 3893 3191 3947 Ilic
3215 3893 3355 3964 quod
3378 3894 3532 3955 dixit,

1951 3986 2316 4059 peccabimus,
2340 3985 2637 4041 criminalia
2664 3996 2719 4039 et
2743 3983 2994 4055 capitalia
3026 3992 3239 4053 peccata
3270 3981 3531 4054 intelliga-

1949 4092 2091 4144 mus,
2122 4091 2227 4132 non
2259 4075 2484 4138 minuta,
2512 4074 2629 4130 sine
2655 4074 2850 4145 quibus
2888 4088 3016 4137 esse
3063 4088 3168 4129 non
3219 4087 3528 4143 possumus.

1950 4167 2066 4222 IIoc
2097 4175 2154 4223 et
2185 4164 2383 4235 ubique
2413 4163 2682 4232 intelligo,
2741 4163 2829 4218 ubi
2883 4162 3229 4233 prohibemur
3281 4178 3529 4232 peccare;

1948 4262 2076 4333 quia
2123 4261 2286 4317 etde
2337 4259 2468 4330 ipsis
2524 4259 2756 4328 peccatis
2811 4258 3168 4328 loquebatur,
3218 4273 3337 4326 quae
3364 4267 3419 4312 et
3446 4258 3534 4313 lex

1949 4355 2207 4423 damnare
2230 4361 2606 4418 consueverat,
2636 4350 2931 4407 secundum
2954 4350 3079 4404 illud
3110 4367 3124 4403 :
3151 4351 3206 4404 Si
3238 4351 3534 4405 dixerimus

1950 4447 2076 4519 quis
2111 4454 2388 4517 peccatum
2415 4458 2525 4500 non
2554 4442 2836 4508 habemus,
2858 4453 2965 4498 etc.
2991 4439 3197 4497 Gratias
3217 4453 3392 4496 autem
3424 4439 3534 4497 Dec

1950 4537 2088 4609 quod
2123 4537 2294 4609 fuistis
2336 4536 2465 4591 servi
2490 4520 2709 4606 peccati.
2743 4533 2955 4588 Gratias
2985 4532 3095 4589 Deo
3118 4575 3134 4600 ,
3168 4532 3291 4603 quia
3323 4533 3493 4587 fuistis
3516 4574 3533 4601 ,

1952 4721 2204 4786 obeditis,
2226 4721 2349 4791 quia
2372 4718 2627 4776 resistitis
2645 4718 2889 4787 adiutore
2915 4717 3045 4773 Deo.
3073 4716 3327 4771 Obedistis
3343 4725 3532 4771 autem.

1954 4811 2023 4868 Ut
2049 4811 2192 4867 dono
2221 4819 2277 4867 et
2303 4810 2552 4878 exemplo
2597 4806 2799 4864 Christi
2830 4808 3045 4872 vivatis,
3093 4808 3183 4877 qui
3215 4822 3318 4861 non
3359 4808 3535 4861 solum

1953 4914 2201 4971 peccata,
2254 4902 2350 4957 sed
2399 4900 2710 4957 occasiones
2738 4898 2948 4953 auferre
2975 4896 3197 4951 donavit
3238 4904 3294 4951 et
3341 4895 3528 4951 docuit

1951 4994 2289 5049 delictorum.
2317 4992 2644 5057 Imitatores,
2689 4990 2899 5059 inquit,
2932 4990 3038 5043 mei
3080 4996 3288 5057 estote,
3315 4989 3453 5045 sicut
3481 5001 3537 5046 et

1951 5097 2053 5151 ego
2072 5081 2268 5137 Christi
2290 5096 2357 5137 ex
2379 5080 2562 5145 corde,
2586 5095 2648 5135 ex
2676 5080 2798 5132 ﬁde.
2825 5077 2890 5131 lu
2910 5093 3022 5130 eam
3049 5083 3271 5149 formant
3289 5082 3536 5136 doctrinis

1938 5174 2008 5237 in
2035 5190 2134 5243 qua
2163 5173 2340 5227 traditi
2381 5175 2522 5228 estis.
2568 5172 2699 5226 Novi
2731 5170 3082 5227 'l‘estamenti.
3113 5170 3340 5227 Liberati
3367 5185 3537 5227 au'em

1952 5278 1986 5316 a
2010 5273 2239 5332 peccato.
2269 5262 2448 5318 Liberi
2486 5262 2631 5316 lacti.
2673 5261 2821 5316 Servi
2850 5261 2977 5331 facti
3006 5262 3127 5318 estis
3156 5265 3399 5337 justitiat.
3433 5265 3534 5319 Per

1951 5352 2176 5425 gratiam
2207 5352 2322 5409 Dei.
2358 5351 2653 5406 [Iunianum
2682 5351 2819 5405 dico.
2852 5351 2984 5419 Quia
3024 5368 3131 5408 non
3174 5354 3395 5422 potestis
3437 5353 3532 5406 ad-

1954 5445 2059 5499 huc
2100 5443 2288 5499 audire
2333 5443 2593 5498 divinum.
2633 5442 2763 5500 Sive
2800 5443 2918 5499 sic:
2955 5444 3285 5499 humanitate
3314 5445 3531 5512 dignum

1954 5548 2038 5593 eSt
2066 5535 2209 5607 quod
2251 5535 2393 5601 dico,
2420 5536 2562 5605 quod
2593 5535 2755 5590 etiam
2797 5536 2938 5607 apud
2979 5535 3225 5591 homines
3268 5538 3532 5593 rationem

1956 5630 2137 5695 habet,
2190 5636 2247 5684 et
2271 5626 2427 5682 facile
2458 5628 2683 5698 intelligi
2717 5637 2913 5696 potest.
2963 5626 3075 5680 Iloc
3121 5634 3206 5682 est
3259 5643 3274 5681 :
3331 5627 3533 5696 Maiora

1955 5722 2170 5793 quidem
2200 5720 2416 5792 exigere
2463 5735 2492 5789 a
2521 5719 2672 5775 vobis
2704 5733 2799 5789 pro
2828 5719 3022 5774 divina:
3051 5719 3325 5774 servitutis
3373 5721 3535 5777 retri-

1958 5815 2180 5873 butione
2227 5813 2515 5879 deberem;
2545 5811 2637 5868 sed
2671 5811 3110 5870 condescendeus
3144 5821 3197 5868 et
3228 5823 3534 5871 tcnmeraus
