  <div class='ocr_page' id='page_1' title='image "/cluster/home/n/w/nwhite01/storage/ocr_20150623/68/hvd.32044054758719/231.png"; bbox 0 0 3904 6176; ppageno 0'>
   <div class='ocr_carea' id='block_1_1' title="bbox 450 261 3706 351">
    <p class='ocr_par' dir='ltr' id='par_1_1' title="bbox 450 261 3706 351">
     <span class='ocr_line' id='line_1_1' title="bbox 450 261 3706 351; baseline 0.002 -6"><span class='ocrx_word' id='word_1_1' title='bbox 450 269 553 346; x_wconf 77' lang='lat' dir='ltr'><strong>in</strong></span> <span class='ocrx_word' id='word_1_2' title='bbox 1070 261 1079 269; x_wconf 81' lang='grc'><em>’</em></span> <span class='ocrx_word' id='word_1_3' title='bbox 1560 292 1856 351; x_wconf 79' lang='lat' dir='ltr'><strong>PRIMASll</strong></span> <span class='ocrx_word' id='word_1_4' title='bbox 1900 289 2350 347; x_wconf 67' lang='lat' dir='ltr'><strong>annuumam</strong></span> <span class='ocrx_word' id='word_1_5' title='bbox 2390 288 2599 346; x_wconf 77' lang='lat' dir='ltr'><strong>smsc.</strong></span> <span class='ocrx_word' id='word_1_6' title='bbox 3609 296 3706 351; x_wconf 74' lang='lat' dir='ltr'><strong>tta</strong></span> 
     </span>
    </p>
   </div>
   <div class='ocr_carea' id='block_1_2' title="bbox 450 392 3707 482">
    <p class='ocr_par' dir='ltr' id='par_1_2' title="bbox 450 392 3707 482">
     <span class='ocr_line' id='line_1_2' title="bbox 450 392 3707 482; baseline 0.005 -19"><span class='ocrx_word' id='word_1_7' title='bbox 450 406 741 464; x_wconf 80' lang='lat' dir='ltr'><strong>inﬁrmitati</strong></span> <span class='ocrx_word' id='word_1_8' title='bbox 769 417 989 475; x_wconf 75' lang='lat' dir='ltr'><strong>vestrae,</strong></span> <span class='ocrx_word' id='word_1_9' title='bbox 1016 410 1249 464; x_wconf 87' lang='lat' dir='ltr'><strong>humana</strong></span> <span class='ocrx_word' id='word_1_10' title='bbox 1283 418 1336 467; x_wconf 86' lang='lat' dir='ltr'><strong>et</strong></span> <span class='ocrx_word' id='word_1_11' title='bbox 1364 392 1635 480; x_wconf 79' lang='lat' dir='ltr'><strong>possibilia</strong></span> <span class='ocrx_word' id='word_1_12' title='bbox 1665 414 1898 482; x_wconf 80' lang='lat' dir='ltr'><strong>praedico</strong></span> <span class='ocrx_word' id='word_1_13' title='bbox 1926 422 2022 467; x_wconf 88' lang='lat' dir='ltr'><strong>at—</strong></span> <span class='ocrx_word' id='word_1_14' title='bbox 2053 412 2101 471; x_wconf 87' lang='lat' dir='ltr'><strong>A</strong></span> <span class='ocrx_word' id='word_1_15' title='bbox 2131 419 2385 476; x_wconf 66' lang='lat' dir='ltr'><strong>peccato;</strong></span> <span class='ocrx_word' id='word_1_16' title='bbox 2416 423 2480 463; x_wconf 66' lang='lat' dir='ltr'><strong>ex</strong></span> <span class='ocrx_word' id='word_1_17' title='bbox 2508 421 2610 476; x_wconf 79' lang='lat' dir='ltr'><strong>qua</strong></span> <span class='ocrx_word' id='word_1_18' title='bbox 2638 415 2789 476; x_wconf 64' lang='lat' dir='ltr'><strong>Pam</strong></span> <span class='ocrx_word' id='word_1_19' title='bbox 2833 406 3007 463; x_wconf 61' lang='lat' dir='ltr'><strong>adhuc</strong></span> <span class='ocrx_word' id='word_1_20' title='bbox 3051 406 3313 463; x_wconf 71' lang='grc' dir='ltr'><strong>εθτνῖηιιιε</strong></span> <span class='ocrx_word' id='word_1_21' title='bbox 3347 405 3471 476; x_wconf 54' lang='lat' dir='ltr'><strong>“Si:</strong></span> <span class='ocrx_word' id='word_1_22' title='bbox 3507 412 3707 474; x_wconf 64' lang='grc' dir='ltr'><strong>βεοθιπί</strong></span> 
     </span>
    </p>
   </div>
   <div class='ocr_carea' id='block_1_3' title="bbox 444 500 2022 571">
    <p class='ocr_par' dir='ltr' id='par_1_3' title="bbox 444 500 2022 571">
     <span class='ocr_line' id='line_1_3' title="bbox 444 500 2022 571; baseline 0.002 -17"><span class='ocrx_word' id='word_1_23' title='bbox 444 518 550 571; x_wconf 72' lang='lat' dir='ltr'><strong>que</strong></span> <span class='ocrx_word' id='word_1_24' title='bbox 580 500 874 570; x_wconf 83' lang='lat' dir='ltr'><strong>persuadeo</strong></span> <span class='ocrx_word' id='word_1_25' title='bbox 910 518 924 555; x_wconf 90' lang='lat'><strong>:</strong></span> <span class='ocrx_word' id='word_1_26' title='bbox 958 508 1015 554; x_wconf 91' lang='lat' dir='ltr'><strong>ut</strong></span> <span class='ocrx_word' id='word_1_27' title='bbox 1042 502 1177 555; x_wconf 89' lang='lat' dir='ltr'><strong>sicut</strong></span> <span class='ocrx_word' id='word_1_28' title='bbox 1206 503 1436 571; x_wconf 81' lang='lat' dir='ltr'><strong>prompti</strong></span> <span class='ocrx_word' id='word_1_29' title='bbox 1473 502 1643 558; x_wconf 79' lang='lat' dir='ltr'><strong>ruistis</strong></span> <span class='ocrx_word' id='word_1_30' title='bbox 1668 504 1735 559; x_wconf 88' lang='lat' dir='ltr'><strong>ad</strong></span> <span class='ocrx_word' id='word_1_31' title='bbox 1767 502 2022 560; x_wconf 85' lang='lat' dir='ltr'><strong>seetanda</strong></span> 
     </span>
    </p>
   </div>
   <div class='ocr_carea' id='block_1_4' title="bbox 446 590 2023 667">
    <p class='ocr_par' dir='ltr' id='par_1_4' title="bbox 446 590 2023 667">
     <span class='ocr_line' id='line_1_4' title="bbox 446 590 2023 667; baseline 0.004 -20"><span class='ocrx_word' id='word_1_32' title='bbox 446 595 605 647; x_wconf 69' lang='grc' dir='ltr'>ιιιιχὶει</span> <span class='ocrx_word' id='word_1_33' title='bbox 633 600 790 663; x_wconf 91' lang='lat' dir='ltr'><strong>atque</strong></span> <span class='ocrx_word' id='word_1_34' title='bbox 821 593 1111 659; x_wconf 86' lang='lat' dir='ltr'><strong>contraria,</strong></span> <span class='ocrx_word' id='word_1_35' title='bbox 1148 591 1218 648; x_wconf 90' lang='lat' dir='ltr'><strong>ita</strong></span> <span class='ocrx_word' id='word_1_36' title='bbox 1265 590 1472 650; x_wconf 78' lang='lat' dir='ltr'><strong>alacres</strong></span> <span class='ocrx_word' id='word_1_37' title='bbox 1520 594 1639 650; x_wconf 87' lang='lat' dir='ltr'><strong>sitis</strong></span> <span class='ocrx_word' id='word_1_38' title='bbox 1685 597 1753 650; x_wconf 88' lang='lat' dir='ltr'><strong>ad</strong></span> <span class='ocrx_word' id='word_1_39' title='bbox 1802 612 1864 651; x_wconf 86' lang='lat' dir='ltr'><strong>ea</strong></span> <span class='ocrx_word' id='word_1_40' title='bbox 1904 611 2023 667; x_wconf 64' lang='lat' dir='ltr'><strong>quae</strong></span> 
     </span>
    </p>
   </div>
   <div class='ocr_carea' id='block_1_5' title="bbox 447 683 2025 759">
    <p class='ocr_par' dir='ltr' id='par_1_5' title="bbox 447 683 2025 759">
     <span class='ocr_line' id='line_1_5' title="bbox 447 683 2025 759; baseline 0.004 -24"><span class='ocrx_word' id='word_1_41' title='bbox 447 684 595 737; x_wconf 85' lang='lat' dir='ltr'><strong>utilia</strong></span> <span class='ocrx_word' id='word_1_42' title='bbox 625 693 678 738; x_wconf 89' lang='lat' dir='ltr'><strong>ct</strong></span> <span class='ocrx_word' id='word_1_43' title='bbox 708 683 864 738; x_wconf 88' lang='lat' dir='ltr'><strong>saluti</strong></span> <span class='ocrx_word' id='word_1_44' title='bbox 896 684 1063 737; x_wconf 85' lang='lat' dir='ltr'><strong>amica</strong></span> <span class='ocrx_word' id='word_1_45' title='bbox 1106 693 1229 738; x_wconf 89' lang='lat' dir='ltr'><strong>sunt</strong></span> <span class='ocrx_word' id='word_1_46' title='bbox 1275 686 1595 756; x_wconf 79' lang='lat' dir='ltr'><strong>peragenda.</strong></span> <span class='ocrx_word' id='word_1_47' title='bbox 1629 685 1849 759; x_wconf 80' lang='lat' dir='ltr'><strong>Pmpter</strong></span> <span class='ocrx_word' id='word_1_48' title='bbox 1874 687 2025 757; x_wconf 75' lang='lat' dir='ltr'><strong>infir-</strong></span> 
     </span>
    </p>
   </div>
   <div class='ocr_carea' id='block_1_6' title="bbox 451 774 2023 848">
    <p class='ocr_par' dir='ltr' id='par_1_6' title="bbox 451 774 2023 848">
     <span class='ocr_line' id='line_1_6' title="bbox 451 774 2023 848; baseline 0.007 -25"><span class='ocrx_word' id='word_1_49' title='bbox 451 775 674 827; x_wconf 83' lang='lat' dir='ltr'><strong>mitatem</strong></span> <span class='ocrx_word' id='word_1_50' title='bbox 704 774 871 827; x_wconf 86' lang='lat' dir='ltr'><strong>carnis</strong></span> <span class='ocrx_word' id='word_1_51' title='bbox 897 784 1092 828; x_wconf 65' lang='lat' dir='ltr'><strong>vestr-te.</strong></span> <span class='ocrx_word' id='word_1_52' title='bbox 1130 775 1335 845; x_wconf 91' lang='lat' dir='ltr'><strong>Corpus</strong></span> <span class='ocrx_word' id='word_1_53' title='bbox 1364 777 1504 846; x_wconf 92' lang='lat' dir='ltr'><strong>quod</strong></span> <span class='ocrx_word' id='word_1_54' title='bbox 1542 780 1903 845; x_wconf 78' lang='lat' dir='ltr'><strong>corrumpitur</strong></span> <span class='ocrx_word' id='word_1_55' title='bbox 1932 793 2023 848; x_wconf 83' lang='lat' dir='ltr'><strong>ag-</strong></span> 
     </span>
    </p>
   </div>
   <div class='ocr_carea' id='block_1_7' title="bbox 448 865 2022 937">
    <p class='ocr_par' dir='ltr' id='par_1_7' title="bbox 448 865 2022 937">
     <span class='ocr_line' id='line_1_7' title="bbox 448 865 2022 937; baseline 0.004 -21"><span class='ocrx_word' id='word_1_56' title='bbox 448 873 635 932; x_wconf 76' lang='lat' dir='ltr'><strong>gravat</strong></span> <span class='ocrx_word' id='word_1_57' title='bbox 672 865 937 930; x_wconf 78' lang='lat' dir='ltr'><strong>animum,</strong></span> <span class='ocrx_word' id='word_1_58' title='bbox 971 865 1089 934; x_wconf 86' lang='lat' dir='ltr'><strong>quia</strong></span> <span class='ocrx_word' id='word_1_59' title='bbox 1128 867 1381 937; x_wconf 81' lang='lat' dir='ltr'><strong>quidquid</strong></span> <span class='ocrx_word' id='word_1_60' title='bbox 1415 869 1592 921; x_wconf 89' lang='lat' dir='ltr'><strong>anima</strong></span> <span class='ocrx_word' id='word_1_61' title='bbox 1629 869 1915 923; x_wconf 79' lang='lat' dir='ltr'><strong>carnaliter</strong></span> <span class='ocrx_word' id='word_1_62' title='bbox 1945 870 2022 924; x_wconf 79' lang='lat' dir='ltr'><strong>fe-</strong></span> 
     </span>
    </p>
   </div>
   <div class='ocr_carea' id='block_1_8' title="bbox 447 956 2019 1030">
    <p class='ocr_par' dir='ltr' id='par_1_8' title="bbox 447 956 2019 1030">
     <span class='ocr_line' id='line_1_8' title="bbox 447 956 2019 1030; baseline 0.004 -21"><span class='ocrx_word' id='word_1_63' title='bbox 447 956 604 1017; x_wconf 89' lang='lat' dir='ltr'><strong>cerit,</strong></span> <span class='ocrx_word' id='word_1_64' title='bbox 624 956 771 1010; x_wconf 82' lang='lat' dir='ltr'><strong>carni</strong></span> <span class='ocrx_word' id='word_1_65' title='bbox 789 956 1104 1023; x_wconf 84' lang='lat' dir='ltr'><strong>deputatur;</strong></span> <span class='ocrx_word' id='word_1_66' title='bbox 1123 967 1173 1011; x_wconf 88' lang='lat' dir='ltr'><strong>et</strong></span> <span class='ocrx_word' id='word_1_67' title='bbox 1195 958 1408 1025; x_wconf 82' lang='lat' dir='ltr'><strong>quando</strong></span> <span class='ocrx_word' id='word_1_68' title='bbox 1428 959 1605 1014; x_wconf 84' lang='lat' dir='ltr'><strong>anima</strong></span> <span class='ocrx_word' id='word_1_69' title='bbox 1628 960 1867 1015; x_wconf 64' lang='lat' dir='ltr'><strong>caelestia</strong></span> <span class='ocrx_word' id='word_1_70' title='bbox 1891 960 2019 1030; x_wconf 80' lang='lat' dir='ltr'><strong>agit,</strong></span> 
     </span>
    </p>
   </div>
   <div class='ocr_carea' id='block_1_9' title="bbox 448 1044 2023 1113">
    <p class='ocr_par' dir='ltr' id='par_1_9' title="bbox 448 1044 2023 1113">
     <span class='ocr_line' id='line_1_9' title="bbox 448 1044 2023 1113; baseline 0.006 -15"><span class='ocrx_word' id='word_1_71' title='bbox 448 1054 590 1098; x_wconf 90' lang='lat' dir='ltr'><strong>totus</strong></span> <span class='ocrx_word' id='word_1_72' title='bbox 618 1044 778 1098; x_wconf 89' lang='lat' dir='ltr'><strong>homo</strong></span> <span class='ocrx_word' id='word_1_73' title='bbox 805 1046 1057 1113; x_wconf 85' lang='lat' dir='ltr'><strong>spiritalis</strong></span> <span class='ocrx_word' id='word_1_74' title='bbox 1090 1057 1193 1102; x_wconf 88' lang='lat' dir='ltr'><strong>est.</strong></span> <span class='ocrx_word' id='word_1_75' title='bbox 1225 1047 1554 1110; x_wconf 78' lang='lat' dir='ltr'><strong>Carnalis,si</strong></span> <span class='ocrx_word' id='word_1_76' title='bbox 1582 1050 1810 1104; x_wconf 79' lang='lat' dir='ltr'><strong>vincitur</strong></span> <span class='ocrx_word' id='word_1_77' title='bbox 1836 1065 1865 1104; x_wconf 87' lang='lat' dir='ltr'><strong>a</strong></span> <span class='ocrx_word' id='word_1_78' title='bbox 1894 1066 2023 1107; x_wconf 86' lang='lat' dir='ltr'><strong>con-</strong></span> 
     </span>
    </p>
   </div>
   <div class='ocr_carea' id='block_1_10' title="bbox 447 1137 2023 1205">
    <p class='ocr_par' dir='ltr' id='par_1_10' title="bbox 447 1137 2023 1205">
     <span class='ocr_line' id='line_1_10' title="bbox 447 1137 2023 1205; baseline 0.006 -16"><span class='ocrx_word' id='word_1_79' title='bbox 447 1137 829 1201; x_wconf 84' lang='lat' dir='ltr'><strong>cupiscentiis;</strong></span> <span class='ocrx_word' id='word_1_80' title='bbox 859 1138 1146 1205; x_wconf 73' lang='lat' dir='ltr'><strong>spiritalis,</strong></span> <span class='ocrx_word' id='word_1_81' title='bbox 1193 1156 1313 1193; x_wconf 87' lang='lat' dir='ltr'><strong>cum</strong></span> <span class='ocrx_word' id='word_1_82' title='bbox 1343 1142 1484 1195; x_wconf 91' lang='lat' dir='ltr'><strong>dono</strong></span> <span class='ocrx_word' id='word_1_83' title='bbox 1512 1141 1604 1197; x_wconf 87' lang='lat' dir='ltr'><strong>Dei</strong></span> <span class='ocrx_word' id='word_1_84' title='bbox 1632 1142 1797 1198; x_wconf 91' lang='lat' dir='ltr'><strong>vincit</strong></span> <span class='ocrx_word' id='word_1_85' title='bbox 1825 1158 2023 1200; x_wconf 91' lang='lat' dir='ltr'><strong>concu-</strong></span> 
     </span>
    </p>
   </div>
   <div class='ocr_carea' id='block_1_11' title="bbox 447 1224 2022 1293">
    <p class='ocr_par' dir='ltr' id='par_1_11' title="bbox 447 1224 2022 1293">
     <span class='ocr_line' id='line_1_11' title="bbox 447 1224 2022 1293; baseline 0.006 -14"><span class='ocrx_word' id='word_1_86' title='bbox 447 1224 754 1293; x_wconf 80' lang='lat' dir='ltr'><strong>piscentias.</strong></span> <span class='ocrx_word' id='word_1_87' title='bbox 788 1225 933 1281; x_wconf 81' lang='lat' dir='ltr'><strong>Sicut</strong></span> <span class='ocrx_word' id='word_1_88' title='bbox 970 1228 1104 1280; x_wconf 84' lang='lat' dir='ltr'><strong>enim</strong></span> <span class='ocrx_word' id='word_1_89' title='bbox 1136 1230 1433 1285; x_wconf 75' lang='lat' dir='ltr'><strong>exhibuistis</strong></span> <span class='ocrx_word' id='word_1_90' title='bbox 1472 1236 1696 1286; x_wconf 85' lang='lat' dir='ltr'><strong>membra</strong></span> <span class='ocrx_word' id='word_1_91' title='bbox 1726 1243 1890 1288; x_wconf 80' lang='lat' dir='ltr'><strong>vestra</strong></span> <span class='ocrx_word' id='word_1_92' title='bbox 1916 1250 2022 1289; x_wconf 83' lang='lat' dir='ltr'><strong>ser-</strong></span> 
     </span>
    </p>
   </div>
   <div class='ocr_carea' id='block_1_12' title="bbox 445 1315 2024 1380">
    <p class='ocr_par' dir='ltr' id='par_1_12' title="bbox 445 1315 2024 1380">
     <span class='ocr_line' id='line_1_12' title="bbox 445 1315 2024 1380; baseline 0.008 -12"><span class='ocrx_word' id='word_1_93' title='bbox 445 1315 572 1378; x_wconf 81' lang='lat' dir='ltr'><strong>vire,</strong></span> <span class='ocrx_word' id='word_1_94' title='bbox 631 1315 702 1369; x_wconf 89' lang='lat' dir='ltr'><strong>ita</strong></span> <span class='ocrx_word' id='word_1_95' title='bbox 757 1331 899 1371; x_wconf 88' lang='lat' dir='ltr'><strong>nunc</strong></span> <span class='ocrx_word' id='word_1_96' title='bbox 952 1317 1226 1374; x_wconf 82' lang='lat' dir='ltr'><strong>voluntate</strong></span> <span class='ocrx_word' id='word_1_97' title='bbox 1271 1328 1470 1376; x_wconf 82' lang='lat' dir='ltr'><strong>mutata</strong></span> <span class='ocrx_word' id='word_1_98' title='bbox 1522 1321 1871 1379; x_wconf 84' lang='lat' dir='ltr'><strong>exhibeamns</strong></span> <span class='ocrx_word' id='word_1_99' title='bbox 1922 1339 2024 1380; x_wconf 92' lang='lat' dir='ltr'><strong>nos</strong></span> 
     </span>
    </p>
   </div>
   <div class='ocr_carea' id='block_1_13' title="bbox 446 1403 2018 1481">
    <p class='ocr_par' dir='ltr' id='par_1_13' title="bbox 446 1403 2018 1481">
     <span class='ocr_line' id='line_1_13' title="bbox 446 1403 2018 1481; baseline 0.008 -24"><span class='ocrx_word' id='word_1_100' title='bbox 446 1403 920 1473; x_wconf 74' lang='lat' dir='ltr'><strong>servirejustitite,</strong></span> <span class='ocrx_word' id='word_1_101' title='bbox 950 1420 1054 1461; x_wconf 90' lang='lat' dir='ltr'><strong>non</strong></span> <span class='ocrx_word' id='word_1_102' title='bbox 1080 1407 1218 1463; x_wconf 87' lang='lat' dir='ltr'><strong>sicut</strong></span> <span class='ocrx_word' id='word_1_103' title='bbox 1249 1408 1548 1475; x_wconf 72' lang='lat' dir='ltr'><strong>Manichtei,</strong></span> <span class='ocrx_word' id='word_1_104' title='bbox 1580 1412 1668 1481; x_wconf 90' lang='lat' dir='ltr'><strong>qui</strong></span> <span class='ocrx_word' id='word_1_105' title='bbox 1700 1412 1885 1468; x_wconf 88' lang='lat' dir='ltr'><strong>dicunt</strong></span> <span class='ocrx_word' id='word_1_106' title='bbox 1918 1429 2018 1468; x_wconf 88' lang='lat' dir='ltr'><strong>na-</strong></span> 
     </span>
    </p>
   </div>
   <div class='ocr_carea' id='block_1_14' title="bbox 447 1496 2019 1567">
    <p class='ocr_par' dir='ltr' id='par_1_14' title="bbox 447 1496 2019 1567">
     <span class='ocr_line' id='line_1_14' title="bbox 447 1496 2019 1567; baseline 0.008 -20"><span class='ocrx_word' id='word_1_107' title='bbox 447 1506 619 1549; x_wconf 86' lang='lat' dir='ltr'><strong>turam</strong></span> <span class='ocrx_word' id='word_1_108' title='bbox 646 1496 889 1565; x_wconf 89' lang='lat' dir='ltr'><strong>corporis</strong></span> <span class='ocrx_word' id='word_1_109' title='bbox 918 1498 1081 1559; x_wconf 87' lang='lat' dir='ltr'><strong>ita,in</strong></span> <span class='ocrx_word' id='word_1_110' title='bbox 1128 1512 1189 1552; x_wconf 89' lang='lat' dir='ltr'><strong>se</strong></span> <span class='ocrx_word' id='word_1_111' title='bbox 1235 1513 1327 1567; x_wconf 90' lang='lat' dir='ltr'><strong>per</strong></span> <span class='ocrx_word' id='word_1_112' title='bbox 1354 1501 1718 1556; x_wconf 86' lang='lat' dir='ltr'><strong>conditionem</strong></span> <span class='ocrx_word' id='word_1_113' title='bbox 1756 1502 2019 1559; x_wconf 86' lang='lat' dir='ltr'><strong>insertum</strong></span> 
     </span>
    </p>
   </div>
   <div class='ocr_carea' id='block_1_15' title="bbox 446 1586 2023 1665">
    <p class='ocr_par' dir='ltr' id='par_1_15' title="bbox 446 1586 2023 1665">
     <span class='ocr_line' id='line_1_15' title="bbox 446 1586 2023 1665; baseline 0.008 -26"><span class='ocrx_word' id='word_1_114' title='bbox 446 1586 647 1643; x_wconf 88' lang='lat' dir='ltr'><strong>habere</strong></span> <span class='ocrx_word' id='word_1_115' title='bbox 679 1596 982 1657; x_wconf 87' lang='lat' dir='ltr'><strong>peccatum,</strong></span> <span class='ocrx_word' id='word_1_116' title='bbox 1019 1598 1077 1643; x_wconf 91' lang='lat' dir='ltr'><strong>ut</strong></span> <span class='ocrx_word' id='word_1_117' title='bbox 1104 1589 1234 1645; x_wconf 90' lang='lat' dir='ltr'><strong>illud</strong></span> <span class='ocrx_word' id='word_1_118' title='bbox 1274 1606 1530 1660; x_wconf 88' lang='lat' dir='ltr'><strong>superare</strong></span> <span class='ocrx_word' id='word_1_119' title='bbox 1558 1607 1663 1649; x_wconf 90' lang='lat' dir='ltr'><strong>non</strong></span> <span class='ocrx_word' id='word_1_120' title='bbox 1694 1594 1897 1665; x_wconf 77' lang='lat' dir='ltr'><strong>possit;</strong></span> <span class='ocrx_word' id='word_1_121' title='bbox 1927 1597 2023 1653; x_wconf 86' lang='lat' dir='ltr'><strong>sed</strong></span> 
     </span>
    </p>
   </div>
   <div class='ocr_carea' id='block_1_16' title="bbox 448 1680 2031 1751">
    <p class='ocr_par' dir='ltr' id='par_1_16' title="bbox 448 1680 2031 1751">
     <span class='ocr_line' id='line_1_16' title="bbox 448 1680 2031 1751; baseline 0.007 -19"><span class='ocrx_word' id='word_1_122' title='bbox 448 1694 545 1746; x_wconf 91' lang='lat' dir='ltr'><strong>per</strong></span> <span class='ocrx_word' id='word_1_123' title='bbox 564 1680 788 1751; x_wconf 75' lang='lat' dir='ltr'><strong>gratiam</strong></span> <span class='ocrx_word' id='word_1_124' title='bbox 813 1681 1053 1735; x_wconf 81' lang='lat' dir='ltr'><strong>renovati</strong></span> <span class='ocrx_word' id='word_1_125' title='bbox 1075 1696 1180 1735; x_wconf 80' lang='lat' dir='ltr'><strong>non</strong></span> <span class='ocrx_word' id='word_1_126' title='bbox 1207 1682 1557 1738; x_wconf 84' lang='lat' dir='ltr'><strong>exhibeamus</strong></span> <span class='ocrx_word' id='word_1_127' title='bbox 1580 1686 1820 1741; x_wconf 86' lang='lat' dir='ltr'><strong>membra</strong></span> <span class='ocrx_word' id='word_1_128' title='bbox 1842 1688 2031 1743; x_wconf 84' lang='lat' dir='ltr'><strong>nostra</strong></span> 
     </span>
    </p>
   </div>
   <div class='ocr_carea' id='block_1_17' title="bbox 2131 496 3707 554">
    <p class='ocr_par' dir='ltr' id='par_1_17' title="bbox 2131 496 3707 554">
     <span class='ocr_line' id='line_1_17' title="bbox 2131 496 3707 554; baseline 0 -3"><span class='ocrx_word' id='word_1_129' title='bbox 2131 497 2306 552; x_wconf 89' lang='lat' dir='ltr'><strong>adhuc</strong></span> <span class='ocrx_word' id='word_1_130' title='bbox 2333 497 2474 552; x_wconf 88' lang='lat' dir='ltr'><strong>servi</strong></span> <span class='ocrx_word' id='word_1_131' title='bbox 2506 512 2711 553; x_wconf 88' lang='lat' dir='ltr'><strong>sumus.</strong></span> <span class='ocrx_word' id='word_1_132' title='bbox 2738 498 2810 552; x_wconf 85' lang='lat' dir='ltr'><strong>Et</strong></span> <span class='ocrx_word' id='word_1_133' title='bbox 2838 498 2961 554; x_wconf 90' lang='lat' dir='ltr'><strong>ideo</strong></span> <span class='ocrx_word' id='word_1_134' title='bbox 2985 497 3157 553; x_wconf 92' lang='lat' dir='ltr'><strong>dixit:</strong></span> <span class='ocrx_word' id='word_1_135' title='bbox 3181 496 3538 553; x_wconf 78' lang='lat' dir='ltr'><strong>Condelector</strong></span> <span class='ocrx_word' id='word_1_136' title='bbox 3564 497 3707 552; x_wconf 81' lang='lat' dir='ltr'><strong>enim</strong></span> 
     </span>
    </p>
   </div>
   <div class='ocr_carea' id='block_1_18' title="bbox 2131 587 3712 657">
    <p class='ocr_par' dir='ltr' id='par_1_18' title="bbox 2131 587 3712 657">
     <span class='ocr_line' id='line_1_18' title="bbox 2131 587 3712 657; baseline 0.001 -16"><span class='ocrx_word' id='word_1_137' title='bbox 2131 587 2234 657; x_wconf 87' lang='lat' dir='ltr'><strong>legi</strong></span> <span class='ocrx_word' id='word_1_138' title='bbox 2267 588 2358 642; x_wconf 86' lang='lat' dir='ltr'><strong>Dei</strong></span> <span class='ocrx_word' id='word_1_139' title='bbox 2388 588 2679 642; x_wconf 85' lang='lat' dir='ltr'><strong>secundum</strong></span> <span class='ocrx_word' id='word_1_140' title='bbox 2708 588 3022 644; x_wconf 82' lang='lat' dir='ltr'><strong>interiorem</strong></span> <span class='ocrx_word' id='word_1_141' title='bbox 3051 589 3348 643; x_wconf 82' lang='lat' dir='ltr'><strong>hominem.</strong></span> <span class='ocrx_word' id='word_1_142' title='bbox 3399 587 3541 642; x_wconf 80' lang='lat' dir='ltr'><strong>Ecce</strong></span> <span class='ocrx_word' id='word_1_143' title='bbox 3566 589 3712 642; x_wconf 69' lang='lat' dir='ltr'><strong>unde</strong></span> 
     </span>
    </p>
   </div>
   <div class='ocr_carea' id='block_1_19' title="bbox 2130 676 3712 751">
    <p class='ocr_par' dir='ltr' id='par_1_19' title="bbox 2130 676 3712 751">
     <span class='ocr_line' id='line_1_19' title="bbox 2130 676 3712 751; baseline 0.003 -18"><span class='ocrx_word' id='word_1_144' title='bbox 2130 678 2308 744; x_wconf 87' lang='lat' dir='ltr'><strong>liberi,</strong></span> <span class='ocrx_word' id='word_1_145' title='bbox 2357 678 2499 734; x_wconf 89' lang='lat' dir='ltr'><strong>unde</strong></span> <span class='ocrx_word' id='word_1_146' title='bbox 2525 676 2966 736; x_wconf 86' lang='lat' dir='ltr'><strong>condelectatnur</strong></span> <span class='ocrx_word' id='word_1_147' title='bbox 2992 681 3097 751; x_wconf 89' lang='lat' dir='ltr'><strong>legi</strong></span> <span class='ocrx_word' id='word_1_148' title='bbox 3129 680 3257 736; x_wconf 76' lang='lat' dir='ltr'><strong>Dei?</strong></span> <span class='ocrx_word' id='word_1_149' title='bbox 3282 680 3529 736; x_wconf 81' lang='lat' dir='ltr'><strong>Libertas</strong></span> <span class='ocrx_word' id='word_1_150' title='bbox 3563 681 3712 737; x_wconf 82' lang='lat' dir='ltr'><strong>enim</strong></span> 
     </span>
    </p>
   </div>
   <div class='ocr_carea' id='block_1_20' title="bbox 2128 767 3707 839">
    <p class='ocr_par' dir='ltr' id='par_1_20' title="bbox 2128 767 3707 839">
     <span class='ocr_line' id='line_1_20' title="bbox 2128 767 3707 839; baseline -0.001 -16"><span class='ocrx_word' id='word_1_151' title='bbox 2128 768 2360 823; x_wconf 84' lang='lat' dir='ltr'><strong>delectat</strong></span> <span class='ocrx_word' id='word_1_152' title='bbox 2385 785 2398 821; x_wconf 93' lang='lat'><strong>:</strong></span> <span class='ocrx_word' id='word_1_153' title='bbox 2431 783 2553 822; x_wconf 88' lang='lat' dir='ltr'><strong>nam</strong></span> <span class='ocrx_word' id='word_1_154' title='bbox 2575 767 2809 838; x_wconf 89' lang='lat' dir='ltr'><strong>quandiu</strong></span> <span class='ocrx_word' id='word_1_155' title='bbox 2834 768 3026 823; x_wconf 86' lang='lat' dir='ltr'><strong>timore</strong></span> <span class='ocrx_word' id='word_1_156' title='bbox 3051 768 3185 825; x_wconf 83' lang='lat' dir='ltr'><strong>iacis</strong></span> <span class='ocrx_word' id='word_1_157' title='bbox 3206 771 3349 838; x_wconf 83' lang='lat' dir='ltr'><strong>quod</strong></span> <span class='ocrx_word' id='word_1_158' title='bbox 3370 769 3576 839; x_wconf 80' lang='lat' dir='ltr'><strong>justum</strong></span> <span class='ocrx_word' id='word_1_159' title='bbox 3596 777 3707 834; x_wconf 80' lang='lat' dir='ltr'><strong>est,</strong></span> 
     </span>
    </p>
   </div>
   <div class='ocr_carea' id='block_1_21' title="bbox 2129 858 3712 931">
    <p class='ocr_par' dir='ltr' id='par_1_21' title="bbox 2129 858 3712 931">
     <span class='ocr_line' id='line_1_21' title="bbox 2129 858 3712 931; baseline 0.003 -18"><span class='ocrx_word' id='word_1_160' title='bbox 2129 873 2238 913; x_wconf 89' lang='lat' dir='ltr'><strong>non</strong></span> <span class='ocrx_word' id='word_1_161' title='bbox 2272 858 2414 914; x_wconf 83' lang='lat' dir='ltr'><strong>Deus</strong></span> <span class='ocrx_word' id='word_1_162' title='bbox 2463 868 2515 913; x_wconf 90' lang='lat' dir='ltr'><strong>te</strong></span> <span class='ocrx_word' id='word_1_163' title='bbox 2543 858 2796 915; x_wconf 83' lang='lat' dir='ltr'><strong>delectat.</strong></span> <span class='ocrx_word' id='word_1_164' title='bbox 2841 860 3113 931; x_wconf 67' lang='lat' dir='ltr'><strong>Stipendia</strong></span> <span class='ocrx_word' id='word_1_165' title='bbox 3150 861 3283 914; x_wconf 83' lang='lat' dir='ltr'><strong>enim</strong></span> <span class='ocrx_word' id='word_1_166' title='bbox 3316 862 3520 931; x_wconf 75' lang='lat' dir='ltr'><strong>peccati</strong></span> <span class='ocrx_word' id='word_1_167' title='bbox 3544 876 3712 917; x_wconf 69' lang='lat' dir='ltr'><strong>mers.</strong></span> 
     </span>
    </p>
   </div>
   <div class='ocr_carea' id='block_1_22' title="bbox 2127 948 3718 1020">
    <p class='ocr_par' dir='ltr' id='par_1_22' title="bbox 2127 948 3718 1020">
     <span class='ocr_line' id='line_1_22' title="bbox 2127 948 3718 1020; baseline 0.001 -16"><span class='ocrx_word' id='word_1_168' title='bbox 2127 949 2509 1006; x_wconf 82' lang='lat' dir='ltr'><strong>Remuneratio</strong></span> <span class='ocrx_word' id='word_1_169' title='bbox 2536 948 2735 1004; x_wconf 88' lang='lat' dir='ltr'><strong>dicitur</strong></span> <span class='ocrx_word' id='word_1_170' title='bbox 2753 950 3106 1018; x_wconf 78' lang='lat' dir='ltr'><strong>stipendium.</strong></span> <span class='ocrx_word' id='word_1_171' title='bbox 3130 951 3318 1006; x_wconf 73' lang='lat' dir='ltr'><strong>Merito</strong></span> <span class='ocrx_word' id='word_1_172' title='bbox 3346 965 3478 1020; x_wconf 80' lang='lat' dir='ltr'><strong>ergo</strong></span> <span class='ocrx_word' id='word_1_173' title='bbox 3504 951 3718 1020; x_wconf 79' lang='lat' dir='ltr'><strong>stipen-</strong></span> 
     </span>
    </p>
   </div>
   <div class='ocr_carea' id='block_1_23' title="bbox 2126 1041 3713 1114">
    <p class='ocr_par' dir='ltr' id='par_1_23' title="bbox 2126 1041 3713 1114">
     <span class='ocr_line' id='line_1_23' title="bbox 2126 1041 3713 1114; baseline 0.003 -18"><span class='ocrx_word' id='word_1_174' title='bbox 2126 1041 2293 1109; x_wconf 87' lang='lat' dir='ltr'><strong>dium,</strong></span> <span class='ocrx_word' id='word_1_175' title='bbox 2320 1043 2442 1112; x_wconf 83' lang='lat' dir='ltr'><strong>quia</strong></span> <span class='ocrx_word' id='word_1_176' title='bbox 2472 1041 2691 1097; x_wconf 60' lang='lat' dir='ltr'><strong>malitias</strong></span> <span class='ocrx_word' id='word_1_177' title='bbox 2707 1042 2992 1098; x_wconf 71' lang='lat' dir='ltr'><strong>diabolicae</strong></span> <span class='ocrx_word' id='word_1_178' title='bbox 3020 1057 3168 1099; x_wconf 84' lang='lat' dir='ltr'><strong>mors</strong></span> <span class='ocrx_word' id='word_1_179' title='bbox 3188 1053 3410 1109; x_wconf 69' lang='lat' dir='ltr'><strong>aeterna,</strong></span> <span class='ocrx_word' id='word_1_180' title='bbox 3445 1051 3713 1114; x_wconf 81' lang='lat' dir='ltr'><strong>tanquam</strong></span> 
     </span>
    </p>
   </div>
   <div class='ocr_carea' id='block_1_24' title="bbox 2125 1132 3717 1203">
    <p class='ocr_par' dir='ltr' id='par_1_24' title="bbox 2125 1132 3717 1203">
     <span class='ocr_line' id='line_1_24' title="bbox 2125 1132 3717 1203; baseline 0.003 -15"><span class='ocrx_word' id='word_1_181' title='bbox 2125 1132 2365 1188; x_wconf 86' lang='lat' dir='ltr'><strong>debitum</strong></span> <span class='ocrx_word' id='word_1_182' title='bbox 2405 1133 2667 1189; x_wconf 85' lang='lat' dir='ltr'><strong>redditur.</strong></span> <span class='ocrx_word' id='word_1_183' title='bbox 2709 1133 2811 1200; x_wconf 81' lang='lat' dir='ltr'><strong>Qui</strong></span> <span class='ocrx_word' id='word_1_184' title='bbox 2848 1134 3044 1189; x_wconf 75' lang='lat' dir='ltr'><strong>militat</strong></span> <span class='ocrx_word' id='word_1_185' title='bbox 3100 1143 3354 1203; x_wconf 85' lang='lat' dir='ltr'><strong>peccato,</strong></span> <span class='ocrx_word' id='word_1_186' title='bbox 3401 1137 3717 1191; x_wconf 78' lang='lat' dir='ltr'><strong>mercedem</strong></span> 
     </span>
    </p>
   </div>
   <div class='ocr_carea' id='block_1_25' title="bbox 2125 1222 3720 1292">
    <p class='ocr_par' dir='ltr' id='par_1_25' title="bbox 2125 1222 3720 1292">
     <span class='ocr_line' id='line_1_25' title="bbox 2125 1222 3720 1292; baseline 0.003 -16"><span class='ocrx_word' id='word_1_187' title='bbox 2125 1223 2320 1292; x_wconf 81' lang='lat' dir='ltr'><strong>accipit</strong></span> <span class='ocrx_word' id='word_1_188' title='bbox 2361 1233 2614 1279; x_wconf 75' lang='lat' dir='ltr'><strong>mortem.</strong></span> <span class='ocrx_word' id='word_1_189' title='bbox 2662 1222 2847 1279; x_wconf 78' lang='lat' dir='ltr'><strong>Gratia</strong></span> <span class='ocrx_word' id='word_1_190' title='bbox 2873 1234 3044 1278; x_wconf 80' lang='lat' dir='ltr'><strong>autem</strong></span> <span class='ocrx_word' id='word_1_191' title='bbox 3090 1225 3189 1279; x_wconf 84' lang='lat' dir='ltr'><strong>Dei</strong></span> <span class='ocrx_word' id='word_1_192' title='bbox 3230 1226 3336 1279; x_wconf 75' lang='lat' dir='ltr'><strong>vita</strong></span> <span class='ocrx_word' id='word_1_193' title='bbox 3384 1236 3595 1287; x_wconf 75' lang='lat' dir='ltr'><strong>(eterna.</strong></span> <span class='ocrx_word' id='word_1_194' title='bbox 3652 1229 3720 1281; x_wconf 76' lang='lat' dir='ltr'><strong>iss</strong></span> 
     </span>
    </p>
   </div>
   <div class='ocr_carea' id='block_1_26' title="bbox 2126 1310 3714 1383">
    <p class='ocr_par' dir='ltr' id='par_1_26' title="bbox 2126 1310 3714 1383">
     <span class='ocr_line' id='line_1_26' title="bbox 2126 1310 3714 1383; baseline 0.005 -18"><span class='ocrx_word' id='word_1_195' title='bbox 2126 1310 2331 1365; x_wconf 78' lang='lat' dir='ltr'><strong>Christo</strong></span> <span class='ocrx_word' id='word_1_196' title='bbox 2377 1310 2505 1367; x_wconf 73' lang='lat' dir='ltr'><strong>Iesu</strong></span> <span class='ocrx_word' id='word_1_197' title='bbox 2554 1312 2772 1368; x_wconf 80' lang='lat' dir='ltr'><strong>Domino</strong></span> <span class='ocrx_word' id='word_1_198' title='bbox 2810 1322 3003 1370; x_wconf 79' lang='lat' dir='ltr'><strong>nostra.</strong></span> <span class='ocrx_word' id='word_1_199' title='bbox 3055 1313 3235 1370; x_wconf 81' lang='lat' dir='ltr'><strong>Gratia</strong></span> <span class='ocrx_word' id='word_1_200' title='bbox 3276 1315 3384 1371; x_wconf 82' lang='lat' dir='ltr'><strong>sub</strong></span> <span class='ocrx_word' id='word_1_201' title='bbox 3419 1331 3522 1383; x_wconf 84' lang='lat' dir='ltr'><strong>qua</strong></span> <span class='ocrx_word' id='word_1_202' title='bbox 3551 1318 3714 1373; x_wconf 73' lang='lat' dir='ltr'><strong>estis.</strong></span> 
     </span>
    </p>
   </div>
   <div class='ocr_carea' id='block_1_27' title="bbox 2127 1401 3713 1478">
    <p class='ocr_par' dir='ltr' id='par_1_27' title="bbox 2127 1401 3713 1478">
     <span class='ocr_line' id='line_1_27' title="bbox 2127 1401 3713 1478; baseline 0.003 -18"><span class='ocrx_word' id='word_1_203' title='bbox 2127 1401 2407 1473; x_wconf 87' lang='lat' dir='ltr'><strong>Simulque</strong></span> <span class='ocrx_word' id='word_1_204' title='bbox 2449 1405 2743 1460; x_wconf 86' lang='lat' dir='ltr'><strong>notandum</strong></span> <span class='ocrx_word' id='word_1_205' title='bbox 2765 1406 2888 1475; x_wconf 79' lang='lat' dir='ltr'><strong>quia</strong></span> <span class='ocrx_word' id='word_1_206' title='bbox 2907 1421 3017 1461; x_wconf 88' lang='lat' dir='ltr'><strong>non</strong></span> <span class='ocrx_word' id='word_1_207' title='bbox 3030 1406 3165 1462; x_wconf 87' lang='lat' dir='ltr'><strong>dixit</strong></span> <span class='ocrx_word' id='word_1_208' title='bbox 3180 1407 3446 1477; x_wconf 84' lang='lat' dir='ltr'><strong>stipendia</strong></span> <span class='ocrx_word' id='word_1_209' title='bbox 3457 1408 3713 1478; x_wconf 65' lang='lat' dir='ltr'><strong>justitiz,</strong></span> 
     </span>
    </p>
   </div>
   <div class='ocr_carea' id='block_1_28' title="bbox 2126 1491 3717 1568">
    <p class='ocr_par' dir='ltr' id='par_1_28' title="bbox 2126 1491 3717 1568">
     <span class='ocr_line' id='line_1_28' title="bbox 2126 1491 3717 1568; baseline 0.008 -24"><span class='ocrx_word' id='word_1_210' title='bbox 2126 1491 2246 1560; x_wconf 83' lang='lat' dir='ltr'><strong>quia</strong></span> <span class='ocrx_word' id='word_1_211' title='bbox 2278 1507 2391 1546; x_wconf 85' lang='lat' dir='ltr'><strong>non</strong></span> <span class='ocrx_word' id='word_1_212' title='bbox 2427 1492 2573 1548; x_wconf 85' lang='lat' dir='ltr'><strong>iliam</strong></span> <span class='ocrx_word' id='word_1_213' title='bbox 2624 1493 2888 1549; x_wconf 75' lang='lat' dir='ltr'><strong>habemus</strong></span> <span class='ocrx_word' id='word_1_214' title='bbox 2932 1509 2997 1551; x_wconf 83' lang='lat' dir='ltr'><strong>ex</strong></span> <span class='ocrx_word' id='word_1_215' title='bbox 3047 1495 3225 1551; x_wconf 80' lang='lat' dir='ltr'><strong>nobis.</strong></span> <span class='ocrx_word' id='word_1_216' title='bbox 3272 1496 3414 1566; x_wconf 84' lang='lat' dir='ltr'><strong>Ergo</strong></span> <span class='ocrx_word' id='word_1_217' title='bbox 3461 1502 3717 1568; x_wconf 75' lang='lat' dir='ltr'><strong>quamvis</strong></span> 
     </span>
    </p>
   </div>
   <div class='ocr_carea' id='block_1_29' title="bbox 2127 1583 3713 1654">
    <p class='ocr_par' dir='ltr' id='par_1_29' title="bbox 2127 1583 3713 1654">
     <span class='ocr_line' id='line_1_29' title="bbox 2127 1583 3713 1654; baseline 0.006 -20"><span class='ocrx_word' id='word_1_218' title='bbox 2127 1588 2309 1637; x_wconf 74' lang='lat' dir='ltr'><strong>nostra</strong></span> <span class='ocrx_word' id='word_1_219' title='bbox 2336 1597 2442 1637; x_wconf 83' lang='lat' dir='ltr'><strong>non</strong></span> <span class='ocrx_word' id='word_1_220' title='bbox 2472 1583 2563 1651; x_wconf 88' lang='lat' dir='ltr'><strong>sit,</strong></span> <span class='ocrx_word' id='word_1_221' title='bbox 2592 1584 2687 1639; x_wconf 86' lang='lat' dir='ltr'><strong>sed</strong></span> <span class='ocrx_word' id='word_1_222' title='bbox 2726 1585 2931 1654; x_wconf 69' lang='lat' dir='ltr'><strong>gratim,</strong></span> <span class='ocrx_word' id='word_1_223' title='bbox 2966 1594 3143 1640; x_wconf 86' lang='lat' dir='ltr'><strong>tamen</strong></span> <span class='ocrx_word' id='word_1_224' title='bbox 3183 1587 3452 1642; x_wconf 84' lang='lat' dir='ltr'><strong>custodita</strong></span> <span class='ocrx_word' id='word_1_225' title='bbox 3484 1588 3577 1643; x_wconf 85' lang='lat' dir='ltr'><strong>Dei</strong></span> <span class='ocrx_word' id='word_1_226' title='bbox 3600 1591 3713 1645; x_wconf 78' lang='lat' dir='ltr'><strong>ad-</strong></span> 
     </span>
    </p>
   </div>
   <div class='ocr_carea' id='block_1_30' title="bbox 2121 1670 3711 1748">
    <p class='ocr_par' dir='ltr' id='par_1_30' title="bbox 2121 1670 3711 1748">
     <span class='ocr_line' id='line_1_30' title="bbox 2121 1670 3711 1748; baseline 0.008 -24"><span class='ocrx_word' id='word_1_227' title='bbox 2121 1670 2324 1738; x_wconf 81' lang='lat' dir='ltr'><strong>iutorio</strong></span> <span class='ocrx_word' id='word_1_228' title='bbox 2348 1672 2511 1727; x_wconf 82' lang='lat' dir='ltr'><strong>vitam</strong></span> <span class='ocrx_word' id='word_1_229' title='bbox 2534 1674 2624 1727; x_wconf 89' lang='lat' dir='ltr'><strong>dat</strong></span> <span class='ocrx_word' id='word_1_230' title='bbox 2648 1683 2931 1744; x_wconf 67' lang='lat' dir='ltr'><strong>aeternam,</strong></span> <span class='ocrx_word' id='word_1_231' title='bbox 2966 1684 3230 1731; x_wconf 84' lang='lat' dir='ltr'><strong>transacta</strong></span> <span class='ocrx_word' id='word_1_232' title='bbox 3263 1680 3374 1732; x_wconf 87' lang='lat' dir='ltr'><strong>vita</strong></span> <span class='ocrx_word' id='word_1_233' title='bbox 3394 1680 3711 1748; x_wconf 71' lang='lat' dir='ltr'><strong>temporali.</strong></span> 
     </span>
    </p>
   </div>
   <div class='ocr_carea' id='block_1_31' title="bbox 444 1761 2014 1848">
    <p class='ocr_par' dir='ltr' id='par_1_31' title="bbox 444 1771 2014 1846">
     <span class='ocr_line' id='line_1_31' title="bbox 444 1771 2014 1846; baseline 0.008 -23"><span class='ocrx_word' id='word_1_234' title='bbox 444 1772 511 1823; x_wconf 84' lang='lat' dir='ltr'><strong>ad</strong></span> <span class='ocrx_word' id='word_1_235' title='bbox 543 1771 739 1825; x_wconf 87' lang='lat' dir='ltr'><strong>malum</strong></span> <span class='ocrx_word' id='word_1_236' title='bbox 771 1787 785 1824; x_wconf 91' lang='lat'><strong>:</strong></span> <span class='ocrx_word' id='word_1_237' title='bbox 821 1787 941 1825; x_wconf 86' lang='lat' dir='ltr'><strong>nam</strong></span> <span class='ocrx_word' id='word_1_238' title='bbox 974 1788 1079 1825; x_wconf 91' lang='lat' dir='ltr'><strong>non</strong></span> <span class='ocrx_word' id='word_1_239' title='bbox 1108 1784 1190 1826; x_wconf 85' lang='lat' dir='ltr'><strong>est</strong></span> <span class='ocrx_word' id='word_1_240' title='bbox 1217 1787 1285 1828; x_wconf 85' lang='lat' dir='ltr'><strong>ex</strong></span> <span class='ocrx_word' id='word_1_241' title='bbox 1329 1788 1390 1830; x_wconf 84' lang='lat' dir='ltr'><strong>se</strong></span> <span class='ocrx_word' id='word_1_242' title='bbox 1418 1789 1616 1844; x_wconf 85' lang='lat' dir='ltr'><strong>corpus</strong></span> <span class='ocrx_word' id='word_1_243' title='bbox 1652 1777 1848 1832; x_wconf 84' lang='lat' dir='ltr'><strong>malum</strong></span> <span class='ocrx_word' id='word_1_244' title='bbox 1878 1820 1894 1846; x_wconf 92' lang='lat'><strong>,</strong></span> <span class='ocrx_word' id='word_1_245' title='bbox 1926 1780 2014 1835; x_wconf 82' lang='lat' dir='ltr'><strong>sed</strong></span> 
     </span>
    </p>
   </div>
   <div class='ocr_carea' id='block_1_32' title="bbox 2118 1761 3714 1848">
    <p class='ocr_par' dir='ltr' id='par_1_32' title="bbox 2195 1761 3714 1837">
     <span class='ocr_line' id='line_1_32' title="bbox 2195 1761 3714 1837; baseline 0.006 -19"><span class='ocrx_word' id='word_1_246' title='bbox 2195 1761 2326 1820; x_wconf 63' lang='lat' dir='ltr'><strong>Car.</strong></span> <span class='ocrx_word' id='word_1_247' title='bbox 2357 1778 2447 1820; x_wconf 77' lang='grc' dir='ltr'><strong>νη.</strong></span> <span class='ocrx_word' id='word_1_248' title='bbox 2488 1792 2560 1806; x_wconf 89' lang='lat'><strong>-—-</strong></span> <span class='ocrx_word' id='word_1_249' title='bbox 2599 1768 2677 1821; x_wconf 83' lang='lat' dir='ltr'><strong>An</strong></span> <span class='ocrx_word' id='word_1_250' title='bbox 2707 1767 2976 1837; x_wconf 85' lang='lat' dir='ltr'><strong>ignoratis,</strong></span> <span class='ocrx_word' id='word_1_251' title='bbox 3022 1768 3239 1836; x_wconf 72' lang='lat' dir='ltr'><strong>fratres,</strong></span> <span class='ocrx_word' id='word_1_252' title='bbox 3270 1770 3541 1824; x_wconf 70' lang='lat' dir='ltr'><strong>scientibus</strong></span> <span class='ocrx_word' id='word_1_253' title='bbox 3567 1774 3714 1827; x_wconf 72' lang='lat' dir='ltr'><strong>enim</strong></span> 
     </span>
    </p>
   </div>
   <div class='ocr_carea' id='block_1_33' title="bbox 445 1863 2022 1940">
    <p class='ocr_par' dir='ltr' id='par_1_33' title="bbox 445 1863 2022 1940">
     <span class='ocr_line' id='line_1_33' title="bbox 445 1863 2022 1940; baseline 0.01 -29"><span class='ocrx_word' id='word_1_254' title='bbox 445 1863 746 1916; x_wconf 78' lang='lat' dir='ltr'><strong>voluntates</strong></span> <span class='ocrx_word' id='word_1_255' title='bbox 773 1877 905 1931; x_wconf 89' lang='lat' dir='ltr'><strong>quas</strong></span> <span class='ocrx_word' id='word_1_256' title='bbox 927 1872 1135 1919; x_wconf 87' lang='lat' dir='ltr'><strong>mutare</strong></span> <span class='ocrx_word' id='word_1_257' title='bbox 1159 1863 1431 1933; x_wconf 89' lang='lat' dir='ltr'><strong>jubemur,</strong></span> <span class='ocrx_word' id='word_1_258' title='bbox 1458 1880 1577 1937; x_wconf 67' lang='lat' dir='ltr'><strong>qua:</strong></span> <span class='ocrx_word' id='word_1_259' title='bbox 1602 1881 1697 1936; x_wconf 86' lang='lat' dir='ltr'><strong>per</strong></span> <span class='ocrx_word' id='word_1_260' title='bbox 1722 1877 2022 1940; x_wconf 81' lang='lat' dir='ltr'><strong>transgres-</strong></span> 
     </span>
    </p>
   </div>
   <div class='ocr_carea' id='block_1_34' title="bbox 443 1953 2020 2031">
    <p class='ocr_par' dir='ltr' id='par_1_34' title="bbox 443 1953 2020 2031">
     <span class='ocr_line' id='line_1_34' title="bbox 443 1953 2020 2031; baseline 0.008 -25"><span class='ocrx_word' id='word_1_261' title='bbox 443 1953 585 2006; x_wconf 76' lang='lat' dir='ltr'><strong>snris</strong></span> <span class='ocrx_word' id='word_1_262' title='bbox 626 1961 832 2007; x_wconf 83' lang='lat' dir='ltr'><strong>reatum</strong></span> <span class='ocrx_word' id='word_1_263' title='bbox 885 1956 1013 2007; x_wconf 89' lang='lat' dir='ltr'><strong>vitio</strong></span> <span class='ocrx_word' id='word_1_264' title='bbox 1056 1969 1262 2010; x_wconf 77' lang='lat' dir='ltr'><strong>natura:</strong></span> <span class='ocrx_word' id='word_1_265' title='bbox 1316 1957 1494 2014; x_wconf 90' lang='lat' dir='ltr'><strong>inesse</strong></span> <span class='ocrx_word' id='word_1_266' title='bbox 1544 1971 1864 2031; x_wconf 89' lang='lat' dir='ltr'><strong>noscuntur,</strong></span> <span class='ocrx_word' id='word_1_267' title='bbox 1915 1978 2020 2019; x_wconf 91' lang='lat' dir='ltr'><strong>non</strong></span> 
     </span>
    </p>
   </div>
   <div class='ocr_carea' id='block_1_35' title="bbox 442 2042 2023 2110">
    <p class='ocr_par' dir='ltr' id='par_1_35' title="bbox 442 2042 2023 2110">
     <span class='ocr_line' id='line_1_35' title="bbox 442 2042 2023 2110; baseline 0.008 -14"><span class='ocrx_word' id='word_1_268' title='bbox 442 2042 768 2098; x_wconf 72' lang='lat' dir='ltr'><strong>conditione.</strong></span> <span class='ocrx_word' id='word_1_269' title='bbox 803 2043 1154 2098; x_wconf 79' lang='lat' dir='ltr'><strong>lmmunditia:</strong></span> <span class='ocrx_word' id='word_1_270' title='bbox 1205 2054 1253 2099; x_wconf 86' lang='lat' dir='ltr'><strong>et</strong></span> <span class='ocrx_word' id='word_1_271' title='bbox 1300 2046 1582 2110; x_wconf 84' lang='lat' dir='ltr'><strong>in&#39;quitati.</strong></span> <span class='ocrx_word' id='word_1_272' title='bbox 1622 2049 1872 2107; x_wconf 71' lang='lat' dir='ltr'><strong>Luxuria:</strong></span> <span class='ocrx_word' id='word_1_273' title='bbox 1908 2053 2023 2108; x_wconf 82' lang='lat' dir='ltr'><strong>sive</strong></span> 
     </span>
    </p>
   </div>
   <div class='ocr_carea' id='block_1_36' title="bbox 441 2132 2020 2208">
    <p class='ocr_par' dir='ltr' id='par_1_36' title="bbox 441 2132 2020 2208">
     <span class='ocr_line' id='line_1_36' title="bbox 441 2132 2020 2208; baseline 0.007 -21"><span class='ocrx_word' id='word_1_274' title='bbox 441 2132 781 2187; x_wconf 72' lang='lat' dir='ltr'><strong>idolo&#39;atrim.</strong></span> <span class='ocrx_word' id='word_1_275' title='bbox 814 2133 893 2184; x_wconf 81' lang='lat' dir='ltr'><strong>Ad</strong></span> <span class='ocrx_word' id='word_1_276' title='bbox 922 2134 1258 2203; x_wconf 79' lang='lat' dir='ltr'><strong>iniquitatem.</strong></span> <span class='ocrx_word' id='word_1_277' title='bbox 1312 2136 1393 2190; x_wconf 87' lang='lat' dir='ltr'><strong>Ad</strong></span> <span class='ocrx_word' id='word_1_278' title='bbox 1445 2138 1777 2208; x_wconf 82' lang='lat' dir='ltr'><strong>iniquitatem</strong></span> <span class='ocrx_word' id='word_1_279' title='bbox 1821 2138 2020 2198; x_wconf 75' lang='lat' dir='ltr'><strong>facien-</strong></span> 
     </span>
    </p>
   </div>
   <div class='ocr_carea' id='block_1_37' title="bbox 439 2222 2018 2303">
    <p class='ocr_par' dir='ltr' id='par_1_37' title="bbox 439 2222 2018 2303">
     <span class='ocr_line' id='line_1_37' title="bbox 439 2222 2018 2303; baseline 0.007 -28"><span class='ocrx_word' id='word_1_280' title='bbox 439 2223 587 2276; x_wconf 79' lang='lat' dir='ltr'><strong>dam.</strong></span> <span class='ocrx_word' id='word_1_281' title='bbox 616 2222 701 2274; x_wconf 85' lang='lat' dir='ltr'><strong>lla</strong></span> <span class='ocrx_word' id='word_1_282' title='bbox 728 2238 863 2275; x_wconf 85' lang='lat' dir='ltr'><strong>nunc</strong></span> <span class='ocrx_word' id='word_1_283' title='bbox 892 2223 1118 2276; x_wconf 73' lang='lat' dir='ltr'><strong>exhibete</strong></span> <span class='ocrx_word' id='word_1_284' title='bbox 1142 2225 1362 2279; x_wconf 70' lang='lat' dir='ltr'><strong>menbm</strong></span> <span class='ocrx_word' id='word_1_285' title='bbox 1391 2238 1555 2282; x_wconf 81' lang='lat' dir='ltr'><strong>vestra</strong></span> <span class='ocrx_word' id='word_1_286' title='bbox 1579 2231 1766 2284; x_wconf 78' lang='lat' dir='ltr'><strong>servire</strong></span> <span class='ocrx_word' id='word_1_287' title='bbox 1781 2233 2018 2303; x_wconf 76' lang='lat' dir='ltr'><strong>justitia&#39;.</strong></span> 
     </span>
    </p>
   </div>
   <div class='ocr_carea' id='block_1_38' title="bbox 444 2311 2019 2392">
    <p class='ocr_par' dir='ltr' id='par_1_38' title="bbox 444 2311 2019 2392">
     <span class='ocr_line' id='line_1_38' title="bbox 444 2311 2019 2392; baseline 0.007 -24"><span class='ocrx_word' id='word_1_288' title='bbox 444 2311 510 2368; x_wconf 87' lang='lat' dir='ltr'><strong>Ut</strong></span> <span class='ocrx_word' id='word_1_289' title='bbox 532 2313 797 2383; x_wconf 89' lang='lat' dir='ltr'><strong>quomodo</strong></span> <span class='ocrx_word' id='word_1_290' title='bbox 819 2313 1039 2381; x_wconf 80' lang='lat' dir='ltr'><strong>perfecti</strong></span> <span class='ocrx_word' id='word_1_291' title='bbox 1066 2314 1239 2369; x_wconf 82' lang='lat' dir='ltr'><strong>fuistis</strong></span> <span class='ocrx_word' id='word_1_292' title='bbox 1269 2318 1321 2370; x_wconf 90' lang='lat' dir='ltr'><strong>in</strong></span> <span class='ocrx_word' id='word_1_293' title='bbox 1346 2318 1507 2382; x_wconf 90' lang='lat' dir='ltr'><strong>malo,</strong></span> <span class='ocrx_word' id='word_1_294' title='bbox 1535 2334 1599 2373; x_wconf 84' lang='lat' dir='ltr'><strong>ex</strong></span> <span class='ocrx_word' id='word_1_295' title='bbox 1629 2321 1872 2390; x_wconf 78' lang='lat' dir='ltr'><strong>originali</strong></span> <span class='ocrx_word' id='word_1_296' title='bbox 1897 2336 2019 2392; x_wconf 88' lang='lat' dir='ltr'><strong>pec-</strong></span> 
     </span>
    </p>
   </div>
   <div class='ocr_carea' id='block_1_39' title="bbox 441 2409 2019 2483">
    <p class='ocr_par' dir='ltr' id='par_1_39' title="bbox 441 2409 2019 2483">
     <span class='ocr_line' id='line_1_39' title="bbox 441 2409 2019 2483; baseline 0.008 -23"><span class='ocrx_word' id='word_1_297' title='bbox 441 2415 585 2469; x_wconf 84' lang='lat' dir='ltr'><strong>cato,</strong></span> <span class='ocrx_word' id='word_1_298' title='bbox 605 2409 674 2460; x_wconf 87' lang='lat' dir='ltr'><strong>ita</strong></span> <span class='ocrx_word' id='word_1_299' title='bbox 702 2410 919 2475; x_wconf 76' lang='lat' dir='ltr'><strong>perfecti</strong></span> <span class='ocrx_word' id='word_1_300' title='bbox 947 2411 1064 2463; x_wconf 90' lang='lat' dir='ltr'><strong>sitis</strong></span> <span class='ocrx_word' id='word_1_301' title='bbox 1087 2410 1141 2463; x_wconf 91' lang='lat' dir='ltr'><strong>in</strong></span> <span class='ocrx_word' id='word_1_302' title='bbox 1161 2411 1521 2483; x_wconf 67' lang='lat' dir='ltr'><strong>bono,_gratiaz</strong></span> <span class='ocrx_word' id='word_1_303' title='bbox 1548 2414 1723 2481; x_wconf 91' lang='lat' dir='ltr'><strong>dono;</strong></span> <span class='ocrx_word' id='word_1_304' title='bbox 1751 2427 1811 2472; x_wconf 90' lang='lat' dir='ltr'><strong>ut</strong></span> <span class='ocrx_word' id='word_1_305' title='bbox 1828 2432 2019 2475; x_wconf 89' lang='lat' dir='ltr'><strong>manus</strong></span> 
     </span>
    </p>
   </div>
   <div class='ocr_carea' id='block_1_40' title="bbox 446 2496 2014 2574">
    <p class='ocr_par' dir='ltr' id='par_1_40' title="bbox 446 2496 2014 2574">
     <span class='ocr_line' id='line_1_40' title="bbox 446 2496 2014 2574; baseline 0.009 -25"><span class='ocrx_word' id='word_1_306' title='bbox 446 2512 566 2567; x_wconf 76' lang='lat' dir='ltr'><strong>qua:</strong></span> <span class='ocrx_word' id='word_1_307' title='bbox 596 2507 752 2553; x_wconf 82' lang='lat' dir='ltr'><strong>antea</strong></span> <span class='ocrx_word' id='word_1_308' title='bbox 800 2499 1065 2568; x_wconf 81' lang='lat' dir='ltr'><strong>rapiebat,</strong></span> <span class='ocrx_word' id='word_1_309' title='bbox 1097 2496 1257 2557; x_wconf 79' lang='lat' dir='ltr'><strong>medo</strong></span> <span class='ocrx_word' id='word_1_310' title='bbox 1286 2506 1524 2574; x_wconf 79' lang='lat' dir='ltr'><strong>porrigat</strong></span> <span class='ocrx_word' id='word_1_311' title='bbox 1560 2505 2014 2574; x_wconf 86' lang='lat' dir='ltr'><strong>misericordiam;</strong></span> 
     </span>
    </p>
   </div>
   <div class='ocr_carea' id='block_1_41' title="bbox 440 2589 2017 2665">
    <p class='ocr_par' dir='ltr' id='par_1_41' title="bbox 440 2589 2017 2665">
     <span class='ocr_line' id='line_1_41' title="bbox 440 2589 2017 2665; baseline 0.01 -24"><span class='ocrx_word' id='word_1_312' title='bbox 440 2600 497 2642; x_wconf 89' lang='lat' dir='ltr'><strong>et</strong></span> <span class='ocrx_word' id='word_1_313' title='bbox 528 2589 692 2659; x_wconf 79' lang='lat' dir='ltr'><strong>pedes</strong></span> <span class='ocrx_word' id='word_1_314' title='bbox 734 2592 821 2660; x_wconf 92' lang='lat' dir='ltr'><strong>qtti</strong></span> <span class='ocrx_word' id='word_1_315' title='bbox 873 2600 1028 2647; x_wconf 84' lang='lat' dir='ltr'><strong>antea</strong></span> <span class='ocrx_word' id='word_1_316' title='bbox 1077 2595 1141 2647; x_wconf 87' lang='lat' dir='ltr'><strong>ad</strong></span> <span class='ocrx_word' id='word_1_317' title='bbox 1189 2598 1383 2650; x_wconf 88' lang='lat' dir='ltr'><strong>malum</strong></span> <span class='ocrx_word' id='word_1_318' title='bbox 1409 2598 1715 2665; x_wconf 80' lang='lat' dir='ltr'><strong>currebant,</strong></span> <span class='ocrx_word' id='word_1_319' title='bbox 1763 2599 1923 2656; x_wconf 89' lang='lat' dir='ltr'><strong>modo</strong></span> <span class='ocrx_word' id='word_1_320' title='bbox 1950 2601 2017 2656; x_wconf 90' lang='lat' dir='ltr'><strong>ad</strong></span> 
     </span>
    </p>
   </div>
   <div class='ocr_carea' id='block_1_42' title="bbox 439 2680 2014 2759">
    <p class='ocr_par' dir='ltr' id='par_1_42' title="bbox 439 2680 2014 2759">
     <span class='ocr_line' id='line_1_42' title="bbox 439 2680 2014 2759; baseline 0.01 -28"><span class='ocrx_word' id='word_1_321' title='bbox 439 2680 734 2736; x_wconf 77' lang='lat' dir='ltr'><strong>visitandos</strong></span> <span class='ocrx_word' id='word_1_322' title='bbox 768 2681 1012 2738; x_wconf 72' lang='lat' dir='ltr'><strong>infirmos</strong></span> <span class='ocrx_word' id='word_1_323' title='bbox 1036 2723 1052 2749; x_wconf 93' lang='lat'><strong>,</strong></span> <span class='ocrx_word' id='word_1_324' title='bbox 1094 2692 1148 2739; x_wconf 87' lang='lat' dir='ltr'><strong>et</strong></span> <span class='ocrx_word' id='word_1_325' title='bbox 1180 2685 1231 2740; x_wconf 89' lang='lat' dir='ltr'><strong>itt</strong></span> <span class='ocrx_word' id='word_1_326' title='bbox 1261 2700 1531 2743; x_wconf 89' lang='lat' dir='ltr'><strong>carcerem</strong></span> <span class='ocrx_word' id='word_1_327' title='bbox 1561 2690 1627 2743; x_wconf 89' lang='lat' dir='ltr'><strong>ad</strong></span> <span class='ocrx_word' id='word_1_328' title='bbox 1656 2706 1793 2759; x_wconf 90' lang='lat' dir='ltr'><strong>opus</strong></span> <span class='ocrx_word' id='word_1_329' title='bbox 1820 2693 2014 2748; x_wconf 87' lang='lat' dir='ltr'><strong>bonum</strong></span> 
     </span>
    </p>
   </div>
   <div class='ocr_carea' id='block_1_43' title="bbox 438 2772 2015 2850">
    <p class='ocr_par' dir='ltr' id='par_1_43' title="bbox 438 2772 2015 2850">
     <span class='ocr_line' id='line_1_43' title="bbox 438 2772 2015 2850; baseline 0.007 -26"><span class='ocrx_word' id='word_1_330' title='bbox 438 2780 684 2837; x_wconf 86' lang='lat' dir='ltr'><strong>currant;</strong></span> <span class='ocrx_word' id='word_1_331' title='bbox 717 2772 859 2826; x_wconf 91' lang='lat' dir='ltr'><strong>oculi</strong></span> <span class='ocrx_word' id='word_1_332' title='bbox 906 2775 995 2843; x_wconf 91' lang='lat' dir='ltr'><strong>qui</strong></span> <span class='ocrx_word' id='word_1_333' title='bbox 1044 2784 1202 2829; x_wconf 87' lang='lat' dir='ltr'><strong>antea</strong></span> <span class='ocrx_word' id='word_1_334' title='bbox 1246 2775 1498 2832; x_wconf 83' lang='lat' dir='ltr'><strong>videbant</strong></span> <span class='ocrx_word' id='word_1_335' title='bbox 1542 2780 1606 2833; x_wconf 90' lang='lat' dir='ltr'><strong>ad</strong></span> <span class='ocrx_word' id='word_1_336' title='bbox 1636 2782 2015 2850; x_wconf 85' lang='lat' dir='ltr'><strong>concupiscen-</strong></span> 
     </span>
    </p>
   </div>
   <div class='ocr_carea' id='block_1_44' title="bbox 438 2862 2013 2940">
    <p class='ocr_par' dir='ltr' id='par_1_44' title="bbox 438 2862 2013 2940">
     <span class='ocr_line' id='line_1_44' title="bbox 438 2862 2013 2940; baseline 0.01 -26"><span class='ocrx_word' id='word_1_337' title='bbox 438 2862 591 2925; x_wconf 88' lang='lat' dir='ltr'><strong>dum,</strong></span> <span class='ocrx_word' id='word_1_338' title='bbox 623 2862 687 2915; x_wconf 89' lang='lat' dir='ltr'><strong>ad</strong></span> <span class='ocrx_word' id='word_1_339' title='bbox 717 2863 1091 2928; x_wconf 84' lang='lat' dir='ltr'><strong>invadendum,</strong></span> <span class='ocrx_word' id='word_1_340' title='bbox 1121 2866 1335 2922; x_wconf 86' lang='lat' dir='ltr'><strong>videant</strong></span> <span class='ocrx_word' id='word_1_341' title='bbox 1356 2868 1518 2924; x_wconf 90' lang='lat' dir='ltr'><strong>modo</strong></span> <span class='ocrx_word' id='word_1_342' title='bbox 1539 2869 1603 2925; x_wconf 87' lang='lat' dir='ltr'><strong>ad</strong></span> <span class='ocrx_word' id='word_1_343' title='bbox 1628 2872 2013 2940; x_wconf 87' lang='lat' dir='ltr'><strong>miserandum,</strong></span> 
     </span>
    </p>
   </div>
   <div class='ocr_carea' id='block_1_45' title="bbox 439 2954 2013 3022">
    <p class='ocr_par' dir='ltr' id='par_1_45' title="bbox 439 2954 2013 3022">
     <span class='ocr_line' id='line_1_45' title="bbox 439 2954 2013 3022; baseline 0.009 -16"><span class='ocrx_word' id='word_1_344' title='bbox 439 2954 506 3006; x_wconf 80' lang='lat' dir='ltr'><strong>ad</strong></span> <span class='ocrx_word' id='word_1_345' title='bbox 534 2954 892 3022; x_wconf 75' lang='lat' dir='ltr'><strong>largiendum.</strong></span> <span class='ocrx_word' id='word_1_346' title='bbox 942 2956 1080 3013; x_wconf 86' lang='lat' dir='ltr'><strong>Ecce</strong></span> <span class='ocrx_word' id='word_1_347' title='bbox 1121 2957 1201 3012; x_wconf 91' lang='lat' dir='ltr'><strong>sic</strong></span> <span class='ocrx_word' id='word_1_348' title='bbox 1247 2966 1517 3016; x_wconf 84' lang='lat' dir='ltr'><strong>mutentur</strong></span> <span class='ocrx_word' id='word_1_349' title='bbox 1544 2961 1783 3017; x_wconf 88' lang='lat' dir='ltr'><strong>membra</strong></span> <span class='ocrx_word' id='word_1_350' title='bbox 1811 2973 2013 3020; x_wconf 87' lang='lat' dir='ltr'><strong>nostra.</strong></span> 
     </span>
    </p>
   </div>
   <div class='ocr_carea' id='block_1_46' title="bbox 440 3043 2012 3123">
    <p class='ocr_par' dir='ltr' id='par_1_46' title="bbox 440 3043 2012 3123">
     <span class='ocr_line' id='line_1_46' title="bbox 440 3043 2012 3123; baseline 0.01 -27"><span class='ocrx_word' id='word_1_351' title='bbox 440 3043 507 3097; x_wconf 81' lang='grc' dir='ltr'><em>1η</em></span> <span class='ocrx_word' id='word_1_352' title='bbox 550 3046 1023 3113; x_wconf 79' lang='lat' dir='ltr'><strong>sanctiﬁcationem.</strong></span> <span class='ocrx_word' id='word_1_353' title='bbox 1076 3046 1145 3103; x_wconf 88' lang='lat' dir='ltr'><strong>Ut</strong></span> <span class='ocrx_word' id='word_1_354' title='bbox 1192 3048 1464 3119; x_wconf 83' lang='lat' dir='ltr'><strong>recipiatis</strong></span> <span class='ocrx_word' id='word_1_355' title='bbox 1512 3051 2012 3123; x_wconf 79' lang='lat' dir='ltr'><strong>sanctiﬁcationem,</strong></span> 
     </span>
    </p>
   </div>
   <div class='ocr_carea' id='block_1_47' title="bbox 430 3139 2086 3214">
    <p class='ocr_par' dir='ltr' id='par_1_47' title="bbox 430 3139 2086 3214">
     <span class='ocr_line' id='line_1_47' title="bbox 430 3139 2086 3214; baseline 0.008 -23"><span class='ocrx_word' id='word_1_356' title='bbox 430 3139 549 3194; x_wconf 76' lang='lat' dir='ltr'><strong>sive</strong></span> <span class='ocrx_word' id='word_1_357' title='bbox 574 3140 916 3207; x_wconf 70' lang='lat' dir='ltr'><strong>possidvatfs.</strong></span> <span class='ocrx_word' id='word_1_358' title='bbox 948 3140 1078 3194; x_wconf 83' lang='lat' dir='ltr'><strong>Cum</strong></span> <span class='ocrx_word' id='word_1_359' title='bbox 1105 3142 1239 3195; x_wconf 73' lang='lat' dir='ltr'><strong>enim</strong></span> <span class='ocrx_word' id='word_1_360' title='bbox 1271 3143 1400 3195; x_wconf 81' lang='lat' dir='ltr'><strong>servi</strong></span> <span class='ocrx_word' id='word_1_361' title='bbox 1430 3145 1605 3199; x_wconf 84' lang='lat' dir='ltr'><strong>essetis</strong></span> <span class='ocrx_word' id='word_1_362' title='bbox 1629 3147 1843 3214; x_wconf 80' lang='lat' dir='ltr'><strong>peccati,</strong></span> <span class='ocrx_word' id='word_1_363' title='bbox 1869 3147 2013 3204; x_wconf 78' lang='lat' dir='ltr'><strong>liberi</strong></span> <span class='ocrx_word' id='word_1_364' title='bbox 2040 3151 2086 3214; x_wconf 84' lang='lat' dir='ltr'><strong><em>C</em></strong></span> 
     </span>
    </p>
   </div>
   <div class='ocr_carea' id='block_1_48' title="bbox 438 3228 2010 3309">
    <p class='ocr_par' dir='ltr' id='par_1_48' title="bbox 438 3228 2010 3309">
     <span class='ocr_line' id='line_1_48' title="bbox 438 3228 2010 3309; baseline 0.01 -29"><span class='ocrx_word' id='word_1_365' title='bbox 438 3228 611 3298; x_wconf 72' lang='lat' dir='ltr'><strong>fuistis</strong></span> <span class='ocrx_word' id='word_1_366' title='bbox 643 3230 882 3301; x_wconf 71' lang='lat' dir='ltr'><strong>justitiw.</strong></span> <span class='ocrx_word' id='word_1_367' title='bbox 919 3230 1031 3287; x_wconf 89' lang='lat' dir='ltr'><strong>iloc</strong></span> <span class='ocrx_word' id='word_1_368' title='bbox 1056 3241 1160 3297; x_wconf 84' lang='lat' dir='ltr'><strong>est,</strong></span> <span class='ocrx_word' id='word_1_369' title='bbox 1213 3234 1266 3287; x_wconf 90' lang='lat' dir='ltr'><strong>in</strong></span> <span class='ocrx_word' id='word_1_370' title='bbox 1314 3233 1465 3288; x_wconf 90' lang='lat' dir='ltr'><strong>nullo</strong></span> <span class='ocrx_word' id='word_1_371' title='bbox 1506 3236 1748 3292; x_wconf 83' lang='lat' dir='ltr'><strong>servistis</strong></span> <span class='ocrx_word' id='word_1_372' title='bbox 1771 3238 2010 3309; x_wconf 79' lang='lat' dir='ltr'><strong>justitite.</strong></span> 
     </span>
    </p>
   </div>
   <div class='ocr_carea' id='block_1_49' title="bbox 435 3318 2012 3394">
    <p class='ocr_par' dir='ltr' id='par_1_49' title="bbox 435 3318 2012 3394">
     <span class='ocr_line' id='line_1_49' title="bbox 435 3318 2012 3394; baseline 0.008 -21"><span class='ocrx_word' id='word_1_373' title='bbox 435 3318 513 3373; x_wconf 86' lang='lat' dir='ltr'><strong>ita</strong></span> <span class='ocrx_word' id='word_1_374' title='bbox 560 3329 616 3375; x_wconf 89' lang='lat' dir='ltr'><strong>et</strong></span> <span class='ocrx_word' id='word_1_375' title='bbox 662 3335 805 3377; x_wconf 91' lang='lat' dir='ltr'><strong>nunc</strong></span> <span class='ocrx_word' id='word_1_376' title='bbox 848 3322 1003 3378; x_wconf 86' lang='lat' dir='ltr'><strong>liberi</strong></span> <span class='ocrx_word' id='word_1_377' title='bbox 1050 3331 1224 3380; x_wconf 89' lang='lat' dir='ltr'><strong>estote</strong></span> <span class='ocrx_word' id='word_1_378' title='bbox 1256 3338 1287 3378; x_wconf 88' lang='lat' dir='ltr'><strong>a</strong></span> <span class='ocrx_word' id='word_1_379' title='bbox 1328 3333 1547 3394; x_wconf 86' lang='lat' dir='ltr'><strong>peccato</strong></span> <span class='ocrx_word' id='word_1_380' title='bbox 1571 3367 1588 3394; x_wconf 97' lang='lat'><strong>,</strong></span> <span class='ocrx_word' id='word_1_381' title='bbox 1616 3337 1677 3384; x_wconf 90' lang='lat' dir='ltr'><strong>ut</strong></span> <span class='ocrx_word' id='word_1_382' title='bbox 1702 3328 1755 3384; x_wconf 92' lang='lat' dir='ltr'><strong>in</strong></span> <span class='ocrx_word' id='word_1_383' title='bbox 1785 3320 1937 3386; x_wconf 84' lang='lat' dir='ltr'><strong>nullo</strong></span> <span class='ocrx_word' id='word_1_384' title='bbox 1963 3334 2012 3388; x_wconf 90' lang='lat' dir='ltr'><strong>ei</strong></span> 
     </span>
    </p>
   </div>
   <div class='ocr_carea' id='block_1_50' title="bbox 436 3413 2014 3486">
    <p class='ocr_par' dir='ltr' id='par_1_50' title="bbox 436 3413 2014 3486">
     <span class='ocr_line' id='line_1_50' title="bbox 436 3413 2014 3486; baseline 0.009 -21"><span class='ocrx_word' id='word_1_385' title='bbox 436 3413 707 3468; x_wconf 73' lang='lat' dir='ltr'><strong>servietis.</strong></span> <span class='ocrx_word' id='word_1_386' title='bbox 758 3413 902 3469; x_wconf 77' lang='lat' dir='ltr'><strong>Ecce</strong></span> <span class='ocrx_word' id='word_1_387' title='bbox 946 3414 1304 3471; x_wconf 88' lang='lat' dir='ltr'><strong>ostenduntur</strong></span> <span class='ocrx_word' id='word_1_388' title='bbox 1331 3417 1492 3472; x_wconf 89' lang='lat' dir='ltr'><strong>etiam</strong></span> <span class='ocrx_word' id='word_1_389' title='bbox 1525 3429 1744 3486; x_wconf 88' lang='lat' dir='ltr'><strong>peccato</strong></span> <span class='ocrx_word' id='word_1_390' title='bbox 1792 3423 2014 3479; x_wconf 88' lang='lat' dir='ltr'><strong>minime</strong></span> 
     </span>
    </p>
   </div>
   <div class='ocr_carea' id='block_1_51' title="bbox 438 3504 2017 3585">
    <p class='ocr_par' dir='ltr' id='par_1_51' title="bbox 438 3504 2017 3585">
     <span class='ocr_line' id='line_1_51' title="bbox 438 3504 2017 3585; baseline 0.009 -29"><span class='ocrx_word' id='word_1_391' title='bbox 438 3504 692 3572; x_wconf 75' lang='lat' dir='ltr'><strong>potuisse,</strong></span> <span class='ocrx_word' id='word_1_392' title='bbox 722 3506 825 3560; x_wconf 87' lang='lat' dir='ltr'><strong>nisi</strong></span> <span class='ocrx_word' id='word_1_393' title='bbox 848 3505 953 3560; x_wconf 83' lang='lat' dir='ltr'><strong>alia</strong></span> <span class='ocrx_word' id='word_1_394' title='bbox 978 3505 1225 3563; x_wconf 88' lang='lat' dir='ltr'><strong>libertate</strong></span> <span class='ocrx_word' id='word_1_395' title='bbox 1246 3506 1470 3564; x_wconf 85' lang='lat' dir='ltr'><strong>servire.</strong></span> <span class='ocrx_word' id='word_1_396' title='bbox 1495 3509 1672 3566; x_wconf 88' lang='lat' dir='ltr'><strong>Liberi</strong></span> <span class='ocrx_word' id='word_1_397' title='bbox 1701 3527 1830 3583; x_wconf 88' lang='lat' dir='ltr'><strong>ergo</strong></span> <span class='ocrx_word' id='word_1_398' title='bbox 1855 3528 1887 3569; x_wconf 72' lang='grc' dir='ltr'><strong>ο</strong></span> <span class='ocrx_word' id='word_1_399' title='bbox 1904 3514 2017 3585; x_wconf 87' lang='lat' dir='ltr'><strong>jus-</strong></span> 
     </span>
    </p>
   </div>
   <div class='ocr_carea' id='block_1_52' title="bbox 438 3594 2013 3662">
    <p class='ocr_par' dir='ltr' id='par_1_52' title="bbox 438 3594 2013 3662">
     <span class='ocr_line' id='line_1_52' title="bbox 438 3594 2013 3662; baseline 0.011 -17"><span class='ocrx_word' id='word_1_400' title='bbox 438 3594 555 3647; x_wconf 82' lang='lat' dir='ltr'><strong>titia</strong></span> <span class='ocrx_word' id='word_1_401' title='bbox 582 3609 688 3650; x_wconf 92' lang='lat' dir='ltr'><strong>non</strong></span> <span class='ocrx_word' id='word_1_402' title='bbox 717 3602 843 3650; x_wconf 89' lang='lat' dir='ltr'><strong>sunt</strong></span> <span class='ocrx_word' id='word_1_403' title='bbox 866 3636 881 3660; x_wconf 93' lang='lat'><strong>,</strong></span> <span class='ocrx_word' id='word_1_404' title='bbox 928 3596 1031 3651; x_wconf 85' lang='lat' dir='ltr'><strong>nisi</strong></span> <span class='ocrx_word' id='word_1_405' title='bbox 1066 3598 1290 3655; x_wconf 89' lang='lat' dir='ltr'><strong>arbitrio</strong></span> <span class='ocrx_word' id='word_1_406' title='bbox 1317 3599 1628 3658; x_wconf 87' lang='lat' dir='ltr'><strong>voluntatis.</strong></span> <span class='ocrx_word' id='word_1_407' title='bbox 1657 3602 1891 3661; x_wconf 87' lang='lat' dir='ltr'><strong>Liberati</strong></span> <span class='ocrx_word' id='word_1_408' title='bbox 1918 3620 2013 3662; x_wconf 86' lang='lat' dir='ltr'><strong>au-</strong></span> 
     </span>
    </p>
   </div>
   <div class='ocr_carea' id='block_1_53' title="bbox 436 3686 2015 3761">
    <p class='ocr_par' dir='ltr' id='par_1_53' title="bbox 436 3686 2015 3761">
     <span class='ocr_line' id='line_1_53' title="bbox 436 3686 2015 3761; baseline 0.01 -24"><span class='ocrx_word' id='word_1_409' title='bbox 436 3692 546 3739; x_wconf 88' lang='lat' dir='ltr'><strong>tem</strong></span> <span class='ocrx_word' id='word_1_410' title='bbox 575 3698 605 3738; x_wconf 85' lang='lat' dir='ltr'><strong>a</strong></span> <span class='ocrx_word' id='word_1_411' title='bbox 634 3693 851 3753; x_wconf 90' lang='lat' dir='ltr'><strong>peccato</strong></span> <span class='ocrx_word' id='word_1_412' title='bbox 879 3700 986 3741; x_wconf 89' lang='lat' dir='ltr'><strong>non</strong></span> <span class='ocrx_word' id='word_1_413' title='bbox 1014 3686 1168 3753; x_wconf 75' lang='lat' dir='ltr'><strong>fiunt,</strong></span> <span class='ocrx_word' id='word_1_414' title='bbox 1191 3688 1291 3744; x_wconf 89' lang='lat' dir='ltr'><strong>nisi</strong></span> <span class='ocrx_word' id='word_1_415' title='bbox 1312 3690 1482 3761; x_wconf 81' lang='lat' dir='ltr'><strong>gratia</strong></span> <span class='ocrx_word' id='word_1_416' title='bbox 1508 3691 1825 3752; x_wconf 87' lang='lat' dir='ltr'><strong>Salvatoris.</strong></span> <span class='ocrx_word' id='word_1_417' title='bbox 1858 3695 2015 3753; x_wconf 85' lang='lat' dir='ltr'><strong>Libe-</strong></span> 
     </span>
    </p>
   </div>
   <div class='ocr_carea' id='block_1_54' title="bbox 434 3776 2010 3853">
    <p class='ocr_par' dir='ltr' id='par_1_54' title="bbox 434 3776 2010 3853">
     <span class='ocr_line' id='line_1_54' title="bbox 434 3776 2010 3853; baseline 0.008 -24"><span class='ocrx_word' id='word_1_418' title='bbox 434 3788 530 3830; x_wconf 85' lang='lat' dir='ltr'><strong>ros</strong></span> <span class='ocrx_word' id='word_1_419' title='bbox 552 3776 691 3831; x_wconf 87' lang='lat' dir='ltr'><strong>dix&#39;it</strong></span> <span class='ocrx_word' id='word_1_420' title='bbox 716 3776 941 3846; x_wconf 66' lang='lat' dir='ltr'><strong>iustitiae</strong></span> <span class='ocrx_word' id='word_1_421' title='bbox 965 3822 981 3846; x_wconf 92' lang='lat'><strong>,</strong></span> <span class='ocrx_word' id='word_1_422' title='bbox 1028 3786 1137 3833; x_wconf 86' lang='lat' dir='ltr'><strong>non</strong></span> <span class='ocrx_word' id='word_1_423' title='bbox 1182 3779 1475 3849; x_wconf 88' lang='lat' dir='ltr'><strong>liberatos;</strong></span> <span class='ocrx_word' id='word_1_424' title='bbox 1506 3797 1535 3835; x_wconf 88' lang='lat' dir='ltr'><strong>a</strong></span> <span class='ocrx_word' id='word_1_425' title='bbox 1566 3794 1787 3853; x_wconf 86' lang='lat' dir='ltr'><strong>peccatu</strong></span> <span class='ocrx_word' id='word_1_426' title='bbox 1831 3795 2010 3844; x_wconf 88' lang='lat' dir='ltr'><strong>autem</strong></span> 
     </span>
    </p>
   </div>
   <div class='ocr_carea' id='block_1_55' title="bbox 432 3865 2005 3942">
    <p class='ocr_par' dir='ltr' id='par_1_55' title="bbox 432 3865 2005 3942">
     <span class='ocr_line' id='line_1_55' title="bbox 432 3865 2005 3942; baseline 0.011 -24"><span class='ocrx_word' id='word_1_427' title='bbox 432 3878 543 3919; x_wconf 84' lang='lat' dir='ltr'><strong>non</strong></span> <span class='ocrx_word' id='word_1_428' title='bbox 574 3865 791 3937; x_wconf 72' lang='lat' dir='ltr'><strong>liberos,</strong></span> <span class='ocrx_word' id='word_1_429' title='bbox 834 3883 902 3924; x_wconf 89' lang='lat' dir='ltr'><strong>ne</strong></span> <span class='ocrx_word' id='word_1_430' title='bbox 944 3868 1049 3923; x_wconf 85' lang='lat' dir='ltr'><strong>sibi</strong></span> <span class='ocrx_word' id='word_1_431' title='bbox 1080 3869 1181 3925; x_wconf 90' lang='lat' dir='ltr'><strong>hoc</strong></span> <span class='ocrx_word' id='word_1_432' title='bbox 1209 3872 1508 3929; x_wconf 80' lang='lat' dir='ltr'><strong>tribuerent</strong></span> <span class='ocrx_word' id='word_1_433' title='bbox 1531 3914 1549 3942; x_wconf 92' lang='lat'><strong>,</strong></span> <span class='ocrx_word' id='word_1_434' title='bbox 1578 3876 1673 3931; x_wconf 85' lang='lat' dir='ltr'><strong>sed</strong></span> <span class='ocrx_word' id='word_1_435' title='bbox 1706 3877 1960 3935; x_wconf 79' lang='lat' dir='ltr'><strong>liberates</strong></span> <span class='ocrx_word' id='word_1_436' title='bbox 1992 3897 2005 3935; x_wconf 90' lang='lat'>:</span> 
     </span>
    </p>
   </div>
   <div class='ocr_carea' id='block_1_56' title="bbox 433 3954 2009 4031">
    <p class='ocr_par' dir='ltr' id='par_1_56' title="bbox 433 3954 2009 4031">
     <span class='ocr_line' id='line_1_56' title="bbox 433 3954 2009 4031; baseline 0.011 -22"><span class='ocrx_word' id='word_1_437' title='bbox 433 3954 487 4010; x_wconf 85' lang='lat' dir='ltr'><strong>id</strong></span> <span class='ocrx_word' id='word_1_438' title='bbox 520 3965 625 4023; x_wconf 89' lang='lat' dir='ltr'><strong>est,</strong></span> <span class='ocrx_word' id='word_1_439' title='bbox 679 3959 722 4011; x_wconf 84' lang='lat' dir='ltr'><strong>si</strong></span> <span class='ocrx_word' id='word_1_440' title='bbox 780 3972 877 4014; x_wconf 87' lang='lat' dir='ltr'><strong>vos</strong></span> <span class='ocrx_word' id='word_1_441' title='bbox 924 3959 1093 4016; x_wconf 82' lang='lat' dir='ltr'><strong>Filius</strong></span> <span class='ocrx_word' id='word_1_442' title='bbox 1140 3961 1483 4031; x_wconf 83' lang='lat' dir='ltr'><strong>liberaverit,</strong></span> <span class='ocrx_word' id='word_1_443' title='bbox 1539 3973 1666 4021; x_wconf 91' lang='lat' dir='ltr'><strong>tunc</strong></span> <span class='ocrx_word' id='word_1_444' title='bbox 1690 3982 1821 4025; x_wconf 78' lang='lat' dir='ltr'><strong>vere</strong></span> <span class='ocrx_word' id='word_1_445' title='bbox 1842 3970 2009 4026; x_wconf 81' lang='lat' dir='ltr'><strong>liberi</strong></span> 
     </span>
    </p>
   </div>
   <div class='ocr_carea' id='block_1_57' title="bbox 430 4044 2011 4129">
    <p class='ocr_par' dir='ltr' id='par_1_57' title="bbox 430 4044 2011 4129">
     <span class='ocr_line' id='line_1_57' title="bbox 430 4044 2011 4129; baseline 0.012 -32"><span class='ocrx_word' id='word_1_446' title='bbox 430 4044 602 4098; x_wconf 76' lang='lat' dir='ltr'><strong>eritis.</strong></span> <span class='ocrx_word' id='word_1_447' title='bbox 634 4046 795 4111; x_wconf 66' lang='lat' dir='ltr'><strong>Quem</strong></span> <span class='ocrx_word' id='word_1_448' title='bbox 833 4064 953 4119; x_wconf 81' lang='lat' dir='ltr'><strong>ergo</strong></span> <span class='ocrx_word' id='word_1_449' title='bbox 987 4050 1211 4119; x_wconf 74' lang='lat' dir='ltr'><strong>fraetum</strong></span> <span class='ocrx_word' id='word_1_450' title='bbox 1238 4052 1489 4110; x_wconf 71' lang='lat' dir='ltr'><strong>habuistis</strong></span> <span class='ocrx_word' id='word_1_451' title='bbox 1531 4065 1688 4128; x_wconf 83' lang='lat' dir='ltr'><strong>tunc,</strong></span> <span class='ocrx_word' id='word_1_452' title='bbox 1738 4059 1792 4113; x_wconf 80' lang='lat' dir='ltr'><strong>in</strong></span> <span class='ocrx_word' id='word_1_453' title='bbox 1833 4061 2011 4129; x_wconf 75' lang='lat' dir='ltr'><strong>quibus</strong></span> 
     </span>
    </p>
   </div>
   <div class='ocr_carea' id='block_1_58' title="bbox 434 4140 2011 4211">
    <p class='ocr_par' dir='ltr' id='par_1_58' title="bbox 434 4140 2011 4211">
     <span class='ocr_line' id='line_1_58' title="bbox 434 4140 2011 4211; baseline 0.013 -24"><span class='ocrx_word' id='word_1_454' title='bbox 434 4150 571 4189; x_wconf 73' lang='lat' dir='ltr'><strong>nunc</strong></span> <span class='ocrx_word' id='word_1_455' title='bbox 608 4140 902 4193; x_wconf 82' lang='lat' dir='ltr'><strong>erubescitis</strong></span> <span class='ocrx_word' id='word_1_456' title='bbox 924 4142 949 4194; x_wconf 76' lang='grc'><strong><em>7</em></strong></span> <span class='ocrx_word' id='word_1_457' title='bbox 994 4141 1215 4207; x_wconf 77' lang='lat' dir='ltr'><strong>Qualem</strong></span> <span class='ocrx_word' id='word_1_458' title='bbox 1256 4145 1487 4200; x_wconf 71' lang='lat' dir='ltr'><strong>fructum</strong></span> <span class='ocrx_word' id='word_1_459' title='bbox 1534 4149 1590 4202; x_wconf 89' lang='lat' dir='ltr'><strong>in</strong></span> <span class='ocrx_word' id='word_1_460' title='bbox 1628 4150 1843 4211; x_wconf 72' lang='lat' dir='ltr'><strong>actique</strong></span> <span class='ocrx_word' id='word_1_461' title='bbox 1871 4152 2011 4207; x_wconf 81' lang='lat' dir='ltr'><strong>illius</strong></span> 
     </span>
    </p>
   </div>
   <div class='ocr_carea' id='block_1_59' title="bbox 434 4220 2010 4300">
    <p class='ocr_par' dir='ltr' id='par_1_59' title="bbox 434 4220 2010 4300">
     <span class='ocr_line' id='line_1_59' title="bbox 434 4220 2010 4300; baseline 0.011 -23"><span class='ocrx_word' id='word_1_462' title='bbox 434 4225 717 4294; x_wconf 84' lang='lat' dir='ltr'><strong>habuistis,</strong></span> <span class='ocrx_word' id='word_1_463' title='bbox 738 4220 789 4283; x_wconf 86' lang='lat' dir='ltr'><strong>iu</strong></span> <span class='ocrx_word' id='word_1_464' title='bbox 808 4230 960 4300; x_wconf 87' lang='lat' dir='ltr'><strong>cujus</strong></span> <span class='ocrx_word' id='word_1_465' title='bbox 975 4232 1137 4285; x_wconf 88' lang='lat' dir='ltr'><strong>etiam</strong></span> <span class='ocrx_word' id='word_1_466' title='bbox 1164 4235 1535 4292; x_wconf 87' lang='lat' dir='ltr'><strong>recordatione</strong></span> <span class='ocrx_word' id='word_1_467' title='bbox 1555 4242 1873 4295; x_wconf 81' lang='lat' dir='ltr'><strong>verecundia</strong></span> <span class='ocrx_word' id='word_1_468' title='bbox 1891 4243 2010 4297; x_wconf 74' lang='lat' dir='ltr'><strong>est?</strong></span> 
     </span>
    </p>
   </div>
   <div class='ocr_carea' id='block_1_60' title="bbox 429 4318 2010 4401">
    <p class='ocr_par' dir='ltr' id='par_1_60' title="bbox 429 4318 2010 4401">
     <span class='ocr_line' id='line_1_60' title="bbox 429 4318 2010 4401; baseline 0.016 -35"><span class='ocrx_word' id='word_1_469' title='bbox 429 4318 745 4389; x_wconf 82' lang='lat' dir='ltr'><strong>Quicunque</strong></span> <span class='ocrx_word' id='word_1_470' title='bbox 773 4336 833 4376; x_wconf 88' lang='lat' dir='ltr'><strong>se</strong></span> <span class='ocrx_word' id='word_1_471' title='bbox 862 4326 1173 4391; x_wconf 82' lang='lat' dir='ltr'><strong>cognoverit</strong></span> <span class='ocrx_word' id='word_1_472' title='bbox 1200 4324 1424 4401; x_wconf 71' lang='lat' dir='ltr'><strong>bonum,</strong></span> <span class='ocrx_word' id='word_1_473' title='bbox 1446 4330 1727 4385; x_wconf 81' lang='lat' dir='ltr'><strong>erubescit</strong></span> <span class='ocrx_word' id='word_1_474' title='bbox 1754 4348 1815 4389; x_wconf 87' lang='lat' dir='ltr'><strong>se</strong></span> <span class='ocrx_word' id='word_1_475' title='bbox 1845 4335 2010 4390; x_wconf 77' lang='lat' dir='ltr'><strong>fuisse</strong></span> 
     </span>
    </p>
   </div>
   <div class='ocr_carea' id='block_1_61' title="bbox 432 4408 2009 4489">
    <p class='ocr_par' dir='ltr' id='par_1_61' title="bbox 432 4408 2009 4489">
     <span class='ocr_line' id='line_1_61' title="bbox 432 4408 2009 4489; baseline 0.012 -29"><span class='ocrx_word' id='word_1_476' title='bbox 432 4408 652 4461; x_wconf 76' lang='lat' dir='ltr'><strong>malum.</strong></span> <span class='ocrx_word' id='word_1_477' title='bbox 704 4410 772 4464; x_wconf 85' lang='lat' dir='ltr'><strong>Et</strong></span> <span class='ocrx_word' id='word_1_478' title='bbox 817 4411 1122 4483; x_wconf 88' lang='lat' dir='ltr'><strong>quicunque</strong></span> <span class='ocrx_word' id='word_1_479' title='bbox 1164 4427 1225 4467; x_wconf 82' lang='lat' dir='ltr'><strong>se</strong></span> <span class='ocrx_word' id='word_1_480' title='bbox 1260 4414 1536 4472; x_wconf 85' lang='lat' dir='ltr'><strong>erubescit</strong></span> <span class='ocrx_word' id='word_1_481' title='bbox 1565 4419 1763 4475; x_wconf 89' lang='lat' dir='ltr'><strong>bonum</strong></span> <span class='ocrx_word' id='word_1_482' title='bbox 1788 4464 1804 4489; x_wconf 95' lang='lat'><strong>,</strong></span> <span class='ocrx_word' id='word_1_483' title='bbox 1839 4425 2009 4480; x_wconf 84' lang='lat' dir='ltr'><strong>malus</strong></span> 
     </span>
    </p>
   </div>
   <div class='ocr_carea' id='block_1_62' title="bbox 2126 1854 3714 1931">
    <p class='ocr_par' dir='ltr' id='par_1_62' title="bbox 2126 1854 3714 1931">
     <span class='ocr_line' id='line_1_62' title="bbox 2126 1854 3714 1931; baseline 0.008 -24"><span class='ocrx_word' id='word_1_484' title='bbox 2126 1854 2287 1924; x_wconf 81' lang='lat' dir='ltr'><strong>tegent</strong></span> <span class='ocrx_word' id='word_1_485' title='bbox 2314 1856 2514 1926; x_wconf 81' lang='lat' dir='ltr'><strong>loquor.</strong></span> <span class='ocrx_word' id='word_1_486' title='bbox 2550 1858 2686 1913; x_wconf 85' lang='lat' dir='ltr'><strong>Hinc</strong></span> <span class='ocrx_word' id='word_1_487' title='bbox 2717 1859 2905 1929; x_wconf 91' lang='lat' dir='ltr'><strong>incipit</strong></span> <span class='ocrx_word' id='word_1_488' title='bbox 2940 1859 3320 1916; x_wconf 74' lang='lat' dir='ltr'><strong>difﬁcultatem</strong></span> <span class='ocrx_word' id='word_1_489' title='bbox 3358 1861 3494 1931; x_wconf 73' lang='lat' dir='ltr'><strong>legis</strong></span> <span class='ocrx_word' id='word_1_490' title='bbox 3519 1872 3714 1919; x_wconf 74' lang='lat' dir='ltr'><strong>osten-</strong></span> 
     </span>
    </p>
   </div>
   <div class='ocr_carea' id='block_1_63' title="bbox 2123 1942 3708 2021">
    <p class='ocr_par' dir='ltr' id='par_1_63' title="bbox 2123 1942 3708 2021">
     <span class='ocr_line' id='line_1_63' title="bbox 2123 1942 3708 2021; baseline 0.008 -23"><span class='ocrx_word' id='word_1_491' title='bbox 2123 1942 2271 2014; x_wconf 89' lang='lat' dir='ltr'><strong>dere,</strong></span> <span class='ocrx_word' id='word_1_492' title='bbox 2297 1956 2355 2000; x_wconf 90' lang='lat' dir='ltr'><strong>ut</strong></span> <span class='ocrx_word' id='word_1_493' title='bbox 2374 1947 2497 2003; x_wconf 91' lang='lat' dir='ltr'><strong>illos</strong></span> <span class='ocrx_word' id='word_1_494' title='bbox 2526 1948 2765 2005; x_wconf 87' lang='lat' dir='ltr'><strong>hortetur</strong></span> <span class='ocrx_word' id='word_1_495' title='bbox 2786 1950 2905 2005; x_wconf 85' lang='lat' dir='ltr'><strong>sine</strong></span> <span class='ocrx_word' id='word_1_496' title='bbox 2932 1950 3125 2007; x_wconf 90' lang='lat' dir='ltr'><strong>timore</strong></span> <span class='ocrx_word' id='word_1_497' title='bbox 3150 1950 3252 2006; x_wconf 87' lang='lat' dir='ltr'><strong>sub</strong></span> <span class='ocrx_word' id='word_1_498' title='bbox 3278 1954 3451 2021; x_wconf 84' lang='lat' dir='ltr'><strong>gratia</strong></span> <span class='ocrx_word' id='word_1_499' title='bbox 3479 1954 3708 2011; x_wconf 81' lang='lat' dir='ltr'><strong>vivere:</strong></span> 
     </span>
    </p>
   </div>
   <div class='ocr_carea' id='block_1_64' title="bbox 2123 2036 3710 2110">
    <p class='ocr_par' dir='ltr' id='par_1_64' title="bbox 2123 2036 3710 2110">
     <span class='ocr_line' id='line_1_64' title="bbox 2123 2036 3710 2110; baseline 0.009 -23"><span class='ocrx_word' id='word_1_500' title='bbox 2123 2036 2249 2103; x_wconf 85' lang='lat' dir='ltr'><strong>quia</strong></span> <span class='ocrx_word' id='word_1_501' title='bbox 2281 2036 2440 2092; x_wconf 88' lang='lat' dir='ltr'><strong>modo</strong></span> <span class='ocrx_word' id='word_1_502' title='bbox 2470 2047 2591 2093; x_wconf 86' lang='lat' dir='ltr'><strong>actu</strong></span> <span class='ocrx_word' id='word_1_503' title='bbox 2634 2048 2918 2105; x_wconf 87' lang='lat' dir='ltr'><strong>cessante,</strong></span> <span class='ocrx_word' id='word_1_504' title='bbox 2967 2041 3053 2097; x_wconf 88' lang='lat' dir='ltr'><strong>lex</strong></span> <span class='ocrx_word' id='word_1_505' title='bbox 3095 2041 3251 2097; x_wconf 85' lang='lat' dir='ltr'><strong>nobis</strong></span> <span class='ocrx_word' id='word_1_506' title='bbox 3280 2055 3387 2097; x_wconf 91' lang='lat' dir='ltr'><strong>non</strong></span> <span class='ocrx_word' id='word_1_507' title='bbox 3426 2044 3578 2110; x_wconf 83' lang='lat' dir='ltr'><strong>vivit,</strong></span> <span class='ocrx_word' id='word_1_508' title='bbox 3607 2046 3710 2101; x_wconf 79' lang='lat' dir='ltr'><strong>sed</strong></span> 
     </span>
    </p>
   </div>
   <div class='ocr_carea' id='block_1_65' title="bbox 2121 2125 3710 2203">
    <p class='ocr_par' dir='ltr' id='par_1_65' title="bbox 2121 2125 3710 2203">
     <span class='ocr_line' id='line_1_65' title="bbox 2121 2125 3710 2203; baseline 0.006 -23"><span class='ocrx_word' id='word_1_509' title='bbox 2121 2125 2254 2193; x_wconf 86' lang='lat' dir='ltr'><strong>sibi;</strong></span> <span class='ocrx_word' id='word_1_510' title='bbox 2296 2137 2350 2182; x_wconf 90' lang='lat' dir='ltr'><strong>et</strong></span> <span class='ocrx_word' id='word_1_511' title='bbox 2386 2127 2516 2182; x_wconf 87' lang='lat' dir='ltr'><strong>vivit</strong></span> <span class='ocrx_word' id='word_1_512' title='bbox 2547 2130 2597 2182; x_wconf 92' lang='lat' dir='ltr'><strong>in</strong></span> <span class='ocrx_word' id='word_1_513' title='bbox 2630 2128 2781 2184; x_wconf 81' lang='lat' dir='ltr'><strong>Novo</strong></span> <span class='ocrx_word' id='word_1_514' title='bbox 2820 2129 3168 2186; x_wconf 82' lang='lat' dir='ltr'><strong>Testamento</strong></span> <span class='ocrx_word' id='word_1_515' title='bbox 3188 2171 3204 2198; x_wconf 95' lang='lat'><strong>,</strong></span> <span class='ocrx_word' id='word_1_516' title='bbox 3239 2146 3334 2200; x_wconf 88' lang='lat' dir='ltr'><strong>per</strong></span> <span class='ocrx_word' id='word_1_517' title='bbox 3360 2133 3501 2203; x_wconf 85' lang='lat' dir='ltr'><strong>quod</strong></span> <span class='ocrx_word' id='word_1_518' title='bbox 3530 2136 3710 2190; x_wconf 77' lang='lat' dir='ltr'><strong>retor-</strong></span> 
     </span>
    </p>
   </div>
   <div class='ocr_carea' id='block_1_66' title="bbox 2123 2219 3712 2293">
    <p class='ocr_par' dir='ltr' id='par_1_66' title="bbox 2123 2219 3712 2293">
     <span class='ocr_line' id='line_1_66' title="bbox 2123 2219 3712 2293; baseline 0.007 -22"><span class='ocrx_word' id='word_1_519' title='bbox 2123 2226 2318 2274; x_wconf 84' lang='lat' dir='ltr'><strong>matur.</strong></span> <span class='ocrx_word' id='word_1_520' title='bbox 2355 2219 2489 2284; x_wconf 82' lang='lat' dir='ltr'><strong>Quia</strong></span> <span class='ocrx_word' id='word_1_521' title='bbox 2517 2220 2601 2275; x_wconf 80' lang='lat' dir='ltr'><strong>lea:</strong></span> <span class='ocrx_word' id='word_1_522' title='bbox 2634 2222 2689 2276; x_wconf 81' lang='lat' dir='ltr'><strong>in</strong></span> <span class='ocrx_word' id='word_1_523' title='bbox 2716 2222 2918 2276; x_wconf 80' lang='lat' dir='ltr'><strong>homine</strong></span> <span class='ocrx_word' id='word_1_524' title='bbox 2946 2222 3237 2277; x_wconf 76' lang='lat' dir='ltr'><strong>dominatur</strong></span> <span class='ocrx_word' id='word_1_525' title='bbox 3259 2233 3453 2290; x_wconf 81' lang='lat' dir='ltr'><strong>quanto</strong></span> <span class='ocrx_word' id='word_1_526' title='bbox 3468 2234 3712 2293; x_wconf 65' lang='lat' dir='ltr'><strong>tempore</strong></span> 
     </span>
    </p>
   </div>
   <div class='ocr_carea' id='block_1_67' title="bbox 2119 2310 3710 2386">
    <p class='ocr_par' dir='ltr' id='par_1_67' title="bbox 2119 2310 3710 2386">
     <span class='ocr_line' id='line_1_67' title="bbox 2119 2310 3710 2386; baseline 0.006 -24"><span class='ocrx_word' id='word_1_527' title='bbox 2119 2310 2258 2364; x_wconf 75' lang='lat' dir='ltr'><strong>visit.</strong></span> <span class='ocrx_word' id='word_1_528' title='bbox 2286 2310 2424 2365; x_wconf 82' lang='lat' dir='ltr'><strong>Nam</strong></span> <span class='ocrx_word' id='word_1_529' title='bbox 2445 2328 2558 2382; x_wconf 72' lang='lat' dir='ltr'><strong>qua:</strong></span> <span class='ocrx_word' id='word_1_530' title='bbox 2580 2329 2673 2369; x_wconf 82' lang='lat' dir='ltr'><strong>suo</strong></span> <span class='ocrx_word' id='word_1_531' title='bbox 2690 2314 2796 2368; x_wconf 81' lang='lat' dir='ltr'><strong>viro</strong></span> <span class='ocrx_word' id='word_1_532' title='bbox 2816 2322 2889 2367; x_wconf 88' lang='lat' dir='ltr'><strong>est</strong></span> <span class='ocrx_word' id='word_1_533' title='bbox 2912 2313 3116 2377; x_wconf 78' lang='lat' dir='ltr'><strong>mulier,</strong></span> <span class='ocrx_word' id='word_1_534' title='bbox 3138 2314 3329 2368; x_wconf 73' lang='lat' dir='ltr'><strong>vivente</strong></span> <span class='ocrx_word' id='word_1_535' title='bbox 3351 2315 3459 2367; x_wconf 73' lang='lat' dir='ltr'><strong>uiro</strong></span> <span class='ocrx_word' id='word_1_536' title='bbox 3484 2315 3710 2386; x_wconf 70' lang='lat' dir='ltr'><strong>alligata</strong></span> 
     </span>
    </p>
   </div>
   <div class='ocr_carea' id='block_1_68' title="bbox 2119 2399 3708 2476">
    <p class='ocr_par' dir='ltr' id='par_1_68' title="bbox 2119 2399 3708 2476">
     <span class='ocr_line' id='line_1_68' title="bbox 2119 2399 3708 2476; baseline 0.004 -24"><span class='ocrx_word' id='word_1_537' title='bbox 2119 2410 2194 2453; x_wconf 84' lang='lat' dir='ltr'><strong>est</strong></span> <span class='ocrx_word' id='word_1_538' title='bbox 2219 2399 2346 2471; x_wconf 89' lang='lat' dir='ltr'><strong>legi.</strong></span> <span class='ocrx_word' id='word_1_539' title='bbox 2374 2402 2437 2456; x_wconf 78' lang='lat' dir='ltr'><strong>Si</strong></span> <span class='ocrx_word' id='word_1_540' title='bbox 2463 2411 2635 2455; x_wconf 81' lang='lat' dir='ltr'><strong>autem</strong></span> <span class='ocrx_word' id='word_1_541' title='bbox 2663 2414 2892 2459; x_wconf 80' lang='lat' dir='ltr'><strong>mortuus</strong></span> <span class='ocrx_word' id='word_1_542' title='bbox 2921 2405 3079 2474; x_wconf 77' lang='lat' dir='ltr'><strong>fuerit</strong></span> <span class='ocrx_word' id='word_1_543' title='bbox 3103 2404 3210 2474; x_wconf 79' lang='lat' dir='ltr'><strong>vir,</strong></span> <span class='ocrx_word' id='word_1_544' title='bbox 3236 2405 3405 2457; x_wconf 82' lang='lat' dir='ltr'><strong>soluta</strong></span> <span class='ocrx_word' id='word_1_545' title='bbox 3437 2416 3568 2458; x_wconf 75' lang='lat' dir='ltr'><strong>esto</strong></span> <span class='ocrx_word' id='word_1_546' title='bbox 3594 2407 3708 2476; x_wconf 75' lang='lat' dir='ltr'><strong>iege</strong></span> 
     </span>
    </p>
   </div>
   <div class='ocr_carea' id='block_1_69' title="bbox 2118 2487 3708 2564">
    <p class='ocr_par' dir='ltr' id='par_1_69' title="bbox 2118 2487 3708 2564">
     <span class='ocr_line' id='line_1_69' title="bbox 2118 2487 3708 2564; baseline 0.004 -19"><span class='ocrx_word' id='word_1_547' title='bbox 2270 2487 2738 2559; x_wconf 84' lang='lat' dir='ltr'><strong>Comparationem</strong></span> <span class='ocrx_word' id='word_1_548' title='bbox 2781 2492 2984 2547; x_wconf 89' lang='lat' dir='ltr'><strong>inducit</strong></span> <span class='ocrx_word' id='word_1_549' title='bbox 3020 2510 3033 2546; x_wconf 88' lang='lat'><strong>:</strong></span> <span class='ocrx_word' id='word_1_550' title='bbox 3066 2491 3374 2547; x_wconf 80' lang='lat' dir='ltr'><strong>mandatum</strong></span> <span class='ocrx_word' id='word_1_551' title='bbox 3407 2492 3541 2564; x_wconf 82' lang='lat' dir='ltr'><strong>legis</strong></span> <span class='ocrx_word' id='word_1_552' title='bbox 3573 2496 3708 2551; x_wconf 85' lang='lat' dir='ltr'><strong>dicit</strong></span> 
     </span>
    </p>
   </div>
   <div class='ocr_carea' id='block_1_70' title="bbox 2122 2578 3707 2649">
    <p class='ocr_par' dir='ltr' id='par_1_70' title="bbox 2122 2578 3707 2649">
     <span class='ocr_line' id='line_1_70' title="bbox 2122 2578 3707 2649; baseline 0.006 -18"><span class='ocrx_word' id='word_1_553' title='bbox 2122 2578 2295 2633; x_wconf 74' lang='lat' dir='ltr'><strong>virum</strong></span> <span class='ocrx_word' id='word_1_554' title='bbox 2332 2596 2345 2632; x_wconf 94' lang='lat'>:</span> <span class='ocrx_word' id='word_1_555' title='bbox 2376 2580 2585 2649; x_wconf 83' lang='lat' dir='ltr'><strong>plebem</strong></span> <span class='ocrx_word' id='word_1_556' title='bbox 2614 2590 2821 2648; x_wconf 88' lang='lat' dir='ltr'><strong>autem,</strong></span> <span class='ocrx_word' id='word_1_557' title='bbox 2856 2581 2941 2637; x_wconf 86' lang='lat' dir='ltr'><strong>vel</strong></span> <span class='ocrx_word' id='word_1_558' title='bbox 2977 2582 3248 2649; x_wconf 81' lang='lat' dir='ltr'><strong>animam,</strong></span> <span class='ocrx_word' id='word_1_559' title='bbox 3291 2581 3615 2649; x_wconf 78' lang='lat' dir='ltr'><strong>mulierem,</strong></span> <span class='ocrx_word' id='word_1_560' title='bbox 3648 2593 3707 2640; x_wconf 84' lang='lat' dir='ltr'><strong>ut</strong></span> 
     </span>
    </p>
   </div>
   <div class='ocr_carea' id='block_1_71' title="bbox 2118 2671 3702 2749">
    <p class='ocr_par' dir='ltr' id='par_1_71' title="bbox 2118 2671 3702 2749">
     <span class='ocr_line' id='line_1_71' title="bbox 2118 2671 3702 2749; baseline 0.002 -24"><span class='ocrx_word' id='word_1_561' title='bbox 2118 2671 2371 2727; x_wconf 77' lang='lat' dir='ltr'><strong>ostendat</strong></span> <span class='ocrx_word' id='word_1_562' title='bbox 2412 2671 2619 2743; x_wconf 87' lang='lat' dir='ltr'><strong>legem,</strong></span> <span class='ocrx_word' id='word_1_563' title='bbox 2664 2687 2784 2743; x_wconf 65' lang='lat' dir='ltr'><strong>quas</strong></span> <span class='ocrx_word' id='word_1_564' title='bbox 2824 2673 2959 2728; x_wconf 88' lang='lat' dir='ltr'><strong>iram</strong></span> <span class='ocrx_word' id='word_1_565' title='bbox 3006 2681 3292 2749; x_wconf 74' lang='lat' dir='ltr'><strong>operatur,</strong></span> <span class='ocrx_word' id='word_1_566' title='bbox 3328 2676 3448 2729; x_wconf 86' lang='lat' dir='ltr'><strong>sine</strong></span> <span class='ocrx_word' id='word_1_567' title='bbox 3480 2673 3702 2743; x_wconf 67' lang='lat' dir='ltr'><strong>eth-ctu,</strong></span> 
     </span>
    </p>
   </div>
   <div class='ocr_carea' id='block_1_72' title="bbox 2118 2761 3705 2833">
    <p class='ocr_par' dir='ltr' id='par_1_72' title="bbox 2118 2761 3705 2833">
     <span class='ocr_line' id='line_1_72' title="bbox 2118 2761 3705 2833; baseline 0.003 -18"><span class='ocrx_word' id='word_1_568' title='bbox 2118 2761 2271 2828; x_wconf 83' lang='lat' dir='ltr'><strong>quasi</strong></span> <span class='ocrx_word' id='word_1_569' title='bbox 2298 2772 2581 2828; x_wconf 82' lang='lat' dir='ltr'><strong>mortuam,</strong></span> <span class='ocrx_word' id='word_1_570' title='bbox 2612 2762 2769 2818; x_wconf 88' lang='lat' dir='ltr'><strong>nobis</strong></span> <span class='ocrx_word' id='word_1_571' title='bbox 2788 2762 2894 2831; x_wconf 88' lang='lat' dir='ltr'><strong>jam</strong></span> <span class='ocrx_word' id='word_1_572' title='bbox 2920 2762 3283 2829; x_wconf 74' lang='lat' dir='ltr'><strong>mortiﬁcatis,</strong></span> <span class='ocrx_word' id='word_1_573' title='bbox 3296 2762 3571 2833; x_wconf 83' lang='lat' dir='ltr'><strong>impedire</strong></span> <span class='ocrx_word' id='word_1_574' title='bbox 3591 2779 3705 2819; x_wconf 86' lang='lat' dir='ltr'><strong>non</strong></span> 
     </span>
    </p>
   </div>
   <div class='ocr_carea' id='block_1_73' title="bbox 2118 2851 3709 2925">
    <p class='ocr_par' dir='ltr' id='par_1_73' title="bbox 2118 2851 3709 2925">
     <span class='ocr_line' id='line_1_73' title="bbox 2118 2851 3709 2925; baseline 0.002 -18"><span class='ocrx_word' id='word_1_575' title='bbox 2118 2864 2279 2921; x_wconf 79' lang='lat' dir='ltr'><strong>posse</strong></span> <span class='ocrx_word' id='word_1_576' title='bbox 2302 2854 2588 2921; x_wconf 85' lang='lat' dir='ltr'><strong>quominus</strong></span> <span class='ocrx_word' id='word_1_577' title='bbox 2634 2851 2751 2922; x_wconf 78' lang='lat' dir='ltr'><strong>ejus</strong></span> <span class='ocrx_word' id='word_1_578' title='bbox 2795 2867 2916 2908; x_wconf 86' lang='lat' dir='ltr'><strong>esse</strong></span> <span class='ocrx_word' id='word_1_579' title='bbox 2944 2854 3237 2923; x_wconf 83' lang='lat' dir='ltr'><strong>possimus,</strong></span> <span class='ocrx_word' id='word_1_580' title='bbox 3283 2854 3376 2925; x_wconf 87' lang='lat' dir='ltr'><strong>qui</strong></span> <span class='ocrx_word' id='word_1_581' title='bbox 3417 2857 3709 2911; x_wconf 73' lang='lat' dir='ltr'><strong>amat-tuis</strong></span> 
     </span>
    </p>
   </div>
   <div class='ocr_carea' id='block_1_74' title="bbox 2118 2940 3709 3011">
    <p class='ocr_par' dir='ltr' id='par_1_74' title="bbox 2118 2940 3709 3011">
     <span class='ocr_line' id='line_1_74' title="bbox 2118 2940 3709 3011; baseline 0.004 -18"><span class='ocrx_word' id='word_1_582' title='bbox 2118 2940 2413 2995; x_wconf 81' lang='lat' dir='ltr'><strong>resurrexit</strong></span> <span class='ocrx_word' id='word_1_583' title='bbox 2446 2956 2462 2994; x_wconf 88' lang='lat'><strong>:</strong></span> <span class='ocrx_word' id='word_1_584' title='bbox 2504 2955 2628 3011; x_wconf 68' lang='lat' dir='ltr'><strong>qua:</strong></span> <span class='ocrx_word' id='word_1_585' title='bbox 2662 2940 2855 2997; x_wconf 85' lang='lat' dir='ltr'><strong>merito</strong></span> <span class='ocrx_word' id='word_1_586' title='bbox 2892 2942 3051 2998; x_wconf 75' lang='lat' dir='ltr'><strong>nobis</strong></span> <span class='ocrx_word' id='word_1_587' title='bbox 3090 2943 3317 3009; x_wconf 82' lang='lat' dir='ltr'><strong>viveret,</strong></span> <span class='ocrx_word' id='word_1_588' title='bbox 3358 2946 3404 2999; x_wconf 90' lang='lat' dir='ltr'><strong>si</strong></span> <span class='ocrx_word' id='word_1_589' title='bbox 3428 2946 3709 3001; x_wconf 81' lang='lat' dir='ltr'><strong>inveniret</strong></span> 
     </span>
    </p>
   </div>
   <div class='ocr_carea' id='block_1_75' title="bbox 2117 3032 3711 3102">
    <p class='ocr_par' dir='ltr' id='par_1_75' title="bbox 2117 3032 3711 3102">
     <span class='ocr_line' id='line_1_75' title="bbox 2117 3032 3711 3102; baseline 0.002 -14"><span class='ocrx_word' id='word_1_590' title='bbox 2117 3032 2260 3102; x_wconf 87' lang='lat' dir='ltr'><strong>quod</strong></span> <span class='ocrx_word' id='word_1_591' title='bbox 2286 3032 2498 3102; x_wconf 83' lang='lat' dir='ltr'><strong>puniret</strong></span> <span class='ocrx_word' id='word_1_592' title='bbox 2527 3035 2581 3089; x_wconf 81' lang='lat' dir='ltr'><strong>in</strong></span> <span class='ocrx_word' id='word_1_593' title='bbox 2608 3033 2795 3089; x_wconf 82' lang='lat' dir='ltr'><strong>nobis.</strong></span> <span class='ocrx_word' id='word_1_594' title='bbox 2828 3034 3037 3090; x_wconf 84' lang='lat' dir='ltr'><strong>Tandiu</strong></span> <span class='ocrx_word' id='word_1_595' title='bbox 3078 3036 3227 3090; x_wconf 80' lang='lat' dir='ltr'><strong>enim</strong></span> <span class='ocrx_word' id='word_1_596' title='bbox 3265 3035 3396 3091; x_wconf 85' lang='lat' dir='ltr'><strong>dicit</strong></span> <span class='ocrx_word' id='word_1_597' title='bbox 3431 3049 3556 3090; x_wconf 84' lang='lat' dir='ltr'><strong>esse</strong></span> <span class='ocrx_word' id='word_1_598' title='bbox 3603 3036 3711 3091; x_wconf 68' lang='lat' dir='ltr'><strong>sttit</strong></span> 
     </span>
    </p>
   </div>
   <div class='ocr_carea' id='block_1_76' title="bbox 2119 3121 3711 3194">
    <p class='ocr_par' dir='ltr' id='par_1_76' title="bbox 2119 3121 3711 3194">
     <span class='ocr_line' id='line_1_76' title="bbox 2119 3121 3711 3194; baseline 0.004 -19"><span class='ocrx_word' id='word_1_599' title='bbox 2119 3121 2237 3191; x_wconf 82' lang='lat' dir='ltr'><strong>lege</strong></span> <span class='ocrx_word' id='word_1_600' title='bbox 2273 3121 2565 3190; x_wconf 83' lang='lat' dir='ltr'><strong>hominem,</strong></span> <span class='ocrx_word' id='word_1_601' title='bbox 2596 3124 2834 3194; x_wconf 76' lang='lat' dir='ltr'><strong>quandiu</strong></span> <span class='ocrx_word' id='word_1_602' title='bbox 2866 3123 3076 3179; x_wconf 85' lang='lat' dir='ltr'><strong>vivitin</strong></span> <span class='ocrx_word' id='word_1_603' title='bbox 3108 3132 3352 3193; x_wconf 84' lang='lat' dir='ltr'><strong>peccato.</strong></span> <span class='ocrx_word' id='word_1_604' title='bbox 3382 3123 3495 3180; x_wconf 78' lang='lat' dir='ltr'><strong>Hoc</strong></span> <span class='ocrx_word' id='word_1_605' title='bbox 3516 3135 3711 3181; x_wconf 75' lang='lat' dir='ltr'><strong>autem</strong></span> 
     </span>
    </p>
   </div>
   <div class='ocr_carea' id='block_1_77' title="bbox 2116 3217 3710 3290">
    <p class='ocr_par' dir='ltr' id='par_1_77' title="bbox 2116 3217 3710 3290">
     <span class='ocr_line' id='line_1_77' title="bbox 2116 3217 3710 3290; baseline 0.001 -18"><span class='ocrx_word' id='word_1_606' title='bbox 2116 3227 2396 3283; x_wconf 82' lang='lat' dir='ltr'><strong>peccatum</strong></span> <span class='ocrx_word' id='word_1_607' title='bbox 2425 3217 2829 3287; x_wconf 82' lang='lat' dir='ltr'><strong>intelligendum</strong></span> <span class='ocrx_word' id='word_1_608' title='bbox 2878 3224 2982 3283; x_wconf 83' lang='lat' dir='ltr'><strong>est,</strong></span> <span class='ocrx_word' id='word_1_609' title='bbox 3027 3217 3169 3286; x_wconf 83' lang='lat' dir='ltr'><strong>quod</strong></span> <span class='ocrx_word' id='word_1_610' title='bbox 3196 3219 3422 3272; x_wconf 83' lang='lat' dir='ltr'><strong>accessit</strong></span> <span class='ocrx_word' id='word_1_611' title='bbox 3447 3234 3513 3272; x_wconf 86' lang='lat' dir='ltr'><strong>ex</strong></span> <span class='ocrx_word' id='word_1_612' title='bbox 3564 3217 3710 3290; x_wconf 53' lang='lat' dir='ltr'><strong>im.</strong></span> 
     </span>
    </p>
   </div>
   <div class='ocr_carea' id='block_1_78' title="bbox 2118 3304 3713 3386">
    <p class='ocr_par' dir='ltr' id='par_1_78' title="bbox 2118 3304 3713 3386">
     <span class='ocr_line' id='line_1_78' title="bbox 2118 3304 3713 3386; baseline 0.003 -26"><span class='ocrx_word' id='word_1_613' title='bbox 2118 3304 2217 3361; x_wconf 83' lang='lat' dir='ltr'><strong>Ubi</strong></span> <span class='ocrx_word' id='word_1_614' title='bbox 2264 3308 2410 3363; x_wconf 87' lang='lat' dir='ltr'><strong>enim</strong></span> <span class='ocrx_word' id='word_1_615' title='bbox 2460 3322 2569 3363; x_wconf 88' lang='lat' dir='ltr'><strong>non</strong></span> <span class='ocrx_word' id='word_1_616' title='bbox 2594 3316 2678 3363; x_wconf 85' lang='lat' dir='ltr'><strong>est</strong></span> <span class='ocrx_word' id='word_1_617' title='bbox 2702 3308 2872 3377; x_wconf 79' lang='lat' dir='ltr'><strong>gratia</strong></span> <span class='ocrx_word' id='word_1_618' title='bbox 2898 3308 3228 3375; x_wconf 85' lang='lat' dir='ltr'><strong>liberatoris,</strong></span> <span class='ocrx_word' id='word_1_619' title='bbox 3256 3318 3414 3380; x_wconf 85' lang='lat' dir='ltr'><strong>auget</strong></span> <span class='ocrx_word' id='word_1_620' title='bbox 3440 3311 3713 3386; x_wconf 75' lang='lat' dir='ltr'><strong>peccandi</strong></span> 
     </span>
    </p>
   </div>
   <div class='ocr_carea' id='block_1_79' title="bbox 2116 3396 3713 3471">
    <p class='ocr_par' dir='ltr' id='par_1_79' title="bbox 2116 3396 3713 3471">
     <span class='ocr_line' id='line_1_79' title="bbox 2116 3396 3713 3471; baseline 0.003 -20"><span class='ocrx_word' id='word_1_621' title='bbox 2116 3396 2442 3453; x_wconf 84' lang='lat' dir='ltr'><strong>desiderium</strong></span> <span class='ocrx_word' id='word_1_622' title='bbox 2474 3399 2767 3469; x_wconf 87' lang='lat' dir='ltr'><strong>prohibitio</strong></span> <span class='ocrx_word' id='word_1_623' title='bbox 2796 3409 3156 3469; x_wconf 76' lang='lat' dir='ltr'><strong>peccatorum.</strong></span> <span class='ocrx_word' id='word_1_624' title='bbox 3188 3399 3359 3471; x_wconf 78' lang='lat' dir='ltr'><strong>Igitur</strong></span> <span class='ocrx_word' id='word_1_625' title='bbox 3377 3401 3571 3456; x_wconf 69' lang='lat' dir='ltr'><strong>visane</strong></span> <span class='ocrx_word' id='word_1_626' title='bbox 3595 3403 3713 3456; x_wconf 79' lang='lat' dir='ltr'><strong>viro</strong></span> 
     </span>
    </p>
   </div>
   <div class='ocr_carea' id='block_1_80' title="bbox 2114 3496 3715 3567">
    <p class='ocr_par' dir='ltr' id='par_1_80' title="bbox 2114 3496 3715 3567">
     <span class='ocr_line' id='line_1_80' title="bbox 2114 3496 3715 3567; baseline 0.003 -18"><span class='ocrx_word' id='word_1_627' title='bbox 2114 3496 2377 3551; x_wconf 77' lang='lat' dir='ltr'><strong>vocabitur</strong></span> <span class='ocrx_word' id='word_1_628' title='bbox 2406 3497 2646 3553; x_wconf 81' lang='lat' dir='ltr'><strong>adultera</strong></span> <span class='ocrx_word' id='word_1_629' title='bbox 2689 3499 2737 3552; x_wconf 88' lang='lat' dir='ltr'><strong>si</strong></span> <span class='ocrx_word' id='word_1_630' title='bbox 2779 3499 2936 3567; x_wconf 78' lang='lat' dir='ltr'><strong>fuerit</strong></span> <span class='ocrx_word' id='word_1_631' title='bbox 2977 3512 3095 3552; x_wconf 83' lang='lat' dir='ltr'><strong>eum</strong></span> <span class='ocrx_word' id='word_1_632' title='bbox 3128 3498 3236 3553; x_wconf 82' lang='lat' dir='ltr'><strong>alio</strong></span> <span class='ocrx_word' id='word_1_633' title='bbox 3280 3499 3427 3552; x_wconf 65' lang='grc' dir='ltr'><strong>οὗτοι</strong></span> <span class='ocrx_word' id='word_1_634' title='bbox 3449 3499 3497 3553; x_wconf 75' lang='lat' dir='ltr'><strong>si</strong></span> <span class='ocrx_word' id='word_1_635' title='bbox 3530 3510 3715 3554; x_wconf 67' lang='lat' dir='ltr'><strong>autem</strong></span> 
     </span>
    </p>
   </div>
   <div class='ocr_carea' id='block_1_81' title="bbox 2115 3589 3713 3660">
    <p class='ocr_par' dir='ltr' id='par_1_81' title="bbox 2115 3589 3713 3660">
     <span class='ocr_line' id='line_1_81' title="bbox 2115 3589 3713 3660; baseline 0.002 -19"><span class='ocrx_word' id='word_1_636' title='bbox 2115 3597 2347 3643; x_wconf 74' lang='lat' dir='ltr'><strong>mortuus</strong></span> <span class='ocrx_word' id='word_1_637' title='bbox 2374 3589 2525 3659; x_wconf 68' lang='lat' dir='ltr'><strong>fuerit</strong></span> <span class='ocrx_word' id='word_1_638' title='bbox 2556 3590 2632 3643; x_wconf 76' lang='lat' dir='ltr'><strong>vir</strong></span> <span class='ocrx_word' id='word_1_639' title='bbox 2660 3592 2790 3660; x_wconf 69' lang='lat' dir='ltr'><strong>eius,</strong></span> <span class='ocrx_word' id='word_1_640' title='bbox 2822 3589 3038 3645; x_wconf 70' lang='lat' dir='ltr'><strong>liberata</strong></span> <span class='ocrx_word' id='word_1_641' title='bbox 3062 3599 3137 3645; x_wconf 85' lang='lat' dir='ltr'><strong>est</strong></span> <span class='ocrx_word' id='word_1_642' title='bbox 3164 3606 3198 3644; x_wconf 72' lang='grc' dir='ltr'><em>α</em></span> <span class='ocrx_word' id='word_1_643' title='bbox 3216 3590 3334 3660; x_wconf 79' lang='lat' dir='ltr'><strong>lege</strong></span> <span class='ocrx_word' id='word_1_644' title='bbox 3355 3628 3372 3656; x_wconf 90' lang='lat'><strong>,</strong></span> <span class='ocrx_word' id='word_1_645' title='bbox 3408 3600 3463 3643; x_wconf 86' lang='lat' dir='ltr'><strong>ut</strong></span> <span class='ocrx_word' id='word_1_646' title='bbox 3500 3606 3613 3645; x_wconf 71' lang='lat' dir='ltr'><strong>troas</strong></span> <span class='ocrx_word' id='word_1_647' title='bbox 3645 3592 3713 3644; x_wconf 82' lang='lat' dir='ltr'><strong>sit</strong></span> 
     </span>
    </p>
   </div>
   <div class='ocr_carea' id='block_1_82' title="bbox 2115 3672 3719 3757">
    <p class='ocr_par' dir='ltr' id='par_1_82' title="bbox 2115 3672 3719 3757">
     <span class='ocr_line' id='line_1_82' title="bbox 2115 3672 3719 3757; baseline 0.004 -19"><span class='ocrx_word' id='word_1_648' title='bbox 2115 3685 2386 3753; x_wconf 75' lang='lat' dir='ltr'><strong>adultera,</strong></span> <span class='ocrx_word' id='word_1_649' title='bbox 2417 3687 2464 3741; x_wconf 81' lang='lat' dir='ltr'><strong>si</strong></span> <span class='ocrx_word' id='word_1_650' title='bbox 2507 3687 2662 3755; x_wconf 78' lang='lat' dir='ltr'><strong>fuerit</strong></span> <span class='ocrx_word' id='word_1_651' title='bbox 2691 3702 2807 3741; x_wconf 77' lang='lat' dir='ltr'><strong>eum</strong></span> <span class='ocrx_word' id='word_1_652' title='bbox 2834 3689 2938 3742; x_wconf 82' lang='lat' dir='ltr'><strong>alio</strong></span> <span class='ocrx_word' id='word_1_653' title='bbox 2968 3688 3096 3742; x_wconf 71' lang='lat' dir='ltr'><strong>uiro.</strong></span> <span class='ocrx_word' id='word_1_654' title='bbox 3134 3688 3399 3756; x_wconf 80' lang='lat' dir='ltr'><strong>Quandiu</strong></span> <span class='ocrx_word' id='word_1_655' title='bbox 3418 3689 3555 3744; x_wconf 80' lang='lat' dir='ltr'><strong>vivit</strong></span> <span class='ocrx_word' id='word_1_656' title='bbox 3598 3672 3719 3757; x_wconf 42' lang='lat' dir='ltr'><strong>vir,&quot;</strong></span> 
     </span>
    </p>
   </div>
   <div class='ocr_carea' id='block_1_83' title="bbox 2116 3777 3712 3847">
    <p class='ocr_par' dir='ltr' id='par_1_83' title="bbox 2116 3777 3712 3847">
     <span class='ocr_line' id='line_1_83' title="bbox 2116 3777 3712 3847; baseline 0.002 -15"><span class='ocrx_word' id='word_1_657' title='bbox 2116 3778 2300 3833; x_wconf 88' lang='lat' dir='ltr'><strong>tandiu</strong></span> <span class='ocrx_word' id='word_1_658' title='bbox 2329 3778 2379 3832; x_wconf 88' lang='lat' dir='ltr'><strong>ei</strong></span> <span class='ocrx_word' id='word_1_659' title='bbox 2408 3778 2703 3833; x_wconf 86' lang='lat' dir='ltr'><strong>secundum</strong></span> <span class='ocrx_word' id='word_1_660' title='bbox 2738 3777 2856 3847; x_wconf 89' lang='lat' dir='ltr'><strong>ejus</strong></span> <span class='ocrx_word' id='word_1_661' title='bbox 2884 3793 3106 3835; x_wconf 82' lang='lat' dir='ltr'><strong>necesse</strong></span> <span class='ocrx_word' id='word_1_662' title='bbox 3137 3788 3222 3835; x_wconf 83' lang='lat' dir='ltr'><strong>est</strong></span> <span class='ocrx_word' id='word_1_663' title='bbox 3247 3780 3427 3835; x_wconf 86' lang='lat' dir='ltr'><strong>vivere</strong></span> <span class='ocrx_word' id='word_1_664' title='bbox 3448 3779 3712 3835; x_wconf 76' lang='lat' dir='ltr'><strong>volunta-</strong></span> 
     </span>
    </p>
   </div>
   <div class='ocr_carea' id='block_1_84' title="bbox 2115 3870 3709 3936">
    <p class='ocr_par' dir='ltr' id='par_1_84' title="bbox 2115 3870 3709 3936">
     <span class='ocr_line' id='line_1_84' title="bbox 2115 3870 3709 3936; baseline 0.004 -12"><span class='ocrx_word' id='word_1_665' title='bbox 2115 3884 2245 3935; x_wconf 69' lang='lat' dir='ltr'><strong>tem.</strong></span> <span class='ocrx_word' id='word_1_666' title='bbox 2277 3870 2336 3925; x_wconf 84' lang='lat' dir='ltr'><strong>Si</strong></span> <span class='ocrx_word' id='word_1_667' title='bbox 2365 3874 2544 3925; x_wconf 71' lang='lat' dir='ltr'><strong>autem</strong></span> <span class='ocrx_word' id='word_1_668' title='bbox 2592 3870 2875 3925; x_wconf 84' lang='lat' dir='ltr'><strong>dormierit</strong></span> <span class='ocrx_word' id='word_1_669' title='bbox 2920 3873 3020 3936; x_wconf 86' lang='lat' dir='ltr'><strong>vir,</strong></span> <span class='ocrx_word' id='word_1_670' title='bbox 3056 3882 3112 3927; x_wconf 88' lang='lat' dir='ltr'><strong>et</strong></span> <span class='ocrx_word' id='word_1_671' title='bbox 3154 3872 3354 3928; x_wconf 87' lang='lat' dir='ltr'><strong>mulier</strong></span> <span class='ocrx_word' id='word_1_672' title='bbox 3397 3873 3488 3927; x_wconf 78' lang='lat' dir='ltr'><strong>alii</strong></span> <span class='ocrx_word' id='word_1_673' title='bbox 3531 3873 3709 3930; x_wconf 66' lang='lat' dir='ltr'><strong>inerit</strong></span> 
     </span>
    </p>
   </div>
   <div class='ocr_carea' id='block_1_85' title="bbox 2110 3957 3711 4033">
    <p class='ocr_par' dir='ltr' id='par_1_85' title="bbox 2110 3957 3711 4033">
     <span class='ocr_line' id='line_1_85' title="bbox 2110 3957 3711 4033; baseline 0.003 -18"><span class='ocrx_word' id='word_1_674' title='bbox 2110 3957 2296 4022; x_wconf 70' lang='lat' dir='ltr'><strong>iuncta</strong></span> <span class='ocrx_word' id='word_1_675' title='bbox 2316 3963 2453 4030; x_wconf 87' lang='lat' dir='ltr'><strong>viro,</strong></span> <span class='ocrx_word' id='word_1_676' title='bbox 2471 3961 2583 4032; x_wconf 81' lang='lat' dir='ltr'><strong>jam</strong></span> <span class='ocrx_word' id='word_1_677' title='bbox 2605 3977 2713 4018; x_wconf 87' lang='lat' dir='ltr'><strong>non</strong></span> <span class='ocrx_word' id='word_1_678' title='bbox 2728 3963 2785 4018; x_wconf 81' lang='lat' dir='ltr'><strong>ei</strong></span> <span class='ocrx_word' id='word_1_679' title='bbox 2812 3964 3107 4019; x_wconf 81' lang='lat' dir='ltr'><strong>secundum</strong></span> <span class='ocrx_word' id='word_1_680' title='bbox 3130 3964 3327 4033; x_wconf 88' lang='lat' dir='ltr'><strong>prioris</strong></span> <span class='ocrx_word' id='word_1_681' title='bbox 3341 3963 3441 4019; x_wconf 85' lang='lat' dir='ltr'><strong>viri</strong></span> <span class='ocrx_word' id='word_1_682' title='bbox 3463 3978 3711 4020; x_wconf 82' lang='lat' dir='ltr'><strong>consue-</strong></span> 
     </span>
    </p>
   </div>
   <div class='ocr_carea' id='block_1_86' title="bbox 2114 4053 3711 4127">
    <p class='ocr_par' dir='ltr' id='par_1_86' title="bbox 2114 4053 3711 4127">
     <span class='ocr_line' id='line_1_86' title="bbox 2114 4053 3711 4127; baseline 0.001 -17"><span class='ocrx_word' id='word_1_683' title='bbox 2114 4056 2351 4112; x_wconf 90' lang='lat' dir='ltr'><strong>tudinem</strong></span> <span class='ocrx_word' id='word_1_684' title='bbox 2374 4065 2460 4112; x_wconf 85' lang='lat' dir='ltr'><strong>est</strong></span> <span class='ocrx_word' id='word_1_685' title='bbox 2478 4056 2786 4111; x_wconf 81' lang='lat' dir='ltr'><strong>vivendum.</strong></span> <span class='ocrx_word' id='word_1_686' title='bbox 2813 4053 3196 4127; x_wconf 75' lang='lat' dir='ltr'><strong>Itaque,st</strong></span> <span class='ocrx_word' id='word_1_687' title='bbox 3220 4057 3385 4123; x_wconf 61' lang='lat' dir='ltr'><strong>nisi,“</strong></span> <span class='ocrx_word' id='word_1_688' title='bbox 3402 4072 3491 4110; x_wconf 71' lang='lat' dir='ltr'><strong>res</strong></span> <span class='ocrx_word' id='word_1_689' title='bbox 3518 4059 3711 4111; x_wconf 68' lang='lat' dir='ltr'><strong>morti-</strong></span> 
     </span>
    </p>
   </div>
   <div class='ocr_carea' id='block_1_87' title="bbox 2115 4134 3712 4219">
    <p class='ocr_par' dir='ltr' id='par_1_87' title="bbox 2115 4134 3712 4219">
     <span class='ocr_line' id='line_1_87' title="bbox 2115 4134 3712 4219; baseline 0.004 -20"><span class='ocrx_word' id='word_1_690' title='bbox 2115 4134 2255 4215; x_wconf 65' lang='lat' dir='ltr'><strong>ﬁcati</strong></span> <span class='ocrx_word' id='word_1_691' title='bbox 2284 4150 2400 4202; x_wconf 82' lang='lat' dir='ltr'><strong>estis</strong></span> <span class='ocrx_word' id='word_1_692' title='bbox 2422 4148 2546 4219; x_wconf 79' lang='lat' dir='ltr'><strong>legi.</strong></span> <span class='ocrx_word' id='word_1_693' title='bbox 2575 4147 2729 4203; x_wconf 73' lang='lat' dir='ltr'><strong>iuxta</strong></span> <span class='ocrx_word' id='word_1_694' title='bbox 2744 4160 2941 4217; x_wconf 83' lang='lat' dir='ltr'><strong>corpus</strong></span> <span class='ocrx_word' id='word_1_695' title='bbox 2956 4147 3129 4203; x_wconf 83' lang='lat' dir='ltr'><strong>noluit</strong></span> <span class='ocrx_word' id='word_1_696' title='bbox 3145 4148 3326 4203; x_wconf 69' lang='lat' dir='ltr'><strong>dicere</strong></span> <span class='ocrx_word' id='word_1_697' title='bbox 3338 4190 3355 4217; x_wconf 93' lang='lat'><strong>,</strong></span> <span class='ocrx_word' id='word_1_698' title='bbox 3379 4146 3712 4205; x_wconf 66' lang='lat' dir='ltr'><strong>Mortiﬁcate</strong></span> 
     </span>
    </p>
   </div>
   <div class='ocr_carea' id='block_1_88' title="bbox 2106 4236 3711 4307">
    <p class='ocr_par' dir='ltr' id='par_1_88' title="bbox 2106 4236 3711 4307">
     <span class='ocr_line' id='line_1_88' title="bbox 2106 4236 3711 4307; baseline 0.002 -16"><span class='ocrx_word' id='word_1_699' title='bbox 2106 4246 2198 4291; x_wconf 80' lang='lat' dir='ltr'><strong>est</strong></span> <span class='ocrx_word' id='word_1_700' title='bbox 2223 4237 2374 4293; x_wconf 89' lang='lat' dir='ltr'><strong>vobis</strong></span> <span class='ocrx_word' id='word_1_701' title='bbox 2404 4238 2509 4301; x_wconf 69' lang='lat' dir='ltr'><strong>lex;</strong></span> <span class='ocrx_word' id='word_1_702' title='bbox 2536 4238 2631 4293; x_wconf 87' lang='lat' dir='ltr'><strong>scd</strong></span> <span class='ocrx_word' id='word_1_703' title='bbox 2652 4236 2867 4307; x_wconf 84' lang='lat' dir='ltr'><strong>reliquit</strong></span> <span class='ocrx_word' id='word_1_704' title='bbox 2908 4236 3227 4304; x_wconf 77' lang='lat' dir='ltr'><strong>intellectui,</strong></span> <span class='ocrx_word' id='word_1_705' title='bbox 3270 4238 3409 4293; x_wconf 85' lang='lat' dir='ltr'><strong>sicut</strong></span> <span class='ocrx_word' id='word_1_706' title='bbox 3436 4241 3487 4291; x_wconf 82' lang='lat' dir='ltr'><strong>in</strong></span> <span class='ocrx_word' id='word_1_707' title='bbox 3512 4241 3711 4294; x_wconf 77' lang='lat' dir='ltr'><strong>multis</strong></span> 
     </span>
    </p>
   </div>
   <div class='ocr_carea' id='block_1_89' title="bbox 2115 4326 3713 4400">
    <p class='ocr_par' dir='ltr' id='par_1_89' title="bbox 2115 4326 3713 4400">
     <span class='ocr_line' id='line_1_89' title="bbox 2115 4326 3713 4400; baseline 0.003 -19"><span class='ocrx_word' id='word_1_708' title='bbox 2115 4328 2270 4382; x_wconf 85' lang='lat' dir='ltr'><strong>locis.</strong></span> <span class='ocrx_word' id='word_1_709' title='bbox 2296 4328 2456 4383; x_wconf 80' lang='lat' dir='ltr'><strong>Juxta</strong></span> <span class='ocrx_word' id='word_1_710' title='bbox 2485 4328 2941 4397; x_wconf 81' lang='lat' dir='ltr'><strong>comparationem</strong></span> <span class='ocrx_word' id='word_1_711' title='bbox 2963 4328 3149 4384; x_wconf 78' lang='lat' dir='ltr'><strong>debuit</strong></span> <span class='ocrx_word' id='word_1_712' title='bbox 3170 4326 3377 4395; x_wconf 81' lang='lat' dir='ltr'><strong>dicere,</strong></span> <span class='ocrx_word' id='word_1_713' title='bbox 3399 4330 3573 4400; x_wconf 78' lang='lat' dir='ltr'><strong>magis</strong></span> <span class='ocrx_word' id='word_1_714' title='bbox 3596 4333 3713 4385; x_wconf 78' lang='lat' dir='ltr'><strong>illis</strong></span> 
     </span>
    </p>
   </div>
   <div class='ocr_carea' id='block_1_90' title="bbox 2112 4417 3713 4491">
    <p class='ocr_par' dir='ltr' id='par_1_90' title="bbox 2112 4417 3713 4491">
     <span class='ocr_line' id='line_1_90' title="bbox 2112 4417 3713 4491; baseline 0.003 -20"><span class='ocrx_word' id='word_1_715' title='bbox 2112 4417 2285 4487; x_wconf 77' lang='lat' dir='ltr'><strong>legem</strong></span> <span class='ocrx_word' id='word_1_716' title='bbox 2312 4426 2580 4474; x_wconf 74' lang='lat' dir='ltr'><strong>murteam</strong></span> <span class='ocrx_word' id='word_1_717' title='bbox 2609 4430 2771 4489; x_wconf 83' lang='lat' dir='ltr'><strong>quam</strong></span> <span class='ocrx_word' id='word_1_718' title='bbox 2801 4419 2950 4488; x_wconf 87' lang='lat' dir='ltr'><strong>ipsos</strong></span> <span class='ocrx_word' id='word_1_719' title='bbox 2979 4420 3103 4491; x_wconf 88' lang='lat' dir='ltr'><strong>legi,</strong></span> <span class='ocrx_word' id='word_1_720' title='bbox 3133 4420 3228 4475; x_wconf 81' lang='lat' dir='ltr'><strong>sed</strong></span> <span class='ocrx_word' id='word_1_721' title='bbox 3252 4419 3399 4488; x_wconf 87' lang='lat' dir='ltr'><strong>quod</strong></span> <span class='ocrx_word' id='word_1_722' title='bbox 3438 4423 3585 4476; x_wconf 84' lang='lat' dir='ltr'><strong>inter</strong></span> <span class='ocrx_word' id='word_1_723' title='bbox 3612 4421 3713 4476; x_wconf 80' lang='lat' dir='ltr'><strong>Ju-</strong></span> 
     </span>
    </p>
   </div>
   <div class='ocr_carea' id='block_1_91' title="bbox 430 4497 3709 4601">
    <p class='ocr_par' dir='ltr' id='par_1_91' title="bbox 430 4497 3709 4601">
     <span class='ocr_line' id='line_1_91' title="bbox 430 4497 3709 4601; baseline 0.004 -50"><span class='ocrx_word' id='word_1_724' title='bbox 430 4504 516 4551; x_wconf 73' lang='lat' dir='ltr'><strong>est</strong></span> <span class='ocrx_word' id='word_1_725' title='bbox 546 4534 563 4562; x_wconf 94' lang='lat'><strong>,</strong></span> <span class='ocrx_word' id='word_1_726' title='bbox 603 4497 725 4566; x_wconf 86' lang='lat' dir='ltr'><strong>quia</strong></span> <span class='ocrx_word' id='word_1_727' title='bbox 757 4514 855 4554; x_wconf 87' lang='lat' dir='ltr'><strong>nec</strong></span> <span class='ocrx_word' id='word_1_728' title='bbox 882 4500 936 4554; x_wconf 92' lang='lat' dir='ltr'><strong>in</strong></span> <span class='ocrx_word' id='word_1_729' title='bbox 967 4502 1216 4569; x_wconf 61' lang='lat' dir='ltr'><strong>praesenti</strong></span> <span class='ocrx_word' id='word_1_730' title='bbox 1258 4503 1489 4563; x_wconf 77' lang='lat' dir='ltr'><strong>fructum</strong></span> <span class='ocrx_word' id='word_1_731' title='bbox 1521 4507 1704 4578; x_wconf 70' lang='lat' dir='ltr'><strong>habet,</strong></span> <span class='ocrx_word' id='word_1_732' title='bbox 1742 4521 1800 4567; x_wconf 88' lang='lat' dir='ltr'><strong>et</strong></span> <span class='ocrx_word' id='word_1_733' title='bbox 1846 4513 2005 4569; x_wconf 85' lang='lat' dir='ltr'><strong>linem</strong></span> <span class='ocrx_word' id='word_1_734' title='bbox 2035 4534 2095 4601; x_wconf 62' lang='grc' dir='ltr'><strong><em>Β</em></strong></span> <span class='ocrx_word' id='word_1_735' title='bbox 2116 4508 2262 4563; x_wconf 63' lang='lat' dir='ltr'><strong>datos</strong></span> <span class='ocrx_word' id='word_1_736' title='bbox 2283 4509 2463 4564; x_wconf 86' lang='lat' dir='ltr'><strong>dicere</strong></span> <span class='ocrx_word' id='word_1_737' title='bbox 2487 4509 2663 4564; x_wconf 81' lang='lat' dir='ltr'><strong>adhuc</strong></span> <span class='ocrx_word' id='word_1_738' title='bbox 2695 4510 3035 4601; x_wconf 71' lang='lat' dir='ltr'><strong>intractabile</strong></span> <span class='ocrx_word' id='word_1_739' title='bbox 3059 4510 3368 4577; x_wconf 82' lang='lat' dir='ltr'><strong>videbatur,</strong></span> <span class='ocrx_word' id='word_1_740' title='bbox 3400 4510 3709 4565; x_wconf 77' lang='lat' dir='ltr'><strong>intellectui</strong></span> 
     </span>
    </p>
   </div>
   <div class='ocr_carea' id='block_1_92' title="bbox 432 4588 3712 4672">
    <p class='ocr_par' dir='ltr' id='par_1_92' title="bbox 432 4588 3712 4672">
     <span class='ocr_line' id='line_1_92' title="bbox 432 4588 3712 4672; baseline 0.01 -32"><span class='ocrx_word' id='word_1_741' title='bbox 432 4595 684 4641; x_wconf 82' lang='lat' dir='ltr'><strong>mortem.</strong></span> <span class='ocrx_word' id='word_1_742' title='bbox 714 4588 854 4643; x_wconf 74' lang='lat' dir='ltr'><strong>Nam</strong></span> <span class='ocrx_word' id='word_1_743' title='bbox 892 4591 1012 4659; x_wconf 76' lang='lat' dir='ltr'><strong>ﬁnis</strong></span> <span class='ocrx_word' id='word_1_744' title='bbox 1042 4593 1293 4659; x_wconf 75' lang='lat' dir='ltr'><strong>tttmm,</strong></span> <span class='ocrx_word' id='word_1_745' title='bbox 1322 4596 1583 4652; x_wconf 83' lang='lat' dir='ltr'><strong>malorum</strong></span> <span class='ocrx_word' id='word_1_746' title='bbox 1614 4602 1842 4670; x_wconf 83' lang='lat' dir='ltr'><strong>scilicet,</strong></span> <span class='ocrx_word' id='word_1_747' title='bbox 1873 4621 2009 4659; x_wconf 81' lang='lat' dir='ltr'><strong>mers</strong></span> <span class='ocrx_word' id='word_1_748' title='bbox 2035 4588 2082 4601; x_wconf 57' lang='grc'><em>⁷</em></span> <span class='ocrx_word' id='word_1_749' title='bbox 2114 4598 2484 4668; x_wconf 71' lang='lat' dir='ltr'><strong>derelinquil‘!</strong></span> <span class='ocrx_word' id='word_1_750' title='bbox 2520 4602 2666 4655; x_wconf 68' lang='lat' dir='ltr'><strong>satis</strong></span> <span class='ocrx_word' id='word_1_751' title='bbox 2702 4600 2978 4657; x_wconf 74' lang='lat' dir='ltr'><strong>evidenter</strong></span> <span class='ocrx_word' id='word_1_752' title='bbox 3021 4602 3345 4669; x_wconf 71' lang='lat' dir='ltr'><strong>ostendens.</strong></span> <span class='ocrx_word' id='word_1_753' title='bbox 3390 4602 3560 4672; x_wconf 63' lang='lat' dir='ltr'><strong>Iason</strong></span> <span class='ocrx_word' id='word_1_754' title='bbox 3592 4617 3712 4658; x_wconf 76' lang='lat' dir='ltr'><strong>non</strong></span> 
     </span>
    </p>
   </div>
   <div class='ocr_carea' id='block_1_93' title="bbox 431 4678 2006 4763">
    <p class='ocr_par' dir='ltr' id='par_1_93' title="bbox 431 4678 2006 4763">
     <span class='ocr_line' id='line_1_93' title="bbox 431 4678 2006 4763; baseline 0.011 -30"><span class='ocrx_word' id='word_1_755' title='bbox 431 4686 528 4734; x_wconf 80' lang='lat' dir='ltr'><strong>est.</strong></span> <span class='ocrx_word' id='word_1_756' title='bbox 560 4678 722 4734; x_wconf 71' lang='lat' dir='ltr'><strong>Pmns</strong></span> <span class='ocrx_word' id='word_1_757' title='bbox 754 4691 1029 4751; x_wconf 87' lang='lat' dir='ltr'><strong>perpetua.</strong></span> <span class='ocrx_word' id='word_1_758' title='bbox 1065 4683 1221 4738; x_wconf 79' lang='lat' dir='ltr'><strong>Nune</strong></span> <span class='ocrx_word' id='word_1_759' title='bbox 1247 4701 1363 4741; x_wconf 74' lang='lat' dir='ltr'><strong>ocra</strong></span> <span class='ocrx_word' id='word_1_760' title='bbox 1392 4688 1593 4744; x_wconf 79' lang='lat' dir='ltr'><strong>liberati</strong></span> <span class='ocrx_word' id='word_1_761' title='bbox 1613 4708 1646 4744; x_wconf 89' lang='lat' dir='ltr'><strong>a</strong></span> <span class='ocrx_word' id='word_1_762' title='bbox 1665 4703 1887 4763; x_wconf 80' lang='lat' dir='ltr'><strong>peccato.</strong></span> <span class='ocrx_word' id='word_1_763' title='bbox 1912 4695 2006 4752; x_wconf 83' lang='grc' dir='ltr'><strong>Δι-</strong></span> 
     </span>
    </p>
   </div>
   <div class='ocr_carea' id='block_1_94' title="bbox 434 4769 2008 4848">
    <p class='ocr_par' dir='ltr' id='par_1_94' title="bbox 434 4769 2008 4848">
     <span class='ocr_line' id='line_1_94' title="bbox 434 4769 2008 4848; baseline 0.013 -25"><span class='ocrx_word' id='word_1_764' title='bbox 434 4769 595 4826; x_wconf 85' lang='lat' dir='ltr'><strong>tende</strong></span> <span class='ocrx_word' id='word_1_765' title='bbox 621 4772 743 4840; x_wconf 85' lang='lat' dir='ltr'><strong>quia</strong></span> <span class='ocrx_word' id='word_1_766' title='bbox 774 4772 976 4829; x_wconf 78' lang='lat' dir='ltr'><strong>liberati</strong></span> <span class='ocrx_word' id='word_1_767' title='bbox 1003 4774 1160 4844; x_wconf 89' lang='lat' dir='ltr'><strong>dixit,</strong></span> <span class='ocrx_word' id='word_1_768' title='bbox 1207 4786 1265 4832; x_wconf 89' lang='lat' dir='ltr'><strong>ut</strong></span> <span class='ocrx_word' id='word_1_769' title='bbox 1292 4794 1398 4835; x_wconf 86' lang='lat' dir='ltr'><strong>non</strong></span> <span class='ocrx_word' id='word_1_770' title='bbox 1428 4780 1616 4848; x_wconf 85' lang='lat' dir='ltr'><strong>nobis,</strong></span> <span class='ocrx_word' id='word_1_771' title='bbox 1659 4785 1752 4839; x_wconf 88' lang='lat' dir='ltr'><strong>sed</strong></span> <span class='ocrx_word' id='word_1_772' title='bbox 1780 4786 1892 4843; x_wconf 86' lang='lat' dir='ltr'><strong>Deo</strong></span> <span class='ocrx_word' id='word_1_773' title='bbox 1915 4787 2008 4844; x_wconf 86' lang='lat' dir='ltr'><strong>de-</strong></span> 
     </span>
    </p>
   </div>
   <div class='ocr_carea' id='block_1_95' title="bbox 430 4863 2008 4945">
    <p class='ocr_par' dir='ltr' id='par_1_95' title="bbox 430 4863 2008 4945">
     <span class='ocr_line' id='line_1_95' title="bbox 430 4863 2008 4945; baseline 0.011 -29"><span class='ocrx_word' id='word_1_774' title='bbox 430 4877 551 4917; x_wconf 76' lang='lat' dir='ltr'><strong>mus</strong></span> <span class='ocrx_word' id='word_1_775' title='bbox 569 4863 810 4932; x_wconf 78' lang='lat' dir='ltr'><strong>gloriam.</strong></span> <span class='ocrx_word' id='word_1_776' title='bbox 836 4865 986 4921; x_wconf 76' lang='lat' dir='ltr'><strong>Servi</strong></span> <span class='ocrx_word' id='word_1_777' title='bbox 1021 4877 1192 4923; x_wconf 80' lang='lat' dir='ltr'><strong>autem</strong></span> <span class='ocrx_word' id='word_1_778' title='bbox 1220 4870 1347 4941; x_wconf 76' lang='lat' dir='ltr'><strong>facti</strong></span> <span class='ocrx_word' id='word_1_779' title='bbox 1376 4869 1485 4925; x_wconf 82' lang='lat' dir='ltr'><strong>Deo</strong></span> <span class='ocrx_word' id='word_1_780' title='bbox 1504 4913 1519 4937; x_wconf 90' lang='lat'><strong>,</strong></span> <span class='ocrx_word' id='word_1_781' title='bbox 1564 4872 1756 4931; x_wconf 79' lang='lat' dir='ltr'><strong>habetis</strong></span> <span class='ocrx_word' id='word_1_782' title='bbox 1780 4876 2008 4945; x_wconf 68' lang='lat' dir='ltr'><strong>fructum</strong></span> 
     </span>
    </p>
   </div>
   <div class='ocr_carea' id='block_1_96' title="bbox 430 4957 2002 5030">
    <p class='ocr_par' dir='ltr' id='par_1_96' title="bbox 430 4957 2002 5030">
     <span class='ocr_line' id='line_1_96' title="bbox 430 4957 2002 5030; baseline 0.012 -24"><span class='ocrx_word' id='word_1_783' title='bbox 430 4957 723 5009; x_wconf 75' lang='lat' dir='ltr'><strong>vestrumin</strong></span> <span class='ocrx_word' id='word_1_784' title='bbox 743 4958 1213 5029; x_wconf 70' lang='lat' dir='ltr'><strong>sanctiﬁcationem,</strong></span> <span class='ocrx_word' id='word_1_785' title='bbox 1243 4961 1397 5030; x_wconf 75' lang='lat' dir='ltr'><strong>finem</strong></span> <span class='ocrx_word' id='word_1_786' title='bbox 1421 4979 1539 5017; x_wconf 79' lang='lat' dir='ltr'><strong>vero</strong></span> <span class='ocrx_word' id='word_1_787' title='bbox 1558 4962 1712 5020; x_wconf 78' lang='lat' dir='ltr'><strong>vitam</strong></span> <span class='ocrx_word' id='word_1_788' title='bbox 1736 4977 2002 5025; x_wconf 66' lang='lat' dir='ltr'><strong>internum.</strong></span> 
     </span>
    </p>
   </div>
   <div class='ocr_carea' id='block_1_97' title="bbox 429 5045 2007 5127">
    <p class='ocr_par' dir='ltr' id='par_1_97' title="bbox 429 5045 2007 5127">
     <span class='ocr_line' id='line_1_97' title="bbox 429 5045 2007 5127; baseline 0.013 -30"><span class='ocrx_word' id='word_1_789' title='bbox 429 5045 486 5097; x_wconf 90' lang='lat' dir='ltr'><strong>In</strong></span> <span class='ocrx_word' id='word_1_790' title='bbox 533 5045 625 5099; x_wconf 88' lang='lat' dir='ltr'><strong>Dei</strong></span> <span class='ocrx_word' id='word_1_791' title='bbox 656 5049 876 5105; x_wconf 88' lang='lat' dir='ltr'><strong>servitio</strong></span> <span class='ocrx_word' id='word_1_792' title='bbox 914 5065 1235 5119; x_wconf 83' lang='lat' dir='ltr'><strong>permanere</strong></span> <span class='ocrx_word' id='word_1_793' title='bbox 1260 5093 1276 5118; x_wconf 92' lang='lat'><strong>,</strong></span> <span class='ocrx_word' id='word_1_794' title='bbox 1311 5053 1412 5109; x_wconf 90' lang='lat' dir='ltr'><strong>hoc</strong></span> <span class='ocrx_word' id='word_1_795' title='bbox 1459 5056 1634 5127; x_wconf 88' lang='lat' dir='ltr'><strong>ipsum</strong></span> <span class='ocrx_word' id='word_1_796' title='bbox 1657 5056 1769 5126; x_wconf 90' lang='lat' dir='ltr'><strong>jam</strong></span> <span class='ocrx_word' id='word_1_797' title='bbox 1801 5058 2007 5117; x_wconf 83' lang='lat' dir='ltr'><strong>fructus</strong></span> 
     </span>
    </p>
   </div>
   <div class='ocr_carea' id='block_1_98' title="bbox 428 5136 2006 5214">
    <p class='ocr_par' dir='ltr' id='par_1_98' title="bbox 428 5136 2006 5214">
     <span class='ocr_line' id='line_1_98' title="bbox 428 5136 2006 5214; baseline 0.013 -28"><span class='ocrx_word' id='word_1_798' title='bbox 428 5141 514 5187; x_wconf 83' lang='lat' dir='ltr'><strong>est</strong></span> <span class='ocrx_word' id='word_1_799' title='bbox 541 5136 680 5201; x_wconf 90' lang='lat' dir='ltr'><strong>quod</strong></span> <span class='ocrx_word' id='word_1_800' title='bbox 713 5138 918 5204; x_wconf 87' lang='lat' dir='ltr'><strong>vivitis,</strong></span> <span class='ocrx_word' id='word_1_801' title='bbox 949 5141 1263 5197; x_wconf 79' lang='lat' dir='ltr'><strong>sanctiﬁcati</strong></span> <span class='ocrx_word' id='word_1_802' title='bbox 1295 5158 1389 5212; x_wconf 91' lang='lat' dir='ltr'><strong>per</strong></span> <span class='ocrx_word' id='word_1_803' title='bbox 1426 5145 1770 5214; x_wconf 84' lang='lat' dir='ltr'><strong>baptismum.</strong></span> <span class='ocrx_word' id='word_1_804' title='bbox 1804 5150 2006 5207; x_wconf 85' lang='lat' dir='ltr'><strong>Servus</strong></span> 
     </span>
    </p>
   </div>
   <div class='ocr_carea' id='block_1_99' title="bbox 426 5223 2005 5310">
    <p class='ocr_par' dir='ltr' id='par_1_99' title="bbox 426 5223 2005 5310">
     <span class='ocr_line' id='line_1_99' title="bbox 426 5223 2005 5310; baseline 0.014 -35"><span class='ocrx_word' id='word_1_805' title='bbox 426 5232 606 5276; x_wconf 84' lang='lat' dir='ltr'><strong>autem</strong></span> <span class='ocrx_word' id='word_1_806' title='bbox 648 5223 742 5278; x_wconf 77' lang='lat' dir='ltr'><strong>Dei</strong></span> <span class='ocrx_word' id='word_1_807' title='bbox 771 5226 943 5280; x_wconf 78' lang='lat' dir='ltr'><strong>vicem</strong></span> <span class='ocrx_word' id='word_1_808' title='bbox 985 5229 1217 5287; x_wconf 89' lang='lat' dir='ltr'><strong>inimicis</strong></span> <span class='ocrx_word' id='word_1_809' title='bbox 1258 5248 1363 5288; x_wconf 88' lang='lat' dir='ltr'><strong>non</strong></span> <span class='ocrx_word' id='word_1_810' title='bbox 1398 5236 1573 5290; x_wconf 83' lang='lat' dir='ltr'><strong>reddit</strong></span> <span class='ocrx_word' id='word_1_811' title='bbox 1599 5236 1740 5293; x_wconf 80' lang='lat' dir='ltr'><strong>sicut</strong></span> <span class='ocrx_word' id='word_1_812' title='bbox 1782 5238 2005 5310; x_wconf 71' lang='lat' dir='ltr'><strong>loseph,</strong></span> 
     </span>
    </p>
   </div>
   <div class='ocr_carea' id='block_1_100' title="bbox 428 5313 2004 5391">
    <p class='ocr_par' dir='ltr' id='par_1_100' title="bbox 428 5313 2004 5391">
     <span class='ocr_line' id='line_1_100' title="bbox 428 5313 2004 5391; baseline 0.018 -29"><span class='ocrx_word' id='word_1_813' title='bbox 428 5315 516 5381; x_wconf 86' lang='lat' dir='ltr'><strong>qui</strong></span> <span class='ocrx_word' id='word_1_814' title='bbox 548 5313 682 5368; x_wconf 87' lang='lat' dir='ltr'><strong>dixit</strong></span> <span class='ocrx_word' id='word_1_815' title='bbox 710 5314 963 5371; x_wconf 80' lang='lat' dir='ltr'><strong>fratribus</strong></span> <span class='ocrx_word' id='word_1_816' title='bbox 992 5336 1006 5371; x_wconf 90' lang='lat'><strong>:</strong></span> <span class='ocrx_word' id='word_1_817' title='bbox 1035 5320 1208 5376; x_wconf 80' lang='lat' dir='ltr'><strong>Nolite</strong></span> <span class='ocrx_word' id='word_1_818' title='bbox 1240 5323 1452 5391; x_wconf 87' lang='lat' dir='ltr'><strong>timere,</strong></span> <span class='ocrx_word' id='word_1_819' title='bbox 1492 5341 1688 5384; x_wconf 85' lang='lat' dir='ltr'><strong>servus</strong></span> <span class='ocrx_word' id='word_1_820' title='bbox 1730 5332 1875 5387; x_wconf 87' lang='lat' dir='ltr'><strong>enim</strong></span> <span class='ocrx_word' id='word_1_821' title='bbox 1907 5334 2004 5389; x_wconf 88' lang='lat' dir='ltr'><strong>Dei</strong></span> 
     </span>
    </p>
   </div>
   <div class='ocr_carea' id='block_1_101' title="bbox 428 5409 2008 5493">
    <p class='ocr_par' dir='ltr' id='par_1_101' title="bbox 428 5409 2008 5493">
     <span class='ocr_line' id='line_1_101' title="bbox 428 5409 2008 5493; baseline 0.015 -35"><span class='ocrx_word' id='word_1_822' title='bbox 428 5422 530 5475; x_wconf 78' lang='lat' dir='ltr'><strong>ego</strong></span> <span class='ocrx_word' id='word_1_823' title='bbox 570 5423 712 5463; x_wconf 89' lang='lat' dir='ltr'><strong>sum.</strong></span> <span class='ocrx_word' id='word_1_824' title='bbox 757 5409 850 5465; x_wconf 87' lang='lat' dir='ltr'><strong>Dei</strong></span> <span class='ocrx_word' id='word_1_825' title='bbox 880 5419 1058 5465; x_wconf 83' lang='lat' dir='ltr'><strong>autem</strong></span> <span class='ocrx_word' id='word_1_826' title='bbox 1088 5414 1230 5469; x_wconf 82' lang='lat' dir='ltr'><strong>servi</strong></span> <span class='ocrx_word' id='word_1_827' title='bbox 1262 5416 1315 5469; x_wconf 91' lang='lat' dir='ltr'><strong>in</strong></span> <span class='ocrx_word' id='word_1_828' title='bbox 1359 5424 1610 5493; x_wconf 79' lang='lat' dir='ltr'><strong>praesenti</strong></span> <span class='ocrx_word' id='word_1_829' title='bbox 1649 5422 1884 5480; x_wconf 78' lang='lat' dir='ltr'><strong>fructum</strong></span> <span class='ocrx_word' id='word_1_830' title='bbox 1914 5426 2008 5481; x_wconf 82' lang='lat' dir='ltr'><strong>ha-</strong></span> 
     </span>
    </p>
   </div>
   <div class='ocr_carea' id='block_1_102' title="bbox 431 5493 2002 5585">
    <p class='ocr_par' dir='ltr' id='par_1_102' title="bbox 431 5493 2002 5585">
     <span class='ocr_line' id='line_1_102' title="bbox 431 5493 2002 5585; baseline 0.014 -33"><span class='ocrx_word' id='word_1_831' title='bbox 431 5501 557 5554; x_wconf 73' lang='lat' dir='ltr'><strong>bent</strong></span> <span class='ocrx_word' id='word_1_832' title='bbox 583 5502 783 5557; x_wconf 81' lang='lat' dir='ltr'><strong>donum</strong></span> <span class='ocrx_word' id='word_1_833' title='bbox 806 5493 1040 5575; x_wconf 75' lang='lat' dir='ltr'><strong>Spiritus</strong></span> <span class='ocrx_word' id='word_1_834' title='bbox 1062 5507 1257 5573; x_wconf 85' lang='lat' dir='ltr'><strong>sancti,</strong></span> <span class='ocrx_word' id='word_1_835' title='bbox 1282 5520 1335 5563; x_wconf 89' lang='lat' dir='ltr'><strong>et</strong></span> <span class='ocrx_word' id='word_1_836' title='bbox 1358 5511 1517 5567; x_wconf 71' lang='grc' dir='ltr'><strong>ῦηειιη</strong></span> <span class='ocrx_word' id='word_1_837' title='bbox 1538 5514 1705 5570; x_wconf 64' lang='lat' dir='ltr'><strong>vitam</strong></span> <span class='ocrx_word' id='word_1_838' title='bbox 1723 5528 2002 5585; x_wconf 64' lang='lat' dir='ltr'><strong>aeternam,</strong></span> 
     </span>
    </p>
   </div>
   <div class='ocr_carea' id='block_1_103' title="bbox 429 5594 2009 5676">
    <p class='ocr_par' dir='ltr' id='par_1_103' title="bbox 429 5594 2009 5676">
     <span class='ocr_line' id='line_1_103' title="bbox 429 5594 2009 5676; baseline 0.013 -32"><span class='ocrx_word' id='word_1_839' title='bbox 429 5594 543 5646; x_wconf 77' lang='lat' dir='ltr'><strong>sive</strong></span> <span class='ocrx_word' id='word_1_840' title='bbox 571 5597 1046 5654; x_wconf 54' lang='lat' dir='ltr'><strong>sanctiﬁcationem</strong></span> <span class='ocrx_word' id='word_1_841' title='bbox 1082 5601 1234 5655; x_wconf 63' lang='lat' dir='ltr'><strong>bona:</strong></span> <span class='ocrx_word' id='word_1_842' title='bbox 1266 5602 1408 5656; x_wconf 67' lang='lat' dir='ltr'><strong>vitas.</strong></span> <span class='ocrx_word' id='word_1_843' title='bbox 1458 5606 1598 5676; x_wconf 78' lang='lat' dir='ltr'><strong>Ergo</strong></span> <span class='ocrx_word' id='word_1_844' title='bbox 1649 5608 1701 5661; x_wconf 91' lang='lat' dir='ltr'><strong>in</strong></span> <span class='ocrx_word' id='word_1_845' title='bbox 1748 5610 1848 5663; x_wconf 88' lang='lat' dir='ltr'><strong>ista</strong></span> <span class='ocrx_word' id='word_1_846' title='bbox 1897 5613 2009 5666; x_wconf 87' lang='lat' dir='ltr'><strong>vita</strong></span> 
     </span>
    </p>
   </div>
   <div class='ocr_carea' id='block_1_104' title="bbox 428 5686 2006 5766">
    <p class='ocr_par' dir='ltr' id='par_1_104' title="bbox 428 5686 2006 5766">
     <span class='ocr_line' id='line_1_104' title="bbox 428 5686 2006 5766; baseline 0.012 -29"><span class='ocrx_word' id='word_1_847' title='bbox 428 5686 603 5739; x_wconf 77' lang='lat' dir='ltr'><strong>adhuc</strong></span> <span class='ocrx_word' id='word_1_848' title='bbox 629 5704 691 5741; x_wconf 76' lang='lat' dir='ltr'><strong>ex</strong></span> <span class='ocrx_word' id='word_1_849' title='bbox 738 5703 841 5758; x_wconf 83' lang='lat' dir='ltr'><strong>qua</strong></span> <span class='ocrx_word' id='word_1_850' title='bbox 871 5692 1026 5760; x_wconf 76' lang='lat' dir='ltr'><strong>pai&#39;tc</strong></span> <span class='ocrx_word' id='word_1_851' title='bbox 1054 5694 1195 5748; x_wconf 87' lang='lat' dir='ltr'><strong>servi</strong></span> <span class='ocrx_word' id='word_1_852' title='bbox 1246 5707 1429 5751; x_wconf 64' lang='lat' dir='ltr'><strong>sulcus</strong></span> <span class='ocrx_word' id='word_1_853' title='bbox 1479 5697 1603 5766; x_wconf 90' lang='lat' dir='ltr'><strong>Dco,</strong></span> <span class='ocrx_word' id='word_1_854' title='bbox 1642 5701 1794 5756; x_wconf 88' lang='lat' dir='ltr'><strong>liberi</strong></span> <span class='ocrx_word' id='word_1_855' title='bbox 1822 5717 2006 5758; x_wconf 85' lang='lat' dir='ltr'><strong>sumus</strong></span> 
     </span>
    </p>
   </div>
   <div class='ocr_carea' id='block_1_105' title="bbox 2113 4691 3709 4767">
    <p class='ocr_par' dir='ltr' id='par_1_105' title="bbox 2113 4691 3709 4767">
     <span class='ocr_line' id='line_1_105' title="bbox 2113 4691 3709 4767; baseline 0.004 -22"><span class='ocrx_word' id='word_1_856' title='bbox 2113 4692 2354 4760; x_wconf 87' lang='lat' dir='ltr'><strong>potuisse</strong></span> <span class='ocrx_word' id='word_1_857' title='bbox 2378 4691 2595 4748; x_wconf 71' lang='lat' dir='ltr'><strong>auferre</strong></span> <span class='ocrx_word' id='word_1_858' title='bbox 2611 4732 2627 4758; x_wconf 91' lang='lat'><strong>,</strong></span> <span class='ocrx_word' id='word_1_859' title='bbox 2652 4693 2750 4748; x_wconf 72' lang='lat' dir='ltr'><strong>sed</strong></span> <span class='ocrx_word' id='word_1_860' title='bbox 2782 4695 2960 4762; x_wconf 80' lang='lat' dir='ltr'><strong>potius</strong></span> <span class='ocrx_word' id='word_1_861' title='bbox 2984 4695 3204 4750; x_wconf 76' lang='lat' dir='ltr'><strong>auxisse</strong></span> <span class='ocrx_word' id='word_1_862' title='bbox 3232 4704 3529 4764; x_wconf 82' lang='lat' dir='ltr'><strong>peceatum,</strong></span> <span class='ocrx_word' id='word_1_863' title='bbox 3554 4698 3709 4767; x_wconf 79' lang='lat' dir='ltr'><strong>quod</strong></span> 
     </span>
    </p>
   </div>
   <div class='ocr_carea' id='block_1_106' title="bbox 2114 4783 3712 4857">
    <p class='ocr_par' dir='ltr' id='par_1_106' title="bbox 2114 4783 3712 4857">
     <span class='ocr_line' id='line_1_106' title="bbox 2114 4783 3712 4857; baseline 0.003 -18"><span class='ocrx_word' id='word_1_864' title='bbox 2114 4783 2289 4839; x_wconf 65' lang='lat' dir='ltr'><strong>autem</strong></span> <span class='ocrx_word' id='word_1_865' title='bbox 2309 4787 2514 4854; x_wconf 76' lang='lat' dir='ltr'><strong>gratia:</strong></span> <span class='ocrx_word' id='word_1_866' title='bbox 2540 4786 2795 4855; x_wconf 77' lang='lat' dir='ltr'><strong>quoniam</strong></span> <span class='ocrx_word' id='word_1_867' title='bbox 2826 4786 2911 4843; x_wconf 85' lang='lat' dir='ltr'><strong>lex</strong></span> <span class='ocrx_word' id='word_1_868' title='bbox 2929 4786 3122 4857; x_wconf 84' lang='lat' dir='ltr'><strong>jubere</strong></span> <span class='ocrx_word' id='word_1_869' title='bbox 3141 4787 3310 4856; x_wconf 88' lang='lat' dir='ltr'><strong>novit,</strong></span> <span class='ocrx_word' id='word_1_870' title='bbox 3342 4788 3429 4842; x_wconf 90' lang='lat' dir='ltr'><strong>cui</strong></span> <span class='ocrx_word' id='word_1_871' title='bbox 3450 4800 3712 4844; x_wconf 72' lang='lat' dir='ltr'><strong>stlocum-</strong></span> 
     </span>
    </p>
   </div>
   <div class='ocr_carea' id='block_1_107' title="bbox 2119 4874 3710 4947">
    <p class='ocr_par' dir='ltr' id='par_1_107' title="bbox 2119 4874 3710 4947">
     <span class='ocr_line' id='line_1_107' title="bbox 2119 4874 3710 4947; baseline 0.001 -18"><span class='ocrx_word' id='word_1_872' title='bbox 2119 4874 2198 4930; x_wconf 88' lang='lat' dir='ltr'><strong>bit</strong></span> <span class='ocrx_word' id='word_1_873' title='bbox 2226 4876 2531 4944; x_wconf 85' lang='lat' dir='ltr'><strong>iniirtnitas,</strong></span> <span class='ocrx_word' id='word_1_874' title='bbox 2560 4890 2667 4931; x_wconf 82' lang='lat' dir='ltr'><strong>non</strong></span> <span class='ocrx_word' id='word_1_875' title='bbox 2698 4877 2907 4946; x_wconf 85' lang='lat' dir='ltr'><strong>juvare,</strong></span> <span class='ocrx_word' id='word_1_876' title='bbox 2940 4878 3081 4947; x_wconf 73' lang='lat' dir='ltr'><strong>quod</strong></span> <span class='ocrx_word' id='word_1_877' title='bbox 3102 4878 3234 4932; x_wconf 74' lang='lat' dir='ltr'><strong>iacit</strong></span> <span class='ocrx_word' id='word_1_878' title='bbox 3258 4880 3429 4945; x_wconf 77' lang='lat' dir='ltr'><strong>gratia</strong></span> <span class='ocrx_word' id='word_1_879' title='bbox 3468 4879 3710 4939; x_wconf 67' lang='lat' dir='ltr'><strong>Christi.</strong></span> 
     </span>
    </p>
   </div>
   <div class='ocr_carea' id='block_1_108' title="bbox 2113 4963 3707 5039">
    <p class='ocr_par' dir='ltr' id='par_1_108' title="bbox 2113 4963 3707 5039">
     <span class='ocr_line' id='line_1_108' title="bbox 2113 4963 3707 5039; baseline 0.004 -20"><span class='ocrx_word' id='word_1_880' title='bbox 2113 4964 2197 5019; x_wconf 83' lang='lat' dir='ltr'><strong>Ab</strong></span> <span class='ocrx_word' id='word_1_881' title='bbox 2227 4963 2330 5021; x_wconf 82' lang='lat' dir='ltr'><strong>hoc</strong></span> <span class='ocrx_word' id='word_1_882' title='bbox 2361 4966 2500 5029; x_wconf 89' lang='lat' dir='ltr'><strong>loco,</strong></span> <span class='ocrx_word' id='word_1_883' title='bbox 2532 4976 2585 5022; x_wconf 86' lang='lat' dir='ltr'><strong>ct</strong></span> <span class='ocrx_word' id='word_1_884' title='bbox 2607 4975 2718 5020; x_wconf 89' lang='lat' dir='ltr'><strong>tota</strong></span> <span class='ocrx_word' id='word_1_885' title='bbox 2747 4966 2847 5023; x_wconf 82' lang='lat' dir='ltr'><strong>ista</strong></span> <span class='ocrx_word' id='word_1_886' title='bbox 2875 4968 3125 5034; x_wconf 83' lang='lat' dir='ltr'><strong>lectione,</strong></span> <span class='ocrx_word' id='word_1_887' title='bbox 3160 4983 3366 5039; x_wconf 82' lang='lat' dir='ltr'><strong>usque:</strong></span> <span class='ocrx_word' id='word_1_888' title='bbox 3399 4969 3532 5035; x_wconf 78' lang='lat' dir='ltr'><strong>Quis</strong></span> <span class='ocrx_word' id='word_1_889' title='bbox 3548 4969 3707 5027; x_wconf 76' lang='lat' dir='ltr'><strong>ﬁbe-</strong></span> 
     </span>
    </p>
   </div>
   <div class='ocr_carea' id='block_1_109' title="bbox 2112 5055 3711 5129">
    <p class='ocr_par' dir='ltr' id='par_1_109' title="bbox 2112 5055 3711 5129">
     <span class='ocr_line' id='line_1_109' title="bbox 2112 5055 3711 5129; baseline 0.003 -17"><span class='ocrx_word' id='word_1_890' title='bbox 2112 5055 2255 5112; x_wconf 83' lang='lat' dir='ltr'><strong>rabit</strong></span> <span class='ocrx_word' id='word_1_891' title='bbox 2281 5070 2370 5111; x_wconf 80' lang='lat' dir='ltr'><strong>me</strong></span> <span class='ocrx_word' id='word_1_892' title='bbox 2398 5057 2465 5112; x_wconf 83' lang='lat' dir='ltr'><strong>de</strong></span> <span class='ocrx_word' id='word_1_893' title='bbox 2509 5071 2738 5127; x_wconf 88' lang='lat' dir='ltr'><strong>corpore</strong></span> <span class='ocrx_word' id='word_1_894' title='bbox 2772 5060 2967 5114; x_wconf 81' lang='lat' dir='ltr'><strong>mortis</strong></span> <span class='ocrx_word' id='word_1_895' title='bbox 3013 5058 3205 5129; x_wconf 81' lang='lat' dir='ltr'><strong>hujus,</strong></span> <span class='ocrx_word' id='word_1_896' title='bbox 3239 5060 3384 5114; x_wconf 85' lang='lat' dir='ltr'><strong>videt</strong></span> <span class='ocrx_word' id='word_1_897' title='bbox 3411 5062 3711 5129; x_wconf 79' lang='lat' dir='ltr'><strong>Apostolus</strong></span> 
     </span>
    </p>
   </div>
   <div class='ocr_carea' id='block_1_110' title="bbox 2112 5145 3706 5219">
    <p class='ocr_par' dir='ltr' id='par_1_110' title="bbox 2112 5145 3706 5219">
     <span class='ocr_line' id='line_1_110' title="bbox 2112 5145 3706 5219; baseline 0.005 -20"><span class='ocrx_word' id='word_1_898' title='bbox 2112 5145 2548 5214; x_wconf 70' lang='lat' dir='ltr'><strong>transﬁguratum</strong></span> <span class='ocrx_word' id='word_1_899' title='bbox 2569 5162 2692 5203; x_wconf 86' lang='lat' dir='ltr'><strong>esse</strong></span> <span class='ocrx_word' id='word_1_900' title='bbox 2712 5149 2765 5203; x_wconf 92' lang='lat' dir='ltr'><strong>in</strong></span> <span class='ocrx_word' id='word_1_901' title='bbox 2794 5163 2854 5204; x_wconf 86' lang='lat' dir='ltr'><strong>sc</strong></span> <span class='ocrx_word' id='word_1_902' title='bbox 2877 5149 3150 5204; x_wconf 83' lang='lat' dir='ltr'><strong>hominem</strong></span> <span class='ocrx_word' id='word_1_903' title='bbox 3172 5150 3278 5205; x_wconf 80' lang='lat' dir='ltr'><strong>sub</strong></span> <span class='ocrx_word' id='word_1_904' title='bbox 3302 5149 3706 5219; x_wconf 54' lang='grc' dir='ltr'><strong>Μεθώνη,</strong></span> 
     </span>
    </p>
   </div>
   <div class='ocr_carea' id='block_1_111' title="bbox 2108 5236 3709 5311">
    <p class='ocr_par' dir='ltr' id='par_1_111' title="bbox 2108 5236 3709 5311">
     <span class='ocr_line' id='line_1_111' title="bbox 2108 5236 3709 5311; baseline 0.003 -18"><span class='ocrx_word' id='word_1_905' title='bbox 2108 5236 2263 5307; x_wconf 87' lang='lat' dir='ltr'><strong>cujus</strong></span> <span class='ocrx_word' id='word_1_906' title='bbox 2290 5238 2469 5293; x_wconf 86' lang='lat' dir='ltr'><strong>verbis</strong></span> <span class='ocrx_word' id='word_1_907' title='bbox 2496 5253 2563 5293; x_wconf 88' lang='lat' dir='ltr'><strong>ex</strong></span> <span class='ocrx_word' id='word_1_908' title='bbox 2593 5254 2824 5309; x_wconf 85' lang='lat' dir='ltr'><strong>persona</strong></span> <span class='ocrx_word' id='word_1_909' title='bbox 2849 5254 2946 5295; x_wconf 85' lang='lat' dir='ltr'><strong>sua</strong></span> <span class='ocrx_word' id='word_1_910' title='bbox 2970 5241 3232 5310; x_wconf 86' lang='lat' dir='ltr'><strong>loquitur,</strong></span> <span class='ocrx_word' id='word_1_911' title='bbox 3254 5251 3318 5297; x_wconf 85' lang='lat' dir='ltr'><strong>et</strong></span> <span class='ocrx_word' id='word_1_912' title='bbox 3334 5243 3429 5311; x_wconf 81' lang='lat' dir='ltr'><strong>qui</strong></span> <span class='ocrx_word' id='word_1_913' title='bbox 3442 5242 3709 5298; x_wconf 74' lang='lat' dir='ltr'><strong>:dixent:</strong></span> 
     </span>
    </p>
   </div>
   <div class='ocr_carea' id='block_1_112' title="bbox 2100 5337 3708 5410">
    <p class='ocr_par' dir='ltr' id='par_1_112' title="bbox 2100 5337 3708 5410">
     <span class='ocr_line' id='line_1_112' title="bbox 2100 5337 3708 5410; baseline 0.001 -19"><span class='ocrx_word' id='word_1_914' title='bbox 2100 5337 2371 5393; x_wconf 78' lang='lat' dir='ltr'><strong>Evacuati</strong></span> <span class='ocrx_word' id='word_1_915' title='bbox 2396 5353 2582 5394; x_wconf 79' lang='lat' dir='ltr'><strong>sumus</strong></span> <span class='ocrx_word' id='word_1_916' title='bbox 2606 5354 2636 5392; x_wconf 89' lang='lat' dir='ltr'><strong>a</strong></span> <span class='ocrx_word' id='word_1_917' title='bbox 2668 5339 2783 5409; x_wconf 87' lang='lat' dir='ltr'><strong>iege</strong></span> <span class='ocrx_word' id='word_1_918' title='bbox 2828 5339 3039 5406; x_wconf 84' lang='lat' dir='ltr'><strong>mortis,</strong></span> <span class='ocrx_word' id='word_1_919' title='bbox 3066 5339 3123 5395; x_wconf 91' lang='lat' dir='ltr'><strong>in</strong></span> <span class='ocrx_word' id='word_1_920' title='bbox 3161 5353 3266 5410; x_wconf 82' lang='lat' dir='ltr'><strong>qua</strong></span> <span class='ocrx_word' id='word_1_921' title='bbox 3295 5339 3708 5406; x_wconf 76' lang='lat' dir='ltr'><strong>detinebantur,</strong></span> 
     </span>
    </p>
   </div>
   <div class='ocr_carea' id='block_1_113' title="bbox 2111 5430 3709 5501">
    <p class='ocr_par' dir='ltr' id='par_1_113' title="bbox 2111 5430 3709 5501">
     <span class='ocr_line' id='line_1_113' title="bbox 2111 5430 3709 5501; baseline 0.001 -15"><span class='ocrx_word' id='word_1_922' title='bbox 2111 5430 2180 5486; x_wconf 82' lang='lat' dir='ltr'><strong>ita</strong></span> <span class='ocrx_word' id='word_1_923' title='bbox 2212 5439 2269 5487; x_wconf 84' lang='lat' dir='ltr'><strong>ut</strong></span> <span class='ocrx_word' id='word_1_924' title='bbox 2295 5431 2590 5487; x_wconf 81' lang='lat' dir='ltr'><strong>serviamus</strong></span> <span class='ocrx_word' id='word_1_925' title='bbox 2615 5432 2669 5486; x_wconf 90' lang='lat' dir='ltr'><strong>in</strong></span> <span class='ocrx_word' id='word_1_926' title='bbox 2699 5432 2937 5488; x_wconf 83' lang='lat' dir='ltr'><strong>novitate</strong></span> <span class='ocrx_word' id='word_1_927' title='bbox 2956 5433 3178 5501; x_wconf 83' lang='lat' dir='ltr'><strong>spiritus</strong></span> <span class='ocrx_word' id='word_1_928' title='bbox 3197 5474 3212 5499; x_wconf 90' lang='lat'><strong>,</strong></span> <span class='ocrx_word' id='word_1_929' title='bbox 3257 5440 3312 5487; x_wconf 85' lang='lat' dir='ltr'><strong>et</strong></span> <span class='ocrx_word' id='word_1_930' title='bbox 3336 5446 3441 5487; x_wconf 88' lang='lat' dir='ltr'><strong>non</strong></span> <span class='ocrx_word' id='word_1_931' title='bbox 3467 5433 3518 5487; x_wconf 88' lang='lat' dir='ltr'><strong>in</strong></span> <span class='ocrx_word' id='word_1_932' title='bbox 3539 5440 3709 5487; x_wconf 72' lang='lat' dir='ltr'><strong>vetn-</strong></span> 
     </span>
    </p>
   </div>
   <div class='ocr_carea' id='block_1_114' title="bbox 2110 5522 3708 5603">
    <p class='ocr_par' dir='ltr' id='par_1_114' title="bbox 2110 5522 3708 5603">
     <span class='ocr_line' id='line_1_114' title="bbox 2110 5522 3708 5603; baseline 0.005 -29"><span class='ocrx_word' id='word_1_933' title='bbox 2110 5531 2250 5577; x_wconf 81' lang='lat' dir='ltr'><strong>state</strong></span> <span class='ocrx_word' id='word_1_934' title='bbox 2279 5523 2497 5577; x_wconf 74' lang='lat' dir='ltr'><strong>litterae.</strong></span> <span class='ocrx_word' id='word_1_935' title='bbox 2528 5522 2636 5579; x_wconf 81' lang='lat' dir='ltr'><strong>Per</strong></span> <span class='ocrx_word' id='word_1_936' title='bbox 2665 5524 2779 5579; x_wconf 64' lang='lat' dir='ltr'><strong>haec</strong></span> <span class='ocrx_word' id='word_1_937' title='bbox 2801 5524 2963 5603; x_wconf 81' lang='lat' dir='ltr'><strong>verba</strong></span> <span class='ocrx_word' id='word_1_938' title='bbox 2989 5526 3197 5581; x_wconf 82' lang='lat' dir='ltr'><strong>videtur</strong></span> <span class='ocrx_word' id='word_1_939' title='bbox 3220 5526 3387 5595; x_wconf 84' lang='lat' dir='ltr'><strong>legem</strong></span> <span class='ocrx_word' id='word_1_940' title='bbox 3412 5526 3708 5595; x_wconf 79' lang='lat' dir='ltr'><strong>reprehen-</strong></span> 
     </span>
    </p>
   </div>
   <div class='ocr_carea' id='block_1_115' title="bbox 2111 5613 3707 5688">
    <p class='ocr_par' dir='ltr' id='par_1_115' title="bbox 2111 5613 3707 5688">
     <span class='ocr_line' id='line_1_115' title="bbox 2111 5613 3707 5688; baseline 0.005 -23"><span class='ocrx_word' id='word_1_941' title='bbox 2111 5613 2271 5678; x_wconf 83' lang='lat' dir='ltr'><strong>disse,</strong></span> <span class='ocrx_word' id='word_1_942' title='bbox 2304 5615 2397 5669; x_wconf 80' lang='lat' dir='ltr'><strong>sed</strong></span> <span class='ocrx_word' id='word_1_943' title='bbox 2430 5631 2534 5669; x_wconf 89' lang='lat' dir='ltr'><strong>non</strong></span> <span class='ocrx_word' id='word_1_944' title='bbox 2567 5618 2637 5670; x_wconf 89' lang='lat' dir='ltr'><strong>ita</strong></span> <span class='ocrx_word' id='word_1_945' title='bbox 2678 5626 2782 5683; x_wconf 89' lang='lat' dir='ltr'><strong>est,</strong></span> <span class='ocrx_word' id='word_1_946' title='bbox 2825 5616 3245 5687; x_wconf 78' lang='lat' dir='ltr'><strong>quia‘subjecit:</strong></span> <span class='ocrx_word' id='word_1_947' title='bbox 3280 5619 3386 5672; x_wconf 75' lang='lat' dir='ltr'><strong>Lex</strong></span> <span class='ocrx_word' id='word_1_948' title='bbox 3418 5626 3707 5688; x_wconf 83' lang='lat' dir='ltr'><strong>peccatum</strong></span> 
     </span>
    </p>
   </div>
   <div class='ocr_carea' id='block_1_116' title="bbox 2112 5708 3707 5780">
    <p class='ocr_par' dir='ltr' id='par_1_116' title="bbox 2112 5708 3707 5780">
     <span class='ocr_line' id='line_1_116' title="bbox 2112 5708 3707 5780; baseline 0.005 -19"><span class='ocrx_word' id='word_1_949' title='bbox 2112 5709 2229 5761; x_wconf 79' lang='lat' dir='ltr'><strong>est?</strong></span> <span class='ocrx_word' id='word_1_950' title='bbox 2263 5708 2450 5770; x_wconf 80' lang='lat' dir='ltr'><strong>Absit.</strong></span> <span class='ocrx_word' id='word_1_951' title='bbox 2507 5722 2556 5766; x_wconf 71' lang='lat' dir='ltr'><strong>et</strong></span> <span class='ocrx_word' id='word_1_952' title='bbox 2600 5710 2818 5780; x_wconf 83' lang='lat' dir='ltr'><strong>reliqua.</strong></span> <span class='ocrx_word' id='word_1_953' title='bbox 2857 5709 2985 5768; x_wconf 60' lang='lat' dir='ltr'><strong>Hac</strong></span> <span class='ocrx_word' id='word_1_954' title='bbox 3014 5726 3140 5769; x_wconf 74' lang='lat' dir='ltr'><strong>vero</strong></span> <span class='ocrx_word' id='word_1_955' title='bbox 3188 5712 3423 5769; x_wconf 85' lang='lat' dir='ltr'><strong>auricula</strong></span> <span class='ocrx_word' id='word_1_956' title='bbox 3465 5721 3540 5768; x_wconf 86' lang='lat' dir='ltr'><strong>est</strong></span> <span class='ocrx_word' id='word_1_957' title='bbox 3582 5727 3707 5769; x_wconf 79' lang='lat' dir='ltr'><strong>non</strong></span> 
     </span>
    </p>
   </div>
  </div>
