3968 6166
184 276 277 331 “3

1016 272 1079 326 lN
1122 270 1497 327 EPISTOIAM
1543 273 1626 328 AD
1669 269 1998 327 Ri‘MAN’OS
2035 270 2550 330 COMMENTARIA.

3330 282 3435 336 ιτα

183 390 421 445 mendax.
455 388 713 445 Cruciﬁxa
749 401 929 451 carne,
971 403 1063 455 per
1101 402 1258 457 quam
1309 388 1463 442 nobis
1508 386 1751 440 domlua-
1790 387 1829 442 Α
1860 390 2064 437 tantum
2096 394 2149 438 ut
2180 384 2659 449 demonStraretur,
2707 394 2757 440 ttt
2815 388 2933 457 quia
2985 397 3257 458 peccatum
3308 382 3429 445 s'ne

183 487 327 540 batur
376 482 680 539 damnando
717 490 1028 549 peccatum,
1076 479 1187 549 jam
1216 490 1395 535 actum
1428 493 1532 534 non
1567 479 1748 538 babet.

181 580 312 631 Ante
338 582 491 629 erant
518 572 814 627 imitatores
838 572 1006 642 Moysi
1037 588 1051 624 :
1085 586 1224 627 nunc
1257 570 1648 634 veroCbristi;
1674 570 1752 624 sic

179 667 377 722 dictum
397 674 513 721 est:
539 664 731 719 Mortui
762 664 891 718 estis
919 663 1044 733 legi,
1076 677 1139 717 ac
1169 664 1213 717 si
1243 662 1533 728 diceretur,
1562 662 1751 716 Mortui

177 760 305 813 estis
323 756 584 826 supplicio
606 754 759 824 legis.
787 754 896 809 Cur
940 755 1136 809 mortui
1166 768 1351 811 sumus
1381 754 1481 825 legi
1517 768 1609 821 per
1634 766 1753 808 cor-

178 862 277 918 pus
296 845 513 906 Christi.
547 846 592 900 si
622 845 759 899 bona
791 854 872 899 est
901 844 1020 899 lex?
1050 842 1181 911 Quia
1215 845 1409 898 mortui
1430 855 1625 897 sumus
1652 840 1752 912 legi

180 936 511 993 dominanti:
545 934 754 990 liberati
782 935 847 987 ab
877 949 943 989 eo
984 933 1177 989 effectu
1203 949 1359 1002 quem
1392 935 1475 988 lex
1519 933 1669 1001 punit
1701 941 1755 987 et

179 1034 413 1084 damnat.
438 1028 697 1083 Usitatius
716 1026 860 1081 enim
888 1035 1106 1080 vocatur
1134 1026 1242 1094 lex,
1285 1025 1497 1094 quando
1525 1024 1755 1079 minatur

185 1134 235 1178 et
261 1130 447 1187 terret,
472 1116 813 1174 ac'vindicat.
843 1118 1024 1187 itaque
1044 1118 1183 1172 idem
1212 1123 1531 1185 praeceptum
1565 1117 1754 1171 timen-

187 1213 322 1267 tibus
338 1211 421 1266 lex
442 1217 545 1275 est,
562 1208 865 1263 amantibus
885 1208 1052 1277 gratia
1072 1217 1175 1261 est.
1196 1207 1297 1261 Per
1316 1222 1510 1276 corpus
1535 1206 1751 1272 Christi,

184 1299 605 1358 commoriendo‘
637 1297 881 1363 Christo,
934 1299 1021 1368 qui
1076 1298 1349 1351 damnavit
1375 1307 1647 1367 peccatum
1699 1298 1751 1352 iu

183 1406 360 1448 came.
394 1390 462 1445 Ut
487 1390 600 1445 sitis
622 1388 835 1443 alterius
861 1392 951 1458 qui
976 1406 1040 1444 ea:
1066 1393 1281 1443 mortuis
1302 1392 1594 1444 resurrexit.
1621 1389 1756 1446 Sub-

182 1481 499 1537 audiendum
532 1481 758 1535 alterius
786 1481 909 1535 viri.
942 1478 1009 1534 Ut
1036 1478 1357 1546 [ructiﬁcetis
1386 1480 1513 1533 Deo.
1550 1480 1756 1536 Fructi-

183 1574 306 1630 ticat
331 1574 483 1643 cujus
510 1574 762 1647 exemplo
792 1576 1017 1643 populus
1049 1574 1143 1627 Dei
1176 1575 1388 1635 crescit,
1420 1574 1555 1627 sicut
1585 1573 1713 1628 dicit
1740 1591 1753 1626 :

183 1667 249 1723 Ut
286 1667 518 1737 aliquem
566 1666 791 1721 fructum
843 1667 1133 1722 habeamus
1178 1668 1229 1722 in
1274 1667 1446 1722 vobis.
1474 1667 1601 1722 Cum
1623 1669 1755 1722 enim

1857 474 2028 543 gratia
2063 473 2154 529 Dei
2185 473 2324 529 vinci
2357 489 2463 529 non
2491 482 2693 544 potest,
2741 476 2857 544 ipsa
2905 487 3083 533 reatus
3130 480 3434 533 sollicitudo

1858 571 2013 631 cogat
2055 563 2121 615 ad
2149 565 2375 632 gratiam
2413 564 2717 619 canvolare.
2760 565 2865 620 Sed
2906 578 3176 635 peccatum
3209 583 3313 623 non
3344 586 3434 625 co-

1863 652 2037 719 gnovi,
2051 653 2153 706 nisi
2174 667 2268 722 per
2289 654 2481 724 legem.
2503 653 2639 709 Nam
2654 656 3111 726 concupiscentiam
3127 660 3428 724 nesciebam,

1857 742 1955 795 nisi
1985 743 2068 797 lca:
2104 743 2338 799 diceret:
2366 745 2486 799 Non
2529 746 2873 817 concupisces.
2904 746 3035 801 ilinc
3082 749 3265 816 incipit
3292 753 3433 817 Apo-

1857 833 2027 889 stolus
2056 836 2210 904 quasi
2243 837 2312 891 de
2339 852 2398 891 se
2422 838 2603 892 dicere
2625 878 2640 905 ,
2668 846 2718 893 et
2751 837 2817 893 de
2844 853 2905 893 se
2930 838 3058 893 dare
3084 841 3392 907 exemplum
3413 882 3430 906 ,

1858 924 1948 993 qui
1971 926 2070 978 sub
2095 926 2210 994 lege
2228 927 2459 994 vixerat,
2478 943 2595 997 qum
2618 943 2714 997 per
2733 943 2791 983 se
2815 944 2919 983 non
2937 929 3125 993 salvat,
3140 929 3239 983 sed
3255 939 3435 984 osten-

1857 1015 1949 1069 dat
1980 1027 2287 1084 pcccatum:
2322 1035 2441 1072 nam
2483 1035 2582 1073 nec
2628 1020 2783 1087 tollit,
2814 1034 2913 1076 nec
2949 1021 3225 1089 justiﬁcat,
3256 1022 3347 1075 sed
3380 1023 3433 1077 in

1858 1109 2343 1176 transgressoribus
2371 1110 2623 1164 vindicat.
2666 1110 2779 1165 Non
2834 1113 2948 1177 ait,
3000 1122 3273 1180 peccatum
3326 1128 3433 1167 non

1862 1199 1984 1263 feci,
2015 1200 2114 1253 nisi
2146 1216 2239 1269 per
2269 1201 2437 1271 legent
2460 1220 2473 1268 ;
2498 1204 2612 1271 sed,
2647 1206 2916 1271 peccatum
2939 1222 3040 1257 non
3060 1207 3303 1273 cognovi,
3329 1206 3434 1260 nisi

1859 1303 1958 1357 per
1988 1292 2181 1360 legem,
2208 1308 2325 1360 qum
2350 1314 2360 1340 σ
2383 1295 2585 1347 stendit
2608 1292 2885 1362 peceatum
2914 1311 3033 1351 esse
3054 1297 3436 1366 concupiscen-

1860 1381 1989 1433 tiam
2019 1397 2031 1433 :
2062 1381 2203 1450 quod
2235 1397 2335 1451 ego
2365 1384 2671 1439 nesciebam
2700 1400 2819 1439 esse
2847 1397 3140 1453 peccatum.
3173 1388 3434 1456 Concupi-

1857 1472 2137 1534 scentiam,
2170 1473 2371 1541 inquit,
2423 1461 2747 1529 nesciebam.
2777 1477 2890 1529 Non
2921 1476 3052 1529 dixit
3078 1492 3093 1531 :
3124 1476 3238 1531 Non
3271 1478 3436 1533 babe-

1860 1559 2004 1629 bam,
2021 1568 2112 1614 aut
2136 1578 2237 1615 non
2267 1563 2547 1630 faciebam,
2564 1564 2655 1618 sed
2677 1565 2974 1619 nesciebam
2999 1580 3117 1621 esse
3137 1577 3430 1636 peccatum.

1862 1648 2011 1703 Unde
2057 1661 2277 1721 apparet
2315 1654 2804 1722 coitcupisceutiam
2848 1670 2944 1724 per
2972 1656 3142 1727 legem
3176 1674 3279 1712 non
3308 1659 3436 1713 iusi-

179 1776 401 1817 αιδην,
423 1765 477 1815 δη
521 1776 693 1815 me.
720 1761 851 1815 Cum
893 1774 1132 1816 essemus
1162 1761 1213 1815 in
1244 1762 1441 1816 carnali
1467 1774 1753 1816 conversa-
1787 1752 1833 1810 Β
1860 1748 1998 1806 tam,
2032 1742 2126 1794 sed
2173 1741 2592 1795 demonstra'am
2616 1784 2631 1808 ,
2661 1758 2782 1812 qua:
2828 1746 2980 1798 docet
3039 1745 3161 1814 quid
3210 1746 3436 1816 quisque

181 1852 356 1917 tione,
385 1852 565 1921 passio
583 1852 1029 1919 concupiscentiae
1055 1851 1378 1919 operabatur
1406 1851 1458 1905 in
1501 1851 1669 1906 oculis
1704 1858 1757 1906 et

179 1943 388 1999 ueteris
407 1940 680 2009 membris,
700 1956 819 2011 qua:
842 1952 1021 1996 tamen
1039 1957 1134 2011 per
1153 1943 1319 2012 legem
1337 1941 1759 1997 ostendebantur

180 2046 296 2088 esse
321 2039 560 2102 peccata,
582 2039 641 2086 ut
659 2030 1041 2086 fructiﬁcarent
1061 2031 1217 2089 morti
1241 2032 1465 2101 peccati.
1494 2031 1547 2086 in
1564 2048 1725 2087 carne
1741 2074 1756 2101 ,

183 2124 348 2194 inquit
376 2139 405 2178 :-
427 2122 479 2178 id
522 2131 606 2179 est
637 2121 941 2177 carnalibus
971 2123 1251 2178 desideriis
1279 2125 1519 2180 obstricti
1551 2134 1761 2181 tenere-

180 2230 314 2270 ntur.
344 2213 622 2270 Passiones
648 2225 992 2287 peccatorum,
1020 2233 1132 2287 qua:
1154 2235 1243 2286 per
1264 2218 1421 2289 legrm
1451 2200 1615 2284 erant,
1642 2234 1760 2287 ope—

180 2308 425 2362 rabamur
458 2309 515 2361 in
554 2309 791 2363 membris
834 2311 1043 2365 nos!ris.
1069 2309 1118 2365 Is
1146 2310 1480 2380 passionibus
1512 2312 1756 2378 moritur,

182 2400 264 2469 qui
280 2399 393 2469 jam
416 2406 596 2456 mente
613 2402 779 2456 servit
798 2401 897 2471 legi
921 2401 1015 2456 Dei
1039 2444 1055 2469 ,
1076 2401 1317 2471 quamvis
1338 2403 1612 2472 passiones
1631 2403 1758 2471 ipsa!

187 2492 412 2547 necdum
441 2503 662 2548 mortua:
691 2494 815 2549 sint.
852 2497 1072 2549 Auctam
1098 2495 1222 2550 dicit
1251 2496 1757 2566 concupiscentiam,

188 2595 306 2637 cum
355 2584 440 2637 lex
488 2582 752 2651 prohibet.
797 2587 1150 2655 Augmentum
1198 2588 1649 2655 concupiscentiae
1693 2588 1761 2642 de

194 2670 540 2738 inbibitione,
568 2679 623 2728 et
642 2682 847 2729 reatum
879 2688 1049 2741 poena:
1070 2675 1139 2729 de
1168 2676 1623 2746 praevaricatione.
1650 2677 1760 2731 lloc

203 2770 297 2823 est,
319 2762 443 2829 quia
472 2775 567 2831 per
592 2762 787 2817 bonum
815 2773 1090 2831 operatum
1113 2772 1195 2818 est
1224 2775 1470 2820 mortem.
1499 2764 1566 2819 Ut
1582 2768 1763 2835 fructi-

202 2851 401 2917 ﬁcarent
433 2854 602 2907 morti.
637 2852 692 2908 Id
723 2863 824 2920 est,
859 2862 913 2908 ut
944 2869 1039 2909 nos
1089 2855 1139 2909 iu
1186 2853 1373 2911 iisdem
1427 2857 1761 2924 passionibus

203 2943 392 3011 positos
421 2943 552 3013 legis
579 2944 838 3000 severitas
867 2945 1210 3011 interficeret,
1245 2952 1297 3000 et
1334 2945 1562 3000 fructum
1603 2946 1760 3001 murti

207 3034 269 3088 de
289 3045 468 3089 nostra
500 3035 798 3105 perditione
826 3037 1109 3106 praeberet,
1141 3039 1261 3107 quia
1308 3036 1512 3091 fructus
1560 3038 1759 3106 peccati

1863 1831 2038 1885 facere
2092 1831 2313 1896 debeat,
2367 1833 2449 1885 vel
2502 1833 2693 1886 vitare.
2734 1832 2838 1886 Sed
2871 1848 2935 1887 ve
2965 1848 3029 1887 us
3075 1833 3233 1887 homo
3266 1836 3437 1890 adhuc

1861 1919 2091 1974 trahitur
2119 1920 2510 1975 consuetudine
2559 1921 2902 1989 delinquendi
2946 1937 2961 1975 :
3009 1936 3143 1976 conc
3182 1922 3436 1990 piscentia

1864 2013 2010 2065 enim
2063 2024 2261 2066 nostra:
2311 2024 2516 2067 natura:
2553 2023 2665 2079 est,
2713 2014 2977 2068 accedens
3005 2028 3099 2084 per
3127 2025 3437 2082 peccatum,

1861 2118 1967 2157 non
2001 2104 2092 2158 Dei
2123 2104 2378 2159 conditio.
2406 2106 2475 2159 Et
2503 2105 2624 2161 ideo
2651 2105 2846 2159 malum
2879 2106 3050 2173 ipsum
3075 2121 3178 2160 non
3208 2106 3299 2159 Dei
3325 2106 3435 2161 dis—-

1856 2196 2134 2267 junctioue
2164 2198 2518 2264 separandum
2540 2237 2555 2261 ,
2587 2198 2679 2250 sed
2724 2197 2815 2249 Dei
2865 2196 3205 2249 miseratiOne
3247 2210 3439 2247 sanan-

1861 2287 1987 2342 dum
2028 2296 2129 2342 est.
2173 2287 2453 2340 Occasione
2491 2295 2659 2340 autem
2702 2296 2934 2352 accepta.
2967 2287 3101 2340 llinc
3146 2288 3439 2353 Apostolus

1862 2380 2188 2448 praeteritam
2215 2379 2374 2431 vitam
2407 2391 2581 2442 suam,
2608 2376 2823 2446 quando
2845 2377 2943 2429 sub
2975 2379 3090 2447 lege
3120 2377 3349 2441 vivebat,
3382 2387 3439 2429 et

1861 2471 2236 2525 adolescentia:
2266 2487 2376 2525 sua:
2398 2482 2624 2541 pugnam
2653 2479 3058 2524 commemorat.
3085 2470 3148 2523 Et
3169 2469 3307 2540 quod
3330 2470 3432 2522 ait:

1864 2562 1975 2629 Ego
1999 2572 2174 2617 autem
2203 2564 2444 2617 vivebam
2471 2563 2589 2618 sine
2618 2564 2756 2634 iege,
2787 2563 3009 2632 primam
3039 2576 3186 2616 suam
3228 2571 3439 2618 :ctatem

1862 2651 2121 2707 insinuat:
2154 2653 2507 2719 Adveniente,
2536 2652 2724 2722 inquit,
2756 2653 3028 2714 mandato,
3055 2661 3329 2721 peccatum
3354 2668 3435 2706 re-

1863 2743 2018 2798 vixit.
2039 2744 2156 2813 Ego
2184 2755 2359 2798 autem
2391 2752 2634 2798 mortuus
2667 2759 2817 2797 sum:
2845 2743 2953 2812 jam
2984 2756 3041 2797 se
3069 2744 3321 2811 praecepti
3350 2758 3445 2797 Ca-

1863 2852 2072 2907 paeem,
2101 2839 2193 2891 sed
2226 2852 2329 2891 non
2360 2837 2630 2892 efﬁcacem
2663 2838 2824 2891 fuisse
2859 2843 3103 2891 testatur.
3140 2838 3204 2891 Et
3229 2837 3352 2893 ideo
3383 2848 3440 2893 ut
3493 2849 3521 2878 ο

1866 2933 2326 2999 praevaricatorem
2378 2946 2437 2986 se
2486 2930 2619 3000 leg‘s
2648 2930 2971 2994 ostenderet,
3005 2930 3054 2983 in
3084 2930 3276 2999 quibus
3306 2930 3446 2984 inte-

1866 3022 2096 3078 rioribus
2120 3025 2274 3078 talem
2300 3037 2358 3077 se
2379 3021 2541 3077 fuisse
2557 3022 2759 3076 sciebat
2774 3022 3057 3090 Apostoius
3080 3030 3203 3075 ante
3219 3024 3443 3092 gratiam

203 3140 341 3182 mors
358 3137 457 3182 ρει,
480 3126 881 3184 [erumpamus
896 3131 1076 3192 moui.
1097 3129 1221 3184 dum
1238 3130 1502 3200 prohibita
1519 3130 1760 3186 facimus.
1791 3113 1836 3175 (Ζ
1870 3115 1987 3181 Dei,
2008 3131 2125 3184 qum
2156 3131 2250 3183 per
2269 3115 2449 3169 Jesum
2473 3113 2742 3167 Christum
2772 3112 2995 3164 Dutninu
3021 3133 3048 3161 u
3076 3121 3312 3165 nostrum
3337 3125 3458 3173 est.,

206 3216 352 3271 Nunc
376 3231 544 3273 autem
571 3220 726 3275 soluti
745 3237 920 3276 sumus
940 3239 973 3275 η
998 3222 1107 3292 tege
1129 3224 1415 3277 morientes.
1435 3222 1537 3277 Lex
1558 3223 1764 3289 mortis,

205 3321 319 3374 qua
342 3309 536 3364 occidit
564 3316 901 3379 peccatores,
934 3311 986 3365 id
1017 3321 1099 3367 est
1119 3314 1463 3379 criminosos;
1492 3315 1581 3369 sed
1607 3323 1660 3369 et
1683 3315 1764 3370 lex

207 3401 399 3465 peccati
421 3400 542 3457 ideo
564 3401 781 3470 dicitur,
814 3416 918 3456 non
949 3401 1071 3473 quia
1101 3405 1213 3472 ipsa
1243 3416 1514 3476 peccatum
1538 3415 1647 3471 est,
1672 3406 1766 3461 sed

204 3494 322 3561 quia
361 3491 727 3559 peccatoribus
770 3495 1080 3564 imponitur.
1117 3496 1241 3551 ideo
1280 3499 1437 3551 etiam
1475 3503 1661 3554 mortis
1689 3499 1771 3554 di-

202 3583 358 3648 citur,
397 3584 517 3654 quia
547 3584 869 3653 stipendium
898 3586 1097 3655 peccati
1139 3600 1317 3653 mors,
1347 3587 1561 3642 aculeus
1593 3598 1767 3644 autem

205 3674 390 3728 mortis
414 3681 689 3743 peccatum
713 3689 727 3726 :
753 3674 919 3728 virtus
942 3689 1068 3729 vero
1093 3676 1294 3745 peccati
1326 3676 1431 3729 lex.
1463 3674 1528 3729 In
1553 3694 1653 3744 qua
1677 3678 1766 3731 de-

204 3762 500 3816 tinebantur.
535 3760 915 3817 Detinebamur
940 3776 1036 3833 per
1065 3773 1355 3833 peccatum.
1393 3763 1477 3817 Ita
1498 3774 1551 3818 ut
1580 3768 1773 3820 servia-

204 3867 323 3906 tmts
352 3854 406 3906 in
434 3856 652 3907 nouitate
693 3855 932 3927 spiritus,
985 3860 1031 3907 et
1080 3870 1182 3908 non
1208 3854 1263 3907 in
1294 3862 1537 3909 vetustate
1566 3856 1768 3912 littetw.

205 3940 468 4011 Spirita‘is
512 3942 698 4014 gratiae
728 3945 1010 4014 praeceptis
1041 3943 1371 4010 obedientes,
1405 3959 1508 4000 nou
1541 3946 1769 4001 litteram

206 4032 339 4101 legis
356 4046 655 4104 sequentes.
685 4035 826 4101 Quid
850 4050 966 4105 ergo
986 4035 1213 4090 dicemus
1231 4076 1245 4099 ,
1279 4037 1362 4089 lea:
1390 4048 1646 4107 peccatum
1664 4040 1774 4093 est?

201 4123 340 4190 Quia
358 4125 586 4189 dixerat,
616 4127 756 4195 quod
784 4127 1059 4195 passiones
1090 4142 1186 4197 per
1207 4128 1374 4198 legem
1408 4132 1561 4184 morti
1586 4130 1771 4185 fructi-

205 4214 446 4284 ﬁcarent,
477 4218 599 4273 ideo
625 4218 728 4273 sibi
777 4217 984 4288 objicit,
1015 4219 1104 4274 lex
1135 4230 1407 4289 peccatum
1449 4222 1569 4275 est?
1594 4230 1645 4275 et
1689 4237 1773 4277 re-

212 4304 457 4369 spondet:
479 4308 647 4364 Absit.
670 4307 781 4364 iloc
792 4308 920 4364 facit
941 4317 1124 4364 contra
1145 4309 1485 4374 Mauicltaaos,
1503 4310 1589 4379 qui
1610 4310 1774 4367 Vetus

211 4391 599 4454 Testamentum
649 4406 863 4470 negant.
914 4400 1064 4466 Quod
1118 4399 1165 4454 si
1212 4399 1486 4469 dixerint:
1520 4401 1643 4456 Ideo
1689 4404 1773 4459 hic

1871 3206 1934 3260 Et
1959 3205 2024 3258 ad
2051 3205 2308 3272 Ephesius
2332 3203 2430 3257 hoc
2454 3204 2791 3273 apertissime
2808 3204 3120 3258 confitetur:
3144 3206 3195 3257 in
3220 3205 3443 3273 quibus,

1870 3288 2057 3363 inquit,
2091 3305 2143 3347 ut
2171 3309 2269 3349 nos
2290 3310 2474 3349 omnes
2501 3297 2801 3350 conversati
2834 3311 3048 3361 smnus,
3084 3297 3134 3349 in
3166 3297 3448 3351 des'deriis

1868 3388 2047 3440 carnis
2085 3398 2136 3439 ct
2167 3385 2547 3455 cogitationum
2578 3402 2589 3437 :
2622 3394 2675 3439 et
2706 3399 2919 3439 eramus
2962 3398 3146 3439 natura
3198 3385 3283 3439 ﬁlii
3317 3386 3443 3451 inc,

1870 3475 2005 3530 sicut
2034 3484 2088 3530 et
2116 3474 2324 3541 caeteri,
2356 3485 2406 3529 et
2455 3474 2678 3543 reliqua.
2710 3476 2774 3527 Et
2802 3474 2865 3528 ad
2895 3474 3069 3529 Titum
3097 3490 3111 3528 :
3153 3472 3367 3529 Fuimus
3393 3485 3448 3529 et

1871 3579 1990 3632 nos,
2021 3566 2205 3634 inquit,
2238 3565 2519 3632 aliptandu
2561 3564 2707 3618 stulti
2752 3573 2806 3618 et
2859 3564 3136 3629 increduli,
3170 3575 3455 3631 errantes,

1870 3666 1925 3713 et
1953 3657 2157 3726 reliqua
2186 3672 2306 3727 qua:
2333 3658 2400 3711 ibi
2432 3666 2748 3725 sequuntur.
2772 3655 2916 3712 Talis
2939 3669 3064 3711 ante
3083 3662 3304 3726 gratiam
3330 3658 3446 3710 fttit.

1873 3747 2147 3801 Peccatum
2176 3763 2264 3816 per
2293 3748 2591 3799 mandatum
2616 3758 2876 3817 operatum
2904 3757 2995 3800 est.
3029 3747 3175 3802 Sicut
3203 3750 3290 3815 qui
3315 3748 3452 3800 invi-

1873 3840 1988 3904 det,
2016 3848 2143 3893 tunc
2170 3838 2339 3906 magis
2370 3838 2703 3891 occasionem
2734 3839 2958 3891 nocendi
2991 3837 3204 3906 accipit,
3234 3838 3452 3907 quando

1872 3931 1920 3985 cl
1949 3930 2033 3984 cui
2059 3943 2252 3982 nocere
2272 3927 2405 3992 vult,
2428 3927 2626 3996 aliquid
2649 3927 2903 3981 creditur.
2934 3924 2996 3979 In
3022 3942 3099 3978 me
3116 3942 3309 3979 omnem
3329 3942 3449 3979 con-

1872 4020 2258 4087 cupiscentiam.
2286 4018 2509 4072 Omnem
2556 4033 2671 4085 quc
2713 4018 2909 4086 scripta
2955 4016 3117 4072 estin
3147 4016 3301 4086 lege:
3332 4015 3449 4072 Non

1872 4109 2219 4179 concupisces
2242 4122 2489 4175 uxorem,
2522 4122 2693 4176 neque
2723 4121 2926 4177 agt-nm,
2960 4121 3132 4177 neque
3160 4094 3457 4178 quidquam

1873 4200 2109 4269 proximi
2135 4199 2234 4264 tui,
2266 4208 2320 4253 et
2350 4199 2574 4266 reliqua.
2606 4197 2773 4252 liabet
2802 4197 2903 4253 hoc
2933 4212 3028 4268 per
3070 4199 3451 4267 transgressio—

1876 4304 1994 4344 nem
2027 4289 2272 4343 bumana:
2302 4292 2497 4344 mentis
2538 4288 2851 4353 inﬁrmitas,
2880 4299 2939 4343 ut
2967 4288 3233 4343 difﬁcilius
3262 4290 3451 4343 obser-

1874 4381 1985 4435 vari
2010 4382 2221 4449 possint
2242 4379 2526 4447 prohibita.
2557 4379 2685 4435 Siue
2707 4379 2821 4451 lege
2843 4381 2985 4435 enim
3010 4392 3285 4451 peccatum
3311 4397 3455 4436 mor-

216 4498 423 4557 ρηριρι.
441 4489 654 4546 “deos
675 4466 868 4547 ρξεετίι
888 4491 1084 4561 tegam,
1106 4492 1225 4561 quia
1250 4466 1771 4561 limuil'scandatum,
1804 4466 1852 4526 D
1881 4479 2026 4561 tuum
2045 4480 2158 4525 erat
2178 4487 2191 4524 :
2209 4470 2260 4524 id
2281 4478 2380 4561 est,
2400 4470 2619 4561 latebat,
2637 4472 3067 4561 nouapparebat,
3083 4472 3459 4541 ignorabatur,

218 4582 634 4647 .espondendum
670 4592 754 4639 est
787 4600 800 4635 :
835 4581 974 4653 Ergo
1002 4596 1211 4652 semper
1241 4583 1416 4637 timuit
1441 4584 1771 4653 scandalum,

213 4667 333 4736 quia
374 4684 636 4742 nunquam
676 4680 858 4727 contra
889 4673 1059 4742 legem
1109 4672 1313 4726 locutus
1342 4681 1443 4727 est.
1478 4672 1606 4726 Cum
1649 4687 1777 4741 ergo

215 4760 396 4816 multis
417 4762 545 4817 locis
577 4776 740 4832 opera
768 4762 899 4832 legis
927 4762 1275 4827 destruxerit,
1303 4776 1441 4817 nunc
1490 4764 1676 4817 merito
1726 4769 1775 4817 in

218 4848 321 4905 hoc
342 4866 456 4907 eam
485 4853 685 4919 laudat,
716 4853 769 4908 in
798 4867 906 4922 quo
934 4853 1194 4923 spiritalis
1234 4864 1345 4917 est,
1378 4863 1430 4908 et
1460 4853 1777 4911 Manicltreos

217 4941 334 5009 eius
350 4943 706 5001 insinuatione
726 4944 1024 5001 confundit.
1054 4944 1229 5000 Absit.
1255 4945 1331 5001 Ne
1357 4947 1475 5015 quis
1496 4947 1636 5001 enim
1656 4962 1775 5015 pro-

223 5041 335 5099 pter
356 5035 465 5092 btec
492 5036 794 5093 testimonia
824 5037 1088 5105 vituperet
1111 5037 1279 5106 legem
1300 5076 1314 5101 ,
1361 5045 1414 5091 et
1441 5037 1631 5090 malam
1660 5050 1778 5091 esse

230 5127 514 5193 contendat,
559 5126 805 5197 praevidit
851 5125 1139 5194 Apostolus
1197 5126 1335 5181 male
1366 5127 1779 5197 intelligentibus

229 5214 341 5278 quid
371 5217 535 5283 possit
567 5229 886 5281 occurrere,
918 5214 1158 5270 eamdem
1196 5215 1295 5270 sibi
1342 5217 1457 5286 ipse
1502 5220 1781 5286 proposuit

231 5306 579 5367 Micam.
595 5305 731 5373 Quid
754 5319 881 5375 ergo
894 5304 1150 5371 dicimus,
1176 5305 1379 5374 inquit:
1404 5306 1485 5361 lex
1507 5321 1778 5376 peccatum

234 5395 331 5447 est?
350 5396 518 5451 Absit.
543 5397 650 5452 Sed
682 5406 941 5464 peccatum
970 5413 1073 5451 non
1100 5399 1341 5466 cognovi,
1370 5401 1469 5453 nisi
1491 5417 1580 5470 per
1598 5400 1778 5473 legem.

238 5474 333 5539 line
353 5485 457 5554 iam
482 5487 726 5559 superius
751 5486 988 5552 dixerat,
1006 5499 1103 5556 per
1120 5486 1286 5556 legem
1305 5488 1538 5557 cognitio
1556 5495 1777 5559 peccati.

236 5567 330 5631 Non
354 5594 475 5648 ergo
501 5580 721 5643 ablatio,
751 5579 845 5633 sed
869 5578 1102 5647 cognitio
1127 5588 1229 5633 est.
1251 5577 1381 5646 Qua:
1401 5580 1521 5635 ideo
1538 5584 1656 5635 data
1676 5593 1781 5650 est,

232 5676 335 5723 asa
348 5680 405 5726 ut
428 5680 700 5741 peccautm
730 5671 938 5727 tolleret
970 5685 1141 5739 neque
1171 5680 1228 5725 ut
1249 5670 1659 5741 exstirparctur,
1688 5676 1780 5730 scd

1879 4560 2011 4613 mihi
2036 4569 2303 4613 mortuum
2327 4558 2642 4613 videbatur:
2676 4560 2758 4613 vel
2792 4560 2844 4613 in
2874 4560 3193 4617 oblivionem
3226 4572 3341 4617 erat
3371 4578 3457 4615 na-

1879 4648 2064 4703 turalis
2111 4648 2226 4711 lex,
2284 4662 2403 4718 qua:
2452 4649 2766 4703 ostendebat
2808 4651 2935 4720 quid
2971 4665 3001 4705 e
3032 4662 3112 4705 set
3157 4662 3452 4719 peceatum.

1878 4742 2002 4797 Ideo
2023 4752 2075 4797 et
2093 4741 2179 4795 lex
2201 4744 2322 4796 data
2344 4751 2424 4795 est
2448 4743 2658 4807 litterze,
2681 4758 2800 4811 quae
2821 4754 3265 4797 commemoraret
3284 4745 3455 4810 legem

1885 4850 2105 4896 naturai.
2130 4839 2241 4912 Ego
2270 4850 2436 4894 autem
2473 4842 2694 4894 vivebam
2731 4842 3028 4909 aliquando.
3077 4840 3235 4905 Quasi
3278 4840 3465 4908 justus

1884 4942 1938 4987 et
1970 4931 2106 4987 liber
2155 4947 2183 4983 a
2232 4941 2448 5000 peccatu
2496 4933 2675 4985 vivere
2729 4930 2857 4984 mihi
2903 4918 3300 4984 videbar.’S.ue
3329 4931 3465 4996 lege.

1889 5020 2039 5076 Unde
2066 5023 2405 5084 manifestat,
2442 5038 2547 5075 non
2584 5037 2645 5074 ex
2679 5034 2903 5089 persona
2940 5033 3031 5072 sua
3065 5020 3274 5088 proprie
3299 5059 3315 5085 ,
3364 5020 3467 5071 smi-

1883 5114 2207 5183 gcneraliter
2232 5129 2296 5171 ex
2338 5127 2560 5182 persona
2595 5112 2823 5183 hominis
2870 5110 3036 5179 loqui.
3083 5110 3183 5165 Sed
3216 5127 3339 5164 cum
3372 5128 3462 5162 Vv-

1883 5204 2050 5258 nisset
2080 5204 2386 5256 mandatum
2415 5219 2429 5255 :
2461 5203 2512 5256 id
2543 5210 2647 5269 est,
2669 5201 2722 5254 in
2747 5200 3067 5256 obliviOnem
3100 5212 3319 5256 venerat
3340 5218 3474 5256 esse

1886 5305 2193 5366 peccatmn;
2224 5302 2278 5348 at
2311 5294 2395 5347 ubi
2445 5293 2587 5347 venit
2619 5292 2959 5359 mandatum,
2992 5294 3329 5364 recognitum
3379 5300 3467 5347 et

1886 5395 2181 5457 peccatum,
2210 5395 2267 5439 ut
2294 5385 2466 5439 omnis
2489 5386 2573 5453 qui
2595 5383 2722 5438 illud
2747 5382 2951 5452 fecerit,
2977 5394 3240 5440 mortuum
3265 5398 3322 5437 se
3344 5399 3471 5436 esse

1887 5494 2193 5558 cognoscat.
2216 5484 2434 5539 Retia'it.
2460 5484 2513 5540 ld
2536 5495 2637 5556 est,
2657 5486 2848 5542 enituit
2865 5497 2917 5542 et
2938 5485 3201 5557 apparuit.
3230 5483 3468 5549 Revixit,

1892 5587 2001 5640 ait:
2040 5601 2145 5640 non
2178 5585 2337 5653 vixit;
2373 5586 2579 5641 vixerat
2609 5586 2750 5640 enim
2782 5585 3067 5656 aliquando
3097 5585 3148 5637 in
3180 5583 3490 5657 i‘aradisag

1893 5679 2104 5748 quando
2160 5688 2343 5733 contra
2391 5680 2571 5735 datum
2628 5687 2948 5749 praeceptum
3000 5677 3131 5733 satis
3180 5680 3478 5747 apparebat
