3904 6176
423 249 520 300 451
1528 235 1814 291 PRlM‘xSll
1860 232 2030 285 ADRI.‘

2146 229 2304 283 T.\Nl
2347 225 2556 281 EPlSC.
3564 214 3663 268 liii

421 361 732 416 admissum.
773 358 1040 412 Peccatum
1069 352 1264 417 revixit,
1291 369 1380 422 ego
1408 360 1572 404 autem
1600 357 1827 401 mortuus
1856 363 1987 400 sum.
2024 347 2061 403 Α
2096 341 2419 410 jttstiﬁcatur
2445 355 2459 405 ;
2497 347 2547 391 et
2575 336 2691 388 ideo
2724 332 3048 388 vivificandis
3079 331 3155 385 eis
3183 344 3316 422 quos
3356 330 3659 422 litteragoc-

425 455 536 509 lloc
563 461 665 517 est,
698 451 944 520 apparuit
971 446 1112 517 quod
1142 420 1622 504 luerat—occultum,
1648 445 1768 510 quia
1792 441 1997 492 vixerat
2099 434 2248 496 cidit,
2293 430 2514 499 spiritus
2541 427 2719 496 gratim
2749 425 2914 494 gratis
2940 423 3246 520 opitulatur.
3277 421 3404 520 Diam
3437 420 3568 520 nihil
3603 436 3664 473 ex

427 559 524 614 per
554 515 830 597 scientiam
858 515 1175 602 naturalem,
1198 545 1250 591 et
1275 545 1541 589 mortuum
1568 533 1735 586 fuerat
1754 546 1846 600 per
1866 529 1999 582 obli-
2100 541 2163 581 ea
2189 537 2330 579 recte
2379 524 2471 588 lit,
2516 523 2652 574 sicut
2683 520 2877 614 dictu‘m
2905 516 3151 614 esu-sine
3181 515 3667 614 gratiaiquiamon

424 602 637 690 vion-‘m
662 652 674 687 :
711 635 829 703 quia
858 631 1238 701 prmvaricatus
1264 642 1379 681 sum
1407 626 1516 694 jam
1549 627 1754 689 sciens,
1784 632 1837 676 et
1858 636 2000 675 mor-
2100 625 2184 670 est
2212 616 2329 668 data
2354 627 2475 681 quae
2506 610 2670 678 possit
2698 608 2990 662 vivificare.
3122 606 3329 703 bonum.
3359 602 3669 703 Cnstodico:

426 736 574 780 tuum
603 740 689 779 me
716 694 834 777 esse
859 694 1066 790 peceati
1098 717 1524 772 manilestatione
1553 713 1802 782 perspexi
1834 728 1849 763 :
1877 709 2001 778 quia
2103 707 2260 760 tibus.
2315 703 2462 768 Quod
2514 717 2632 772 ergo
2661 700 2844 793 bonum
2889 706 2985 761 est,
3009 695 3132 748 mihi
3161 695 3354 763 factum
3383 702 3469 793 est
3505 694 3675 791 mors?

424 818 534 886 jam
561 788 996 882 przevaricationc
1026 818 1234 880 peccat,
1255 809 1342 878 qui
1374 807 1514 860 videt
1546 821 1638 874 per
1684 805 1853 872 legem
1877 800 2001 870 quid
2106 796 2261 848 Absit.
2283 794 2394 847 Non
2416 792 2542 844 mihi
2563 788 2866 886 mandatum
2886 802 2978 855 per
2993 800 3052 886 se
3067 799 3223 838 causa
3241 788 3426 886 mortis
3441 788 3677 845 exstitit;

431 874 607 964 lacere
635 922 736 960 non
759 907 968 964 debeat.
993 874 1046 957 ei.
1066 910 1242 956 tamen
1272 874 1395 954 iacit
1417 901 1526 954 sive
1549 897 1870 958 titillatione,
1891 895 2006 947 sive
2107 887 2200 939 sed
2229 899 2326 952 ego
2356 883 2483 936 mihi
2520 882 2656 934 facio
2683 880 2770 948 qui
2805 877 3075 946 peccando
3106 884 3276 928 morte
3324 874 3480 942 digna
3529 887 3683 926 com-

432 997 821 1057 delectatione,
865 994 963 1047 etsi
997 1008 1100 1046 non
1137 991 1528 1044 consensione:
1564 987 1645 1041 vel
1676 986 1795 1055 quia
1827 994 2005 1036 reatus
2107 983 2283 1035 mitto.
2315 981 2367 1033 ln
2401 979 2541 1032 male
2590 986 2766 1030 utente
2814 975 3014 1044 quippe
3072 973 3255 1026 vitium
3303 982 3403 1037 est,
3463 987 3569 1024 non
3627 971 3683 1023 in

437 1083 892 1154 pr-s-varicationis
919 1089 1123 1134 certum
1154 1079 1340 1132 mortis
1367 1077 1684 1144 supplicium
1717 1072 2005 1127 commina-

439 1185 544 1229 tur.
573 1174 637 1226 Et
659 1177 913 1226 inventura
936 1181 1008 1224 est
1030 1172 1154 1223 mihi
1177 1171 1491 1222 mandatum.
1517 1166 1664 1232 Quod
1689 1163 2005 1219 custoditum

439 1264 750 1332 proﬁciebat
795 1263 859 1314 ad
902 1264 1097 1325 vitam,
1155 1260 1252 1312 hoc
1301 1258 1596 1326 neglectum
1651 1252 1897 1324 perduxit
1944 1250 2008 1302 ad

438 1363 662 1406 mortem
689 1368 704 1404 :
733 1352 852 1418 quia
887 1350 1061 1403 sciens
1093 1349 1218 1400 illud
1254 1362 1356 1400 non
1390 1344 1674 1400 eustodivi.
1707 1344 1815 1396 lloc
1845 1351 2010 1394 totum

442 1442 586 1504 ideo,
617 1450 673 1492 ιιι
707 1438 954 1493 ostendat
985 1439 1151 1507 legero
1182 1435 1391 1504 quidem
1423 1435 1605 1492 datam
1620 1433 1683 1486 ad
1707 1433 1889 1494 vitam,
1920 1429 2013 1484 sed

441 1535 561 1602 quia
585 1549 686 1587 non
710 1529 1211 1598 deditadjutorium,
1229 1527 1493 1596 quomodo
1514 1525 1776 1594 possimus
1799 1522 2012 1584 salvari,

442 1631 501 1677 ut
524 1638 618 1675 nos
643 1622 868 1675 deducat
891 1621 953 1672 ad
985 1620 1230 1688 gratiam,
1255 1632 1371 1686 qure
1400 1625 1565 1669 totum
1599 1613 1787 1676 habet,
1820 1621 1873 1665 et
1913 1611 2014 1664 mi-

2113 1072 2362 1125 mandato
2391 1072 2528 1138 ipso,
2556 1068 2695 1138 quod
2723 1068 2918 1120 bonum
2961 1075 3074 1130 est,
3122 1065 3369 1132 quoniam
3416 1061 3552 1115 bona
3596 1071 3688 1115 est

2113 1163 2220 1217 lex.
2267 1162 2373 1215 Sed
2399 1169 2680 1226 peccatum,
2711 1166 2764 1208 ut
2794 1162 3042 1223 appareat
3072 1162 3353 1222 peccatum,
3382 1168 3469 1220 per
3494 1153 3690 1202 bonum

2115 1255 2239 1306 mihi
2277 1260 2544 1322 operatum
2569 1261 2642 1304 est
2672 1259 2903 1302 mortem.
2929 1245 3030 1300 Per
3054 1247 3221 1316 legem
3249 1256 3468 1312 apparet
3499 1258 3688 1310 pecca-

2116 1357 2249 1407 tum,
2273 1354 2328 1398 et
2360 1359 2452 1411 per
2493 1343 2658 1410 ipsam
2709 1340 2944 1407 punitur.
2970 1339 3105 1408 Ergo
3133 1351 3225 1405 per
3257 1337 3473 1399 bonum,
3500 1334 3550 1385 id
3579 1341 3689 1395 est,

2119 1452 2215 1507 per
2243 1437 2433 1504 legem,
2466 1449 2583 1502 quae
2614 1433 2747 1485 bona
2776 1441 2878 1496 eet,
2913 1432 2954 1484 si
2983 1430 3101 1497 quis
3125 1445 3186 1482 ea
3219 1428 3452 1497 legitime
3482 1435 3690 1488 utatur,

2120 1526 2252 1579 mihi
2303 1532 2556 1592 operatur
2595 1532 2853 1586 mortem,
2884 1535 3004 1574 cum
3048 1518 3162 1588 ejus
3191 1529 3550 1586 transgressor
3573 1515 3694 1568 effi-

2117 1619 2250 1673 cior.
2283 1617 2348 1672 Ut
2377 1617 2468 1686 [iat
2490 1633 2644 1686 supra
2675 1617 2880 1668 modum
2909 1631 3120 1683 peccans
3147 1623 3401 1678 peccatum
3433 1629 3520 1680 per
3545 1629 3696 1664 mau-

446 1716 816 1780 sericordiam,
848 1723 904 1769 et
923 1713 1268 1782 adjutorium,
1290 1721 1342 1765 et
1370 1709 1694 1778 exemplum.
1720 1708 1866 1773 Quod
1910 1715 2016 1760 erat
2047 1705 2092 1764 B
2121 1710 2316 1762 datum.
2352 1706 2648 1776 Iniquitatis
2674 1705 2837 1775 exigit
2859 1705 3164 1774 magnitudo
3190 1715 3246 1758 ut
3268 1704 3426 1758 homo
3449 1705 3555 1772 jam
3583 1718 3696 1757 non

445 1807 513 1858 ad
533 1807 711 1868 vitam,
746 1810 840 1859 hoc
870 1822 976 1859 esse
1005 1806 1072 1857 ad
1097 1813 1326 1860 mortem.
1351 1803 1406 1858 Si
1433 1804 1511 1857 vis
1535 1802 1600 1855 ad
1626 1802 1785 1855 vitam
1813 1801 2015 1866 venire,

450 1913 604 1952 serva
635 1896 905 1951 mandata.
931 1895 1263 1948 Custoditum
1289 1895 1590 1947 mandatum
1619 1893 1780 1946 vitam
1806 1891 2015 1945 tribuit:

457 2006 560 2044 non
587 1988 930 2049 custoditum,
961 1996 1214 2052 mortem,
1239 2002 1355 2055 qua:
1377 1985 1728 2054 transgressio
1750 1995 1852 2037 est.
1886 1984 2021 2036 Nam

452 2091 712 2148 peccatum
733 2080 994 2132 occasione
1015 2088 1241 2149 accepta.
1263 2077 1317 2132 Si
1339 2077 1462 2147 quid
1485 2087 1666 2132 contra
1691 2077 1856 2147 legem
1880 2079 2024 2132 vidc-

453 2181 540 2225 tur
569 2171 774 2235 dicere,
806 2171 884 2223 eis
915 2171 1166 2238 imputat,
1195 2172 1282 2239 qui
1306 2169 1624 2238 perfectiora
1647 2169 1890 2236 accipere
1919 2181 2022 2221 non

456 2263 754 2315 valuerunt.
801 2261 925 2315 Ideo
952 2262 1286 2316 oet-asionem
1317 2261 1450 2314 dixit
1478 2261 1640 2315 fuisse
1670 2261 1891 2329 peccati.
1928 2259 2026 2312 Per

455 2353 776 2406 mandatum.
833 2353 965 2418 Quia
1019 2353 1198 2406 suasio
1248 2352 1586 2421 delinquendi
1639 2353 1703 2406 ad
1755 2361 2024 2420 peccatum

460 2445 830 2500 vehementior
850 2452 956 2510 est,
984 2457 1103 2497 cum
1127 2445 1281 2499 adest
1301 2445 1586 2512 prohibitio
1610 2463 1623 2498 :
1655 2454 1708 2500 et
1731 2461 1834 2498 non
1856 2445 2027 2497 solum

462 2543 824 2603 peccatorem,
855 2534 948 2588 sed
979 2543 1034 2588 et
1067 2545 1515 2604 transgressorem
1548 2537 1689 2590 facit.
1729 2537 1858 2601 Quia
1901 2549 2029 2606 ergo

460 2624 528 2677 ab
560 2624 862 2677 hominibus
893 2625 1127 2677 nondum
1165 2625 1459 2692 spiritalem
1509 2626 1731 2695 gratiam
1763 2627 2027 2692 accipien-

463 2713 602 2766 tibus
629 2713 842 2766 suavius
861 2714 1156 2766 admittitur
1184 2714 1320 2782 quod
1341 2723 1568 2781 vetatur,
1601 2714 1731 2770 fallit
1757 2726 2029 2784 peccatum

463 2803 592 2857 falsa
621 2804 898 2869 dulcedine
925 2822 937 2856 :
969 2805 1089 2872 quia
1120 2819 1246 2858 vero
1274 2805 1466 2859 accidit
1497 2815 1679 2859 reatus
1710 2806 2030 2872 prmvarica-

465 2894 655 2957 tionis,
689 2901 744 2948 et
771 2893 965 2946 occidit
991 2909 1004 2945 :
1033 2893 1151 2961 quia
1182 2894 1408 2961 pretium
1435 2894 1722 2948 mortifera:
1749 2896 2034 2962 voluptatis

467 2983 802 3052 amplectitur
828 2983 1162 3037 dulcedinem
1193 2985 1336 3037 illam
1380 3000 1481 3054 qua
1539 2983 1757 3048 fallitur,
1799 2995 1852 3039 ct
1888 2987 2034 3042 dele-

2127 1807 2400 1866 peccator,
2429 1797 2521 1850 sed
2550 1806 2820 1863 peccatum
2854 1804 3088 1850 vocetur.
3116 1797 3252 1849 Ante
3282 1795 3451 1863 legem
3476 1796 3698 1849 modum

2127 1888 2356 1941 habebat
2396 1886 2596 1954 peccati
2639 1887 2903 1954 appetitus
2948 1901 3043 1954 per
3084 1887 3437 1960 ignorantiam
3473 1903 3487 1937 :
3530 1899 3699 1951 supra

2128 1977 2342 2030 modum
2370 1985 2451 2030 est
2480 1975 2622 2044 quod
2672 1975 2902 2028 scienter
2944 1975 3258 2028 admittitur.
3293 1973 3495 2028 Scimus
3533 1975 3696 2026 enim.

2128 2069 2183 2123 Id
2215 2077 2296 2122 est
2318 2108 2332 2132 ,
2384 2068 2522 2134 quod
2556 2068 2638 2121 lex
2679 2065 2868 2130 ardua,
2911 2065 3002 2119 sed
3030 2065 3283 2132 spiritalia
3315 2053 3572 2133 praecipit,
3601 2065 3704 2117 sed

2126 2175 2225 2229 ego
2254 2173 2374 2212 cum
2401 2157 2552 2225 juxta
2587 2156 2856 2210 carnalem
2902 2155 3339 2209 consuetudinem
3382 2155 3586 2220 titillor,
3638 2154 3706 2208 ab

2127 2251 2240 2317 ejus
2268 2247 2591 2316 perfectione
2620 2246 2905 2310 dissentio,
2940 2245 3170 2313 perfecta
3199 2241 3412 2311 perimit
3450 2245 3707 2312 imperfe-

2126 2350 2292 2394 ctum.
2315 2338 2464 2402 Quod
2489 2340 2569 2391 lea;
2591 2337 2839 2405 spiritalis
2856 2345 2946 2389 est.
2976 2334 3282 2404 Expositum
3305 2336 3525 2388 esthoc.
3554 2336 3708 2388 Man-

2130 2432 2220 2485 dat
2241 2446 2359 2501 quae
2387 2429 2606 2496 spiritus
2633 2437 2756 2482 sunt
2775 2441 2969 2495 opera:
2999 2426 3140 2480 unde
3165 2425 3394 2480 ostendit
3416 2441 3518 2479 non
3546 2441 3709 2494 posse

2131 2519 2339 2589 impleri
2372 2519 2566 2588 legem.
2599 2517 2701 2570 nisi
2749 2517 2817 2570 ab
2845 2515 3089 2585 Spiritali.
3125 2515 3235 2587 Ego
3272 2524 3437 2569 autem
3478 2520 3711 2570 cantatis

2131 2629 2262 2666 sum.
2290 2611 2388 2676 Qui
2420 2611 2588 2678 legem
2622 2608 2826 2677 accipio
2849 2649 2864 2674 ,
2893 2608 3146 2663 consuevi
3177 2607 3461 2661 carnaliter
3488 2608 3707 2662 vivere:

2133 2707 2186 2761 id
2213 2714 2314 2771 est,
2346 2704 2496 2760 carni
2523 2701 2902 2766 consentiens,
2951 2701 3183 2756 nondum
3231 2699 3489 2767 Spirituali
3540 2701 3710 2770 gratia

2135 2799 2411 2852 liberatus.
2445 2796 2643 2850 Bonum
2671 2802 2751 2847 est
2777 2793 2918 2847 enim
2948 2807 3052 2845 non
3081 2791 3460 2860 concupiscere
3485 2807 3498 2843 :
3526 2801 3586 2844 et
3612 2791 3714 2852 hoc

2137 2891 2332 2944 bonum
2365 2889 2477 2942 vult
2501 2887 2696 2956 justus,
2724 2887 2816 2957 qui
2859 2903 2920 2939 ex
2953 2886 3054 2941 ﬁde
3084 2887 3242 2948 vivit,
3281 2895 3338 2939 et
3370 2896 3551 2938 tamen
3589 2886 3720 2940 facit

2137 2982 2278 3050 quod
2308 2980 2441 3046 odit,
2478 2979 2598 3049 quia
2645 2979 2995 3046 concupiscit,
3027 2979 3270 3047 quamvis
3308 2986 3426 3046 post
3451 2980 3720 3046 concupi-

467 3080 643 3125 etatur
660 3072 818 3125 etiam
842 3082 1022 3125 contra
1045 3074 1210 3139 legem
1231 3074 1435 3128 facere:
1465 3083 1519 3127 et
1544 3085 1687 3128 tanto
1704 3077 2032 3144 magislibet,
2064 3068 2108 3129 C
2139 3071 2368 3126 scentias
2389 3083 2514 3123 suas
2542 3083 2643 3122 non
2664 3078 2770 3122 eat.
2804 3067 2954 3135 Quod
2985 3070 3025 3121 si
3052 3067 3252 3132 fecerit,
3283 3076 3407 3122 tunc
3436 3083 3570 3122 vere
3603 3070 3722 3135 ipse

469 3173 667 3230 quanto
693 3165 871 3217 minus
903 3164 1042 3217 licet.
1077 3163 1295 3217 Seduxit
1338 3181 1442 3229 me,
1483 3175 1531 3217 et
1555 3181 1643 3234 per
1669 3165 1800 3218 illud
1830 3167 2034 3222 occidit.

468 3253 652 3321 Neque
701 3254 842 3306 enim
897 3253 1097 3306 nullum
1152 3263 1450 3322 peccatum,
1486 3255 1587 3308 nisi
1615 3256 2038 3322 concupiscendo

468 3341 838 3395 committitur.
868 3341 1097 3396 Proinde
1125 3357 1242 3412 quae
1273 3343 1371 3397 hoc
1397 3344 1665 3412 prohibet,
1691 3349 1828 3399 bona
1850 3352 1904 3399 et
1928 3345 2039 3398 lau-

469 3436 660 3489 dabilis
683 3435 764 3489 lex
789 3445 890 3489 est.
923 3435 1028 3489 Sed
1075 3435 1161 3488 ubi
1190 3444 1404 3489 sanctus
1433 3436 1646 3505 adjuvat
1675 3437 1930 3504 Spiritus,
1966 3437 2040 3491 in-

469 3528 679 3594 spirans
705 3541 800 3595 pro
827 3527 1252 3595 concupiscentia
1276 3528 1412 3580 mala
1435 3528 1915 3596 concupiscentiam
1945 3529 2038 3581 ho-

469 3635 624 3682 nam.
679 3619 782 3673 hoc
832 3629 916 3675 est
968 3620 1282 3674 charitatem
1333 3619 1634 3672 diliundens
1689 3622 1739 3672 in
1788 3620 2038 3673 cordibus

470 3711 690 3778 nostris,
726 3711 964 3779 profecto
1007 3711 1092 3764 illa
1124 3710 1480 3778 lex,quamvis
1508 3711 1828 3779 bona,auge‘t
1857 3710 2036 3778 prohi-

469 3801 644 3856 bendo
671 3800 992 3855 desiderium
1043 3800 1260 3853 malum.
1291 3801 1438 3854 Sicut
1481 3814 1630 3868 aqua:
1661 3800 1888 3868 impetus
1909 3802 1953 3854 si
1984 3801 2034 3853 in

468 3907 584 3946 eam
619 3901 820 3960 partem
853 3906 957 3944 non
987 3900 1162 3944 cesset
1191 3890 1388 3958 ﬂuere,
1413 3891 1779 3945 vehementior
1803 3895 1858 3944 lit
1886 3892 2039 3946 obice

469 3984 747 4052 opposito,
773 3982 924 4052 cujus
957 3981 1148 4036 molem
1178 3996 1298 4036 cum
1343 3982 1562 4036 evicerit
1614 3981 1800 4050 majori
1825 3982 2039 4036 cumulo

471 4075 834 4144 prtecipitatus
868 4075 1145 4127 violentius
1170 4089 1262 4140 per
1286 4089 1446 4142 prona
1478 4075 1828 4142 provolvitur.
1853 4075 2039 4130 Nescio

469 4183 574 4236 quo
627 4170 769 4220 enim
825 4167 983 4219 modo
1033 4166 1131 4218 hoc
1164 4165 1332 4231 ipsum
1366 4165 1502 4232 quod
1535 4166 1947 4233 concupiscitur,
1984 4169 2042 4218 lit

465 4256 749 4324 jucundius
777 4255 902 4308 dum
931 4263 1156 4306 velatur.
1186 4254 1251 4305 Et
1283 4255 1383 4307 hoc
1410 4261 1492 4306 est
1519 4262 1659 4322 quod
1687 4255 1822 4308 fallit
1847 4270 2036 4322 pecca-

477 4357 587 4398 tum
623 4361 714 4414 per
731 4344 1056 4410 mandatum,
1081 4353 1134 4397 et
1164 4358 1257 4412 per
1283 4343 1409 4396 illud
1436 4344 1628 4398 occidit
1653 4361 1665 4396 :
1693 4347 1822 4399 Cum
1849 4344 2038 4398 accidit

2143 3164 2286 3229 facit,
2307 3172 2364 3216 ut
2387 3162 2561 3226 cedat,
2584 3171 2641 3215 ut
2657 3163 2972 3227 consentiat,
2997 3171 3054 3215 ut
3075 3162 3338 3215 desiderio
3359 3164 3564 3230 peccati
3589 3163 3726 3217 obc-

2139 3254 2268 3307 diat.
2307 3252 2640 3306 Vemmdalus
2676 3252 2764 3305 sub
2791 3261 3016 3320 peccato.
3058 3252 3110 3306 ld
3146 3261 3228 3305 est
3253 3254 3476 3320 pretium
3505 3264 3730 3324 tempo-

2141 3344 2266 3397 ralis
2288 3343 2590 3412 voluptatis.
2625 3342 2768 3396 lnter
2796 3341 3112 3397 vendentem
3141 3353 3314 3397 autem
3353 3353 3408 3398 et
3442 3357 3726 3400 ementem

2144 3437 2241 3488 hoc
2269 3435 2387 3488 loco
2419 3433 2558 3489 istud
2589 3433 2842 3503 probatur
2872 3447 2990 3488 esse
3026 3435 3424 3490 commercium.
3457 3435 3732 3507 Proponit

2141 3525 2385 3580 inimicus
2402 3525 2689 3594 iniquitatis
2701 3524 3006 3590 consilium,
3029 3535 3082 3578 et
3103 3527 3291 3594 accipit
3311 3527 3616 3583 voluntatis
3641 3543 3730 3582 as-

2142 3631 2377 3671 sensum.
2411 3619 2628 3685 Accipio
2669 3631 2796 3685 ergo
2845 3617 3052 3670 amissaa
3102 3617 3416 3672 innocentia:
3448 3620 3730 3687 pretium,

2142 3708 2309 3776 ipsam
2337 3707 2589 3774 peccandi
2616 3707 2938 3775 voluptatem
2969 3721 3031 3760 ac
3061 3707 3387 3762 mortiferam
3421 3708 3488 3763 de
3536 3710 3729 3779 iniqua

2141 3801 2403 3854 suavitate
2429 3798 2806 3854 ‘dulcedinem.
2842 3801 3171 3866 Venundati,
3219 3802 3407 3870 inquit,
3440 3803 3578 3857 estis
3603 3820 3734 3872 pec-

2142 3892 2274 3944 catis
2299 3891 2526 3954 vcstris,
2557 3907 2623 3945 ne
2648 3893 2926 3960 quisquam
2960 3908 3082 3947 eum
3115 3892 3347 3946 nondum
3380 3895 3732 3964 redemptum

2143 3981 2336 4034 Christi
2353 3981 2608 4049 sanguine
2626 3983 2917 4045 existimet;
2937 3983 3028 4038 sed
3056 3983 3514 4052 redemptionem,
3555 3987 3611 4039 id
3645 3998 3736 4041 est

2145 4070 2595 4123 immortalitatem
2628 4080 2929 4138 exspectat.
2963 4071 3056 4125 Vel
3087 4072 3441 4128 venundatum
3469 4073 3579 4128 sub
3603 4091 3735 4137 pec—

2143 4172 2262 4214 cato
2307 4163 2356 4214 in
2381 4162 2551 4229 prima
2583 4162 3017 4230 transgressione
3065 4165 3335 4231 praecepti,
3388 4173 3446 4218 ut
3491 4163 3738 4220 haberet

2148 4265 2343 4317 corpus
2384 4251 2766 4319 eorruptibile,
2813 4251 2952 4319 quod
2983 4266 3231 4321 aggravat
3271 4255 3523 4308 animam.
3571 4254 3739 4310 Nunc

2143 4359 2304 4408 vero,
2339 4354 2424 4398 tan
2448 4358 2585 4410 [nam
2618 4351 2850 4411 emptum
2895 4345 3247 4411 mancipium,
3274 4348 3481 4413 cogitur
3515 4348 3740 4401 servire

474 4439 634 4491 etiam
665 4433 1054 4503 praevaricatio,
1079 4449 1194 4502 quae
1226 4434 1368 4486 nulla
1395 4445 1494 4489 est.
1526 4435 1704 4504 Itaque
1733 4439 1815 4489 lex
1835 4438 2038 4506 quidem
2065 4433 2113 4490 D
2142 4435 2369 4488 libidini.
2400 4435 2546 4499 Quod
2566 4435 2700 4506 enim
2737 4449 2915 4500 aperor
2937 4450 3038 4486 non
3063 4435 3312 4506 intelligo.
3337 4435 3589 4503 Nunquid
3621 4454 3738 4492 non

471 4537 666 4590 sancta,
709 4534 755 4577 et
801 4524 1098 4576 mandatum
1137 4534 1369 4575 sanctum
1409 4535 1454 4576 et
1471 4527 1693 4594 justum.
1717 4527 1911 4579 Contra
1941 4527 2038 4580 itn-

475 4625 796 4685 pugnatures
827 4612 990 4681 legis,
1018 4621 1070 4664 et
1091 4621 1276 4664 contra
1305 4627 1396 4666 eos
1419 4615 1506 4681 qui
1532 4613 1791 4681 justitiam
1820 4629 1850 4667 a
1882 4615 2037 4670 boni-

473 4717 581 4760 tate
609 4711 926 4768 secernunt,
961 4703 1043 4757 lex
1098 4714 1150 4758 et
1195 4714 1375 4758 sancta
1429 4715 1483 4758 et
1532 4705 1668 4759 bona
1725 4706 1940 4772 dicitur,
1983 4718 2040 4762 et

470 4799 637 4868 gratia
662 4798 824 4865 jnsta.
854 4796 964 4850 Nisi
995 4797 1134 4850 enim
1160 4796 1730 4865 abundaveritjustitia
1758 4808 1954 4863 vestra,
1985 4809 2039 4854 et

469 4891 690 4956 reliqua.
719 4889 823 4944 Sed
853 4897 906 4941 et
953 4888 1089 4942 Deus
1120 4889 1170 4940 in
1215 4887 1392 4942 Veteri
1423 4889 1764 4944 Testamento
1795 4905 2040 4946 nonnun~

469 4997 626 5051 quam
657 4980 849 5045 bonus,
881 4989 934 5032 et
960 4980 1010 5031 in
1042 4978 1189 5032 Novo
1218 4977 1411 5032 dicitur
1437 4979 1613 5049 justus
1640 4997 1653 5032 :
1685 4990 1740 5034 ut
1769 4991 1850 5036 est
1887 4981 2033 5046 illud,

473 5072 626 5124 Pater
641 5068 804 5137 juste.
831 5069 896 5122 Et
927 5068 1030 5122 hoc
1055 5076 1238 5122 contra
1267 5069 1634 5124 Marcionistas
1661 5088 1672 5122 :
1705 5081 1883 5125 tamen
1908 5074 2039 5128 nihil

477 5175 541 5214 ex
571 5175 632 5212 ea
667 5170 813 5212 recte
864 5159 923 5213 fit
969 5161 1088 5214 sine
1116 5158 1306 5228 gratia,
1341 5160 1460 5228 quia
1499 5175 1601 5214 non
1631 5170 1713 5215 est
1759 5161 1880 5216 data
1923 5177 2041 5231 qua:

476 5250 641 5317 possit
673 5247 979 5314 viviﬁcare,
1029 5249 1121 5303 sed
1173 5251 1624 5318 prmvaricationis
1658 5266 1816 5306 causa
1870 5255 2040 5321 posita

469 5352 552 5395 est
581 5357 595 5395 :
641 5351 697 5392 ut
726 5339 997 5393 convictos
1026 5342 1364 5396 concluderet
1411 5343 1508 5396 sub
1547 5354 1798 5412 peccato,
1822 5359 1926 5398 non
1952 5346 2042 5414 ju-

474 5431 765 5487 stiﬁcandis
790 5429 986 5497 impiis,
1007 5430 1098 5484 sed
1121 5433 1498 5488 convincendis
1526 5436 1769 5503 superbis
1793 5437 2040 5505 praevari-

470 5527 696 5579 cationis
727 5537 886 5576 causa
921 5523 1110 5591 posita.
1142 5521 1209 5574 Et
1233 5533 1414 5577 contra
1447 5526 1766 5580 Manichznos
1787 5536 1893 5592 est,
1918 5527 2041 5595 quia

471 5614 747 5678 laudatur;
776 5623 833 5667 et
877 5620 1060 5666 contra
1089 5610 1426 5681 Pelagianos,
1462 5614 1583 5684 quia
1629 5631 1785 5672 nemo
1814 5630 1876 5671 ex
1924 5615 2042 5686 lego

2146 4525 2382 4595 intelligo
2423 4524 2618 4577 malum
2643 4538 2762 4578 esse
2784 4525 2921 4592 quod
2949 4525 3145 4578 invitus
3164 4527 3416 4579 admitto?
3446 4528 3741 4593 quomodo

2145 4632 2248 4669 non
2279 4615 2523 4684 intelligit
2549 4615 2636 4684 qui
2661 4616 2761 4668 hoc
2784 4616 2890 4684 agit
2912 4616 3050 4684 quod
3073 4631 3177 4670 non
3203 4617 3334 4683 vult,
3358 4626 3412 4671 et
3426 4618 3570 4684 quod
3587 4621 3740 4686 odit,

2146 4707 2276 4760 illud
2329 4706 2485 4759 fat-it?
2514 4705 2628 4759 Non
2681 4700 2917 4774 parvum
2941 4707 3298 4776 intelligentia;
3328 4709 3589 4763 indicium
3623 4723 3738 4780 est,

2145 4800 2324 4855 odisse
2351 4800 2605 4855 delictum
2635 4816 2648 4852 :
2682 4815 2810 4869 ergo
2839 4800 2979 4869 quod
3010 4815 3202 4868 operor
3230 4815 3335 4854 non
3369 4801 3647 4870 intelligo,
3686 4805 3744 4858 id

2145 4900 2246 4956 est,
2275 4906 2380 4945 non
2402 4890 2705 4955 consentio,
2732 4905 2836 4943 non
2858 4891 3121 4959 approbo,
3146 4905 3249 4944 non
3273 4889 3431 4955 facio,
3451 4900 3502 4946 et
3529 4907 3746 4959 quam-

2145 4983 2272 5037 libet
2299 4984 2469 5034 victus
2498 4981 2823 5035 contrarium
2849 4996 2971 5035 esse
2996 4983 3260 5036 decerno:
3291 4992 3345 5035 et
3375 4991 3584 5036 rectum
3621 5001 3746 5040 non

2143 5084 2264 5125 esse
2306 5069 2588 5123 evidenter
2614 5069 2878 5139 intelligo,
2907 5085 3012 5124 non
3052 5084 3282 5138 agnoseo
3323 5087 3441 5126 esse
3480 5073 3530 5125 in
3585 5087 3746 5141 pra:-

2144 5162 2312 5230 ceptis
2342 5161 2603 5216 veritatis.
2634 5161 2757 5215 Non
2781 5165 2913 5215 enim
2937 5163 3072 5232 quod
3096 5165 3206 5215 volo
3233 5165 3437 5222 bouum.
3471 5165 3569 5217 hoc
3599 5182 3741 5236 ergo.

2145 5251 2260 5308 lluc
2289 5266 2454 5320 usque
2481 5259 2605 5306 sunt
2633 5255 2794 5306 verba
2828 5253 3077 5318 hominis,
3109 5262 3166 5307 ut
3188 5255 3350 5323 aliqui
3383 5263 3596 5321 putant,
3627 5258 3750 5311 sub

2149 5343 2265 5412 lege
2293 5342 2590 5408 constituti,
2611 5344 2842 5397 nondum
2861 5343 2960 5397 sub
2979 5345 3145 5414 gratia
3173 5362 3187 5398 :
3212 5356 3268 5398 ut
3290 5346 3480 5413 aliquis
3496 5346 3746 5403 etiamsi

2151 5433 2282 5486 nolit
2314 5447 2564 5500 peccare,
2593 5432 2822 5488 vincitur
2848 5448 2876 5486 a
2910 5444 3146 5502 peccato,
3175 5436 3396 5489 invaluit
3416 5436 3562 5492 enim
3594 5453 3752 5494 cou-

2149 5525 2374 5580 suetudo
2399 5525 2652 5591 carnalis,
2684 5535 2736 5580 et
2766 5527 3006 5580 naturale
3039 5527 3306 5581 vinculum
3351 5517 3748 5588 mortalitatis.

2152 5616 2227 5672 Nc
2255 5614 2324 5672 for
2342 5625 2394 5672 te
2429 5631 2496 5672 ex
2537 5616 2618 5672 his
2668 5617 2841 5674 verbis
2889 5617 3146 5688 quispiam
3175 5623 3479 5677 consentire
3525 5630 3756 5681 carnis
