3968 6166
253 223 363 276 453

1105 221 1167 277 IN
1207 218 1588 276 EPISTOLAM
1628 217 1717 273 Al)
1759 210 2082 269 ROMANOS
2120 209 2632 269 COMMENTARIA.

3409 221 3514 280 ιδι

251 335 699 403 cont-upisccntizc
728 334 793 387 ad
840 347 998 402 opera
1050 335 1186 388 mala
1220 333 1278 390 S.
1310 332 1623 401 Apostolum
1657 326 1829 395 suspi—
1861 323 1905 380 A
1939 323 2046 376 ctio
2073 322 2198 376 boni
2228 331 2332 385 est,
2381 338 2485 376 non
2516 321 2895 391 concupiscere
2923 341 2937 379 :
2985 326 3106 396 quid
3138 328 3278 383 enim
3313 329 3521 388 facilius

249 444 424 491 cetur,
469 426 562 482 sed
594 426 895 481 consideret
919 425 1057 494 quod
1090 425 1366 494 adjunxit:
1398 423 1453 477 Si
1481 431 1657 475 autem
1688 419 1829 490 quod

254 522 414 581 uolo,
447 519 548 572 hoc
585 516 753 583 facio,
791 515 1072 570 consentio
1099 515 1236 585 legi,
1267 513 1519 582 quoniam
1548 512 1682 565 bona
1713 521 1828 564 est:

253 610 425 677 magis
443 607 583 660 enim
607 621 666 661 se
691 605 818 660 dicit
838 605 938 674 legi
955 605 1262 658 consentire
1281 647 1293 667 ,
1322 618 1480 672 quam
1505 602 1681 657 carnis
1703 615 1833 654 eon-

252 699 646 768 cupiscentite:
699 697 836 750 hanc
863 697 1005 751 enim
1057 694 1260 763 peccati
1313 694 1530 747 nomine
1573 689 1830 760 appellat.

254 795 456 848 Facere
482 807 610 861 ergo
632 806 692 846 se
716 791 864 853 dixit,
895 803 1001 843 non
1026 789 1218 842 affectu
1244 786 1613 842 consentiendi
1649 794 1698 840 et
1734 783 1834 837 im-

252 886 453 953 plendi,
489 885 582 939 sed
613 887 728 952 ipso
759 893 904 937 motu
935 881 1372 950 concupiscendi.
1404 879 1508 934 Sed
1533 878 1668 947 quod
1715 877 1832 929 odio

250 983 481 1044 malum,
510 980 643 1032 illud
673 980 823 1048 facio.
860 978 1064 1031 Bonum
1115 986 1198 1032 est
1241 976 1382 1031 enim
1426 990 1529 1029 non
1576 973 1832 1042 concupi-

249 1085 433 1125 scere:
462 1079 513 1123 et
547 1070 648 1124 hoc
668 1069 865 1122 bonum
893 1069 1004 1122 vult
1028 1068 1227 1136 justus,
1255 1067 1344 1134 qui
1374 1081 1442 1120 ex
1476 1065 1579 1119 ﬁde
1612 1067 1760 1127 vivit,
1781 1073 1831 1116 et

252 1175 434 1217 tamen
481 1162 606 1216 facit
650 1163 791 1230 quod
821 1161 963 1226 odit,
1013 1162 1133 1228 quia
1186 1158 1552 1226 Concupiscit,
1587 1157 1834 1226 quamvis

250 1261 376 1321 post
404 1250 870 1320 concupiscentias
912 1266 1016 1302 non
1049 1261 1134 1303 eat
1166 1267 1178 1301 :
1213 1249 1351 1317 quod
1382 1249 1426 1302 si
1470 1248 1678 1310 fecerit,
1712 1258 1836 1299 tunc

247 1359 377 1398 vere
407 1343 525 1412 ipse
555 1342 676 1395 facit
708 1350 768 1395 ut
795 1340 986 1406 cedat,
1032 1349 1090 1394 ut
1116 1340 1454 1404 consentiat,
1487 1348 1545 1392 ut
1567 1337 1836 1391 desiderio

252 1435 468 1504 peccati
497 1434 733 1487 obediat.
767 1432 829 1486 Si
867 1441 1035 1484 autem
1081 1433 1213 1500 quod
1258 1430 1398 1493 odio,
1427 1429 1560 1482 illud
1601 1429 1752 1497 facio.
1783 1427 1835 1480 Id

252 1541 361 1594 est,
389 1530 518 1582 dum
546 1526 670 1580 nolo
694 1525 871 1579 facere
892 1523 1031 1592 quod
1057 1521 1352 1579 committo.
1381 1521 1561 1590 utique
1583 1535 1701 1574 cum
1725 1521 1838 1587 lege

248 1620 549 1684 concordo,
575 1632 692 1687 quae
715 1616 854 1670 mala
877 1624 1054 1669 etnon
1072 1613 1204 1680 vult,
1229 1621 1284 1668 et
1307 1613 1580 1680 prohibet;
1612 1612 1837 1677 ideoque

1943 415 2141 469 homini
2172 415 2273 468 sub
2303 415 2422 483 lege
2461 416 2775 482 constituto,
2823 432 2980 486 quam
3021 422 3156 475 velle
3199 423 3418 485 bonum.
3467 435 3520 479 t-t

1944 504 2118 561 facere
2147 505 2379 561 malum?
2406 507 2536 560 Nam
2563 507 2661 562 hoc
2687 516 2767 562 est
2791 509 3049 577 perﬁcere
3074 511 3296 580 bonum,
3332 525 3386 567 nt
3421 531 3518 568 nec

1940 600 2284 667 concupiscat
2315 598 2496 653 homo.
2543 598 2916 669 Imperfectum
2949 611 3027 656 est
3057 604 3276 669 bonum,
3303 610 3518 675 quando

1945 694 2271 762 concupiscit
2317 711 2330 746 :
2381 695 2591 748 etiamsi
2639 693 3085 761 concupiscentite
3116 712 3218 750 non
3249 701 3518 753 consentit

1941 782 2005 836 ad
2048 785 2268 836 malum.
2314 782 2430 836 Non
2465 783 2697 849 invenio,
2748 783 2799 837 id
2846 793 2929 838 est
2973 800 3077 838 non
3111 800 3347 854 possum.
3398 789 3517 843 Non

1939 875 2074 927 enim
2114 875 2250 943 quod
2277 875 2390 927 uolo
2422 873 2608 927 bonum
2639 876 2732 926 hoc
2761 875 2900 942 facio
2922 891 2942 929 :
2984 875 3074 928 sed
3101 878 3238 946 quod
3265 879 3382 930 nolo
3412 894 3524 931 ma-

1941 966 2083 1030 lum,
2133 964 2230 1016 hoc
2278 980 2394 1033 ago.
2460 964 2721 1019 Vincente
2764 967 3150 1020 consuetudine
3197 969 3336 1037 quod
3395 969 3525 1023 nolo

1943 1055 2107 1110 facio:
2151 1057 2292 1111 sicut
2331 1057 2375 1110 si
2422 1058 2541 1124 quis
2579 1057 2762 1125 jurare
2808 1059 3104 1129 consuevit,
3154 1060 3366 1129 quando
3415 1075 3523 1116 non

1945 1152 2094 1211 putat
2123 1145 2363 1198 incurrit.
2397 1144 2456 1200 Si
2477 1156 2644 1198 autem
2667 1147 2804 1214 quod
2829 1147 2968 1209 nolo,
2998 1147 3128 1199 illud
3147 1149 3302 1218 facio.
3324 1149 3526 1203 Facere

1943 1249 2074 1302 ergo
2097 1250 2154 1287 se
2181 1235 2334 1300 dixit,
2359 1244 2413 1288 ct
2439 1236 2677 1303 operari,
2725 1253 2826 1288 non
2851 1237 3039 1291 aﬁectu
3069 1239 3441 1294 consentiendi
3469 1249 3525 1295 et

1943 1325 2238 1391 implendi:
2287 1325 2380 1379 sed
2429 1327 2544 1394 ipso
2586 1336 2730 1379 motu
2763 1327 3198 1394 concupiscendi.
3244 1329 3365 1382 Non
3407 1333 3523 1400 jam

1942 1432 2032 1482 ego
2075 1431 2255 1483 aperor
2298 1417 2446 1467 illud.
2504 1416 2620 1469 Non
2653 1432 2772 1486 ego,
2819 1419 2942 1485 quia
2974 1420 3197 1482 invitus;
3253 1420 3345 1503 sed
3392 1436 3518 1490 ego,

1943 1504 2062 1572 quia
2090 1504 2204 1570 ipse
2237 1505 2366 1557 mihi
2403 1506 2542 1558 hanc
2588 1521 2682 1574 per
2711 1507 2815 1558 vim
2846 1509 3253 1562 consuetudinis
3293 1509 3522 1579 imposui

1946 1594 2344 1646 necessitatem.
2392 1593 2496 1647 Sed
2526 1595 2661 1660 quod
2683 1595 2877 1648 habitat
2906 1597 2956 1648 in
2984 1614 3061 1650 me
3091 1607 3370 1662 peccatum.
3423 1599 3525 1650 Ila-

250 1712 301 1767 ei
324 1720 512 1767 mente
535 1709 818 1764 consentio
835 1749 849 1774 ,
875 1721 1037 1776 opere
1062 1705 1392 1770 contradico,
1421 1714 1578 1774 atque
1600 1705 1667 1758 ita
1695 1702 1836 1756 aliud

1950 1683 2075 1736 bitat
2102 1685 2153 1736 in
2182 1699 2266 1738 me
2290 1685 2620 1738 consuetudo
2652 1687 2875 1753 peccati,
2919 1704 3037 1756 quae
3069 1689 3198 1741 mihi
3229 1705 3260 1758 p
3281 1705 3320 1741 ιι·
3353 1691 3526 1743 trans-

252 1803 305 1856 in
339 1817 427 1857 me
457 1799 822 1864 conscientia,
851 1798 992 1852 aliud
1043 1795 1324 1851 inﬁrmitas
1369 1797 1508 1864 agit,
1554 1810 1669 1865 qua:
1710 1795 1838 1864 jugo

253 1893 497 1960 peccati,
551 1890 756 1958 judicio
807 1888 1241 1952 contradicente,
1283 1886 1614 1950 succumbit;
1667 1886 1839 1940 facere

253 1996 385 2052 ergo
424 1996 484 2036 se
509 1979 667 2048 dixit,
701 1988 754 2033 et
782 1980 1029 2048 operari,
1067 1992 1174 2031 non
1220 1976 1436 2052 affecta
1466 1977 1836 2030 consentiendi

255 2082 306 2127 ct
322 2049 622 2140 implendi,
656 2071 750 2125 sed
779 2069 895 2139 ipso
926 2080 1072 2123 motu
1101 2049 1538 2138 concupiscendi.
1567 2068 1838 2121 Consentio

255 2165 373 2233 legi,
402 2165 647 2232 quoniam
672 2162 803 2214 bona
826 2172 918 2218 est.
946 2161 1077 2228 Quia
1107 2160 1232 2214 nolo
1257 2160 1396 2228 quod
1422 2174 1523 2212 non
1553 2160 1684 2224 vult,
1713 2175 1840 2212 con-

258 2254 497 2308 scientia:
521 2254 636 2322 lege
657 2253 704 2308 ei
728 2254 1039 2307 consentio:
1067 2251 1186 2319 quia
1212 2250 1350 2320 quod
1373 2250 1494 2303 nolo
1513 2248 1539 2302 f.
1565 2251 1664 2303 cio.
1688 2249 1842 2302 Nunc

262 2355 451 2396 autem.
483 2343 631 2396 Nunc
657 2343 764 2410 jam
799 2343 898 2397 sub
922 2344 1108 2411 gratia.
1142 2357 1258 2410 qua:
1284 2355 1368 2395 me
1400 2341 1637 2395 liberavit
1665 2356 1693 2394 a
1715 2355 1842 2395 con-

259 2434 533 2487 tensione.
566 2432 683 2485 1am
717 2450 817 2485 non
847 2449 935 2504 ego
965 2449 1146 2502 operor
1170 2433 1320 2484 illud.
1355 2433 1407 2485 Id
1436 2442 1536 2495 est,
1572 2446 1676 2486 non
1710 2447 1837 2510 con-

264 2524 463 2579 sentio.
492 2524 620 2578 Nam
653 2527 694 2578 si
729 2533 781 2580 et
813 2525 1144 2590 concupiscit
1184 2533 1234 2578 et
1275 2523 1571 2586 consentit,
1614 2533 1667 2577 et
1712 2523 1841 2591 agit,

265 2615 542 2683 quomodo
574 2629 676 2670 non
710 2615 824 2683 ipse
856 2616 983 2669 illud
1039 2616 1327 2685 operatur?
1376 2616 1581 2669 etiamsi
1637 2629 1694 2668 se
1731 2615 1843 2682 ipse

267 2709 482 2774 operari
517 2708 714 2771 doleat,
747 2715 802 2761 et
823 2707 959 2762 vinci
986 2708 1219 2776 graviter
1245 2705 1582 2775 ingemiscat.
1608 2706 1719 2760 Νοιι
1746 2718 1844 2772 ego

265 2815 502 2865 operor:
549 2800 648 2853 hoc
677 2809 788 2862 cst,
821 2813 926 2852 non
959 2799 1180 2853 interior
1210 2799 1360 2852 mens
1395 2814 1408 2850 :
1441 2811 1538 2850 nec
1568 2798 1846 2851 consentio

262 2890 522 2944 exhibere
571 2890 810 2944 membra
858 2904 977 2943 mea
1019 2904 1165 2943 arma
1209 2889 1522 2958 iniquitatis.
1549 2893 1843 2955 Antequam

262 2980 340 3034 Iev
380 2980 726 3049 prohiberet,
761 2980 931 3035 libens
961 2981 1076 3048 ipse
1106 2979 1392 3044 faciebam;
1425 2981 1516 3035 sed
1569 2991 1844 3049 postquam

1940 1774 2272 1842 gressionem
2300 1776 2453 1842 primi
2485 1776 2720 1844 parentis
2750 1793 2812 1830 ex
2839 1777 3014 1831 vitiata
3042 1789 3230 1832 natura
3262 1781 3525 1833 transfusa

1941 1873 2042 1918 est.
2090 1863 2301 1918 Invenio
2333 1866 2491 1934 igitur
2535 1867 2693 1934 legem
2723 1868 2911 1920 volenti
2951 1869 3075 1921 mihi
3115 1871 3282 1939 facere
3315 1870 3524 1922 bonum.

1944 1959 2120 2012 Mente
2159 1960 2374 2012 invenio
2403 1957 2571 2028 legem
2609 1959 2806 2013 bonum
2852 1961 3029 2015 facere
3066 1971 3249 2016 contra
3295 1964 3522 2023 malum,

1943 2049 2083 2116 quod
2117 2059 2197 2102 est
2223 2049 2275 2102 iu
2308 2065 2469 2104 carne
2497 2066 2636 2104 mea.
2681 2051 2873 2119 Legem
2904 2062 3317 2107 consentancatn
3355 2055 3531 2107 habeo

1945 2139 2222 2194 interioris
2262 2141 2494 2192 hominis
2521 2151 2576 2193 ut
2602 2142 2918 2196 excludatur
2962 2144 3179 2206 malum,
3225 2147 3364 2214 quod
3399 2147 3530 2201 mihi

1944 2247 2041 2301 per
2062 2233 2295 2285 vitiatam
2329 2241 2572 2286 naturam
2607 2234 2748 2288 inest
2778 2253 2791 2288 :
2823 2234 2917 2288 sed
2948 2237 3064 2289 sine
3094 2237 3260 2304 gratia
3290 2236 3380 2290 Dei
3414 2238 3526 2289 ﬁeri

1947 2338 2051 2376 non
2084 2331 2277 2392 potest.
2307 2323 2430 2377 Ideo
2453 2323 2572 2377 dico
2599 2341 2612 2376 :
2639 2324 2767 2389 Quis
2799 2339 2882 2378 me
2919 2324 3166 2378 liberabit
3205 2326 3270 2378 de
3296 2341 3524 2394 corpore

1946 2413 2134 2467 mortis
2167 2415 2362 2482 hujus?
2411 2416 2663 2482 Quoniam
2706 2417 2829 2469 mihi
2859 2417 3050 2469 malum
3082 2417 3303 2487 adjacet.
3339 2417 3390 2469 Id
3421 2427 3523 2481 est,

1947 2503 2211 2557 desideria
2241 2505 2397 2570 mala,
2433 2506 2517 2558 vel
2544 2506 2767 2559 consilia
2798 2507 3023 2571 inimici,
3052 2508 3136 2560 vel
3167 2506 3304 2560 bella
3328 2507 3528 2576 carnis,

1946 2593 2138 2661 quibus
2179 2593 2476 2647 inveterato
2519 2609 2786 2648 consensu
2829 2595 3204 2663 obtemperare
3253 2597 3527 2648 consuevi.

1949 2681 2173 2752 Adjacet
2221 2695 2399 2738 autem
2442 2684 2640 2737 malum
2683 2700 2747 2739 ex
2788 2686 3245 2753 concupiscentia,
3297 2687 3380 2740 cui
3426 2702 3530 2739 non

1951 2775 2241 2838 consentit,
2277 2775 2362 2842 qni
2397 2775 2559 2828 dixit:
2593 2775 2708 2828 Jam
2741 2791 2844 2829 non
2873 2792 2972 2845 ego
3001 2792 3196 2846 operor
3223 2777 3373 2831 illud.
3400 2777 3532 2831 Con-

1951 2868 2173 2920 delector
2197 2868 2330 2919 enim
2371 2866 2469 2934 legi
2505 2866 2617 2920 Dei.
2665 2867 2759 2920 llic
2793 2867 2927 2920 duas
2965 2868 3107 2936 leges
3143 2869 3326 2936 ponit:
3363 2869 3529 2936 legem

1951 2957 2191 3026 spiritus,
2237 2965 2288 3009 et
2323 2957 2494 3023 legem
2528 2959 2722 3024 carnis,
2766 2973 2884 3026 qua:
2923 2957 3126 3011 resistit
3162 2958 3262 3026 legi
3297 2960 3528 3011 mentis:

264 3073 344 3124 lex
377 3047 563 3132 venit,
600 3070 797 3124 invitus
831 3047 1027 3138 pecco,
1059 3071 1182 3137 quia
1214 3047 1598 3124 consuetudine
1641 3047 1840 3124 vim-nr,
1875 3054 1918 3116 C
1952 3048 2001 3101 id
2035 3056 2136 3112 cst,
2169 3047 2252 3100 vel
2277 3049 2624 3101 conscientia:
2651 3049 2904 3114 naturali,
2936 3051 3015 3104 vel
3045 3051 3150 3120 legi
3173 3053 3388 3117 divinae,
3417 3066 3534 3120 qua:

264 3163 370 3216 Sed
411 3164 550 3231 quod
581 3162 772 3214 habitat
802 3162 854 3215 in
886 3179 964 3215 me
994 3174 1272 3230 peccatum.
1319 3162 1535 3216 Habitat
1563 3166 1711 3232 quasi
1747 3165 1844 3214 lto-

264 3267 410 3323 spes,
447 3266 499 3310 et
529 3255 854 3320 dominatur,
887 3263 942 3310 et
969 3255 1120 3324 quasi
1161 3256 1302 3309 aliud
1333 3258 1381 3310 in
1421 3257 1526 3310 alio
1556 3274 1657 3308 non
1691 3255 1840 3324 quasi

263 3360 428 3398 unum
484 3344 687 3398 habitat
728 3345 782 3398 in
823 3360 910 3400 me
954 3345 1130 3400 adhuc
1171 3347 1400 3400 carnalis
1443 3347 1684 3400 aﬁ‘ectns.
1726 3349 1846 3399 Scio

262 3436 395 3487 enim
429 3438 552 3504 quia
591 3436 704 3504 jam
749 3451 852 3489 non
883 3435 1075 3488 habitat
1102 3437 1154 3488 in
1195 3453 1292 3489 me.
1329 3437 1402 3489 Ex
1433 3452 1498 3490 eo
1525 3439 1663 3505 quod
1715 3441 1844 3502 scit,

263 3524 541 3578 consentit
571 3523 673 3594 legi
702 3541 715 3576 :
749 3541 816 3580 ex
850 3540 915 3579 eo
945 3525 1086 3593 quod
1119 3525 1277 3588 facit,
1324 3526 1462 3579 cedit
1504 3536 1758 3594 peccato:
1792 3535 1848 3578 ut

258 3618 315 3669 in
358 3630 448 3668 me
484 3615 553 3668 ita
587 3617 909 3684 praevaleat,
943 3616 1094 3684 quasi
1129 3615 1365 3669 innatum
1393 3614 1672 3668 videatur:
1707 3615 1844 3684 quod

255 3707 484 3776 quidem
536 3720 639 3758 non
686 3721 714 3760 a
772 3706 881 3760 Deo
928 3705 1242 3769 conditum,
1297 3705 1391 3760 sed
1444 3720 1508 3760 ex
1541 3706 1722 3759 vitiata
1757 3720 1849 3757 na-

259 3807 383 3850 tura
434 3795 696 3864 procedit.
744 3796 838 3849 llic
884 3795 1069 3864 incipit
1113 3795 1321 3859 dicere,
1364 3796 1501 3864 quod
1551 3796 1663 3864 ipse
1719 3796 1844 3849 titil-

261 3887 530 3940 lationem
597 3887 776 3940 carnis
841 3886 1042 3939 habuit.
1109 3885 1408 3940 Notandum
1477 3887 1637 3939 etiam
1708 3886 1846 3954 quod

261 3979 634 4030 tititlationem
683 3977 851 4044 ipsam
901 3976 1189 4044 Apostolus
1229 3988 1287 4027 se
1325 3975 1560 4028 sensisse
1604 3983 1845 4027 te5tetur.

264 4068 383 4122 lloc
429 4077 503 4120 est
545 4069 597 4119 in
639 4082 792 4119 carne
819 4082 930 4118 mea
975 4065 1179 4117 bonum.
1211 4064 1326 4118 Non
1363 4064 1530 4118 dixit:
1563 4063 1704 4116 Caro
1734 4077 1848 4114 mea

264 4173 378 4212 non
421 4166 505 4211 est
545 4157 728 4210 bona:
771 4157 864 4212 sed
915 4157 1110 4210 bonum
1157 4156 1212 4208 in
1249 4169 1410 4209 carne
1459 4168 1576 4208 mea
1626 4170 1728 4207 nou
1761 4155 1851 4205 ha-

265 4251 429 4312 bitat,
460 4264 614 4318 quam
647 4248 849 4317 peccati
882 4247 1133 4316 deprimit
1170 4244 1531 4308 consuetudo,
1565 4246 1705 4311 quod
1739 4243 1852 4295 vin-

264 4353 398 4392 cere
427 4353 668 4407 nequeo:
699 4339 822 4407 quia
852 4337 978 4391 dum
1008 4337 1078 4392 de
1105 4351 1268 4404 opere
1297 4336 1428 4405 legis
1459 4336 1687 4399 cunlido,
1732 4351 1851 4405 gra-

1949 3139 2002 3191 in
2044 3146 2228 3192 mente
2283 3139 2548 3192 consistit.
2608 3139 2851 3193 Libertas
2891 3141 3032 3193 enim
3085 3141 3313 3195 delectat
3351 3158 3364 3193 :
3409 3157 3531 3194 nam

1949 3228 2184 3297 quandin
2235 3229 2426 3280 timore
2457 3228 2583 3281 facis
2614 3228 2752 3296 quod
2779 3227 2980 3296 justum
3011 3239 3110 3294 est,
3166 3245 3268 3283 non
3304 3232 3441 3283 Dens
3483 3241 3536 3286 te

1950 3322 2180 3375 delectat
2234 3337 2244 3370 :
2298 3320 2528 3388 qttantliu
2580 3336 2684 3373 non
2727 3329 2791 3374 te—
2819 3321 3084 3388 delectat,
3136 3322 3309 3375 adhuc
3348 3338 3534 3376 servus

1950 3411 2102 3465 facis.
2153 3412 2390 3465 Delectet
2423 3422 2494 3473 te,
2532 3420 2584 3464 et
2616 3410 2751 3464 liber
2780 3421 2859 3464 es.
2890 3411 3129 3465 Delectat
3169 3427 3255 3465 me
3291 3412 3398 3476 lex,
3439 3413 3536 3465 de-

1953 3505 2106 3556 lectat
2143 3501 2282 3570 quod
2325 3502 2406 3554 lex
2437 3499 2613 3568 jubet,
2652 3500 2883 3554 delectat
2906 3514 2990 3553 me
3021 3501 3132 3568 ipsa
3160 3500 3390 3570 justitia.
3434 3502 3534 3556 Se-

1950 3592 2171 3644 cundum
2230 3591 2520 3643 interiorem
2570 3590 2846 3643 hominem.
2916 3591 3221 3644 Secundum
3279 3602 3532 3645 mentem.

1960 3680 2120 3734 Video
2146 3691 2312 3734 autem
2343 3679 2504 3731 alium
2541 3680 2702 3748 legem
2729 3681 2781 3732 in
2811 3681 3047 3732 membris
3078 3682 3220 3732 meis.
3273 3682 3345 3732 II.-t
3366 3698 3393 3734 c
3430 3694 3534 3744 est,

1951 3789 2069 3842 qua:
2106 3773 2364 3827 remansit
2413 3773 2714 3824 infirmitas.
2771 3771 3159 3840 Repttgnanfem
3205 3771 3307 3840 tegi
3353 3775 3536 3825 mentis

1953 3883 2096 3931 mete,
2148 3879 2196 3919 et
2235 3865 2572 3934 captivantem
2602 3881 2681 3915 me
2724 3865 2776 3916 in
2818 3862 2925 3931 lege
2963 3864 3171 3931 peccati,
3205 3879 3320 3930 qna!
3357 3875 3428 3916 est
3479 3866 3532 3916 in

1951 3959 2188 4010 membris
2212 3958 2355 4009 meis.
2403 3956 2476 4008 Ex
2505 3955 2605 4008 bac
2637 3967 2790 4022 parte
2826 3956 2993 4006 sentit
3023 3955 3407 4023 captivitatem,
3446 3956 3534 4009 tibi

1956 4063 2056 4102 non
2084 4059 2165 4102 est
2191 4049 2401 4115 impleta
2423 4047 2650 4116 jnstitia.
2686 4047 2852 4100 Video
2881 4056 3055 4100 autem
3083 4047 3241 4099 aliam
3271 4048 3438 4115 legem
3473 4049 3529 4102 in

1955 4140 2208 4193 membris
2240 4139 2371 4192 meis
2403 4155 2415 4190 τ
2461 4136 2726 4192 desideria
2755 4138 2932 4189 carnis
2963 4145 3016 4188 et
3048 4139 3309 4192 motiones
3337 4137 3536 4191 vitiatte

1957 4242 2157 4284 natura:
2194 4249 2206 4282 :
2244 4231 2292 4284 id
2326 4241 2427 4296 est,
2469 4230 2980 4297 concupiscentiam.
3015 4230 3120 4285 Sed
3154 4233 3251 4285 ista
3282 4232 3538 4300 concupi-

1956 4324 2154 4375 scentia
2187 4322 2229 4373 si
2275 4331 2495 4374 vocatur
2536 4331 2846 4388 peccatum,
2904 4321 3042 4382 ideo,
3087 4323 3208 4390 quia
3248 4336 3274 4374 a
3317 4333 3540 4390 peccato

265 4433 366 4484 tia:
389 4429 714 4497 adiutorium
742 4442 846 4482 non
887 4428 1127 4496 requiro.
1180 4427 1289 4481 Hoc
1311 4436 1486 4480 autem
1527 4428 1666 4493 quod
1703 4427 1851 4479 inha-

1961 4412 2094 4465 facta
2117 4421 2220 4476 est,
2254 4413 2330 4464 sic
2351 4420 2598 4464 vocatur:
2628 4411 2763 4464 sicut
2784 4410 3043 4477 scriptura
3070 4425 3260 4464 manus
3281 4410 3541 4480 cujusque

269 4520 435 4583 bitat,
470 4533 533 4573 ex
564 4517 783 4572 traduce
812 4516 1154 4570 mortalitatis
1183 4530 1277 4584 per
1307 4525 1752 4584 transgressorem
1799 4517 1850 4569 in

269 4624 465 4666 omnes
508 4609 751 4665 homines
775 4610 944 4662 venit.
999 4606 1136 4660 Nam
1172 4607 1298 4660 uelle
1324 4608 1528 4676 arljacet
1565 4607 1712 4660 mihi.
1761 4605 1854 4659 Est

269 4703 492 4775 quidem
515 4704 570 4757 in
589 4717 676 4757 me
698 4701 944 4756 voluntas
964 4713 992 4752 a
1010 4700 1116 4755 Deo
1139 4709 1433 4768 praeparata
1455 4709 1610 4766 atque
1633 4699 1850 4765 donata,

269 4798 375 4853 sed
411 4812 512 4852 non
560 4804 645 4851 est
673 4795 929 4850 effectus:
972 4793 1091 4860 quia
1131 4792 1358 4847 carnalis
1389 4791 1720 4846 consuetudo
1757 4805 1852 4844 vo-

270 4888 468 4945 lunati
494 4887 594 4955 ipsi
619 4887 840 4950 resistit,
870 4885 1046 4940 adhuc
1075 4886 1125 4939 in
1159 4885 1255 4939 ista
1285 4885 1389 4937 vita
1414 4885 1644 4938 mortali.
1681 4883 1854 4951 Aliqui

270 4983 547 5036 aestimant
594 4979 736 5048 quod
781 4991 939 5031 voces
982 4977 1098 5031 isne
1150 4979 1257 5032 sint
1301 4977 1532 5030 hominis
1594 4977 1694 5031 sub
1740 4977 1856 5045 lege

271 5071 578 5135 constituti,
610 5071 843 5125 nondum
868 5069 968 5123 sub
991 5069 1178 5138 gratia.
1219 5068 1466 5138 Perﬁcere
1485 5079 1650 5122 autem
1675 5069 1856 5121 bonum

269 5180 385 5218 non
431 5163 645 5216 inuenio.
701 5161 830 5216 Sine
873 5160 1194 5214 adminiculo
1248 5161 1433 5230 gratia:
1483 5176 1588 5214 non
1642 5161 1855 5214 invenio

273 5257 441 5311 bonae
471 5251 756 5307 voluntatis
782 5251 1052 5307 effectum.
1087 5250 1216 5304 Nam
1243 5259 1302 5304 ut
1328 5251 1465 5305 velle
1493 5252 1578 5316 sit,
1623 5251 1732 5319 jam
1766 5266 1858 5305 vo-

275 5349 462 5403 Iuntas
483 5360 512 5398 a
542 5344 651 5400 Deo
681 5351 973 5413 prmparata
1002 5352 1117 5396 est:
1161 5343 1281 5410 quia
1314 5343 1430 5410 ipse
1457 5351 1539 5397 est
1565 5343 1652 5412 qui
1681 5343 1731 5396 in
1764 5357 1858 5396 no-

277 5438 363 5492 bis
397 5444 648 5505 Operatur
675 5443 729 5490 et
758 5434 918 5488 velle.
977 5433 1042 5486 Et
1082 5433 1182 5487 hoc
1211 5434 1527 5500 notandum,
1579 5434 1720 5504 quod
1752 5447 1857 5488 non

276 5532 451 5586 dixit:
476 5529 673 5584 Facere
697 5530 891 5583 bonum
916 5542 1020 5581 non
1049 5525 1388 5593 invenio,sed
1415 5528 1708 5597 perﬁcere:
1739 5541 1858 5595 qua“:

279 5633 367 5678 est
398 5621 538 5676 enim
570 5619 826 5690 perfectio
856 5618 1001 5683 boni,
1033 5617 1134 5672 nisi
1161 5617 1440 5673 exstinctio
1465 5618 1636 5671 mali?
1683 5617 1862 5682 Perfe-

1959 4504 2174 4566 dieitur,
2230 4503 2368 4570 quod
2421 4518 2607 4555 manus
2640 4517 2756 4556 eam
2809 4501 3042 4556 fecerit:
3101 4513 3318 4571 peccata
3357 4512 3540 4557 autem

1962 4605 2082 4647 sunt
2117 4609 2236 4662 quae
2289 4593 2580 4648 secundum
2613 4592 2788 4645 carnis
2830 4593 3318 4660 concupiscentiam
3363 4593 3544 4648 illicita

1960 4684 2111 4737 ﬁunt.
2166 4682 2358 4751 Legem
2389 4683 2620 4751 appellat
2649 4683 2701 4736 in
2731 4683 2986 4736 membris
3015 4684 3146 4746 suis,
3203 4697 3336 4736 onus
3367 4683 3540 4751 ipsum

1961 4776 2324 4840 mortalitatis,
2380 4775 2430 4827 in
2463 4789 2568 4843 quo
2612 4773 3010 4842 ingemiscimus
3051 4772 3283 4841 gravati.
3332 4769 3543 4838 Corpus

1959 4865 2100 4934 quod
2144 4865 2525 4931 carrum-pitur,
2574 4872 2826 4931 aggravat
2854 4865 3085 4916 animam
3129 4879 3145 4916 :
3192 4876 3287 4929 per
3322 4863 3460 4930 quod
3486 4865 3543 4916 ﬁt

1961 4967 2120 5018 etiam
2151 4978 2314 5032 saepe,
2346 4971 2402 5016 ut
2433 4963 2596 5017 invite
2626 4962 2857 5016 delectet
2888 4960 3026 5029 quod
3060 4976 3162 5013 non
3197 4959 3349 5016 licet:
3380 4977 3538 5031 quam

1959 5056 2222 5111 sarcinam
2264 5058 2387 5110 ideo
2436 5054 2605 5123 legem
2640 5053 2906 5122 appellat,
2956 5052 3078 5122 quia
3124 5052 3245 5122 jure
3292 5056 3545 5124 supplicii

1964 5158 2210 5222 imposita
2235 5167 2335 5210 est.
2384 5155 2793 5223 Repugnantem
2823 5152 2926 5220 legi
2973 5153 3174 5207 mentis
3197 5169 3355 5209 mete.
3413 5156 3546 5223 Qua:

1963 5255 2086 5309 alibi
2111 5253 2418 5307 mortiﬁt-ari
2440 5252 2588 5320 jubet
2614 5251 2664 5304 in
2691 5251 2965 5305 membris.
2993 5250 3322 5318 Mortiﬁcate,
3352 5254 3544 5322 inquit,

1965 5346 2199 5401 membra
2224 5354 2423 5397 vestra.
2455 5342 2600 5411 Legi,
2637 5342 2826 5409 inquit,
2857 5341 2983 5397 Dei:
3015 5357 3133 5411 qua:
3167 5344 3217 5396 in
3249 5352 3426 5396 mente
3456 5352 3540 5395 est

1965 5448 2015 5491 et
2044 5435 2398 5501 captivantem
2431 5447 2533 5485 me.
2565 5431 2841 5499 Captivum
2871 5445 2929 5486 se
2951 5445 3070 5486 esse
3101 5431 3376 5499 deplorat:
3413 5430 3545 5499 quia

1966 5527 2126 5581 sentit
2157 5525 2206 5577 in
2254 5536 2311 5576 se
2348 5522 2613 5577 desideria
2659 5537 2878 5590 surgere
2922 5519 3132 5589 puritati
3184 5518 3373 5570 mentis
3403 5534 3534 5571 con-

1968 5617 2126 5670 traria
2171 5633 2182 5669 :
2219 5627 2400 5669 contra
2434 5627 2556 5683 quae
2583 5613 2806 5682 gratiam
2842 5609 3144 5664 liberatoris
3175 5608 3441 5675 implorat.
3481 5607 3551 5663 Β
