3904 6176
407 285 513 342 ιδες

408 404 508 457 hoc
539 407 714 469 potest
737 394 980 466 intelligi,
1010 391 1148 464 quod
1174 386 1535 459 captivitatem
1567 383 1770 437 dixerit
1799 394 1985 444 carne,

409 511 512 549 non
538 501 747 556 mente;
778 473 1075 548 occasione,
1104 499 1208 537 non
1241 477 1627 540 consensione;
1659 484 1713 529 et
1741 472 1989 542 ideoca-

411 589 721 652 ptivantetn,
771 579 890 650 quia
926 586 980 630 et
1010 577 1062 628 in
1087 576 1199 643 ipsa
1240 585 1400 626 carne
1428 584 1530 622 non
1563 573 1645 620 est
1685 563 1859 618 aliena
1889 575 1986 614 na-

412 684 550 736 tura,
585 672 675 725 sed
708 679 910 724 nostra.
944 667 1124 719 Potest
1158 662 1317 717 etiam
1352 656 1516 712 videri
1544 654 1828 725 Apostolus
1857 665 1981 706 eum

411 762 716 817 describere
751 759 836 827 qui
883 755 982 811 sub
1033 757 1146 822 lege
1192 751 1366 804 adhuc
1399 748 1549 813 vivit,
1605 745 1839 799 nondum
1884 741 1985 796 sub

410 854 600 923 gratia.
633 851 783 917 Quod
811 848 939 901 dicit
967 845 1322 914 captivantem
1359 855 1466 903 me,
1501 837 1602 890 hoc
1633 845 1737 897 cst,
1770 847 1985 888 carnem

414 921 585 996 meam
618 959 630 992 :
661 939 762 1007 legi
791 936 1015 1005 peccati,
1053 949 1170 1002 qua:
1199 941 1281 985 est
1314 931 1364 982 in
1399 926 1652 981 membris
1684 923 1836 978 meis.
1882 921 1987 977 Sed

412 1036 510 1088 etsi
540 1035 607 1086 de
651 1031 766 1098 ipso
798 1027 1078 1094 accipitur,
1143 1038 1244 1076 non
1287 1018 1426 1089 quod
1475 1017 1589 1085 ipse
1639 1014 1988 1068 immoderata

415 1126 634 1179 libidine
667 1121 899 1189 pollutus
932 1117 1109 1178 luerit,
1163 1113 1253 1167 sed
1285 1127 1313 1164 a
1343 1108 1697 1164 consensione
1729 1119 1888 1174 prava
1924 1103 1991 1156 li-

415 1215 509 1270 ber
543 1233 554 1265 :
588 1214 654 1266 de
684 1207 1115 1279 concupiscentia
1147 1214 1325 1258 tamen
1366 1201 1561 1264 carnis,
1612 1212 1769 1266 quam
1803 1195 1990 1248 mode-

414 1305 583 1360 rando
611 1301 873 1365 frenabat,
910 1308 1052 1352 tanta
1079 1295 1377 1348 humilitate
1406 1303 1459 1346 et
1481 1292 1676 1360 pietate
1701 1288 1989 1356 gemuisse,

416 1405 474 1452 ut
504 1405 713 1464 optaret
740 1406 856 1446 eam
890 1404 994 1444 non
1030 1388 1227 1442 habere
1257 1383 1438 1456 potius
1466 1397 1627 1451 quam
1656 1382 1898 1434 domare.
1937 1377 1993 1431 ln

416 1493 532 1561 lege
559 1490 786 1560 peccati,
817 1504 933 1558 quo:
964 1497 1046 1541 est
1071 1484 1124 1540 in
1156 1485 1411 1540 membris
1439 1481 1595 1537 meis.
1622 1481 1750 1546 Quae
1777 1479 1996 1532 damnat

417 1593 717 1652 peccatum,
741 1580 854 1633 sive
887 1579 1078 1632 malam
1101 1574 1570 1638 consuetudinem,
1601 1586 1720 1642 quae
1744 1571 1795 1624 in
1826 1583 1994 1622 mem-

415 1650 527 1729 bris
555 1684 629 1727 est
675 1690 689 1726 :
739 1673 888 1740 quasi
921 1671 1142 1734 diceret,
1201 1677 1255 1722 et
1281 1665 1640 1735 captivantem
1673 1678 1759 1718 me
1787 1650 1995 1728 in'lege

418 1783 534 1822 ana.
566 1767 686 1820 Ideo
709 1764 974 1832 captivus,
1006 1761 1128 1831 quia
1160 1775 1263 1814 non
1289 1758 1413 1814 facit
1443 1772 1562 1827 quae
1589 1757 1719 1810 vult.
1749 1751 1994 1821 Quandiu
2028 1753 2071 1810 Β

419 1873 544 1912 caro
563 1856 892 1924 concupiscit
913 1853 1168 1905 adversus
1189 1850 1460 1924 spiritum,
1492 1855 1547 1902 et
1566 1844 1786 1914 spiritus
1809 1842 1998 1896 adver-

420 1968 512 2008 sus
542 1921 782 2006 carnem.
815 1947 1010 2016 Infelix
1040 1962 1132 2017 ego
1155 1945 1323 2010 homo,
1358 1921 1468 2012 quis
1498 1958 1574 1994 me
1598 1939 1868 1993 liberabit?
1897 1936 1999 2005 Qui

420 2047 500 2098 sic
529 2052 724 2098 tentor.
759 2041 932 2095 Verba
967 2047 1093 2094 sunt
1117 2036 1349 2092 hominis
1379 2035 1479 2090 sub
1500 2033 1670 2104 gratia
1696 2029 1998 2095 constituti,

421 2134 576 2203 cujus
605 2135 745 2187 actio
783 2131 944 2186 habet
970 2129 1184 2200 quidem
1216 2127 1565 2181 reluctantem
1612 2121 1994 2178 mortalitatem

423 2226 625 2287 carnis,
655 2223 751 2277 sed
780 2238 883 2276 non
915 2221 1214 2275 vincentem
1240 2217 1304 2271 ad
1327 2215 1738 2272 consensionem
1764 2210 1994 2281 peccati.

423 2316 554 2382 Quis
578 2324 733 2384 neget
749 2311 1086 2382 Apostolum,
1112 2325 1232 2364 cum
1259 2307 1373 2362 haec
1393 2306 1617 2370 diceret,
1641 2304 1815 2358 adhuc
1838 2303 2002 2356 fuisse

426 2409 478 2460 in
510 2421 737 2474 corpore
765 2403 951 2455 mortis
977 2399 1178 2470 hujus?
1203 2415 1232 2453 a
1268 2414 1373 2468 quo
1407 2397 1587 2466 utique
1612 2395 1692 2448 vel
1718 2393 1865 2462 impii
1896 2406 2001 2447 non

428 2499 737 2556 liberantur,
773 2491 967 2562 quibus
991 2489 1176 2564 eadem
1209 2503 1432 2556 corpora
1463 2487 1528 2542 ad
1559 2493 1820 2542 tormenta
1849 2492 2000 2537 aeter-

429 2588 833 2643 naredduntur.
889 2581 1128 2638 Liberari
1177 2595 1303 2650 ergo
1343 2588 1426 2633 est
1468 2594 1498 2632 a
1544 2592 1769 2647 corpore
1816 2574 2004 2629 mortis

431 2681 608 2749 hujus,
658 2677 804 2732 omni
837 2686 1026 2730 sanato
1068 2675 1323 2742 languore
1347 2670 1524 2726 carnis
1555 2666 2005 2735 concupiscentiae

430 2787 534 2824 non
564 2770 627 2824 ad
653 2782 864 2840 pinnam
888 2780 1084 2835 corpus
1113 2781 1200 2818 rcc
1227 2780 1374 2833 pere,
1394 2761 1488 2818 sed
1519 2761 1582 2815 ad
1607 2761 1834 2831 gloriam
1862 2776 1874 2812 :
1899 2757 2005 2811 sic-

433 2871 491 2914 ut
517 2871 570 2915 et
591 2860 716 2914 alibi
745 2859 910 2912 dicit:
942 2857 1008 2910 Et
1037 2855 1136 2923 ipsi
1178 2857 1230 2908 in
1279 2851 1680 2919 nobismetipsis
1704 2847 2008 2920 ingemisci-

430 2966 548 3005 mus
574 2950 911 3018 ad0ptionem
935 2955 1335 3016 exspectantes,
1364 2943 1782 3012 redemptionem
1813 2955 2009 3010 corpo-

435 3047 510 3100 ris
535 3043 723 3098 nostri.
775 3040 1012 3095 Liberari
1039 3040 1180 3093 enim
1211 3053 1270 3092 se
1301 3053 1328 3090 a
1362 3036 1502 3089 vitiis
1546 3033 1912 3104 Corporalibus
1956 3041 2009 3088 ct

1509 268 1799 328 PRIMASH
1841 258 2288 320 A-DllUMETANI
2333 255 2544 312 EPlSC.

2018 380 2062 434 Α
2093 367 2380 433 suetudini,
2406 367 2488 422 vel
2514 364 2708 419 vitiatae
2735 371 2956 424 natura).
2987 362 3164 415 tandiu
3189 359 3425 429 quandtn
3447 359 3666 420 languor

3566 252 3665 306 456

2089 460 2391 514 obluctatur
2421 457 2603 521 saluti,
2635 463 2688 509 et
2715 468 2840 508 caro
2868 451 3203 521 concupiscit
3231 451 3488 504 adversus
3515 449 3668 518 spiri—

2090 566 2224 611 tum.

2161 695 2289 750 CAP.
2322 708 2440 747 vttt.
2501 689 2649 746 Nihil
2677 705 2798 758 ergo
2839 703 2978 742 nunc
3009 685 3352 740 damnationis
3387 695 3461 740 est
3489 685 3554 738 iis
3583 684 3678 755 qui

2091 796 2208 843 sunt
2237 787 2291 840 in
2322 785 2524 839 Christo
2554 781 2704 836 Jesu.
2757 781 2869 833 Non
2918 779 3060 834 enim
3090 779 3395 844 damnatur,
3449 777 3551 830 nisi
3582 777 3676 845 qui

2093 873 2544 944 concupiscentiae
2587 871 2765 925 carnis
2811 871 3078 924 consentit
3127 867 3194 922 ad
3238 868 3434 922 malum
3478 881 3495 919 :
3547 880 3678 919 nam

2096 984 2258 1023 carne
2281 976 2512 1027 mortua,
2545 963 2676 1017 nihil
2709 962 2868 1016 habet
2893 961 2946 1014 in
2976 974 3036 1014 se
3057 959 3200 1028 quod
3219 958 3458 1013 damnari
3483 956 3677 1025 possit.

2097 1056 2197 1134 Qui
2241 1071 2341 1108 non
2382 1051 2663 1106 secundum
2690 1065 2895 1103 carnem
2933 1049 3216 1102 ambulant.
3265 1047 3364 1113 Qui
3397 1061 3426 1099 a
3456 1046 3683 1100 Christo

2093 1149 2391 1201 didicerunt
2422 1158 2634 1198 carnem
2675 1140 3012 1208 cruciﬁgere,
3043 1147 3098 1194 et
3129 1155 3234 1192 non
3263 1138 3554 1193 carnaliter
3598 1137 3682 1190 vi-

2097 1247 2246 1291 vunt.
2292 1237 2399 1288 Lex
2427 1235 2560 1287 enim
2589 1233 2800 1298 spiritus
2831 1231 2948 1285 vita:
2979 1232 3030 1283 in
3059 1228 3260 1284 Christo
3288 1229 3318 1282 J
3328 1246 3414 1282 esu
3443 1227 3683 1281 liberavit

2095 1345 2196 1383 me.
2253 1323 2655 1381 Advertcndum
2708 1321 2829 1390 quia
2873 1321 3122 1390 gratiam,
3196 1320 3367 1389 legem
3419 1318 3682 1387 appellat.
3739 1363 3748 1372 .

2097 1420 2278 1474 Gratia
2312 1418 2444 1471 Novi
2492 1412 2822 1469 Testsmenti
2865 1412 3060 1466 liberat
3085 1425 3182 1464 nos
3226 1425 3255 1462 a
3292 1408 3688 1464 consuetudine

2100 1508 2304 1578 peccati
2344 1517 2398 1562 et
2428 1506 2617 1560 mortis
2649 1522 2662 1557 :
2710 1503 3004 1562 auferendo
3046 1504 3205 1557 etiam
3237 1501 3574 1564 occasiones,
3636 1508 3694 1556 et

2098 1601 2279 1654 dando
2322 1597 2646 1668 adjutor-ium
2675 1603 2729 1650 et
2759 1595 3062 1662 exemplum
3093 1593 3328 1656 vivendi,
3378 1608 3446 1644 ne
3474 1591 3694 1645 scilicet

2101 1690 2507 1746 consensionem
2533 1701 2707 1740 meam
2733 1684 3163 1753 concupiscentia
3188 1683 3288 1738 sibi
3315 1683 3544 1736 vindicet
3569 1697 3692 1735 car-

2101 1780 2204 1835 nis.
2235 1779 2279 1854 ᾼ
2305 1779 2413 1848 lege
2440 1777 2632 1848 peccati
2661 1786 2710 1829 et
2741 1776 2936 1830 mortis.
2970 1774 3100 1840 Quae
3130 1773 3346 1835 occidit,
3377 1781 3431 1826 et
3459 1771 3694 1826 mortitlo

2101 1880 2188 1925 cat
2215 1876 2530 1939 peccatores
2560 1882 2573 1919 :
2606 1865 2656 1920 id
2689 1875 2793 1931 est,
2829 1867 2944 1933 lege
2972 1865 3185 1928 litteras,
3215 1864 3328 1917 sive
3357 1863 3424 1916 ab
3450 1863 3536 1915 illa
3567 1862 3695 1930 lege

2102 1976 2258 2031 quam
2282 1973 2442 2028 supra
2468 1958 2520 2012 in
2545 1957 2800 2012 membris
2825 1955 3035 2012 dixerat
3059 1953 3345 2007 dominari.
3379 1951 3520 2005 Nam
3546 1952 3688 2019 quod

2102 2049 2410 2120 impossibile
2437 2055 2545 2102 erat
2577 2048 2695 2117 legi.
2729 2045 2863 2112 Quia
2898 2045 3026 2099 nihil
3055 2044 3119 2097 ad
3153 2043 3448 2112 perlectum
3477 2043 3560 2096 lex
3595 2043 3691 2095 a-i-

2102 2138 2274 2205 ducit,
2327 2135 2662 2205 impossibile
2690 2147 2805 2189 erat
2837 2135 2940 2205 legi
2971 2143 3028 2187 ut
3058 2134 3301 2187 homines
3329 2133 3577 2188 carnales
3617 2131 3694 2184 la-

2103 2241 2253 2286 ceret
2284 2229 2404 2284 lidei
2455 2228 2724 2283 custodire
2751 2227 3009 2296 justitiam
3037 2243 3049 2278 :
3103 2227 3196 2280 sed
3231 2226 3331 2279 huc
3359 2225 3616 2279 Christus
3642 2233 3696 2278 et

2105 2329 2398 2389 praecepto,
2441 2327 2496 2374 et
2521 2318 2789 2386 exemplo,
2835 2327 2888 2370 et
2917 2316 3181 2386 adjutorio
3211 2315 3332 2370 fecit
3359 2331 3481 2369 csse
3522 2313 3696 2382 possi-

2107 2411 2232 2467 bile.
2263 2410 2598 2479 lmpossibile
2617 2417 2700 2463 est
2719 2409 2861 2464 enim
2887 2407 3056 2477 legem
3082 2408 3304 2473 implere
3330 2421 3423 2475 per
3444 2421 3695 2470 carnem,

2105 2517 2208 2570 qua
2239 2501 2478 2570 superbi,
2506 2501 2812 2570 ignorantes
2841 2499 2937 2552 Dei
2964 2497 3248 2566 iilSliiiiﬂn,
3283 2497 3332 2551 id
3363 2507 3447 2551 est
3475 2513 3603 2566 qua:
3630 2513 3695 2552 ex

2113 2593 2220 2648 Deo
2248 2601 2330 2646 est
2362 2592 2562 2645 homini
2592 2599 2647 2644 ut
2675 2591 2746 2646 sit
2766 2590 2964 2660 justus,
2997 2600 3050 2642 et
3080 2603 3238 2643 suam
3273 2589 3522 2641 volentes
3569 2601 3694 2641 con-

2107 2690 2354 2754 stituere,
2391 2695 2641 2756 tanquam
2682 2700 2779 2754 per
2806 2699 2991 2739 eorum
3023 2698 3130 2738 non
3162 2683 3402 2752 adjutum
3434 2682 3699 2736 divinitus

2109 2778 2388 2832 arbitrium
2431 2777 2514 2832 lex
2547 2777 2718 2846 possit
2744 2774 2981 2843 impleri,
3029 2773 3250 2844 juStitize
3296 2773 3388 2826 Dei
3430 2787 3542 2826 non
3575 2781 3701 2826 sunt

2111 2871 2337 2939 subjecti
2369 2884 2384 2923 :
2414 2869 2537 2923 ideo
2561 2867 2768 2937 justitia
2802 2866 2931 2935 legis
2964 2865 3014 2918 in
3044 2866 3122 2920 eis
3148 2865 3418 2932 impletur,
3461 2864 3556 2932 qui
3589 2879 3699 2918 nos

2111 2961 2402 3017 secundum
2435 2974 2654 3015 carnem
2695 2958 3014 3013 ambulant:
3060 2956 3112 3011 id
3137 2967 3238 3019 est,
3269 2956 3572 3010 secundum
3605 2957 3699 3009 ho-

2113 3056 2315 3111 minem
2350 3054 2683 3124 ignorantem
2717 3051 2808 3105 Dei
2830 3050 3111 3118 justitiam,
3161 3049 3256 3104 sed
3287 3048 3578 3101 ambulant
3619 3063 3704 3102 se-

434 3126 1274 3197 tnnrtifcrisdeprecatur.Sivos,
1294 3124 2006 3191 inquit,Filiusliberaverit,
2036 3114 2082 3176 C
2113 3143 2348 3201 cundum
2371 3114 2652 3212 Epirum“.
2709 3139 2776 3194 ιη
2817 3114 2918 3209 (in
2958 3139 3320 3205 ίηβτηωιηηην
3349 3155 3436 3206 per
3466 3153 3704 3193 cum.

436 3244 562 3281 vere
585 3224 737 3280 liberi
759 3223 929 3277 eritis.
963 3221 1034 3274 De
1061 3235 1271 3289 corpore
1294 3220 1467 3271 mortis
1491 3217 1687 3288 hujus?
1716 3213 1897 3269 Gratia
1915 3214 2012 3268 Dei

437 3319 720 3392 perlesum
745 3317 1002 3370 Christum
1021 3315 1297 3368 Dominum
1323 3320 1450 3364 nosti
1467 3325 1571 3363 um.
1597 3311 1800 3374 Corpus
1824 3308 2011 3362 mortis

433 3426 518 3468 est
547 3413 723 3467 littera
754 3408 1024 3464 occidens.
1059 3405 1263 3474 Corpus
1287 3402 1475 3458 mortis
1503 3411 1584 3456 cst
1613 3399 1884 3454 mortifera
1918 3415 2013 3454 vo-

437 3507 634 3577 luptas,
661 3516 713 3558 et
733 3503 964 3557 carnalis
984 3498 1289 3563 delectatio,
1319 3508 1370 3551 et
1392 3494 1686 3563 corporalis
1708 3492 2008 3560 infirmitas,

435 3610 490 3654 et
520 3597 771 3651 violentia
799 3590 1228 3666 consuetudinis.
1283 3603 1399 3656 qua:
1445 3586 1510 3640 ad
1558 3594 1784 3639 mortem
1827 3583 2010 3636 trahit.

441 3692 513 3744 De
534 3703 634 3758 qua
665 3683 1052 3740 consuetudine
1082 3697 1184 3732 non
1216 3680 1322 3741 lex,
1352 3677 1445 3732 sed
1479 3676 1648 3742 gratia
1680 3675 1892 3736 liberat,
1919 3689 2014 3744 per

438 3784 718 3838 Dominum
765 3786 1003 3834 nostrum
1057 3776 1237 3830 Jesum
1288 3772 1582 3827 Christum.
1648 3772 1788 3824 Ante
1839 3769 2012 3837 legem

436 3874 579 3928 nulla
603 3886 774 3942 pugna
797 3878 914 3924 erat
934 3883 1056 3922 cum
1083 3863 1443 3933 voluptatibus
1473 3862 1632 3930 hujus
1654 3859 1856 3924 sreculi,
1890 3858 2014 3927 quia

435 3973 605 4019 totum
637 3961 829 4018 licebat
869 3977 882 4013 :
933 3958 1034 4013 sub
1075 3958 1198 4024 lege
1229 3969 1356 4009 vero
1384 3962 1672 4024 pugnatur,
1721 3951 1812 4006 sed
1843 3949 2014 4003 vinci-

436 4070 557 4109 mur
586 4071 602 4110 :
632 4054 730 4108 sub
757 4051 924 4120 gratia
955 4059 1132 4104 autem
1162 4061 1482 4117 pugnamus,
1516 4053 1568 4098 et
1599 4044 1706 4097 Deo
1730 4042 2016 4110 adjuvante

438 4146 718 4209 vincimus,
747 4142 870 4212 quia
903 4156 1008 4195 non
1043 4141 1259 4205 timore,
1291 4138 1384 4191 sed
1411 4135 1702 4190 dilectione
1733 4133 2012 4187 servimus.

443 4238 516 4290 De
553 4251 659 4306 quo
700 4247 928 4302 corpore
977 4232 1167 4285 mortis
1212 4244 1317 4283 non
1367 4227 1542 4282 omnis
1588 4226 1870 4292 liberatur,
1926 4224 2017 4292 qui

437 4327 556 4379 linit
589 4327 726 4379 hanc
756 4323 942 4384 vitam,
973 4321 1064 4376 sed
1093 4321 1180 4389 qui
1213 4320 1267 4374 in
1300 4323 1398 4374 hac
1426 4320 1531 4371 vita
1566 4316 1870 4384 susceperit
1897 4328 2018 4381 gra-

437 4421 586 4482 tiam,
620 4425 675 4469 et
704 4431 771 4468 ne
793 4414 1024 4467 in-initer
1053 4413 1329 4481 suscipiat,
1359 4411 1514 4464 bonis
1541 4409 1793 4477 operibus
1847 4408 2018 4477 egerit

2113 3235 2487 3292 lnlirmabatur
2511 3247 2604 3302 per
2625 3231 3103 3300 concupiscimtias,
3131 3230 3181 3283 id
3205 3241 3284 3284 est
3317 3246 3408 3295 per
3425 3230 3707 3284 desideria

2109 3323 2354 3382 carnalia
2381 3341 2395 3378 :
2426 3322 2546 3378 ideo
2577 3337 2682 3376 non
2709 3321 3029 3390 implebatur
3055 3321 3164 3388 lex,
3196 3321 3315 3389 quia
3347 3320 3517 3386 ipsius
3540 3320 3702 3391 justi-

2115 3419 2203 3472 tiae
2229 3417 2466 3472 nondum
2496 3425 2612 3470 erat
2639 3415 2895 3481 charitas,
2925 3429 3042 3483 qua:
3064 3415 3317 3468 interiore
3338 3413 3708 3468 delectatione

2117 3517 2327 3564 teneret
2351 3516 2608 3573 mentem,
2643 3522 2709 3561 ne
2738 3506 2804 3559 ad
2829 3515 3103 3575 peccatum
3136 3503 3488 3558 delectatione
3521 3521 3707 3558 rerum

2118 3599 2490 3666 temporalium
2520 3598 2844 3652 traheretur.
2900 3597 3040 3666 Ergo
3089 3597 3460 3650 intirmabatur
3492 3597 3585 3651 lu
3620 3612 3711 3665 per

2118 3703 2334 3743 carnem
2367 3705 2380 3741 :
2415 3687 2467 3742 id
2500 3695 2604 3750 est,
2637 3703 2742 3740 non
2787 3686 3054 3742 efﬁciebat
3078 3687 3252 3753 justos
3286 3686 3500 3740 deditos
3531 3687 3709 3740 carni.

2121 3780 2258 3833 Deus
2287 3777 2335 3830 Ε
2338 3779 2484 3832 ilium
2511 3795 2658 3832 suum
2686 3778 2889 3832 mittens
2919 3779 2972 3831 in
2992 3778 3403 3832 similitudinem.
3453 3777 3711 3831 Similem

2119 3886 2333 3924 carnem
2376 3870 2612 3937 suscepit
2654 3871 2868 3924 czcteris
2916 3868 3224 3923 hominibus
3273 3869 3389 3922 sine
3433 3877 3710 3935 peccato:

2119 3961 2239 4030 quia
2293 3975 2393 4015 nec
2421 3960 2488 4015 de
2533 3960 2992 4028 concupiscentia,
3043 3973 3143 4014 nec
3174 3959 3240 4014 de
3277 3959 3443 4021 coitu,
3494 3960 3598 4013 sed
3645 3959 3714 4013 de

2120 4053 2326 4123 virgine
2363 4061 2486 4107 nata
2527 4063 2627 4107 est.
2685 4052 2837 4106 Facit
2883 4053 2985 4107 hoc
3026 4062 3212 4107 contra
3255 4050 3574 4118 Photinunt,
3623 4051 3713 4120 qui

2121 4155 2280 4216 negat
2303 4144 2493 4200 Filium
2515 4154 2640 4199 ante
2668 4153 2874 4212 partum
2903 4143 3070 4198 luisse
3099 4142 3343 4211 virginis.
3374 4137 3568 4195 Carnis
3596 4157 3712 4209 pes-

2120 4239 2240 4293 cati.
2292 4238 2406 4292 Non
2434 4252 2561 4292 caro
2591 4237 2791 4306 peccati
2835 4244 2972 4301 erat,
3023 4251 3141 4303 qua:
3169 4249 3274 4288 non
3317 4234 3522 4287 carnali
3566 4234 3715 4288 dele-

2122 4329 2356 4384 ctatione
2387 4342 2508 4384 nata
2552 4337 2714 4384 erat:
2765 4337 2944 4382 tamen
2985 4329 3160 4383 inerat
3202 4326 3501 4382 similitudo
3531 4328 3713 4381 carnis

2125 4418 2352 4486 peccati,
2382 4421 2503 4486 quia
2531 4420 2770 4482 mortalis
2811 4434 2938 4474 caro
2965 4429 3101 4474 erat.
3134 4418 3198 4471 Et
3226 4419 3290 4471 de
3316 4428 3524 4487 peccato
3565 4421 3716 4471 dom-

437 4520 492 4562 et
523 4507 682 4561 fuerit
719 4513 1060 4572 cooperatus.
1118 4478 1272 4558 Aliud
1318 4510 1399 4557 est
1445 4504 1587 4555 enim
1633 4501 1784 4554 exire
1815 4499 1880 4553 de
1913 4499 2014 4554 hoc
2046 4478 2091 4537 θ
2123 4478 2261 4564 impii
2290 4478 2569 4575 peceatum.
2619 4511 2682 4564 Et
2706 4478 2774 4564 de
2795 4525 2978 4575 carne,
3023 4527 3144 4581 quze
3165 4510 3217 4564 in
3248 4478 3402 4574 nobis
3445 4524 3579 4566 an'e
3602 4527 3715 4565 scr.

435 4611 686 4666 corpore,
718 4595 862 4650 aliud
893 4604 977 4648 est
1004 4593 1215 4649 liberari
1245 4593 1311 4648 de
1337 4607 1564 4660 corpore
1603 4590 1791 4645 mortis
1820 4590 1975 4658 hujus
2001 4607 2014 4642 :

437 4689 580 4757 quod
608 4687 720 4744 sola
751 4687 843 4742 Dei
871 4687 1043 4755 gratia
1074 4686 1329 4754 impartit.
1359 4684 1532 4754 Igitur
1558 4699 1648 4750 ego
1675 4683 1806 4750 ipse.
1844 4682 2018 4737 Reca-

440 4780 632 4850 pitulat
660 4787 752 4832 aut
777 4776 1067 4833 concludit.
1100 4775 1268 4831 Mente
1291 4776 1452 4830 servio
1481 4773 1580 4845 legi
1612 4773 1726 4827 Dei.
1770 4773 2019 4839 Quandiu

435 4877 670 4932 carnalis
695 4889 838 4942 sum,
871 4872 1065 4942 duplex
1094 4886 1236 4928 sum.
1256 4869 1422 4924 Carne
1444 4878 1632 4922 autem.
1657 4867 1832 4921 Carne
1854 4866 2022 4922 servit

439 4958 777 5038 legi-peccati
805 4962 1238 5032 concupiscendo
1264 4977 1281 5026 ;
1329 4970 1509 5016 mente
1539 4959 1642 5028 legi
1674 4957 1791 5020 Dei,
1842 4957 2017 5012 eidem

437 5060 888 5128 concupiscentia:
920 5073 1024 5112 non
1053 5052 1457 5112 consentiendo.
1501 5050 1669 5105 llomo
1706 5049 1935 5118 gemina:
1967 5056 2023 5102 ct

445 5151 671 5218 duplicis
700 5151 990 5204 voluntatis
1024 5165 1039 5201 :
1091 5148 1141 5202 id
1167 5154 1271 5210 est,
1320 5153 1411 5199 aut
1432 5141 1684 5203 carnalis,
1733 5149 1824 5194 aut
1863 5140 2022 5208 spiri-

449 5241 630 5308 tualis,
664 5239 1055 5309 quodammodo
1084 5240 1136 5292 in
1167 5237 1458 5307 semetipso
1487 5235 1689 5290 divisus
1715 5234 1862 5302 juxta
1888 5247 2022 5301 ope-

445 5350 565 5388 rum
599 5333 930 5402 qualitatem.
975 5329 1079 5383 Lex
1111 5330 1326 5399 quidem
1357 5345 1457 5383 una
1485 5338 1588 5394 est,
1638 5327 1730 5382 sed
1759 5327 1864 5380 duo
1899 5333 2024 5379 sunt

445 5442 642 5495 genera
667 5424 1036 5477 mandatorum
1061 5439 1072 5474 :
1101 5438 1260 5476 unutn
1289 5422 1427 5490 quod
1446 5422 1604 5476 docet
1635 5423 1848 5484 bonum,
1878 5419 2020 5473 aliud

447 5519 585 5586 rpiod
623 5516 866 5586 prohibet
899 5515 1114 5567 malum.
1151 5513 1299 5579 Quod
1334 5513 1491 5567 docet
1523 5514 1743 5576 bonum,
1779 5510 1868 5564 Dei
1899 5519 2019 5575 est;

445 5613 589 5678 quod
622 5609 870 5678 prohibet
901 5606 1122 5672 malum,
1171 5616 1410 5659 nostrum
1445 5605 1628 5659 vitium
1674 5615 1777 5669 est,
1830 5603 2024 5670 quibus

451 5699 537 5754 les
565 5717 698 5770 Opus
723 5702 792 5754 sit
822 5698 954 5763 dari,
1003 5700 1088 5769 qtti
1120 5712 1424 5768 peccamus.
1481 5697 1602 5767 Legi
1632 5698 1838 5766 peccati.
1885 5699 2023 5753 Con-

2128 4603 2308 4656 viebat
2340 4612 2582 4670 peccato,
2609 4602 2738 4655 vicit
2769 4613 3041 4670 peccatum
3075 4619 3180 4657 non
3213 4603 3486 4670 peccando
3524 4619 3538 4655 :
3585 4620 3720 4671 quo-

2127 4691 2285 4745 modo
2331 4691 2376 4744 si
2419 4695 2539 4760 quis
2579 4692 2647 4746 de
2677 4692 2919 4746 barbaris
2952 4693 3126 4747 vincat
3172 4693 3451 4747 barbaros.
3507 4693 3718 4747 Hostiae

2125 4799 2257 4852 quas
2288 4783 2586 4838 oll‘erebant
2610 4798 2705 4852 pro
2735 4791 2957 4849 peccato
2987 4783 3040 4836 in
3072 4783 3210 4851 lege,
3246 4783 3451 4853 peccati
3483 4783 3717 4838 ninniino

2130 4873 2482 4938 vocabantur,
2533 4887 2656 4928 cum
2687 4874 2817 4942 ipsa:
2849 4883 3124 4942 peccatum
3159 4874 3428 4928 nescirent
3473 4891 3487 4926 :
3549 4873 3642 4928 sic
3668 4883 3723 4928 et

2131 4965 2330 5031 peccati
2373 4979 2519 5032 caro,
2575 4979 2692 5032 quae
2735 4979 2829 5032 pro
2872 4965 3106 5032 peccatis
3144 4965 3346 5020 nostris
3371 4965 3551 5019 oblata
3609 4976 3718 5030 est,

2133 5055 2334 5123 peccati
2385 5069 2578 5108 nomen
2617 5055 2845 5122 accepit.
2891 5055 3116 5122 Quidam
3162 5055 3349 5110 dicunt
3383 5057 3451 5110 de
3493 5067 3723 5124 peccatu

2131 5145 2464 5218 Judznorum,
2498 5146 2592 5213 qui
2625 5147 2936 5201 occiderunt
2967 5147 3272 5215 Dominum,
3299 5159 3579 5215 peccatum
3606 5148 3727 5201 dia-

2133 5239 2238 5295 boli
2269 5253 2376 5306 quo
2407 5239 2677 5293 hominem
2711 5239 3054 5308 implicuerit,
3089 5239 3464 5294 condemnavit
3503 5256 3517 5289 :
3573 5240 3723 5293 sicut

2133 5332 2198 5386 ad
2229 5331 2498 5386 llrebrmos
2525 5331 2786 5400 scriptum
2808 5340 2912 5390 est.
2945 5340 3005 5384 ut
3036 5346 3130 5398 per
3157 5339 3380 5385 mortem
3408 5329 3726 5384 desuueret

2130 5439 2275 5488 eum,
2325 5425 2413 5491 qui
2449 5421 2677 5475 habebat
2713 5421 2903 5474 mortis
2943 5420 3245 5486 imperium.
3297 5419 3365 5473 Et
3391 5430 3534 5474 recte
3569 5434 3724 5472 mors

2134 5528 2410 5586 peccatum
2443 5515 2663 5576 dicitur,
2695 5528 2851 5581 quam
2885 5511 2952 5566 de
2980 5520 3201 5579 peccato
3233 5519 3445 5566 constat
3471 5523 3598 5562 esse
3631 5493 3728 5578 gi?

2132 5617 2393 5663 iteratam.
2443 5604 2671 5670 Quidam
2705 5603 2888 5656 dicunt
2915 5601 2981 5655 de
3011 5609 3233 5671 peccato
3261 5601 3593 5662 Judteorum,
3629 5601 3726 5664 qui

2128 5714 2252 5756 eam
2282 5698 2677 5764 crucittxerant,
2721 5696 2920 5750 factum
2955 5703 3054 5762 est,
3109 5703 3168 5748 ut
3213 5693 3517 5762 sanguinem
3550 5707 3719 5744 suum
