3968 6166
214 315 381 370 ιδπν

1077 311 1141 368 IN
1183 309 1561 368 EPISTOLMI
1603 309 1692 366 AD
1732 309 2058 367 ROMANOS
2097 306 2611 367 COMMENTARIA.

3360 308 3463 372 358

213 429 264 481 in
288 422 661 482 remissionem
705 421 950 476 funderet
980 432 1338 491 peccaturum.
1394 424 1459 476 In
1500 439 1673 479 carne.
1724 421 1778 475 In
1810 429 1858 485 Α
1890 433 1986 473 nec
2016 421 2161 474 enim
2192 431 2367 489 potest
2396 437 2410 473 :
2440 421 2671 500 quandiu
2702 419 2842 475 enim
2876 418 2962 475 nix
2991 429 3095 487 est,
3132 438 3234 478 non
3268 426 3465 481 calefa-

210 520 326 584 ipsa
354 529 515 568 carne
546 512 673 567 vicit
710 521 1008 581 peccatum,
1051 522 1105 565 ut
1144 525 1412 580 naturam,
1462 530 1581 581 qure
1614 512 1785 567 l‘uerat

210 609 351 662 bona
399 620 494 674 per
521 605 906 668 conditionem,
955 615 1010 657 et
1064 618 1157 671 per
1188 605 1668 673 transgressionem
1701 612 1787 657 est

208 695 421 754 vitiata.
451 708 548 762 per
573 706 724 745 suam
754 692 983 761 gratiam
1013 691 1352 758 relormaret,
1394 703 1454 748 ut
1481 694 1595 763 ejus
1624 691 1784 762 adju-

209 787 348 841 turio
378 786 600 839 vincere
629 781 791 852 possit
824 792 1099 852 peccatum
1133 800 1145 836 :
1179 800 1300 853 quae
1332 786 1475 851 prius
1504 785 1583 839 sic
1614 786 1787 839 fuerat

204 877 373 939 facta,
403 885 461 930 ut
493 876 661 943 possit
691 888 795 928 non
830 888 1050 942 peccare
1080 874 1123 928 si
1154 875 1297 927 Velit.
1334 874 1438 930 Sed
1461 883 1585 929 ante
1611 884 1786 927 trans-

207 967 541 1037 gressionem
581 968 706 1028 boe,
761 973 818 1018 ut
866 963 973 1017 dixi
1003 982 1014 1016 :
1044 980 1166 1018 nam
1220 966 1379 1018 modo
1429 978 1523 1033 per
1562 965 1788 1035 gratiam

210 1062 303 1117 Dei
331 1070 508 1129 potest
540 1068 815 1128 peccatum
843 1066 935 1112 aut
962 1057 1257 1122 declinare,
1285 1067 1378 1112 aut
1405 1060 1621 1113 vincere
1656 1076 1669 1112 :
1712 1058 1789 1111 sic

208 1164 412 1220 tamen,
448 1164 503 1208 ut
530 1153 814 1206 Dominum
843 1165 1056 1220 semper
1084 1150 1385 1220 adjutorem
1414 1150 1683 1219 imploret.
1721 1150 1789 1203 Ut

203 1243 515 1314 iustiﬁcatio
557 1243 681 1312 legis
709 1241 1006 1310 impleretur
1045 1240 1098 1294 in
1136 1240 1297 1294 nobis.
1344 1241 1443 1295 Hic
1481 1250 1572 1295 aut
1618 1240 1788 1309 ipsam

203 1336 440 1403 gratiam
474 1329 644 1402 legem
675 1341 849 1396 vocat,
884 1342 974 1385 aut
1010 1341 1154 1387 certe
1179 1331 1327 1385 illam
1352 1331 1786 1401 justiticationem

204 1423 368 1493 legis,
412 1439 529 1492 qua:
567 1425 759 1491 spiritu
802 1425 942 1479 intra
997 1425 1227 1480 litteram
1256 1426 1457 1483 latente
1497 1437 1579 1483 est
1615 1430 1786 1484 mani-

206 1515 406 1568 festata
437 1531 450 1566 :
481 1522 537 1567 ut
563 1515 815 1584 quoniam
845 1516 896 1569 in
928 1516 1037 1571 illis
1086 1517 1203 1571 viva
1233 1526 1287 1572 et
1316 1529 1645 1590 repugnante
1672 1535 1790 1575 car—

201 1618 292 1670 ne,
319 1602 643 1672 justilieatio
669 1604 800 1673 legis
832 1605 1039 1673 impleri
1064 1621 1168 1662 non
1201 1609 1393 1679 potuit,
1424 1610 1477 1664 in
1502 1612 1656 1665 nobis
1686 1611 1790 1665 im-

202 1695 440 1761 pleatur,
488 1692 579 1763 qui
606 1694 803 1749 Christi
847 1692 1113 1764 adjutorio
1151 1712 1370 1755 carnem
1400 1701 1789 1759 mortiﬁcamus

1888 511 1957 564 cit
1980 524 1995 573 ;
2023 510 2115 563 sed
2140 510 2335 564 resolvi
2358 520 2555 578 potest,
2578 519 2751 578 potest
2772 520 2823 565 et
2852 510 3057 567 lt-rvere
3086 524 3139 567 ut
3163 514 3464 581 calefaciat,

1888 600 1983 654 sed
2015 615 2136 655 cum
2165 601 2266 655 hoc
2298 600 2443 664 facit,
2470 602 2579 668 jam
2613 600 2702 653 uix
2740 615 2845 653 non
2872 612 2971 656 est.
3027 603 3119 658 Sic
3146 617 3195 659 et
3230 607 3464 672 pruden-

1892 692 1960 746 tia
1985 692 2164 746 carnis
2191 691 2407 756 dicitur,
2445 706 2562 745 cum
2587 693 2852 746 mundana
2887 708 2982 761 pro
3005 696 3309 752 cmlcstibus
3337 714 3466 767 con-

1889 782 2158 849 cupiscit:
2208 783 2303 837 sed
2334 797 2455 837 cum
2510 783 2749 838 caelestia
2803 784 3109 839 desilierare
3163 788 3467 855 iucuzperit,

1890 871 2087 926 desinit
2132 887 2250 926 esse
2278 874 2509 926 carnalis
2540 875 2838 943 prudentia.
2903 876 3002 940 Qui
3032 886 3197 929 autem
3226 879 3276 930 in
3315 894 3468 931 carne

1890 972 2027 1017 sunt.
2085 961 2219 1017 lliuc
2247 966 2519 1032 probatur,
2554 965 2676 1033 quia
2707 980 2810 1019 non
2849 966 2915 1020 de
2945 968 3239 1021 substantia
3271 969 3471 1022 dixerit

1892 1056 2090 1107 carnis.
2120 1052 2229 1107 Deo
2250 1055 2456 1124 placere
2473 1073 2570 1109 non
2604 1067 2833 1126 possunt.
2859 1057 2993 1122 Quia
3019 1059 3129 1113 lieri
3160 1075 3266 1113 non
3295 1069 3469 1128 potest

1892 1152 1952 1199 ut
1982 1160 2087 1198 non
2121 1154 2342 1214 peccent
2387 1147 2475 1214 qui
2507 1148 2793 1201 cirnalizer
2824 1149 3026 1214 vivunt,
3078 1161 3130 1203 et
3160 1153 3336 1205 carnis
3368 1169 3470 1206 vo-

1895 1235 2186 1291 luntatibus
2214 1237 2581 1307 acquiescunt.
2624 1238 2724 1292 Vos
2744 1250 2912 1293 autent
2942 1241 2992 1293 in
3017 1257 3170 1294 carne
3193 1259 3293 1295 non
3326 1244 3465 1298 estis.

1892 1324 2007 1379 Hoc
2036 1335 2137 1389 est,
2194 1326 2249 1380 in
2280 1328 2584 1383 carnalibus
2614 1328 2917 1391 desideriis,
2965 1331 3056 1385 sed
3091 1330 3144 1385 in
3177 1333 3468 1401 spirituali-

1894 1415 2013 1469 bus.
2063 1416 2167 1472 Sed
2198 1418 2249 1470 in
2282 1420 2489 1489 spiritu.
2520 1419 2574 1472 lu
2605 1422 2831 1488 spiritali
2862 1433 2983 1475 actu
3016 1423 3088 1477 illi
3119 1425 3465 1492 Spiritualiter

1891 1506 2077 1563 vivunt
2099 1507 2186 1577 qui
2216 1507 2474 1577 Spiritum
2502 1508 2594 1564 Dei
2626 1510 2819 1564 habent
2846 1527 2859 1563 :
2891 1512 2941 1565 in
2970 1512 3089 1566 illos
3115 1514 3348 1580 Spiritus
3374 1517 3472 1571 Dei

1893 1609 1994 1662 est,
2021 1598 2076 1651 in
2106 1613 2239 1667 quos
2271 1602 2579 1668 apparuerit
2606 1600 2807 1656 fructus
2838 1601 2972 1670 ejus,
2998 1603 3132 1657 sicut
3161 1605 3224 1657 ad
3253 1604 3470 1659 Galatas

1892 1689 1987 1751 ait,
2023 1688 2223 1744 fructus
2255 1689 2504 1759 Spiritus.
2543 1690 2603 1745 Si
2635 1702 2802 1745 tamen
2822 1695 3043 1762 Spiritus
3077 1694 3169 1748 Dei
3200 1695 3389 1749 habitat
3417 1697 3471 1748 in

200 1799 326 1840 cum
357 1786 524 1840 νκίίε,
561 1785 831 1855 “mecm,
861 1789 997 1858 regis
1019 1789 1306 1859 impjenwr
1333 1807 1428 1862 ρει.
1447 1792 1784 1863 charimem’
1817 1799 1864 1858 Β
1892 1778 2054 1833 vobis.
2109 1778 2170 1834 Si
2198 1779 2313 1848 quis
2349 1790 2515 1833 autem
2547 1780 2801 1851 Spiritum
2833 1782 3024 1836 Christi
3053 1801 3153 1837 non
3176 1785 3344 1851 habet,
3391 1787 3473 1839 hic

201 1889 322 1943 qua:
357 1888 456 1942 per
488 1875 736 1929 timorem
765 1890 868 1929 non
901 1887 1151 1946 poterant
1179 1880 1410 1948 impleri.
1446 1882 1550 1949 Qui
1578 1901 1679 1939 non
1710 1902 1788 1941 se-

201 1964 434 2019 cundum
462 1981 667 2019 carnem
700 1966 1040 2023 ambulamus.
1088 1969 1512 2030 Conversamur.
1565 1976 1671 2032 Sed
1712 1994 1789 2033 se-

202 2057 439 2111 cundum
466 2058 731 2128 spiritum.
782 2057 917 2113 Caro
947 2060 1013 2114 de
1054 2068 1195 2117 terra
1238 2063 1378 2119 facta
1419 2076 1522 2133 est,
1569 2068 1790 2136 spiritus

201 2159 390 2203 autem
420 2163 451 2202 a
485 2148 594 2203 Deo
623 2147 779 2203 datus
804 2157 908 2204 est.
940 2149 1176 2219 Utraque
1205 2166 1334 2223 ergo
1364 2155 1452 2209 illa
1480 2157 1791 2213 desiderant

201 2240 349 2292 unde
375 2247 503 2292 sunt
529 2256 543 2291 :
585 2253 710 2294 caro
741 2248 973 2306 terrena,
1004 2241 1225 2311 spiritus
1255 2246 1514 2301 cmlcstia.
1546 2248 1601 2305 Si
1627 2250 1787 2319 igitur

200 2332 430 2401 spiritus
457 2347 676 2389 carnem
709 2335 1065 2405 superaverit,
1105 2347 1398 2406 operantur
1419 2339 1699 2405 caelestia;
1741 2342 1785 2394 si

199 2436 388 2479 autem
411 2426 772 2493 consenserit,
806 2437 826 2483 t
853 2443 1015 2484 rrena
1046 2430 1432 2500 prtevalehunt.
1461 2433 1590 2500 Quis
1610 2446 1785 2491 auzem

199 2517 452 2571 ambulat
500 2519 791 2573 secundum
844 2522 1117 2590 Spiritum,
1176 2523 1275 2577 nisi
1321 2522 1413 2593 qui
1469 2525 1647 2593 agitur
1695 2527 1786 2582 Dei

198 2606 411 2676 Spiritu
433 2610 458 2662 ?
502 2609 777 2680 Quotquot
803 2612 944 2667 enim
970 2614 1174 2683 Spiritu
1205 2614 1299 2671 Dei
1327 2626 1575 2686 aguntur,
1610 2617 1645 2672 ii
1691 2618 1788 2674 ﬁlii

198 2697 294 2754 Dei
346 2710 492 2754 sunt.
546 2700 646 2766 Qui
674 2703 828 2756 enim.
870 2702 1024 2781 Unus
1057 2705 1219 2760 homo
1261 2721 1325 2762 ex
1359 2708 1549 2777 spiritu
1579 2717 1791 2766 constat

200 2800 255 2844 et
281 2804 460 2845 carne
490 2809 502 2844 :
535 2792 751 2860 quando
797 2808 927 2869 ergo
956 2796 1249 2851 secundum
1280 2811 1496 2853 carnem
1527 2800 1787 2866 ambulat,

197 2894 331 2935 caro
380 2892 504 2946 est;
559 2884 772 2953 quando
806 2886 1096 2941 secundum
1124 2888 1390 2956 spiritum.
1438 2890 1658 2959 spiritus
1686 2900 1788 2946 est.

196 2970 511 3026 Secundum
541 2988 747 3028 carnem
774 2985 911 3030 sunt.
942 2976 1220 3032 ManifeSIa
1249 2988 1373 3034 sunt
1392 2994 1554 3050 opera
1586 2982 1786 3038 carnis.

200 3059 339 3125 Quae
391 3064 563 3116 carnis
593 3073 708 3117 sunt
750 3066 977 3135 sapiunt.
1030 3067 1267 3123 Terrena
1300 3080 1354 3125 et
1382 3071 1620 3127 carnalia
1649 3072 1787 3129 bona

1892 1889 1993 1927 non
2022 1882 2095 1928 est
2120 1875 2254 1945 ejus.
2307 1875 2407 1943 Qui
2441 1875 2686 1930 inimicos
2713 1877 2904 1948 diligit,
2934 1878 3195 1949 intelliget
3224 1894 3467 1936 sanctum

1892 1964 2143 2033 Spiritum
2173 1967 2312 2022 sicut
2333 1982 2403 2023 ex
2427 1966 2625 2037 Patris,
2657 1969 2727 2023 ita
2752 1972 2911 2025 etiam
2936 1988 2999 2025 ex
3024 1972 3141 2027 Filii
3168 1974 3467 2031 substantia

1893 2054 2182 2122 procedere
2208 2073 2220 2108 :
2245 2057 2369 2125 quia
2391 2057 2552 2112 unius
2578 2067 2659 2113 est
2689 2068 2847 2128 atque
2871 2060 3111 2129 ejusdem
3135 2064 3471 2131 subStautirr,

1890 2145 1979 2209 qui
2008 2144 2127 2214 ejus
2154 2145 2411 2215 Spiritum
2446 2147 2626 2203 habet.
2678 2151 2743 2203 Et
2770 2150 2890 2204 ideo
2918 2152 3057 2207 sicut
3088 2151 3279 2216 Patris,
3314 2153 3388 2209 ita
3420 2166 3474 2211 et

1893 2230 2010 2286 Filii
2039 2234 2363 2303 appellatur.
2422 2237 2490 2290 Et
2517 2237 2636 2292 ideo
2665 2237 2801 2292 dixit
2829 2239 2881 2293 in
2910 2239 3218 2309 Evangelio,
3251 2243 3318 2296 de
3346 2258 3470 2299 meo

1890 2322 2133 2391 accipiet.
2190 2323 2245 2379 Si
2286 2326 2424 2395 quis,
2472 2326 2663 2396 inquit,
2715 2327 2971 2396 Spiritum
3004 2330 3099 2384 Dei
3127 2345 3231 2385 non
3263 2332 3425 2387 habet
3457 2352 3470 2388 :

1891 2411 1993 2465 hoc
2018 2422 2129 2478 est,
2174 2422 2231 2468 ut
2259 2422 2378 2469 oret
2410 2429 2507 2483 pro
2549 2417 3018 2485 persequentibus,
3070 2429 3129 2474 ut
3153 2419 3342 2490 diligat
3371 2422 3474 2478 ini-

1893 2502 2083 2567 micas,
2116 2513 2171 2556 ut
2203 2505 2252 2557 in
2274 2506 2520 2559 omnibus
2542 2520 2664 2560 eum
2687 2505 2944 2573 imitetur,
2975 2509 3111 2563 sicut
3133 2510 3261 2565 dicit
3284 2511 3474 2569 Petrus

1891 2592 2166 2660 apostolus
2195 2610 2209 2644 :
2240 2593 2490 2648 Christus
2519 2608 2708 2663 passus
2740 2612 2837 2666 pro
2869 2598 3042 2663 vobis,
3078 2600 3293 2669 reliquit
3323 2604 3473 2659 vobis

1891 2681 2218 2753 exemplum.
2248 2693 2351 2743 etc.
2390 2683 2522 2737 Dicit
2550 2684 2693 2738 enim
2724 2686 2837 2751 ipse
2878 2687 3153 2757 discipulis
3186 2707 3200 2743 :
3242 2692 3473 2750 Nescitis

1893 2771 2049 2842 cujus
2077 2772 2298 2841 spiritus
2343 2773 2484 2839 sitis,
2540 2774 2593 2828 hi
2625 2776 2843 2845 spiritus
2887 2779 3002 2846 ejus
3032 2792 3210 2844 erant,
3260 2784 3380 2850 quia
3414 2784 3467 2839 in

1895 2862 2017 2928 ﬁde,
2051 2870 2104 2916 et
2132 2876 2248 2933 spe,
2289 2871 2347 2918 et
2372 2863 2652 2933 cbaritate,
2698 2867 2972 2921 vivebant.
3027 2868 3088 2924 Si
3113 2880 3285 2924 autem
3316 2872 3471 2927 Chri-

1891 2960 2019 3006 stus.
2079 2952 2135 3010 Si
2164 2952 2438 3009 Christum
2484 2971 2698 3027 semper
2727 2959 3031 3017 imitamini.
3064 2962 3275 3031 Corpus
3315 2967 3467 3033 quasi

1893 3052 2182 3109 mortuum,
2206 3044 2309 3098 etsi
2332 3046 2551 3109 resistit,
2583 3060 2686 3101 non
2712 3047 2897 3115 vincit,
2928 3051 3067 3105 sicut
3109 3052 3273 3108 David
3301 3054 3462 3109 dicit:

196 3169 296 3223 pro
329 3157 563 3209 summis
594 3156 747 3212 bunis
777 3160 1180 3228 concupiscunt.
1236 3162 1336 3228 Qui
1365 3180 1480 3217 vero
1508 3168 1785 3221 secundum
1818 3166 1863 3228 C
1895 3130 2005 3232 Fige
2036 3141 2217 3232 amet?
2244 3143 2385 3232 mf"
2413 3134 2607 3232 simius
2636 3152 2738 3191 "0"
2771 3140 3050 3232 aufl'ebam
3087 3160 3098 3193 ⁵
3128 3152 3183 3196 ει
3211 3153 3266 3198 ω
3297 3159 3468 3199 θ¹³⁰”

195 3252 468 3318 spiritum,
509 3268 622 3322 qua:
668 3262 784 3306 sunt
828 3254 1039 3323 spiritus
1082 3256 1330 3309 sentiunt.
1385 3258 1437 3311 Id
1469 3267 1552 3313 est
1586 3259 1784 3314 divina.

200 3339 357 3395 Deus
386 3342 527 3394 enim
559 3341 783 3411 spiritus
812 3351 933 3399 est:
970 3344 1212 3414 quisquis
1242 3361 1346 3399 non
1375 3347 1576 3402 resistit
1605 3349 1790 3403 volun-

195 3435 294 3488 tati
336 3432 455 3499 Dei,
509 3448 629 3503 qua:
668 3445 791 3488 sunt
839 3436 1058 3506 spiritus
1094 3439 1276 3492 sentit.
1325 3437 1465 3492 Nam
1516 3441 1788 3509 prudt‘ttlia

197 3524 381 3576 ramis
406 3539 545 3578 mors
568 3536 659 3579 est.
690 3523 979 3582 Prudentia
1008 3544 1035 3580 a
1062 3529 1391 3598 providendo
1417 3530 1635 3585 dicitur.
1665 3532 1786 3601 Ipse

198 3616 336 3670 alibi
369 3616 517 3680 dicit,
570 3616 905 3683 prudentiam
935 3622 1222 3675 humanam
1252 3636 1394 3688 esse,
1442 3612 1584 3676 malo
1613 3623 1784 3677 vicem

197 3706 437 3761 referre.
487 3706 633 3762 Talis
672 3723 799 3779 ergo
840 3710 1120 3778 prudentia
1165 3720 1392 3767 mortem
1435 3721 1586 3783 parat
1616 3723 1788 3769 trans-

195 3792 505 3870 grediendo
531 3812 878 3871 praeceptum.
913 3804 1050 3874 Ergo
1083 3804 1363 3873 prudentia
1394 3807 1573 3861 carnis
1594 3816 1699 3875 est,
1733 3817 1790 3863 ut

197 3891 577 3960 unusquisque
604 3893 731 3947 velit
773 3908 832 3949 se
862 3894 1155 3950 vindicare.
1205 3896 1491 3975 Prudentia
1521 3914 1650 3954 vero
1678 3901 1787 3970 spi-

196 3982 366 4044 ritus,
397 3996 500 4036 non
532 3983 757 4039 reddere
777 3986 973 4039 malum
1007 4001 1103 4056 pro
1131 3987 1293 4042 malo.
1341 3989 1532 4043 Anima
1562 4005 1682 4044 cum
1710 3992 1789 4045 in-

199 4073 406 4127 feriora
438 4076 661 4144 appetit,
712 4077 1049 4146 prudentiam
1095 4081 1274 4136 carnis
1322 4081 1521 4138 habere
1547 4084 1783 4152 dicitur;

194 4177 329 4218 cum
357 4165 661 4234 superiora,
706 4169 1041 4236 prudentiam
1072 4170 1311 4239 spiritus.
1360 4171 1475 4226 Non
1504 4174 1627 4241 quia
1655 4189 1784 4242 pru-

197 4254 388 4308 dentia
421 4257 595 4310 carnis
625 4257 922 4312 substantia
954 4267 1057 4326 est,
1091 4275 1193 4328 qua
1224 4260 1399 4315 anima
1434 4261 1671 4316 induitur
1695 4274 1787 4319 aut

195 4343 425 4398 exuitur
452 4360 467 4408 ;
518 4344 609 4399 sed
642 4345 812 4414 ipsius
838 4347 1029 4401 anima:
1051 4348 1262 4403 alieclio
1287 4359 1392 4416 est,
1422 4365 1542 4420 qua!
1567 4353 1786 4407 omnino

194 4448 332 4489 esse
354 4435 581 4501 desinet,
610 4451 728 4492 cum
754 4451 813 4493 se
835 4448 999 4492 totum
1024 4440 1089 4494 ad
1120 4442 1395 4509 superiora
1425 4446 1781 4500 converterit.

199 4523 496 4581 Prudentia
525 4537 691 4582 autem
723 4519 954 4596 spiritus,
986 4532 1089 4584 vita
1117 4542 1164 4585 et
1191 4550 1313 4603 pax.
1360 4533 1644 4591 Prudentia
1678 4540 1784 4607 spi-
1814 4536 1862 4596 D

195 4618 342 4673 ritus
369 4620 500 4673 etin
527 4622 778 4688 praesenti
809 4636 995 4691 pacem
1031 4623 1209 4690 habet,
1236 4642 1343 4680 non
1372 4627 1646 4683 reddendo
1673 4646 1784 4684 ma-

197 4708 314 4762 lum
340 4726 437 4778 pro
468 4712 645 4777 malo;
676 4721 730 4766 et
761 4713 812 4766 in
840 4723 1101 4769 azternum
1126 4716 1285 4772 vitam
1314 4727 1569 4775 aeternam
1605 4738 1783 4778 mere-

196 4808 312 4861 tur,
363 4814 581 4869 progiter
612 4804 967 4860 obedientiam
1009 4818 1065 4863 et
1092 4823 1296 4877 pacem,
1345 4811 1469 4865 dum
1513 4828 1603 4880 per
1631 4830 1782 4870 suam

193 4892 513 4959 patientiam
546 4910 651 4947 non
680 4896 805 4949 sinit
833 4912 1079 4955 crescere
1105 4911 1402 4971 peccatum.
1436 4905 1688 4969 Quoniam
1709 4927 1785 4961 sa-

194 4984 399 5054 pientia
418 4988 605 5040 carnis.
633 4988 747 5042 Non
769 5004 915 5056 caro,
935 4993 1028 5046 sed
1052 4994 1279 5049 carnalis
1303 5006 1473 5054 actus.
1501 4997 1781 5055 lnimicitia

191 5085 275 5127 εςι
326 5077 380 5129 its
410 5076 594 5131 Deum.
648 5079 819 5135 Omne
847 5084 990 5137 enim
1042 5087 1180 5155 quod
1229 5102 1333 5142 non
1363 5099 1445 5144 est
1484 5092 1780 5161 subjectum

193 5163 320 5219 Deo
350 5165 620 5222 inimicum
654 5183 734 5225 est
769 5189 783 5224 :
820 5183 875 5227 et
906 5175 1211 5246 quicunque
1240 5192 1300 5232 se
1331 5180 1443 5234 vult
1489 5185 1780 5252 vindicare,

191 5258 423 5311 excedit
454 5261 668 5315 modum
715 5264 876 5317 etiam
909 5267 1109 5322 veteris
1151 5269 1282 5339 legis
1316 5289 1329 5324 :
1385 5288 1489 5329 non
1520 5280 1640 5347 quia
1674 5280 1785 5337 Deo

190 5346 336 5413 quid
369 5363 559 5404 nocere
590 5360 786 5420 potest,
840 5356 932 5409 sed
976 5358 1076 5411 sibi
1111 5368 1285 5415 nocet.
1346 5346 1644 5439 Legi‘enim
1687 5370 1785 5426 Dei

191 5455 313 5493 nan
341 5444 626 5511 subjicitur,
673 5462 762 5499 nec
791 5449 923 5501 enim
953 5463 1135 5518 potest.
1194 5455 1528 5525 Impossibile
1574 5475 1784 5533 penitus

192 5531 367 5596 dixit,
414 5545 468 5586 ut
498 5537 578 5589 vel
611 5536 687 5590 sic
719 5538 839 5593 illos
869 5556 895 5591 a
927 5546 1106 5598 carnis
1161 5547 1425 5606 illecebris
1478 5566 1529 5609 et
1571 5531 1782 5615 luxuria

196 5636 526 5680 revocaret:
561 5628 706 5682 velut
734 5632 779 5683 si
820 5632 1078 5700 dicamus,
1113 5639 1368 5706 illjUalilia
1398 5659 1518 5700 esse
1550 5664 1653 5702 non
1687 5667 1781 5719 po-

193 5721 317 5768 tcSI
342 5715 471 5781 justa
505 5734 515 5769 :
548 5728 795 5787 tanquam
826 5722 873 5775 si
905 5722 1212 5783 diceretur:
1250 5731 1346 5785 Niv
1381 5749 1485 5789 non
1513 5715 1779 5811 calef;tcit,

452 5848 718 5907 Ριτιιυι..
768 5852 1047 5917 LXVIII.

1893 3222 2008 3277 dies
2040 3237 2145 3286 me,
2181 3222 2404 3278 Domine
2434 3226 2572 3281 Deus
2604 3243 2772 3283 meus.
2827 3229 2891 3283 In
2922 3232 3057 3284 vobis
3082 3240 3175 3286 est.
3222 3232 3323 3287 Per
3348 3250 3468 3304 gra-

1894 3311 2018 3364 tiam
2050 3326 2221 3365 suam.
2254 3311 2453 3382 Corpus
2475 3316 2698 3385 quidem.
2730 3317 2958 3387 Spiritus
2984 3320 3113 3375 vivit
3134 3333 3187 3377 et
3215 3324 3465 3389 vivilicat,

1893 3412 1950 3455 ut
1992 3402 2253 3470 justitiam
2285 3406 2581 3466 faciamus:
2631 3425 2760 3465 caro
2789 3422 2965 3468 autem
3006 3425 3214 3471 mortua
3243 3426 3347 3482 est,
3400 3433 3468 3473 ne

1890 3492 1958 3545 ab
1983 3506 2044 3546 ea
2080 3493 2374 3551 vincamur.
2425 3499 2541 3554 Non
2586 3501 2691 3557 hoc
2718 3504 2891 3559 solum
2933 3509 3210 3575 quan-itur,
3257 3521 3315 3565 ut
3341 3525 3468 3567 caro

1892 3582 2173 3648 moriatur,
2205 3587 2297 3640 sed
2330 3589 2490 3644 etiam
2516 3600 2574 3645 ut
2599 3593 2817 3662 spiritus
2844 3598 3155 3655 viviﬁcetur.
3184 3601 3353 3657 Simul
3379 3605 3471 3660 ad-

1892 3682 2042 3726 verte
2070 3676 2212 3742 quod
2243 3677 2350 3732 vita
2375 3682 2568 3735 anima:
2607 3684 2812 3752 justitia
2846 3689 2916 3742 sit
2947 3707 2959 3742 :
3011 3701 3221 3759 oportet
3250 3710 3379 3765 ergo
3409 3706 3469 3751 ut

1893 3778 1997 3817 non
2028 3767 2202 3820 solum
2245 3782 2275 3822 a
2302 3772 2611 3827 carnalibus
2639 3788 2933 3845 cessemus,
2982 3783 3076 3834 sed
3116 3783 3276 3837 etiam
3310 3787 3470 3853 spiri-

1893 3855 2054 3909 tualia
2080 3854 2356 3913 iaciamus.
2388 3859 2654 3916 Mortuum
2681 3876 2752 3919 est
2782 3877 2987 3936 propter
3019 3882 3300 3939 peccatum.
3333 3877 3470 3932 Mor-

1892 3952 2037 3997 tuum
2064 3960 2259 4014 corpus
2286 3948 2417 4003 dicit
2445 3953 2678 4019 quandiu
2709 3957 2812 4011 tale
2842 3968 2943 4023 cst,
2979 3970 3034 4015 ut
3059 3962 3345 4033 indigentia
3375 3982 3466 4021 re-

1891 4050 2007 4089 rum
2056 4039 2413 4104 corporalium
2461 4042 2711 4101 molestet
2756 4047 3010 4113 animam,
3057 4062 3111 4106 et
3149 4054 3464 4121 quibusdam

1891 4126 2123 4181 motibus
2155 4128 2406 4185 sollicitet
2436 4142 2489 4188 et
2519 4133 2800 4203 inquietet.
2851 4139 2984 4194 Nam
3030 4154 3306 4211 peccatum
3340 4147 3463 4204 ideo

1889 4218 2323 4286 concupiscentia
2348 4236 2704 4294 nuncupatur,
2735 4230 2859 4299 quia
2887 4234 3081 4289 merito
3115 4238 3310 4300 [cccaii
3337 4253 3471 4294 con-

1891 4308 2005 4378 tigit
2034 4325 2048 4363 :
2082 4309 2224 4365 sicut
2249 4313 2516 4384 scriptura
2559 4332 2747 4373 manus
2778 4320 3035 4392 cujusque
3061 4324 3276 4394 dicitur,
3325 4332 3467 4398 quod

1890 4414 2075 4455 manus
2104 4416 2220 4457 eam
2254 4402 2457 4461 fecerit.
2483 4406 2709 4472 Spiritus
2748 4427 2864 4466 vero
2887 4415 3004 4468 vivit
3030 4428 3236 4487 propter
3256 4421 3460 4490 justiﬁ-

1889 4492 2156 4545 catiouem.
2192 4492 2282 4549 Ille
2313 4496 2473 4551 homo
2524 4498 2612 4554 hic
2641 4500 2982 4572 desrribitur,
3034 4510 3123 4577 qui
3172 4513 3269 4566 sub
3298 4518 3469 4581 gratia

1894 4579 2041 4647 vivit,
2073 4591 2128 4636 et
2182 4584 2416 4639 nondum
2452 4586 2611 4643 habet
2647 4590 2935 4658 perlectam
2969 4610 3172 4665 pacem,
3206 4579 3322 4670 qua;
3349 4619 3471 4660 cor-

1895 4671 2037 4735 poris
2067 4676 2462 4733 resurrectione
2490 4690 2543 4734 et
2586 4679 2957 4742 immutatione
3000 4688 3175 4743 futura
3206 4705 3308 4748 est.
3338 4695 3468 4749 Nam

1892 4761 2124 4828 quandiu
2151 4764 2202 4817 in
2222 4764 2320 4819 hac
2342 4768 2446 4822 vita
2470 4784 2675 4841 sumus,
2693 4790 2798 4829 non
2827 4777 3082 4834 deestaut
3106 4783 3358 4850 titillatio,
3382 4800 3473 4842 aut

1892 4850 2212 4908 delectatio:
2259 4860 2501 4925 quamvis
2529 4862 2670 4917 enim
2717 4880 2821 4919 non
2855 4870 3011 4923 cedat
3040 4872 3130 4938 qui
3160 4875 3261 4928 sub
3298 4880 3468 4945 gratia

1893 4942 2038 5006 vivit,
2064 4954 2116 4998 et
2147 4957 2325 5001 mente
2352 4951 2513 5003 servit
2545 4952 2643 5021 legi
2673 4955 2784 5019 Dei,
2814 4972 2974 5013 carne
3004 4971 3180 5015 autem
3214 4942 3319 5033 legi
3347 4982 3468 5034 pec-

1890 5034 2012 5087 cati.
2050 5035 2201 5102 Quod
2236 5039 2279 5091 si
2329 5039 2555 5108 Spiritus
2601 5048 2731 5115 ejus,
2776 5049 2864 5114 qui
2911 5052 3167 5106 suscitavit
3208 5053 3384 5110 Iesum
3435 5078 3469 5112 ιι

1891 5127 2120 5192 mortuis,
2152 5127 2346 5182 habitat
2384 5131 2436 5183 in
2476 5133 2611 5186 vobis
2637 5176 2652 5200 ,
2699 5137 2784 5203 qui
2823 5140 3079 5194 ειιλτίιαινίι
3104 5142 3283 5198 Jesum
3315 5146 3467 5202 Chri-

1889 5225 2021 5267 stum
2048 5233 2079 5269 a
2101 5220 2336 5274 mortuis.
2369 5220 2423 5275 Si
2457 5237 2551 5276 vos
2589 5225 2660 5277 ita
2692 5226 2993 5285 exhibeatis
3021 5242 3077 5286 ιιι
3108 5234 3251 5306 digni
3277 5241 3390 5293 sitis
3416 5243 3466 5296 in

1884 5306 2077 5372 quibus
2106 5308 2335 5375 Spiritus
2373 5323 2589 5367 sanctus
2623 5316 2846 5385 habitet,
2895 5338 3001 5380 non
3054 5330 3288 5396 patietur
3328 5342 3467 5387 teni-

1891 5396 2031 5463 plum
2064 5398 2143 5451 sui
2170 5398 2398 5467 Spiritus
2427 5404 2644 5461 interire
2676 5408 2815 5465 Deus
2840 5430 2852 5464 :
2878 5415 2971 5469 sed
2998 5421 3266 5485 quomodo
3293 5424 3469 5474 susci-

1893 5489 2020 5539 tavit
2048 5489 2226 5543 J-sum
2255 5506 2283 5543 a
2314 5496 2559 5563 mortuis,
2607 5500 2675 5552 ita
2718 5510 2772 5555 et
2812 5519 2908 5558 nos
2940 5506 3246 5560 vivilicabit.
3287 5509 3467 5579 Viri/i-

1890 5575 2019 5627 cabit
2075 5579 2312 5633 mortalia
2367 5599 2580 5653 corpora
2634 5601 2819 5657 vestra,
2872 5605 3076 5661 propter
3104 5575 3468 5655 inhabitantem

1893 5664 2143 5735 Spiritum
2160 5668 2336 5741 ejusin
2353 5676 2508 5730 vobis.
2533 5675 2819 5734 Vivilicatis
2850 5683 2913 5750 igi
2945 5699 3004 5735 ur
3020 5688 3467 5753 ntorlalilttlsctlb

1836 5773 1851 5783 κ
1893 5757 2108 5822 poribus
2141 5761 2355 5830 veStris,
2390 5780 2493 5820 non
2532 5769 2702 5821 solum
2731 5770 2793 5824 ad
2826 5776 3154 5841 peccandum
3183 5792 3467 5849 consensio

2888 5904 2960 5970 15
