3968 6166
391 316 491 372 659

1488 312 1787 367 PRIMASII
1828 310 2273 367 ADRUMETANI
2320 309 2527 365 EPISC.

3548 314 3648 367 £60

390 431 529 487 nulla
556 428 675 489 erit,
715 426 808 481 sed
844 440 940 480 nec
965 425 1076 495 ipsa
1104 426 1187 481 eni
1212 425 1601 489 consentiatur,
1632 424 1806 478 carnis
1833 438 1960 477 con-
1994 428 2035 483 Α
2069 421 2325 476 tribuunt.
2359 421 2416 475 Si
2449 422 2548 474 hoc
2580 419 2672 475 ille
2711 418 2866 485 dicit,
2896 421 3022 490 quid
3053 422 3192 475 nos?
3229 422 3364 477 Nam
3399 437 3653 489 exspecta-

390 519 739 590 cupiscentia.
793 517 948 587 Ergo,
1012 521 1195 586 fratres
1226 558 1242 584 ,
1294 518 1542 571 debitores
1592 532 1785 570 sumus.
1856 515 1969 568 Hoc

392 623 559 667 totum
592 612 736 677 facit,
769 619 827 666 ut
854 609 1099 664 ostendat
1128 610 1297 678 legem
1322 618 1556 663 veterem
1594 607 1834 662 fidelibus
1860 622 1968 660 non

390 704 783 767 necessariam,
815 716 936 770 qua:
986 701 1291 755 carnalibus
1330 708 1386 755 et
1435 698 1807 767 peccatoribus
1848 698 1969 750 data

392 804 498 851 est.
544 793 666 848 Non
697 794 860 857 carni,
887 802 941 845 ut
971 792 1248 846 secundum
1273 805 1479 844 carnem
1509 790 1757 843 vivamus.
1786 788 1840 842 Id
1869 797 1969 852 est,

391 884 501 955 jam
524 899 628 937 non
651 898 835 937 sumus
861 882 1081 950 subjecti
1113 881 1313 935 carnali
1339 879 1733 934 consuetudini.
1759 877 1820 933 Si
1841 879 1975 930 enim

394 976 671 1027 secundum
719 989 919 1027 carnem
962 973 1220 1036 vixeritis,
1252 972 1554 1025 moriemini.
1597 971 1650 1024 Si
1683 969 1973 1024 secundum

396 1068 654 1120 rationem
696 1081 855 1134 supra
905 1065 1237 1132 espositam,
1271 1064 1411 1133 quod
1442 1063 1685 1119 carnales
1733 1063 1976 1117 homines

394 1156 651 1225 justitiam
700 1156 971 1210 custodire
1015 1171 1121 1209 non
1169 1163 1408 1222 possunt.
1461 1154 1519 1210 Si
1564 1164 1738 1207 autem
1775 1154 1976 1222 Spiritu

395 1246 537 1311 facta
576 1244 744 1296 carnis
784 1244 1243 1310 ittortificareritis,
1290 1242 1482 1296 vivetis.
1553 1243 1809 1309 Exposuit
1853 1241 1978 1311 quid

395 1352 554 1406 supra
585 1336 780 1389 dixerit
820 1348 1055 1397 carnem,
1106 1335 1206 1388 hoc
1235 1343 1338 1399 est,
1366 1332 1733 1399 Spiritualibus
1773 1332 1979 1388 actibus

398 1428 629 1482 carnalia
668 1442 828 1496 opera
877 1426 1233 1493 subjcccritis.
1290 1427 1589 1494 Quicunque
1618 1425 1752 1478 enim
1782 1425 1982 1493 Spiritu

401 1516 497 1571 Dei
533 1523 777 1584 aguntur,
812 1515 849 1566 ii
888 1523 1005 1566 sunt
1036 1514 1132 1580 ﬁlii
1185 1513 1297 1567 Dei.
1346 1513 1659 1582 Quicunque
1686 1512 1858 1583 gratia
1888 1512 1981 1565 Dei

401 1617 455 1661 et
484 1606 683 1675 Spiritu
713 1614 897 1659 sancto
924 1605 1315 1673 gubernantur.
1339 1604 1490 1658 Tunc
1516 1604 1654 1658 bene
1680 1603 1813 1671 agis,
1843 1602 1889 1657 si
1917 1602 1983 1657 ab

400 1712 466 1752 eo
507 1697 682 1765 agaris
708 1713 722 1751 :
745 1704 959 1749 econtra
990 1695 1083 1748 ﬁlii
1125 1695 1323 1750 diaboli
1370 1697 1559 1764 spiritu
1588 1695 1705 1764 ejus
1728 1702 1978 1763 aguntur,

2073 512 2143 566 tio
2170 521 2421 565 creatura:
2459 510 2809 565 reuelationem
2852 512 3081 579 ﬁliorum
3111 512 3204 566 Dei
3233 524 3505 601 cxspc't'tcl.
3542 516 3659 569 γα-

2072 604 2217 656 nitati
2244 604 2375 657 enim
2406 601 2631 673 subjecta
2659 609 2733 654 est
2763 612 3021 654 creatura.
3050 603 3273 670 Quidam
3308 606 3373 657 de
3398 606 3565 658 Adam
3599 618 3659 663 et

2074 693 2179 747 Eva
2214 695 2398 747 volunt
2428 693 2631 747 sentire
2675 702 2939 759 creatura,
2971 709 3105 762 quos
3134 710 3356 763 seipens
3396 708 3490 765 spe
3522 697 3666 749 divi-

2074 785 2258 838 nitatis
2289 783 2578 853 subjecerit
2621 783 2872 851 vanitati,
2904 796 2958 838 et
2985 785 3314 853 corruptioni
3347 786 3533 839 fecerit
3564 787 3663 841 de-

2074 878 2279 931 servire
2327 892 2430 929 non
2473 875 2880 930 volentcszhoc
2912 886 3014 941 est,
3070 893 3175 930 non
3226 894 3291 931 ex
3335 882 3669 949 si-metipsis,

2076 969 2197 1038 quia
2246 976 2527 1037 peccantes
2565 967 2711 1036 justo
2753 967 2953 1035 judicio
3004 979 3129 1023 sunt
3172 969 3560 1040 addicti;quia
3613 986 3675 1026 ct

2077 1060 2175 1128 ipsi
2205 1060 2495 1130 (inquiunt)
2526 1059 2895 1113 liberabuntur
2923 1074 2953 1112 a
2979 1060 3237 1115 servitute
3277 1063 3665 1131 corruptionis.

2077 1150 2297 1206 Omnem
2339 1159 2516 1203 autem
2556 1158 2879 1217 creaturam,
2915 1150 3124 1216 dicunt,
3155 1166 3342 1206 omnes
3390 1153 3666 1221 homines,

2078 1241 2202 1309 quia
2233 1254 2400 1309 usque
2425 1240 2491 1294 ad
2520 1240 2805 1294 adventum
2828 1241 3027 1297 Christi
3052 1242 3262 1297 fuerunt
3284 1242 3427 1312 justi,
3451 1245 3588 1313 quia
3617 1254 3674 1298 et

2084 1332 2183 1400 ipsi
2215 1334 2452 1387 nondum
2476 1341 2819 1401 acceperunt,
2848 1334 2940 1388 sed
2970 1344 3288 1405 exspectant
3318 1336 3366 1389 ἱ.ι
3396 1350 3513 1404 spe.
3549 1336 3667 1390 Non

2085 1424 2257 1477 Solum
2290 1434 2468 1479 autem
2500 1424 2601 1492 illi,
2626 1424 2718 1479 sed
2741 1435 2792 1479 ct
2818 1439 2912 1478 nos
2945 1424 3067 1493 ipsi,
3099 1425 3149 1480 in
3179 1427 3369 1495 quibus
3394 1426 3672 1494 completa

2090 1524 2235 1583 sunt,
2263 1516 2436 1571 adhuc
2467 1531 2762 1585 speramus,
2785 1517 2977 1585 quibus
3007 1517 3206 1571 dictum
3234 1518 3506 1572 estzliulti
3546 1535 3674 1585 pro-

2084 1608 2262 1677 pheta:
2292 1617 2346 1663 et
2367 1607 2500 1677 justi
2530 1609 2811 1677 cupierunt
2851 1608 3035 1664 videre
3080 1624 3198 1679 qua:
3230 1610 3434 1676 videtis,
3464 1621 3527 1665 et
3561 1628 3673 1666 non

2084 1701 2353 1756 viderunt.
2428 1701 2551 1756 ldeo
2597 1700 2727 1755 dicit
2770 1718 2783 1754 :
2827 1702 3225 1757 Revelationem
3293 1703 3518 1757 ﬁliorum
3580 1705 3673 1759 Dei

403 1789 490 1858 qui
529 1791 595 1842 ab
641 1789 792 1842 initio
836 1796 1040 1856 peccat.
1089 1787 1209 1842 Non
1261 1788 1392 1841 enini
1435 1788 1703 1856 accepistis
1747 1787 1980 1855 spiritum
2013 1789 2059 1848 Β
2087 1798 2428 1857 exspectant;
2459 1790 2642 1844 tandiu
2673 1793 2850 1844 omnia
2881 1790 2959 1844 sic
2988 1801 3145 1845 erunt
3174 1791 3402 1860 quandiu
3429 1796 3542 1848 erit
3587 1811 3675 1851 re-

404 1882 653 1935 servitutis
678 1882 859 1934 iterum
882 1883 931 1934 in
963 1882 1163 1935 timore.
1190 1880 1357 1934 Judaei
1384 1886 1709 1948 acceperunt
1734 1880 1979 1949 spiritum

406 1975 458 2027 in
489 1974 702 2039 timore,
746 1975 835 2043 qui
867 1975 985 2028 illos
1013 1974 1078 2027 ad
1110 1976 1420 2029 servitutem
1465 1982 1684 2044 cogeret
1707 1992 1720 2027 :
1742 1974 1867 2043 quia
1897 1974 1985 2043 qui

410 2067 580 2129 timet,
631 2080 817 2120 servus
857 2075 971 2129 est;
1016 2067 1107 2135 qui
1156 2076 1333 2121 autem
1380 2066 1589 2137 diligit,
1644 2066 1987 2121 ﬁlius:sicut

407 2158 661 2225 scriptum
729 2168 812 2213 est
860 2175 874 2212 :
916 2159 1115 2213 Servus
1179 2159 1329 2214 timet
1381 2158 1689 2221 dominum,
1743 2168 1797 2212 et
1849 2158 1987 2213 ﬁlius

407 2251 576 2319 diligit
622 2260 822 2320 patrem
868 2266 1045 2305 suum.
1087 2250 1146 2306 Si
1183 2261 1332 2320 pater
1382 2264 1523 2313 sum,
1557 2250 1642 2304 ubi
1690 2260 1774 2303 est
1816 2250 1989 2303 honor

409 2344 593 2398 meus?
635 2344 690 2399 Si
737 2343 1007 2408 dominus,
1050 2344 1136 2398 ubi
1177 2353 1259 2398 est
1307 2344 1466 2397 timor
1494 2342 1678 2397 meus?
1720 2341 1799 2394 llli
1837 2354 1984 2409 ergo,

408 2434 531 2501 quia
575 2436 783 2503 operari
832 2443 1053 2502 pr0pter
1101 2446 1336 2487 amorem
1399 2431 1671 2493 nolebant,
1705 2431 1893 2484 timore
1936 2437 1990 2483 et

411 2527 727 2581 necessitate
775 2534 1069 2595 coguntur;
1127 2539 1224 2578 nos
1273 2539 1402 2578 vero
1456 2524 1632 2577 omnia
1690 2520 1991 2575 voluntarie

412 2626 630 2686 propter
673 2615 1011 2669 dilectionem
1046 2613 1221 2667 facere
1251 2613 1530 2675 debemus,
1560 2610 1709 2679 quasi
1742 2609 1854 2662 ﬁlii.
1887 2607 1991 2662 Sed

411 2708 675 2775 accepistis
707 2707 941 2777 spiritum
970 2704 1261 2775 adap'ionis
1304 2704 1526 2772 ﬁliorum
1570 2702 1681 2754 Dei.
1717 2702 1863 2755 Tunc
1894 2700 1989 2754 ad-

414 2811 697 2868 optamur,
730 2799 940 2867 quando
982 2813 1075 2866 per
1114 2797 1432 2864 baptismum
1485 2795 1991 2848 rt-nasciinurznam

411 2902 534 2946 ante
561 2892 649 2945 lilii
678 2891 801 2956 ira};
843 2899 893 2944 ct
920 2890 963 2943 si
997 2889 1089 2941 ﬁiii
1119 2889 1228 2950 iraa,
1262 2887 1348 2941 ubi
1378 2901 1409 2940 e
1443 2896 1461 2939 t
1502 2886 1632 2939 ﬁdes
1660 2884 1897 2936 naturae?
1930 2882 1993 2936 In

411 3001 510 3052 quo
538 2985 841 3046 clamamus,
866 2982 1005 3035 Abba
1043 2980 1217 3034 Pater.
1248 2980 1346 3045 Qui
1376 2987 1530 3032 vocat
1557 2985 1783 3045 patrem,
1814 2986 1994 3028 osten-

414 3079 491 3131 dit
528 3092 587 3131 se
629 3090 748 3130 esse
798 3074 986 3127 ﬁlium.
1035 3072 1093 3125 In
1138 3069 1386 3123 omnibus
1428 3082 1556 3136 ergo
1595 3068 1753 3121 debet
1800 3065 1989 3119 imitiri

2088 1880 2368 1948 surreetio,
2397 1890 2578 1949 postea
2608 1880 2675 1936 ab
2701 1891 2819 1936 actu
2855 1882 3161 1947 cessabunt,
3196 1893 3251 1936 et
3297 1888 3674 1948 mutabuntur,

2089 1974 2377 2029 secundum
2407 1974 2728 2044 Scripturas.
2765 1974 2995 2029 Vanitati
3023 1976 3163 2030 enim
3194 1975 3459 2046 subjecta:
3493 1979 3554 2032 id
3588 1990 3676 2034 est

2089 2064 2413 2131 hominibus;
2438 2066 2529 2136 qui
2559 2076 2909 2133 evanuerunt,
2940 2068 3127 2136 quibus
3157 2068 3248 2122 alii
3293 2070 3539 2124 homines
3560 2073 3677 2126 mi-

2090 2156 2336 2211 nistrant.
2370 2157 2633 2227 Quidquid
2678 2158 2837 2212 ﬁnem
2884 2159 3062 2222 habet,
3101 2174 3293 2213 vanum
3318 2168 3397 2215 est
3420 2161 3488 2215 ad
3520 2178 3680 2215 com-

2091 2250 2421 2317 parationem
2451 2258 2666 2302 auertite
2692 2250 2831 2303 vitm.
2871 2248 3086 2304 Vauitas
3113 2250 3327 2320 (inquit)
3349 2253 3677 2317 vanitatem.

2090 2338 2268 2393 omnia
2301 2342 2524 2393 van;tas.
2567 2339 2674 2394 Nec
2719 2350 2871 2408 putes
2906 2341 3073 2409 ipsum
3119 2341 3213 2395 tibi
3238 2342 3430 2411 aliquid
3461 2343 3682 2411 prteSti~

2091 2431 2241 2498 tisse,
2262 2448 2381 2487 cum
2412 2432 2569 2487 etiam
2598 2434 2833 2502 peritura
2858 2444 2912 2487 et
2933 2433 3198 2488 mundana
3222 2435 3520 2490 donaverit.
3556 2436 3681 2489 Non

2091 2526 2293 2590 valens,
2328 2527 2417 2580 sed
2467 2536 2677 2596 prapter
2718 2544 2833 2581 eum
2896 2529 2983 2597 qui
3028 2530 3239 2598 subjecit
3295 2540 3400 2584 eam
3448 2530 3512 2583 in
3562 2548 3676 2600 spe.

2092 2616 2206 2672 Non
2253 2633 2349 2672 sna
2388 2631 2596 2687 sponte.
2643 2620 2746 2674 Alii
2794 2622 2977 2675 dicunt
3020 2623 3258 2692 angelos,
3304 2624 3422 2691 quia
3457 2633 3522 2678 et
3572 2625 3680 2693 ipsi

2092 2722 2333 2766 creatura
2362 2720 2507 2778 sunt,
2540 2723 2858 2782 exspectare
2888 2723 2943 2769 ut
2970 2714 3215 2769 homines
3259 2716 3310 2769 in
3356 2717 3687 2784 angelorum

2093 2804 2401 2873 dignitatem
2435 2814 2727 2860 mutentur.
2758 2806 2891 2872 Quia
2912 2815 2957 2858 et
2986 2807 3097 2876 ipsa
3119 2816 3350 2859 creatura
3375 2808 3682 2862 liberabitur

2094 2913 2124 2948 a
2152 2898 2387 2950 servitute
2429 2898 2796 2967 corruptionis,
2821 2899 2873 2951 in
2916 2898 3197 2952 libertatem
3236 2898 3410 2968 gloria:
3438 2899 3684 2966 ﬁliorum

2094 2987 2209 3041 Dei.
2241 2987 2338 3053 Qui
2364 2990 2428 3043 de
2460 2988 2645 3042 mundi
2671 2998 2912 3043 creatura
2946 2990 3046 3042 hoc
3068 2989 3253 3043 volunt
3279 2989 3542 3056 accipere,
3572 2990 3687 3043 hoc
3762 3016 3767 3021 ε

2095 3076 2275 3130 dicunt
2306 3094 2318 3129 :
2347 3077 2567 3142 Quando
2607 3076 2939 3147 gloriﬁcandi
2980 3087 3104 3133 sunt
3145 3078 3177 3131 ﬁ
3204 3080 3236 3131 ii
3284 3078 3399 3142 Dei,
3447 3088 3577 3132 tunc
3628 3092 3689 3135 et

417 3175 646 3234 patrem,
671 3180 738 3219 ne
761 3163 1087 3233 pronomine
1116 3160 1330 3227 indigne
1354 3166 1628 3225 usurpato,
1657 3154 1841 3223 majori
1868 3153 1981 3207 sub-

2098 3168 2209 3238 ipsa
2241 3179 2483 3224 creatura
2530 3169 2695 3223 libera
2723 3168 2813 3223 fiet
2839 3184 2866 3221 a
2894 3170 3152 3223 servitute
3175 3187 3189 3223 :
3212 3171 3332 3238 quia
3362 3179 3413 3223 et
3450 3169 3570 3237 ipsa
3607 3172 3687 3222 ta-

411 3259 585 3325 jaceat
614 3270 803 3322 poenae.
832 3252 1185 3314 Clamantem,
1213 3248 1261 3302 id
1294 3260 1375 3303 est
1405 3246 1638 3301 clamare
1670 3258 1766 3298 nos
1797 3243 1993 3298 facien-

423 3360 549 3402 tem.
585 3346 704 3413 Ipse
732 3344 958 3415 Spirltus
999 3340 1334 3395 testimonium
1363 3338 1528 3391 reddit
1557 3335 1760 3404 spiritui
1797 3342 2000 3399 uestro,

414 3437 551 3506 quod
590 3450 763 3490 sumus
795 3435 913 3503 ﬁlii.
962 3431 1345 3487 Testimonium
1375 3439 1456 3483 est
1497 3426 1820 3496 adOptionis,
1852 3423 1989 3493 quod

417 3532 674 3584 habemus
720 3528 986 3597 spiritum,
1015 3539 1109 3593 per
1154 3537 1311 3593 quem
1353 3522 1430 3575 sic
1476 3532 1711 3573 oramus.
1762 3514 1989 3569 Tantum

414 3622 610 3675 donum
656 3618 897 3686 accipere
928 3628 1085 3670 nemo
1113 3620 1341 3679 peierat,
1371 3612 1470 3663 nisi
1498 3609 1614 3661 Filii
1645 3606 1835 3677 gratia,
1871 3620 1990 3674 quas

412 3720 490 3765 est
516 3711 696 3776 arrha,
727 3710 829 3764 hoc
870 3716 954 3762 est
990 3706 1184 3759 doaum
1231 3704 1459 3773 Spiritus
1494 3700 1687 3753 sancti.
1722 3698 1781 3754 Si
1821 3709 1988 3753 autem

412 3803 593 3869 ﬁliiwt
630 3800 853 3855 Itwretles
881 3798 1083 3868 quidem
1112 3795 1229 3861 Dei,
1269 3792 1555 3846 colutredes
1585 3799 1753 3843 autem
1776 3787 1984 3842 Christi.

410 3893 508 3959 Qui
533 3907 626 3962 per
649 3891 870 3962 gratiam
893 3889 1123 3943 efﬁcitur
1146 3887 1305 3950 ﬁlius,
1333 3884 1624 3937 nterehitur
1645 3895 1763 3936 esse
1791 3881 1980 3947 Incres,

412 3992 463 4037 ct
492 3984 727 4036 cohzeres
762 3996 890 4034 vero
921 3979 1054 4033 Filio
1085 3978 1219 4031 ﬁeri.
1249 3976 1307 4030 Si
1339 3984 1507 4028 tamen
1547 3973 1907 4041 rompatimur,
1929 3979 1985 4023 ut

408 4083 456 4126 et
481 4072 845 4143 gloriﬁcemur.
868 4068 925 4125 Si
948 4068 1321 4138 compatimur,
1340 4064 1592 4134 patientia
1619 4069 1721 4127 est,
1743 4072 1794 4115 et
1824 4064 1982 4115 etiam

412 4168 838 4237 perseverantia:
865 4165 985 4233 quia
1016 4165 1061 4219 si
1091 4164 1228 4218 dona
1265 4163 1353 4216 Dei
1401 4171 1524 4215 ante
1554 4160 1735 4214 oculos
1768 4166 1983 4213 nostros

411 4260 675 4328 ponimus,
704 4274 822 4329 qua:
854 4258 940 4311 ille
965 4272 1058 4324 pro
1085 4255 1241 4308 nobis
1271 4254 1445 4321 impiis
1500 4253 1737 4320 pertulit,
1772 4250 1862 4303 ta'i
1889 4251 1980 4305 ad-

405 4351 604 4417 jntore,
637 4363 741 4402 non
770 4348 1027 4401 debemus
1060 4347 1247 4398 timere
1277 4344 1384 4412 pati
1417 4356 1510 4409 pro
1542 4342 1651 4406 illo,
1683 4351 1741 4395 ut
1764 4343 1983 4411 conglo-

408 4437 697 4503 riﬁcemur,
728 4440 866 4490 sicut
892 4434 1019 4488 dicit
1060 4444 1276 4487 sanctus
1305 4433 1536 4487 Joannes
1562 4450 1574 4484 :
1600 4432 1748 4486 Nunc
1777 4433 1864 4486 lilii
1893 4432 1983 4486 Dei

2096 3260 2279 3314 borem
2311 3260 2494 3323 sentit,
2524 3260 2659 3313 sicut
2686 3268 2739 3315 et
2766 3269 2904 3314 terra
2943 3259 3140 3328 jugiter
3184 3260 3435 3313 seminata
3465 3260 3689 3311 sterilis

2094 3351 2342 3407 efficitur.
2379 3352 2579 3406 Scimus
2608 3352 2738 3404 enim
2762 3352 2896 3419 quod
2919 3351 3080 3405 omnis
3107 3359 3338 3403 creatura
3365 3350 3689 3417 ingrmiscit,

2093 3454 2137 3499 et
2161 3446 2380 3513 parturit
2404 3460 2559 3510 usque
2582 3442 2772 3497 adhuc.
2796 3443 2886 3497 llla
2912 3458 3031 3512 qua:
3061 3451 3275 3511 possunt
3302 3441 3687 3511 ingemiscere,

2094 3545 2310 3605 propter
2340 3536 2559 3589 nimium
2595 3536 2832 3588 laborem
2883 3534 3240 3603 iugemiscunt
3264 3548 3277 3582 :
3303 3532 3419 3600 quia
3450 3530 3582 3599 plus
3616 3532 3688 3584 ab

2092 3628 2197 3682 illis
2225 3627 2453 3698 exigitur
2479 3643 2636 3697 quam
2671 3635 2911 3696 possunt.
2943 3626 3073 3691 Qua:
3109 3634 3284 3678 autem
3312 3638 3535 3677 sensum
3570 3638 3686 3677 non

2092 3721 2310 3784 habent,
2340 3720 2608 3789 quomodo
2638 3720 2892 3790 gemunt?
2915 3718 3014 3773 nisi
3050 3718 3184 3772 forte
3213 3724 3425 3785 propter
3453 3725 3687 3769 nostras

2092 3812 2399 3881 ittiquitates
2446 3811 2827 3878 ingemiscant,
2877 3809 3016 3863 sicut
3066 3807 3118 3861 in
3166 3807 3407 3875 passione
3453 3802 3685 3857 Domini

2088 3905 2166 3958 sol
2213 3905 2383 3974 fugit,
2420 3905 2542 3974 quis
2598 3905 2925 3973 impietatem
2983 3900 3288 3955 Judteorum
3334 3898 3517 3951 videre
3571 3913 3685 3951 non

2090 4005 2317 4065 poterat.
2348 3996 2466 4049 Non
2494 3998 2658 4049 solum
2689 4005 2856 4049 autem
2893 3994 3006 4057 illa,
3039 3994 3127 4047 sed
3155 4002 3202 4045 et
3228 4007 3317 4045 nos
3352 3991 3461 4060 ipsi,
3491 3991 3687 4056 ρήιηίσν

2088 4088 2186 4141 tias
2218 4088 2424 4156 spiritus
2465 4088 2727 4153 habentes,
2756 4096 2802 4139 et
2832 4085 2929 4155 ipsi
2975 4086 3108 4136 intra
3152 4099 3241 4135 nos
3281 4081 3550 4150 gemimus,
3584 4082 3685 4133 ad-

2088 4180 2340 4250 optionem
2384 4187 2748 4248 exspectantes.
2784 4176 2899 4229 Non
2930 4174 3100 4228 Solum
3146 4181 3410 4235 creatura,
3432 4186 3560 4238 quae
3596 4187 3682 4225 rc-

2087 4275 2416 4341 ceptaculum
2442 4274 2662 4343 Spiritus
2690 4287 2796 4325 non
2827 4270 3004 4333 habet,
3024 4268 3106 4323 vel
3126 4266 3366 4321 carnales
3391 4265 3679 4329 homines;

2087 4365 2180 4419 sed
2225 4372 2279 4418 et
2308 4378 2403 4419 nos
2455 4363 2545 4431 qui
2594 4363 2841 4416 novimus
2890 4358 3126 4433 laetitiam
3177 4356 3432 4423 temporis
3482 4353 3680 4419 futuri,

2086 4456 2331 4510 dolemus
2362 4470 2459 4508 nos
2491 4453 2575 4506 hic
2618 4452 2817 4507 diutius
2861 4434 3125 4503 laborare.
3171 4445 3299 4500 Item
3336 4443 3490 4497 aliter
3517 4460 3531 4494 :
3558 4442 3680 4497 Non

402 4550 619 4598 sumus;
653 4549 771 4588 cum
801 4532 1129 4602 apparuerit,
1162 4532 1362 4585 similes
1394 4532 1439 4584 ei
1471 4532 1695 4584 erimus.
1732 4531 1981 4584 Existimo

2089 4550 2260 4603 solum
2307 4548 2505 4616 angeli,
2539 4546 2627 4616 qui
2658 4545 2811 4600 nobis
2840 4541 3180 4609 benigniores
3209 4546 3357 4602 sunt,
3389 4535 3580 4590 dolent
3608 4536 3683 4589 de

406 4629 539 4683 enim
561 4627 694 4697 quod
717 4642 816 4679 non
833 4635 948 4677 sunt
972 4624 1234 4693 condigna:
1261 4623 1515 4692 passiones
1540 4623 1697 4691 hujus
1721 4623 1956 4691 temporis

405 4720 471 4774 ad
498 4719 726 4789 futuram
765 4717 978 4788 gloriam
1044 4731 1155 4785 qua:
1201 4714 1502 4769 revelabitur
1546 4714 1596 4765 in
1636 4714 1797 4765 nobis.
1845 4713 1979 4780 Quid

407 4832 580 4894 potest
625 4823 784 4876 lnnno
830 4820 1047 4889 dignum
1097 4816 1202 4886 pali
1243 4815 1413 4888 gloria
1465 4814 1711 4879 caelesti,
1771 4813 1977 4866 etiamsi

404 4941 547 4984 esset
577 4929 663 4983 illa
706 4929 833 4991 vita,
863 4925 1035 4997 quals
1074 4937 1214 4977 nunc
1235 4932 1319 4977 est
1347 4920 1484 4975 ista?
1509 4919 1762 4990 quidquid
1797 4934 1981 4987 passus

405 5024 560 5077 fuerit
593 5038 620 5075 a
649 5037 840 5085 inerte,
866 5021 981 5090 plus
1007 5036 1109 5073 non
1140 5028 1216 5073 est
1243 5032 1400 5086 quam
1428 5017 1585 5069 etiam
1622 5030 1717 5083 pro
1750 5015 1980 5083 peccatis

404 5114 517 5165 suis
545 5120 697 5165 antea
728 5115 1049 5165 merebatur.
1073 5110 1218 5163 Nunc
1244 5119 1421 5163 autem
1452 5115 1506 5162 et
1534 5114 1745 5175 peccata
1780 5107 1981 5161 donan-

409 5213 513 5267 tur,
567 5211 619 5254 et
678 5208 800 5251 tunc
852 5199 952 5251 vita
1005 5208 1202 5253 aeterna
1250 5198 1485 5264 dabitur,
1521 5207 1572 5250 et
1603 5196 1786 5266 splend
1826 5212 1852 5251 r
1893 5212 1982 5251 so-

409 5295 493 5362 lis,
542 5302 644 5348 stc.
677 5290 918 5345 Os'endit
950 5290 1246 5358 praemium,
1280 5306 1383 5360 quo
1411 5290 1616 5346 facilius
1647 5290 1804 5343 etiam
1837 5303 1979 5343 mors

403 5393 797 5445 contemnatur,
826 5397 930 5451 quo
969 5380 1034 5434 ad
1077 5381 1227 5435 illum
1280 5383 1447 5450 possit
1492 5383 1660 5437 tutius
1691 5382 1974 5451 perveniri.

402 5478 531 5535 Nam
565 5476 763 5532 scimus
793 5472 1054 5537 homines,
1080 5471 1217 5540 quod
1243 5471 1392 5542 pejus
1416 5484 1518 5537 est,
1541 5484 1760 5542 propter
1784 5487 1972 5525 aurum

403 5581 465 5665 sp
502 5565 643 5621 ultro
672 5567 735 5618 ad
768 5564 963 5619 bestias
992 5561 1348 5630 subrepsisse.
1391 5562 1538 5629 Quod
1575 5578 1672 5617 nos
1696 5564 1803 5617 Deo
1831 5562 1980 5629 adju-

404 5652 522 5710 t5re
556 5656 729 5710 facere
757 5654 1011 5708 debemus
1054 5652 1109 5706 in
1158 5652 1588 5707 tribulationibus
1630 5660 1842 5721 propter
1873 5653 1977 5705 Do-

411 5744 610 5801 minum
636 5761 649 5797 :
674 5759 790 5815 qua:
813 5758 934 5798 cum
963 5744 1072 5798 sint
1097 5742 1434 5812 temporales,
1464 5750 1715 5798 tetetnam
1748 5743 1975 5799 salutem

2090 4640 2153 4693 iis
2199 4639 2287 4708 qui
2336 4645 2681 4705 perseverant
2713 4635 2762 4689 in
2794 4632 3034 4695 delictis;
3082 4629 3175 4683 sed
3229 4628 3386 4682 etiam
3433 4642 3535 4679 nos
3582 4625 3682 4695 qui

2089 4729 2344 4798 Spiritum
2367 4737 2607 4781 sanctum
2632 4725 2911 4789 habemus,
2937 4722 3004 4776 de
3028 4720 3218 4773 talibus
3241 4716 3677 4784 ingemiscimus.

2093 4822 2502 4892 Iiedemptionem
2550 4817 2779 4885 corporis
2827 4816 3004 4867 nos'ri.
3067 4809 3410 4867 Resurrcctio
3462 4806 3679 4862 Christi

2088 4924 2169 4967 est
2195 4911 2490 4979 redemptio
2519 4908 2763 4976 corporis
2805 4906 2994 4959 nostri.
3027 4903 3119 4958 Vel
3146 4912 3516 4971 exspectamus
3549 4900 3679 4970 glo-

2089 5004 2434 5058 t'iﬁeatirmem
2487 5003 2539 5055 in
2595 5000 3041 5055 resurrecﬁoncm
3115 4995 3344 5049 futuram
3421 4991 3678 5058 corporis

2091 5097 2257 5150 nostri
2301 5112 2314 5148 :
2356 5105 2410 5148 ut
2455 5102 2765 5161 corruptum
2811 5093 2910 5145 hoc
2948 5090 3197 5144 induatur
3242 5088 3676 5151 incorruptione.

2090 5188 2201 5242 lloc
2247 5187 2539 5255 capitulum
2585 5186 2871 5240 obscurum
2923 5191 3037 5245 est,
3088 5180 3258 5249 inquit
3299 5175 3674 5248 Augustinus,

2088 5280 2210 5351 quia
2237 5295 2345 5334 non
2376 5279 2506 5333 satis
2535 5286 2755 5347 apparet
2799 5289 2954 5344 quam
2988 5288 3127 5328 nunc
3159 5280 3313 5326 vocet
3343 5278 3676 5324 creaturam.

2091 5372 2295 5427 Dicitur
2314 5381 2491 5426 autem
2514 5370 2807 5427 secundum
2825 5366 3141 5421 catholicam
3167 5364 3495 5430 disciplinam
3523 5375 3678 5415 crea-

2086 5471 2225 5525 tura,
2257 5461 2508 5532 quidquid
2537 5461 2661 5515 fecit
2687 5466 2741 5513 et
2769 5456 3011 5515 condidit
3040 5456 3179 5512 Dens
3213 5455 3389 5519 Pater,
3423 5467 3515 5520 per
3544 5449 3675 5504 uni-

2085 5554 2319 5625 genitum
2366 5554 2550 5608 Filinm
2598 5567 2789 5616 suum,
2838 5552 2890 5606 in
2941 5550 3148 5604 unitate
3193 5548 3425 5617 Spiritus
3467 5544 3669 5598 sancti.

2086 5646 2226 5715 Ergo
2276 5658 2379 5699 non
2425 5644 2598 5699 solum
2629 5657 2876 5711 corpora,
2922 5642 3016 5695 sed
3049 5649 3103 5695 et
3142 5641 3333 5692 animm
3364 5627 3670 5698 nostraz,id

2085 5746 2163 5792 est
2194 5734 2409 5806 Spiritus
2440 5734 2655 5791 nomine
2688 5742 2945 5791 creatura:
2971 5731 3332 5788 continentur.
3356 5728 3441 5784 Sic
3478 5736 3667 5781 autem
