3968 6166
311 354 400 409 ιρι

1171 355 1232 408 IN
1274 354 1655 409 EPISTULA.“
1700 355 1789 409 AD
1831 352 2156 413 “()ki‘tNOS
2192 357 2704 412 COMMENTARM.

3454 360 3556 412 462

311 468 501 518 dictum
529 472 632 541 est,
666 463 777 530 ipsa
819 471 1059 516 creatura
1085 463 1391 517 liberabitur
1415 482 1444 517 a
1477 468 1731 520 servitute
1754 480 1873 517 cor-
1906 465 1954 520 Δ
1985 470 2187 531 peccati
2242 479 2417 523 autem
2472 484 2628 537 pinna
2656 509 2670 532 ,
2725 468 2912 533 subjici
2966 469 3201 523 fallaciae.
3258 469 3371 525 Non
3431 490 3560 541 ergo

313 539 569 624 rnptionis
610 555 659 606 in
704 554 998 642 libertatem
1057 556 1237 623 glorim
1292 556 1517 609 liliornm
1559 558 1650 610 Dei
1685 573 1698 608 :
1730 557 1878 623 quasi

315 664 404 701 nos
450 662 549 698 non
580 647 748 699 simus
782 656 1046 708 creatura,
1088 646 1180 698 sed
1241 646 1329 699 {iiii
1382 648 1495 713 Dei,
1549 649 1599 700 in
1657 661 1882 715 quorum

316 737 490 807 gloriw
552 736 846 788 libertatem
892 736 1208 790 liberabitur
1260 751 1287 789 a
1320 738 1575 794 servitute
1624 748 1882 791 creatum.

296 832 310 878 ι
339 839 437 884 tein
467 828 595 881 dicit
620 846 631 878 :
658 827 866 879 Scimus
892 828 1030 879 enim
1061 832 1197 889 quod
1239 829 1410 882 omnis
1455 838 1697 881 creatura
1730 829 1874 897 inge-

318 922 485 975 tniscit
514 930 567 974 et
595 920 740 974 dolet
771 934 938 987 usque
969 919 1161 972 adhuc.
1203 920 1315 973 Non
1344 921 1519 974 solum
1563 920 1673 985 illa,
1709 924 1801 974 sed
1834 930 1890 975 et

319 1027 408 1065 nos
429 1011 550 1078 ipsi,
582 1020 830 1076 tanquam
856 1024 952 1062 nos
983 1009 1120 1062 aliud
1144 1012 1331 1075 simus,
1362 1011 1499 1063 aliud
1535 1011 1712 1064 omnis
1741 1027 1889 1065 crea-

322 1114 453 1156 tura.
514 1102 705 1155 Totum
751 1115 876 1167 ergo
915 1102 1198 1169 capitulum
1249 1101 1600 1170 paiticulatim
1645 1102 1891 1157 conside-

317 1194 537 1248 randum
583 1200 684 1246 est.
731 1190 994 1243 Existimo
1037 1191 1176 1244 enim
1210 1190 1422 1261 (inquit)
1453 1191 1593 1260 quod
1636 1206 1739 1245 non
1782 1192 1893 1245 sint

317 1284 598 1353 condigna
626 1283 901 1351 passiones
946 1282 1105 1350 hujus
1137 1284 1391 1350 temporis
1415 1284 1479 1336 ad
1521 1283 1752 1337 futuram
1781 1284 1894 1350 εἰοι-

317 1378 603 1444 riam,qua2
629 1373 947 1428 reri-labitur
974 1373 1023 1425 in
1057 1374 1227 1428 nobis.
1268 1375 1378 1449 Hoc
1400 1374 1732 1429 manifestum
1762 1384 1845 1429 est
1876 1391 1888 1427 :

317 1467 528 1520 dixerat
556 1466 696 1520 enim
727 1467 971 1531 superius
997 1484 1008 1517 :
1036 1464 1093 1519 Si
1119 1475 1293 1518 autem
1334 1465 1521 1533 Spiritu
1550 1466 1684 1518 facta
1717 1466 1894 1520 carnis

318 1557 796 1619 mortilicaverit's,
824 1557 1031 1609 vivetis.
1077 1554 1227 1620 Quod
1270 1554 1383 1608 ﬁeri
1429 1570 1531 1607 non
1563 1563 1737 1622 potest
1778 1556 1894 1609 sine

320 1646 584 1708 molestia,
615 1646 698 1699 cui
738 1646 990 1714 patientia
1028 1643 1330 1699 necessaria
1368 1654 1467 1699 est.
1497 1645 1611 1711 Quo
1640 1645 1894 1712 pertinet,

322 1747 383 1791 et
422 1736 559 1806 quod
594 1736 745 1804 paulo
785 1745 909 1791 ante
949 1735 1059 1788 ait:
1094 1736 1147 1790 Si
1197 1744 1368 1789 tamen
1415 1736 1783 1803 compatimur,
1841 1742 1898 1788 ut

1984 566 2176 623 sponte
2219 560 2433 611 vanitati
2482 568 2721 611 creatura
2768 557 3002 624 subjecta
3052 568 3153 623 est,
3207 561 3297 613 sed
3345 574 3558 630 propter

1986 660 2108 700 eum
2136 648 2228 715 qui
2259 647 2484 715 subjecit
2512 662 2625 700 eam
2661 647 2709 699 in
2734 662 2846 714 Spe,
2878 646 2926 699 id
2954 657 3038 700 est
3066 660 3277 716 propter
3303 652 3559 719 justitiam

1987 748 2145 804 a'que
2184 736 2517 790 clementiam
2544 754 2555 788 :
2584 739 2670 804 qui
2718 754 2886 805 neque
2934 748 3204 803 peccatum
3247 741 3563 807 impunitum

1989 827 2237 894 refiquit,
2285 841 2382 881 nec
2436 827 2783 880 insanabilem
2838 828 3005 880 Voluit
3055 842 3175 883 esse
3233 845 3562 897 peccantem.

1989 915 2119 982 Quia
2165 926 2217 969 et
2265 916 2377 983 ipsa
2428 926 2691 985 creatura,
2738 917 2786 970 id
2817 927 2898 971 est
2942 920 3054 986 ipse
3096 919 3277 988 homo,
3310 938 3428 975 cum
3456 924 3564 990 jam

1989 1007 2263 1075 signaculo
2294 1006 2536 1075 imaginis
2568 1017 2783 1075 promer
2813 1018 3085 1076 peccatum
3132 1011 3327 1066 amisso
3358 1029 3570 1066 reman-

1992 1098 2060 1149 sit
2090 1104 2292 1149 tantum
2321 1106 2589 1164 creatura,
2618 1098 2731 1165 ipsa
2762 1098 2937 1168 itaque
2965 1110 3233 1169 creatura,
3267 1105 3314 1157 id
3342 1117 3423 1159 est
3454 1106 3567 1173 ipsa

1992 1203 2108 1257 qua:
2154 1189 2385 1241 nondum
2432 1199 2653 1243 vocatur
2696 1190 2923 1244 ﬁliorum
2972 1190 3139 1248 forma
3184 1194 3440 1262 perl‘ecni,
3473 1199 3569 1253 sed

1994 1287 2198 1332 tantum
2248 1288 2468 1333 vocatur
2497 1285 2771 1350 ‘creatura,
2804 1281 3113 1339 liberabitur
3138 1299 3166 1337 a
3196 1289 3449 1342 servitute
3490 1292 3569 1343 in-

1997 1368 2203 1422 teritus.
2250 1370 2402 1436 Quod
2451 1370 2626 1439 itaque
2670 1372 2761 1436 ait,
2802 1381 2855 1426 et
2900 1374 3011 1441 ipsa
3063 1376 3402 1443 liberabitur,
3446 1383 3570 1437 facit

1998 1458 2215 1528 intelligi
2266 1468 2319 1514 et
2367 1460 2478 1528 ipsa
2522 1462 2968 1529 quemadmodum
3016 1478 3111 1516 nos
3139 1482 3150 1516 :
3180 1466 3229 1518 id
3258 1478 3360 1533 est,
3404 1479 3458 1522 et
3502 1471 3570 1525 de

1998 1548 2127 1617 ipsis
2176 1563 2280 1602 non
2334 1556 2416 1604 est
2458 1548 2865 1617 desperandum,
2896 1553 2983 1619 qui
3038 1555 3268 1609 nondum
3315 1569 3567 1615 vocantur

2001 1640 2093 1693 ﬁlii
2138 1639 2250 1705 Dei,
2311 1639 2434 1707 quia
2490 1639 2721 1693 nondum
2787 1642 3156 1709 crediderunt,
3217 1648 3309 1700 sed
3366 1658 3567 1703 tantum

2000 1742 2278 1787 creatura:
2310 1731 2430 1801 quia
2470 1740 2524 1785 et
2551 1731 2649 1799 ipsi
2674 1741 2912 1786 creatura
2943 1745 3088 1799 sunt,
3117 1747 3169 1789 et
3200 1734 3569 1795 liberabuntur

317 1834 380 1879 et
408 1823 885 1893 congloriticemnr.
930 1824 1079 1889 Quod
1119 1824 1292 1888 itaque
1319 1823 1427 1876 ait:
1459 1822 1588 1876 Nam
1621 1824 1673 1876 et
1699 1836 1888 1890 exspc-
1924 1826 1971 1886 Β
1998 1838 2026 1873 a
2068 1821 2320 1875 servitute
2361 1823 2625 1885 interitus,
2657 1821 2792 1876 sicut
2818 1832 2872 1876 et
2919 1838 3036 1889 nos,
3074 1826 3161 1894 qui
3200 1826 3309 1895 jam
3358 1830 3449 1884 lilii
3479 1832 3569 1886 Dei

315 1918 481 1971 etatio
509 1927 766 1971 creaturae
794 1916 1168 1970 revelationem
1212 1916 1436 1968 liliorum
1476 1915 1567 1968 Dei
1596 1921 1892 1983 exSpectat,

319 2014 425 2064 hoc
449 2026 566 2064 eum
612 2018 739 2078 puto
788 2009 965 2063 dicere
998 2026 1010 2060 :
1045 2008 1174 2061 Nam
1209 2007 1391 2061 ethoc
1438 2007 1608 2075 ipsum
1657 2007 1795 2075 quod
1843 2007 1893 2061 in

317 2100 480 2154 nobis
524 2100 687 2162 dolet,
718 2113 838 2153 cum
871 2099 1001 2151 facta
1047 2097 1222 2152 carnis
1253 2088 1655 2163 mortiﬁcamus,
1700 2096 1749 2151 id
1790 2106 1893 2161 est,

318 2206 443 2247 cum
491 2191 786 2254 esurimus,
818 2189 901 2244 vel
945 2190 1153 2243 sitimus
1198 2202 1291 2256 per
1328 2187 1727 2251 abstinentiam,
1769 2188 1893 2242 dum

317 2281 593 2336 frenamus
641 2278 1038 2333 delectationem
1075 2275 1386 2333 Concubitus
1429 2291 1521 2345 per
1561 2277 1890 2340 castitatem;

314 2389 443 2427 cum
478 2372 786 2440 injuriarum
830 2368 1177 2425 lacerationes
1204 2378 1258 2424 et
1294 2368 1736 2425 contumeliarum
1766 2384 1893 2423 acu-

316 2464 434 2517 leos
462 2477 555 2531 per
584 2461 884 2529 patientiam
913 2458 1271 2523 sustinemus;
1303 2458 1426 2509 dum
1455 2458 1709 2526 neglectis
1739 2467 1896 2525 atque

315 2553 533 2619 reiectis
582 2551 936 2619 voluptatibus
965 2550 1191 2614 nostris,
1224 2565 1319 2617 pro
1350 2546 1518 2602 t‘ruetu
1581 2548 1761 2601 matris
1790 2542 1893 2603 Ec-
1932 2584 1939 2591 -

316 2646 505 2699 clesia:
546 2643 885 2697 laboramus:
937 2641 1185 2711 quidquid
1228 2642 1277 2694 in
1325 2641 1474 2694 nobis
1519 2641 1568 2693 in
1610 2642 1705 2693 hac
1740 2651 1896 2709 atque

320 2728 633 2805 hujusmodi
670 2733 937 2788 attritione
981 2733 1143 2796 dolet,
1171 2742 1411 2786 creatura
1452 2740 1554 2794 est,
1581 2731 1722 2785 dolet
1752 2731 1893 2784 enim

314 2842 518 2895 corpus
550 2832 603 2879 et
632 2824 826 2891 anima,
857 2838 972 2892 quae
1004 2824 1183 2891 utique
1212 2831 1453 2876 creatura
1480 2832 1582 2890 est,
1621 2832 1674 2876 et
1702 2837 1889 2891 exspe-

310 2929 427 2969 ctat
480 2916 855 2972 revelationein
904 2908 1131 2967 liliorum
1192 2914 1325 2981 Dei,
1374 2915 1422 2966 id
1478 2922 1557 2966 est
1612 2923 1894 2979 exspectat

311 3008 537 3074 quando
559 3015 811 3075 appareat
842 3005 981 3071 quod
1008 3015 1249 3059 vocatum
1272 3013 1371 3058 est.
1406 3003 1536 3070 Quia
1560 3006 1697 3056 enim
1732 3001 1895 3057 Filius

314 3097 416 3150 Dei
449 3097 743 3164 ttttigettitus
783 3112 883 3149 non
914 3102 1085 3162 potest
1119 3094 1221 3148 dici
1263 3102 1523 3156 creatura,
1557 3093 1893 3163 quandoqui-

2000 1929 2203 1977 sumus,
2249 1914 2492 1982 quamvis
2544 1915 2775 1968 nondum
2828 1917 3129 1984 apparuerit
3180 1918 3303 1985 quid
3347 1924 3568 1976 erimus.

2000 2005 2332 2060 Liberabitur
2359 2020 2486 2074 ergo
2516 2019 2545 2058 a
2575 2007 2833 2061 servitute
2877 2007 3121 2062 interitus
3173 2010 3223 2063 in
3265 2009 3567 2067 libertatem

1998 2098 2180 2165 gloria:
2210 2096 2435 2152 filiorum
2466 2097 2669 2151 Deizid
2720 2107 2820 2163 est,
2856 2106 3014 2153 erunt
3060 2099 3159 2168 ipsi
3196 2116 3264 2156 ex
3296 2107 3469 2159 servis
3509 2107 3573 2160 li.

2001 2189 2134 2254 heri,
2164 2198 2215 2241 et
2251 2203 2315 2243 ex
2359 2190 2582 2243 mortuis
2628 2191 2844 2257 gloriosi
2897 2192 2947 2245 in
2978 2196 3082 2246 Vita
3123 2196 3375 2261 perfecta,
3407 2212 3566 2264 quam

2000 2280 2269 2334 habebunt
2295 2280 2387 2333 lilii
2426 2280 2537 2333 Dei.
2568 2282 2776 2336 Scimus
2806 2284 2946 2337 enim
2969 2287 3108 2353 quod
3130 2289 3302 2340 omnis
3324 2300 3569 2345 creatura

1999 2368 2296 2438 ingemiscit
2322 2378 2376 2423 et
2405 2369 2551 2423 dolet
2581 2385 2746 2439 usque
2772 2370 2964 2426 adhuc.
3013 2374 3197 2428 Omnis
3227 2388 3471 2432 creatura
3512 2382 3563 2436 in

2001 2459 2214 2514 nomine
2243 2465 2551 2514 numeratur
2576 2476 2589 2513 :
2614 2477 2720 2514 non
2760 2463 2882 2530 quia
2923 2462 2975 2516 in
3016 2478 3081 2517 eo
3128 2467 3231 2520 sint
3263 2483 3450 2525 omnes
3475 2487 3572 2526 an-

1997 2550 2120 2618 geli,
2159 2557 2213 2604 et
2250 2551 2706 2618 snpereminentes
2736 2553 2959 2608 virtutes
3005 2569 3065 2609 ac
3110 2566 3419 2626 potestates,
3455 2578 3567 2617 cos-

1998 2642 2129 2703 lum,
2172 2649 2193 2693 t
2230 2656 2313 2693 rra
2343 2649 2397 2694 et
2443 2658 2610 2707 mare,
2644 2654 2695 2697 et
2725 2645 2899 2697 omnia
2943 2660 3061 2714 quae
3104 2648 3153 2700 in
3182 2649 3261 2702 eis
3291 2662 3443 2716 sunt;
3476 2657 3568 2708 sed

1997 2721 2126 2799 quia
2161 2732 2335 2785 omnis
2390 2740 2631 2786 creatura
2693 2728 2881 2802 partim
2943 2738 3195 2804 spiritalis
3234 2751 3333 2808 est,
3380 2746 3569 2810 partim

1997 2822 2261 2886 animalis,
2291 2821 2479 2888 partim
2503 2824 2836 2892 corporalis:
2859 2826 2999 2881 sicut
3020 2828 3070 2881 in
3095 2829 3388 2901 Evangelio
3409 2836 3567 2891 dicit:

2000 2913 2293 2969 l’riedicate
2322 2914 2667 2984 Evangelium
2706 2918 2849 2971 omni
2871 2928 3152 2975 creaturae.
3195 2923 3263 2977 Et
3284 2926 3349 2977 ad
3379 2927 3570 2981 Culus-

1998 3022 2181 3062 senses
2208 3018 2233 3061 :‘
2262 3007 2313 3062 In
2358 3022 2454 3076 spe
2500 3008 2792 3078 Evangelii,
2834 3017 2977 3078 quod
3018 3015 3359 3081 praedicatum
3398 3030 3479 3073 est
3519 3024 3570 3075 in

2001 3100 2248 3155 Universa
2303 3109 2547 3154 creatura
2598 3116 2717 3169 quae
2765 3102 2863 3156 sub
2906 3106 3043 3159 etn‘o
3072 3115 3175 3160 est.
3222 3108 3371 3175 Quod
3411 3122 3465 3165 ut
3507 3118 3573 3167 ab

308 3184 441 3246 drm
490 3204 588 3261 per
626 3188 793 3261 ipsum
842 3185 974 3245 facta
1018 3196 1142 3245 sunt
1190 3186 1366 3244 enutia
1411 3201 1527 3259 qua:
1578 3185 1714 3244 Deus
1753 3184 1893 3254 fecit,
1926 3196 1973 3258 ο
2003 3189 2343 3250 interioribus
2389 3190 2813 3263 consideremus,
2862 3196 3153 3267 corporalis
3192 3213 3435 3259 creatura
3482 3221 3575 3275 per

309 3284 573 3338 distincte
600 3284 755 3337 etiam
784 3299 879 3337 nos
906 3300 1156 3337 vocamur
1186 3294 1425 3338 creatura
1457 3295 1578 3338 ante
1608 3284 1747 3337 illam
1779 3286 1886 3355 glo-

311 3393 344 3432 r
366 3393 456 3429 ain
481 3376 813 3442 evidentem;
844 3386 896 3432 et
918 3376 1166 3430 distincte
1193 3391 1441 3429 voratnttr
1474 3377 1563 3430 lilii
1589 3377 1901 3445 Dei,quain-

312 3470 401 3523 vis
454 3466 555 3521 hoc
602 3470 884 3538 adoptione
931 3482 1247 3526 mereamur.
1292 3468 1422 3522 Nam
1466 3468 1550 3523 ille
1598 3472 1898 3536 unigenitus

310 3568 512 3613 natura
545 3559 682 3613 [ilius
705 3571 806 3616 εει.
843 3561 1010 3630 Ergo,
1045 3563 1372 3629 exspectatio
1403 3572 1660 3615 creatur-.e
1683 3601 1697 3625 ,
1724 3562 1772 3613 ῑιΙ
1818 3572 1901 3616 est

310 3656 656 3717 castuectatio
693 3661 895 3715 nostra,
924 3652 1297 3707 revelationem
1330 3651 1555 3705 ﬁliorum
1591 3655 1679 3706 Dei
1710 3668 1900 3722 exspe-

310 3751 454 3803 ctat,
492 3743 589 3794 hoc
625 3752 726 3807 est,
757 3750 1030 3810 exspectat
1069 3742 1279 3810 quando
1324 3751 1576 3811 appareat
1600 3743 1736 3811 quod
1781 3759 1902 3812 pro-

315 3833 551 3884 missum
584 3842 681 3894 est,
716 3832 924 3896 quando
972 3832 1143 3901 reipsa
1172 3833 1608 3887 manifestandum
1639 3836 1728 3899 sit,
1761 3837 1899 3904 quod

318 3939 473 3978 nunc
518 3940 612 3993 spe
650 3940 864 3990 sumus;
900 3926 989 3979 ﬁlii
1034 3926 1174 3981 enim
1208 3927 1295 3980 Dei
1328 3940 1541 3991 sumus,
1569 3937 1623 3981 et
1666 3930 1899 3983 nondum

314 4018 574 4086 apparuit
603 4017 725 4087 quid
757 4019 978 4073 erimus.
1012 4018 1222 4072 Scimus
1251 4018 1388 4071 enim
1421 4020 1540 4085 quia
1583 4035 1699 4073 cum
1736 4037 1899 4090 appao

318 4108 519 4173 ruerit,
547 4108 749 4161 similes
778 4109 825 4162 ei
855 4109 1051 4161 erimus
1079 4126 1090 4160 :
1118 4110 1237 4177 quia
1273 4109 1569 4164 videbimus
1598 4125 1715 4164 eum
1744 4112 1897 4165 sicuti

311 4211 431 4255 est.
470 4200 582 4267 Ipsa
612 4208 693 4253 est
719 4200 970 4254 revelatio
1017 4201 1243 4254 ﬁliorum
1286 4201 1406 4264 Dei,
1440 4217 1593 4271 quam
1644 4217 1783 4255 nunc
1811 4217 1901 4256 ex-

314 4302 535 4359 spectat
583 4291 924 4359 exspectatio'
964 4302 1239 4346 creaturae.
1298 4291 1426 4345 Nam
1474 4295 1612 4362 quod
1661 4302 1899 4347 creatura

310 4387 706 4443 revelationem
750 4397 1018 4455 exspectat
1047 4386 1269 4440 alterius
1299 4397 1514 4447 naturte,
1544 4388 1663 4454 quia
1696 4403 1798 4440 non
1830 4388 1900 4440 sit

328 4476 598 4538 :rcatnra,
642 4476 732 4529 sed
761 4477 869 4545 ipsa
902 4477 1076 4544 qualis
1106 4492 1241 4528 nunc
1264 4484 1362 4540 est,
1389 4486 1658 4545 exspectat
1689 4478 1895 4543 quando

2008 3286 2118 3340 loca
2145 3287 2476 3341 ostenditur:
2501 3286 2745 3341 animalis
2774 3299 2950 3342 autem
2984 3289 3213 3344 vivitieat
3241 3297 3572 3363 corporalia:

2004 3378 2245 3432 animalis
2272 3376 2424 3445 regit,
2445 3386 2493 3431 et
2522 3386 2645 3431 tunc
2670 3379 2804 3434 bene
2830 3382 2965 3449 reg't
2994 3396 3113 3435 cum
3145 3383 3257 3450 ipsa
3283 3386 3568 3453 regendam

2002 3483 2060 3524 se
2087 3469 2303 3538 subjicit
2332 3470 2456 3523 Deo.
2488 3468 2618 3522 Cum
2659 3479 2836 3523 au'em
2880 3472 3268 3540 transgreditur
3309 3490 3573 3543 pizerepta

2003 3562 2139 3631 ejus,
2187 3561 2459 3617 laboribus
2504 3570 2558 3616 et
2607 3563 2862 3616 aarumnis
2918 3577 3010 3630 per
3057 3563 3240 3617 eadem
3289 3566 3402 3634 ipsa
3455 3585 3573 3634 qua:

2004 3669 2189 3725 regere
2218 3664 2425 3723 poterat
2468 3654 2787 3723 implicatur.
2836 3655 2932 3721 Qui
2983 3670 3109 3725 ergo
3156 3657 3284 3711 vivit
3326 3674 3571 3728 corpore,

2002 3746 2225 3801 carnalis
2269 3745 2430 3800 homo
2473 3745 2558 3799 vel
2597 3745 2843 3799 animalis
2880 3753 3137 3799 vocatur:
3174 3749 3421 3810 carnalis,
3449 3751 3570 3816 quia

2002 3836 2234 3888 carnalia
2264 3844 2521 3899 sectatur;
2550 3835 2791 3889 animalis
2826 3847 3023 3899 autem,
3054 3836 3174 3903 quia
3203 3838 3369 3891 fertur
3397 3839 3571 3893 αἰνεθ-

2004 3928 2108 3981 luta
2154 3927 2365 3980 lascivia
2414 3925 2606 3979 animae
2645 3940 2783 3988 suae,
2812 3940 2967 3993 quam
3010 3941 3114 3979 non
3159 3931 3294 3994 regit
3332 3943 3394 3997 sp
3418 3930 3571 3996 ritus,

2003 4032 2173 4086 neque
2200 4024 2415 4072 coercet
2443 4016 2580 4069 intra
2611 4023 2779 4070 metas
2826 4015 3081 4069 naturalis
3111 4018 3332 4081 ordinis,
3364 4034 3393 4087 q
3422 4019 3482 4071 :ia
3523 4031 3576 4073 et

2004 4113 2114 4179 ipse
2146 4126 2248 4163 non
2280 4125 2339 4164 se
2368 4107 2548 4163 subdit
2577 4108 2863 4176 regendum
2892 4107 3023 4163 Deo.
3054 4109 3149 4176 Qui
3178 4122 3354 4165 autem
3383 4113 3575 4178 Spiritu

2002 4202 2232 4254 animam
2273 4201 2430 4268 regit,
2474 4208 2526 4253 et
2562 4214 2655 4267 per
2686 4199 2915 4252 animam
2955 4213 3169 4268 corpus,
3216 4201 3353 4268 quod
3404 4201 3577 4256 facere

2005 4309 2107 4347 non
2141 4302 2333 4361 potest,
2366 4292 2467 4345 nisi
2508 4292 2785 4346 Dominum
2819 4291 3011 4345 habeat
3042 4301 3096 4345 et
3125 4293 3238 4360 ipse
3270 4303 3524 4347 rectorem
3561 4312 3574 4347 :

2003 4386 2250 4455 quoniam
2289 4384 2426 4438 sicut
2463 4399 2566 4436 non
2618 4392 2788 4450 potest
2834 4394 2988 4449 caput
3043 4383 3279 4437 mulieris
3321 4387 3398 4437 vir
3434 4399 3575 4451 e~sc,

2006 4480 2072 4531 ita
2104 4487 2261 4546 caput
2291 4477 2385 4530 viri
2417 4475 2657 4531 Christus
2688 4484 2790 4542 est,
2832 4484 3048 4530 vocatur
3078 4477 3349 4545 spiritalis,
3375 4479 3495 4546 quia
3527 4492 3577 4533 et

318 4569 390 4620 sit
434 4568 606 4635 qualis
648 4566 816 4620 futura
861 4575 961 4620 est.
1012 4568 1279 4634 Tanquam
1310 4567 1350 4618 si
1393 4567 1697 4621 diceretur:
1730 4570 1898 4635 ()pcre
1928 4557 1977 4616 Ι)
2008 4569 2109 4621 vita
2153 4584 2273 4622 cum
2318 4566 2487 4637 aliqua
2528 4566 2769 4619 ttioicstia
2811 4580 2951 4619 nunc
2982 4572 3191 4635 agitur:
3234 4582 3299 4635 p0
3333 4576 3351 4621 ι
3402 4577 3577 4623 autem

319 4669 461 4711 ante
492 4659 744 4726 pictorem
789 4658 980 4725 posito,
1011 4657 1263 4728 subjectis
1292 4658 1389 4711 sibi
1436 4659 1720 4721 coloribus,
1748 4671 1801 4713 et
1835 4663 1898 4714 ad

315 4768 467 4818 opus
492 4753 605 4821 ejus
635 4753 850 4820 paratis,
881 4753 1205 4821 exspectatio
1245 4753 1479 4805 colorum
1512 4754 1895 4808 revela=ienem

315 4845 581 4911 imaginis
629 4851 918 4911 exspectat,
974 4853 1025 4895 et
1072 4840 1546 4895 manifestationem
1594 4859 1605 4895 :
1650 4859 1751 4896 non
1781 4843 1901 4911 quia

312 4950 459 4991 tttnc
486 4934 573 4987 alii
618 4949 731 4988 erui
757 4942 795 4997 t,
824 4943 915 4988 aut
956 4947 1057 4985 non
1100 4933 1304 4985 colores
1333 4941 1509 4999 crum,
1558 4932 1648 4986 sed
1704 4942 1902 4984 tantum

310 5026 473 5099 qum]
515 5027 667 5078 aliain
700 5026 1003 5094 dignitatem
1038 5034 1157 5077 tunc
1184 5022 1471 5075 habebunt.
1506 5021 1734 5099 vanitati
1762 5022 1901 5075 enim

305 5120 567 5184 subjecta
597 5130 677 5171 eSI
713 5126 953 5171 creatum
981 5132 993 5167 :
1026 5115 1125 5167 hoc
1152 5123 1233 5168 est
1258 5114 1383 5167 illud
1414 5131 1426 5166 :
1462 5113 1678 5165 Vanitas
1704 5114 1905 5165 vanita-

305 5200 557 5273 ιιιιη,“θι
597 5208 771 5261 omnia
821 5209 1045 5259 vanitas.
1086 5205 1213 5271 Qu-e
1263 5204 1579 5256 abundantia
1624 5204 1821 5256 homini
1851 5204 1901 5257 in

294 5302 473 5361 omni
508 5299 686 5352 labore
725 5314 846 5361 suo,
892 5312 1046 5364 quem
1096 5295 1209 5363 ipse
1257 5294 1464 5349 laborat
1511 5295 1608 5347 sub
1637 5293 1750 5346 sole
1776 5308 1790 5345 :
1815 5293 1900 5346 cui

286 5403 401 5448 ext.
437 5393 636 5445 dctum
666 5410 678 5444 ε
716 5391 772 5445 In
822 5391 1001 5443 labore
1040 5387 1383 5441 manducabis
1417 5402 1603 5456 panem
1625 5389 1647 5438 Ἰ
1671 5387 1780 5440 Van
1811 5388 1901 5441 tati

297 5486 469 5538 eriim
497 5492 739 5537 creatura
769 5479 1004 5547 subjecta
1047 5486 1130 5531 est
1174 5493 1274 5530 non
1316 5488 1525 5546 sponte.
1572 5477 1713 5530 Bene
1751 5475 1901 5528 addi-

296 5590 436 5636 tum
463 5585 547 5630 est
571 5593 584 5628 :
619 5576 731 5629 Non
755 5587 975 5643 sponte;
1013 5573 1170 5624 homo
1197 5573 1393 5639 quippe
1420 5579 1606 5635 Sponte
1638 5570 1892 5636 peccavit,

296 5674 411 5728 sed
452 5686 555 5722 non
585 5679 773 5738 spente
803 5668 1083 5721 damnatus
1120 5673 1218 5717 εει.
1268 5664 1550 5717 Pecratum
1591 5657 1769 5728 itaque
1802 5662 1897 5714 luit

299 5771 711 5834 sjnnuneum,
765 5768 950 5813 contra
1017 5762 1337 5826 princeptum
1401 5757 1575 5808 lacere
1624 5751 1892 5818 veritatis,

2010 4660 2205 4713 nullam
2239 4659 2489 4726 patietur.
2532 4656 2596 4710 Et
2632 4655 2876 4724 quoniam
2906 4656 3097 4709 sumini
3127 4658 3298 4725 angeli
3329 4659 3578 4725 Spiritua-

2010 4752 2131 4808 liter
2159 4757 2363 4815 vivunt,
2415 4749 2581 4805 inﬁmi
2622 4765 2749 4804 vero
2795 4751 3113 4815 animaliter,
3152 4752 3335 4806 bestia:
3364 4769 3488 4807 vero
3529 4763 3576 4807 ct

2010 4844 2185 4897 omnia
2217 4856 2407 4911 pecora
2455 4840 2758 4903 carnaliter,
2816 4855 3010 4907 corpus
3059 4850 3232 4894 autem
3274 4856 3377 4895 non
3426 4844 3576 4909 vivit,

2012 4933 2103 4987 sed
2136 4932 2449 4993 viviﬁeatur,
2483 4931 2655 4984 omnis
2685 4937 2925 4990 creatura
2970 4931 3020 4983 in
3071 4930 3285 4985 homine
3313 4940 3413 4995 est,
3456 4936 3577 5002 quia

2010 5031 2066 5076 et
2105 5021 2344 5090 intelligit
2373 5020 2581 5088 spiritu,
2611 5027 2663 5072 et
2692 5018 2854 5071 sentit
2885 5019 3084 5083 animo,
3114 5025 3168 5071 et
3197 5018 3435 5074 localiter
3462 5036 3587 5076 cor-

2013 5127 2142 5181 pore
2170 5121 2426 5164 movetur.
2460 5108 2645 5163 Omnis
2695 5109 2869 5177 itaque
2894 5118 3132 5162 creatura
3167 5110 3217 5163 in
3252 5110 3463 5166 homine
3496 5116 3581 5168 in—

2009 5203 2255 5272 gemiseit
2276 5210 2330 5254 et
2365 5201 2509 5253 dolet
2537 5218 2547 5250 :
2583 5214 2684 5252 non
2715 5200 2856 5259 enim
2891 5207 3076 5263 totam,
3107 5201 3198 5255 sed
3246 5218 3455 5257 onmem
3486 5204 3578 5270 ait,

2012 5306 2260 5363 tanquam
2292 5294 2332 5346 si
2366 5292 2484 5361 quis
2523 5291 2665 5345 dicat
2699 5291 2837 5361 quod
2888 5292 3055 5347 solem
3105 5309 3291 5349 omnes
3339 5296 3580 5353 homines

2010 5385 2190 5439 vident
2218 5384 2305 5452 qui
2332 5391 2454 5436 sunt
2482 5382 2796 5447 incolumes,
2829 5382 2921 5437 sed
2960 5399 3063 5437 non
3097 5387 3188 5438 toti
3239 5387 3436 5448 vident,
3461 5387 3577 5454 quia

2012 5487 2215 5531 tantum
2258 5475 2427 5529 oculis
2456 5474 2657 5527 vidrnt.
2704 5474 2775 5528 lta
2814 5476 2863 5528 in
2896 5476 3111 5529 homine
3139 5475 3307 5529 omnis
3337 5486 3578 5530 creatura

2011 5578 2111 5629 est,
2143 5568 2230 5635 qui
2279 5577 2330 5620 et
2377 5566 2640 5631 intelligit,
2672 5573 2727 5618 et
2766 5566 2913 5627 vivit,
2941 5575 2995 5618 et
3030 5580 3219 5626 conus
3265 5566 3449 5627 habet;
3489 5572 3579 5619 sed

2010 5676 2112 5712 non
2146 5669 2249 5710 tota
2282 5669 2519 5711 creatura
2550 5654 2601 5707 in
2634 5655 2747 5720 ipso
2768 5664 2870 5716 cst,
2902 5657 3021 5713 quia
3050 5664 3173 5708 sunt
3196 5664 3385 5721 praeter
3412 5657 3580 5724 ipsum

2006 5749 2275 5819 ριαςιςιιιῑ,
2306 5749 2393 5820 qui
2427 5746 2740 5816 ittlzlligattl,
2779 5754 2831 5799 et
2880 5744 3080 5813 vivant,
3128 5756 3181 5801 et
3219 5749 3354 5811 sint;
3402 5760 3454 5804 et
3492 5766 3579 5822 pe-
