3904 6176
395 326 499 381 465

1495 320 1788 379 PRIMASII
1828 318 2278 379 ADRUMETANI
2318 317 2528 376 EPISC.

3560 315 3665 370 £64

396 456 539 507 cora,
567 455 684 512 qure
726 441 911 496 vivunt
943 446 996 493 et
1042 444 1186 503 sunt,
1221 445 1270 493 et
1304 443 1559 508 corpora,
1592 453 1710 509 qua:
1743 444 1975 493 tantum-
2003 436 2053 497 A
2081 444 2511 506 potestatumque
2552 435 2811 490 creaturis
2861 436 3010 490 nefas
3059 445 3143 489 est
3183 434 3424 489 credere.
3460 432 3665 487 Deinde

401 532 559 586 modo
587 540 712 586 sunt
739 548 752 584 :
777 545 895 584 cum
944 530 1116 597 ipsum
1159 529 1340 583 vivere
1383 530 1549 597 magis
1581 530 1649 583 sit
1678 544 1836 598 quam
1868 543 1974 583 non

398 624 607 689 vivere;
639 631 693 677 et
719 623 890 690 ipsum
939 619 1237 689 intelligere
1262 620 1430 689 magis
1459 620 1528 674 sit
1553 634 1709 690 quam
1741 620 1858 674 sine
1894 619 1977 673 in-

398 713 612 768 tellectu
639 712 838 766 vivere.
871 709 1001 763 Cum
1043 723 1171 779 ergo
1212 708 1374 763 miser
1399 709 1561 763 homo
1588 708 1890 776 ingemiscit
1918 715 1974 763 et

398 803 563 871 dolet,
596 800 772 855 omnis
810 809 1059 855 creatura
1104 798 1451 868 congemiscit
1493 806 1550 853 et
1593 798 1757 852 dolet.
1803 798 1979 867 Usque

399 894 575 948 adhuc
620 902 794 948 autem
840 902 986 947 recte
1028 892 1183 956 dixit,
1214 892 1334 957 quia
1384 890 1593 945 etiamsi
1648 897 1776 945 sunt
1802 890 1978 959 aliqua

399 988 508 1058 jam
535 986 588 1042 in
620 988 739 1041 sinu
770 985 1021 1049 Abrahte,
1054 992 1107 1038 et
1136 984 1273 1038 latro
1304 983 1395 1038 ille
1422 983 1477 1039 in
1509 982 1755 1052 paradiso
1781 981 1980 1037 consti-

400 1088 567 1144 tutus,
592 1080 682 1134 illo
710 1078 797 1133 die
824 1092 928 1145 quo
959 1076 1210 1141 credidit,
1244 1074 1429 1131 dolere
1474 1075 1776 1131 destiterit:
1804 1082 1979 1129 tamen

401 1185 568 1240 usque
605 1169 779 1224 adhuc
816 1168 992 1223 omnis
1032 1178 1276 1223 creatura
1334 1168 1682 1236 congemiscit
1720 1177 1775 1223 et
1811 1167 1978 1233 dolet,

402 1263 520 1332 quia
548 1263 600 1315 in
633 1261 735 1315 illis
764 1261 852 1330 qui
884 1260 1119 1315 nondum
1151 1258 1363 1312 liberati
1395 1266 1540 1325 sunt,
1570 1258 1746 1311 omnis
1774 1266 1855 1313 est
1885 1272 1983 1328 per

402 1350 643 1420 spiritum
674 1359 725 1404 et
751 1364 947 1418 corpus
988 1355 1043 1403 et
1089 1348 1341 1402 animam.
1391 1346 1506 1401 Non
1557 1346 1729 1402 solum
1779 1355 1977 1409 autem,

401 1442 591 1510 inquit,
625 1440 800 1493 omnis
838 1448 1078 1495 creatura
1122 1437 1468 1507 congemiscit
1497 1444 1551 1492 et
1594 1437 1758 1505 dolet,
1794 1437 1891 1491 sed
1927 1444 1982 1492 et

404 1546 501 1585 nos
544 1530 663 1599 ipsi.
713 1528 767 1582 Id
809 1537 910 1592 est,
934 1542 1040 1581 non
1082 1527 1254 1581 solum
1305 1526 1358 1580 in
1411 1524 1628 1580 homine
1677 1539 1891 1595 corpus,
1926 1533 1982 1581 et

403 1620 601 1687 anima,
623 1628 676 1675 et
702 1619 921 1689 spiritus
947 1617 1106 1672 simul
1134 1616 1318 1671 dolent
1345 1632 1410 1672 ex
1433 1616 1835 1672 difﬁcultatibus
1863 1631 1980 1672 cor-

410 1711 586 1782 poris;
619 1710 713 1765 sed
757 1718 812 1765 et
860 1723 957 1764 nos
990 1708 1091 1778 ipsi
1137 1707 1376 1777 exceptis
1404 1706 1719 1776 corporibus
1748 1707 1800 1761 in
1829 1705 1981 1761 nobis

410 1803 540 1872 ipsis
565 1800 1031 1872 congemiscimus.
1058 1798 1125 1853 Et
1146 1798 1285 1854 bene
1314 1796 1764 1853 dixltzPrimitias
1780 1796 1982 1851 haben-
2018 1793 2061 1853 Β
2086 1799 2153 1854 ad
2203 1797 2514 1854 Corinthios
2557 1814 2572 1853 :

411 1905 490 1948 tes
515 1892 774 1962 spiritus:
803 1889 856 1945 id
896 1900 1010 1956 est,
1039 1903 1264 1959 quorum
1306 1888 1416 1958 jam
1462 1887 1682 1956 spiritus
1733 1894 1981 1955 tanquam

410 1983 729 2039 sacriﬁcium
761 1981 926 2036 oblati
954 1991 1077 2036 sunt
1109 1980 1252 2045 Deo,
1280 1987 1335 2035 et
1381 1979 1433 2035 in
1479 1977 1663 2033 divino
1703 1978 1982 2034 charitatis

406 2075 529 2144 igne
553 2072 929 2142 comprehensi
956 2077 1098 2127 sunt.
1134 2070 1258 2125 llaec
1284 2079 1409 2123 sunt
1434 2068 1687 2138 primitiae
1722 2067 1981 2137 hominis,

408 2164 532 2235 quia
577 2164 774 2218 veritas
817 2161 1046 2232 primum
1092 2160 1335 2231 spiritum
1374 2168 1617 2213 nostrum
1668 2159 1898 2227 obtinet,
1928 2170 1986 2216 ut

409 2271 504 2327 per
547 2256 690 2310 hunc
734 2262 928 2309 cmtera
974 2250 1643 2322 comprehendantur;vel
1675 2252 1797 2321 quia
1829 2252 1984 2322 primi

407 2347 654 2418 spiritum
686 2345 802 2415 ipso
827 2343 1061 2399 adventu
1102 2340 1486 2410 redemptionis
1515 2341 1834 2411 accepimus.
1868 2343 1987 2399 Jam

410 2456 539 2512 ergo
586 2441 746 2496 habet
796 2438 1056 2509 primitias
1096 2437 1301 2493 oblatas
1341 2437 1484 2504 Deo,
1510 2437 1600 2508 qui
1631 2438 1790 2494 dicit:
1815 2437 1989 2493 Mente

409 2535 588 2590 servio
637 2531 739 2603 legi
790 2530 906 2598 Dei,
942 2545 1105 2587 carne
1150 2539 1329 2585 autem
1379 2528 1481 2600 legi
1530 2530 1750 2600 peccati.
1783 2528 1851 2583 Et
1896 2528 1985 2598 qui

410 2625 569 2681 dicit:
592 2624 733 2680 Deus
754 2623 836 2678 cui
873 2637 1049 2678 sermo
1073 2623 1127 2677 in
1152 2622 1342 2692 spiritu
1374 2637 1513 2677 meo.
1544 2622 1609 2677 Et
1634 2621 1701 2677 de
1727 2635 1833 2692 quo
1856 2620 1991 2675 dlci-

414 2728 500 2771 tur
524 2731 539 2769 :
569 2714 800 2786 Spiritus
829 2714 1043 2784 quidem
1070 2717 1366 2785 promptus,
1393 2727 1519 2768 caro
1548 2723 1724 2767 autem
1757 2711 1987 2767 inﬁrma.

412 2807 519 2865 Sed
542 2807 794 2878 quoniam
820 2805 996 2860 adhuc
1020 2804 1181 2859 dicit:
1204 2805 1390 2859 Infelix
1419 2819 1519 2874 ego
1550 2805 1731 2869 homo,
1761 2804 1880 2872 quis
1906 2818 1991 2860 me

417 2898 667 2955 liberabit
694 2913 723 2952 a
753 2912 983 2967 corpore
1028 2899 1216 2952 mortis
1248 2897 1443 2967 hujus?
1470 2905 1525 2951 et
1550 2896 1722 2952 adhuc
1748 2896 1873 2951 alibi
1913 2896 1994 2950 dt-

419 2992 592 3047 citnr:
614 2989 912 3045 Viviﬁcabit
938 2999 993 3045 et
1017 2991 1261 3045 mortalia
1301 3004 1525 3058 corpora
1552 2997 1727 3044 vestra
1746 3032 1761 3055 ,
1787 2996 1843 3044 et
1873 3004 1995 3059 pro-

416 3092 533 3152 pter
558 3082 815 3151 Spiritum
851 3081 969 3151 ejus
1015 3090 1318 3136 manentem
1350 3081 1402 3135 in
1431 3080 1582 3134 vobis
1610 3098 1622 3133 :
1648 3081 1879 3135 nondum
1909 3089 1991 3136 est

2077 525 2297 581 liberari
2317 541 2434 582 eam
2471 525 2606 581 dixit
2636 540 2667 578 a
2706 526 2965 581 servitute
2992 525 3262 592 interitus,
3289 540 3399 593 quo
3425 524 3545 577 i‘los
3572 538 3667 576 ce-

2075 616 2291 682 cidisse,
2321 615 2410 685 qui
2444 616 2495 671 in
2540 616 2689 672 ccelis
2732 624 2894 685 agunt
2920 616 3081 669 vitam
3115 615 3505 681 beatissimam,
3538 627 3650 666 non

2078 720 2357 776 possumus
2370 706 2611 763 credere.
2628 706 2829 762 Tamen
2853 706 2984 762 nihil
3010 716 3210 761 temere
3225 705 3596 760 confirmando
3607 721 3661 757 nt

2077 805 2182 862 est,
2204 807 2260 853 et
2285 799 2369 867 pia
2395 797 2669 869 diligentia
2701 798 2859 852 etiam
2900 806 3061 868 atque
3091 798 3250 852 etiam
3280 796 3440 851 verba
3478 796 3663 849 divina

2075 888 2353 944 tractanda
2382 897 2547 945 sunt:
2577 903 2644 943 ne
2675 886 2814 943 forte
2843 903 2964 942 cum
3014 889 3260 958 gemiscit
3308 896 3363 942 et
3408 886 3576 952 dolet,
3609 896 3667 940 et

2079 981 2297 1035 vanitati
2320 980 2557 1050 subjecta
2579 990 2679 1047 est,
2700 981 2869 1050 possit
2895 980 3073 1049 aliquo
3093 981 3200 1035 alio
3222 980 3378 1033 modo
3402 979 3662 1049 intelligi,

2081 1079 2138 1125 ut
2182 1070 2250 1127 de
2288 1073 2513 1127 summis
2552 1073 2776 1142 angelis,
2829 1072 3068 1142 quandiu
3116 1080 3317 1125 nostra:
3367 1069 3667 1124 infirmitati

2077 1160 2227 1231 jussu
2284 1161 2494 1217 Domini
2547 1177 2652 1216 non
2705 1162 3074 1233 opitulamur,
3123 1176 3227 1215 non
3276 1162 3437 1229 imp’c
3487 1162 3668 1228 possit

2081 1252 2393 1306 existimari.
2426 1252 2530 1308 Sed
2560 1254 2672 1307 sive
2700 1252 2811 1319 illa,
2846 1268 3007 1323 quam
3037 1253 3271 1307 exsecuti
3302 1264 3512 1314 sumus,
3543 1251 3667 1304 sive

2081 1341 2181 1397 alia
2227 1342 2384 1412 hujus
2414 1342 2634 1412 capituli
2686 1342 2952 1412 expositio
2999 1341 3320 1410 proferatur,
3365 1340 3417 1392 id
3452 1349 3665 1392 tantum

2082 1446 2165 1493 est
2208 1435 2525 1501 cavendum,
2577 1448 2646 1489 ne
2694 1434 2863 1489 violet
2910 1442 3003 1488 aut
3051 1432 3298 1487 vulneret
3343 1428 3665 1485 catholicam

2084 1527 2240 1582 ﬁdem
2267 1544 2279 1579 :
2306 1526 2417 1581 scio
2444 1527 2584 1580 enim
2616 1540 2787 1579 vanos
2831 1525 3029 1579 multos
3061 1523 3341 1579 bmreticos
3368 1520 3530 1575 multa
3560 1518 3668 1573 im-

2085 1617 2171 1687 pie
2196 1625 2250 1673 et
2279 1617 2460 1685 inepte
2498 1616 2794 1683 jactitasse.
2841 1614 2948 1686 Spe
2972 1616 3103 1668 enim
3136 1614 3268 1668 salvi
3298 1614 3423 1684 facti
3461 1627 3663 1665 sumus.

2085 1710 2213 1779 Spe.
2239 1708 2430 1779 inquit,
2475 1724 2582 1763 non
2623 1707 2798 1777 reipsa
2852 1707 3000 1762 salus
3028 1714 3273 1774 speratur
3301 1704 3495 1767 adhuc,
3522 1703 3665 1756 sicut

2618 1799 2719 1853 Per
2776 1796 2933 1853 ﬁdem
2983 1795 3351 1860 ambulamus,
3400 1809 3506 1847 non
3564 1807 3664 1861 per

2087 1892 2359 1962 speciem;
2402 1890 2668 1946 credimus
2708 1890 2848 1960 quod
2899 1888 3059 1943 futuri
3108 1901 3309 1953 sumus,
3359 1884 3535 1939 adhuc
3581 1892 3664 1937 ta—

2087 2005 2211 2044 men
2267 2003 2371 2043 non
2419 2001 2624 2042 sumus.
2686 1985 2817 2052 Spes
2877 1993 3047 2038 autem
3106 1997 3222 2054 qua:
3279 1979 3516 2042 videtur,
3560 1993 3665 2031 non

2086 2090 2159 2136 est
2196 2097 2331 2150 spes.
2375 2078 2513 2133 Nam
2555 2077 2691 2148 quod
2732 2075 2863 2150 videt
2907 2074 3055 2146 quis,
3086 2074 3209 2145 quid
3252 2072 3459 2143 sperat?
3511 2069 3662 2136 Quod

2087 2148 2298 2227 videtur
2369 2187 2475 2226 non
2528 2148 2827 2239 speratur:
2875 2167 2999 2236 quia
3068 2172 3299 2221 tenetur.
3373 2160 3437 2218 Si
3496 2170 3663 2215 autem

2086 2263 2223 2333 quod
2282 2278 2384 2315 non
2422 2260 2652 2314 videmus
2712 2274 2995 2329 speramus.
3071 2255 3197 2312 ideo
3255 2253 3513 2325 patientia
3573 2265 3666 2321 per

2090 2352 2257 2410 ﬁdem
2289 2366 2563 2427 magnam
2591 2351 2752 2407 habet
2799 2347 3097 2406 mercedem
3118 2391 3133 2417 ,
3165 2348 3284 2412 quia
3314 2354 3500 2416 sperat
3528 2343 3666 2415 quod

2091 2460 2197 2500 non
2233 2443 2406 2506 videt;
2436 2451 2490 2498 et
2514 2442 2592 2497 sic
2616 2441 2793 2498 securi
2819 2454 3031 2504 sumus,
3067 2439 3219 2510 quasi
3247 2437 3357 2509 jam
3395 2436 3666 2505 acceperi-

2090 2550 2208 2593 mus
2230 2536 2372 2607 quod
2395 2534 2634 2591 nondum
2662 2534 2985 2604 accepimus.
3021 2532 3126 2587 Per
3154 2530 3450 2602 patientiam
3492 2545 3669 2595 caspe-

2090 2636 2306 2683 ctamus.
2324 2625 2460 2697 Spes
2481 2627 2597 2681 sine
2623 2625 2881 2696 patientia
2908 2638 3030 2680 esse
3059 2638 3163 2681 non
3196 2629 3389 2693 potest.
3424 2620 3669 2676 Similiter

2094 2734 2267 2775 autem
2289 2730 2334 2775 et
2364 2721 2572 2793 spiritus
2601 2722 2832 2790 adjuvat.
2855 2716 3159 2774 Secundum
3186 2715 3430 2772 eamdem
3480 2728 3674 2782 exspe-

2094 2811 2386 2866 ctationem
2418 2810 2638 2880 adjuvat
2665 2810 2881 2879 spiritus
2912 2808 3272 2863 infirmitatem
3302 2805 3560 2859 orationis
3581 2845 3597 2867 ,
3620 2814 3678 2859 ut

2094 2919 2213 2976 qua:
2246 2904 2342 2959 Dei
2377 2914 2500 2959 sunt
2530 2917 2777 2970 oremus,
2807 2912 2861 2958 et
2891 2910 3107 2971 propter
3136 2916 3285 2970 spem
3315 2914 3432 2968 qua:
3481 2897 3676 2966 placita

2096 3003 2223 3051 sunt
2259 2996 2368 3051 Deo
2397 2995 2747 3066 postulamus.
2781 2991 3139 3063 Inﬁrmitatem
3165 3002 3409 3044 nostram.
3458 2988 3674 3042 lnﬁrma

2101 3095 2186 3142 est
2208 3087 2380 3141 oratio
2404 3097 2607 3154 nostra,
2643 3086 2744 3140 nisi
2774 3100 2802 3138 a
2831 3084 3030 3155 Spiritu
3056 3094 3238 3137 sancto
3259 3096 3363 3135 non
3386 3079 3559 3135 solum
3590 3077 3680 3132 ad-

417 3176 784 3231 holocaustum
810 3190 824 3239 ;
850 3175 951 3229 erit
978 3180 1177 3237 autem,
1201 3187 1322 3227 cum
1363 3172 1735 3228 absorbebitur
1765 3187 1908 3227 mors
1936 3174 1986 3227 in
2017 3149 2062 3213 C
2089 3176 2320 3247 juvetur,
2347 3177 2441 3233 sed
2470 3149 2628 3231 etiam
2656 3149 2964 3245 inspiretur.
2992 3174 3129 3229 Nam
3149 3173 3272 3244 quid
3293 3169 3529 3225 oremus?
3552 3169 3681 3223 t-‘re-

415 3266 661 3330 victoria,
692 3279 812 3319 cum
858 3266 908 3320 ei
952 3264 1158 3319 dicetur
1186 3281 1199 3317 :
1227 3264 1324 3320 Ubi
1375 3273 1479 3330 est,
1519 3278 1685 3332 mors,
1717 3265 1990 3319 contentio

418 3357 541 3412 tua?
571 3356 659 3411 ubi
688 3363 791 3422 est,
822 3370 985 3423 mors,
1022 3354 1238 3411 aculeus
1266 3356 1419 3410 tuus?
1450 3355 1599 3411 Nunc
1626 3370 1774 3425 ergo,
1800 3354 1987 3425 inquit,

418 3463 524 3503 non
549 3447 719 3501 solum
749 3447 922 3501 omnis
945 3455 1210 3510 creatura,
1254 3446 1302 3500 id
1328 3454 1430 3509 est,
1455 3460 1574 3501 cum
1602 3460 1828 3517 corpore
1856 3462 1870 3513 ;
1898 3446 1991 3503 sed

419 3555 516 3597 nos
560 3541 661 3610 ipsi
705 3540 968 3610 primitias
1013 3539 1242 3609 Spiritus
1288 3539 1585 3606 habentes,
1643 3540 1694 3593 id
1742 3550 1841 3605 est,
1895 3556 1992 3594 nos

418 3633 609 3687 animae
631 3632 753 3701 quia
782 3629 1039 3701 primitias
1067 3639 1272 3684 mentes
1299 3639 1508 3685 nostras
1538 3630 1827 3685 obtulimus
1861 3631 1991 3699 Deo,

417 3726 471 3779 in
503 3724 656 3779 nobis
685 3725 813 3793 ipsis
857 3722 1301 3793 congemiscimus
1326 3741 1339 3776 :
1363 3723 1413 3778 id
1442 3733 1547 3791 est,
1577 3731 1773 3794 praeter
1799 3739 1992 3795 corpus

419 3818 757 3888 adoptionem
784 3825 1161 3887 exspectantes
1184 3818 1608 3887 redemptionem
1633 3818 1875 3887 corporis
1903 3832 1996 3872 no-

416 3910 512 3966 stri
536 3925 550 3965 :
576 3909 627 3963 id
659 3918 762 3975 est,
785 3917 841 3963 ut
870 3918 921 3963 et
950 3910 1123 3977 ipsum
1154 3922 1347 3978 corpus
1378 3908 1642 3978 accipiens
1675 3908 1990 3963 beneficium

416 4002 714 4072 adoptionis
738 4000 964 4055 ﬁliorum
991 4016 1093 4069 qua
1124 4001 1293 4055 vocati
1327 4015 1533 4068 sumus,
1561 4008 1700 4054 totos
1731 4015 1830 4054 nos
1860 4000 1995 4054 lihe-

418 4105 559 4150 ratos
609 4093 889 4147 transactis
947 4091 1207 4147 molestiis
1251 4091 1498 4146 omnibus
1543 4106 1607 4145 ex
1656 4092 1801 4146 omni
1849 4102 1999 4162 parte

418 4194 511 4249 Dei
557 4195 691 4253 ﬁlios
731 4206 852 4248 esse
884 4191 1208 4247 manifcsmt.
1257 4191 1362 4259 Spe
1403 4192 1542 4245 enim
1574 4192 1703 4245 salvi
1749 4182 1877 4247 facti
1918 4207 1999 4246 sn-

420 4300 556 4340 mus.
609 4286 744 4355 Spes
791 4293 965 4339 autem
1015 4300 1133 4354 qua:
1165 4283 1390 4348 videtur,
1423 4298 1528 4337 non
1561 4294 1643 4338 est
1671 4294 1813 4353 Spes.
1849 4284 1997 4339 Tunc

419 4391 546 4446 ergo
566 4378 667 4431 erit
693 4391 801 4441 res,
826 4391 943 4443 qua:
967 4388 1106 4428 nunc
1130 4383 1211 4428 est
1233 4388 1375 4443 spes,
1402 4389 1521 4428 cum
1550 4374 1855 4444 apparuerit
1872 4374 1995 4443 quid

418 4467 620 4522 erimus
662 4465 865 4519 similes
912 4464 1010 4529 illi,
1042 4466 1291 4534 quoniam
1330 4464 1629 4520 videbimus
1675 4480 1796 4520 eum
1839 4467 1994 4521 sicuti

418 4568 520 4615 est.
551 4558 664 4613 Hoc
703 4556 993 4626 capitulum
1039 4557 1084 4611 si
1133 4557 1235 4611 huc
1279 4557 1459 4622 modo,
1495 4567 1550 4610 ut
1582 4566 1862 4612 tractatum
1892 4568 1994 4628 est,

421 4651 677 4719 aperitur,
716 4662 822 4701 non
869 4646 1165 4702 incidemus
1216 4647 1266 4701 in
1320 4645 1439 4700 illas
1480 4646 1753 4700 molestias
1806 4649 1998 4716 quibus

422 4740 665 4795 homines
693 4737 935 4808 plerique
975 4737 1153 4792 dicere
1196 4742 1479 4805 coguntur,
1523 4749 1709 4790 omnes
1753 4737 1994 4807 angelos,

418 4828 775 4898 sublimesque
822 4827 1043 4880 virtutes
1090 4827 1142 4879 in
1192 4826 1376 4879 dolore
1416 4834 1469 4879 et
1515 4825 1804 4894 gemitbus
1848 4840 1990 4897 esse,

418 4928 702 4989 antequam
752 4931 849 4972 nos
890 4917 1099 4987 penitus
1125 4916 1416 4970 liberemur
1444 4933 1456 4968 :
1483 4917 1603 4986 quia
1640 4918 1835 4971 dictum
1868 4928 1989 4973 est:

422 5010 605 5065 Omnis
628 5019 869 5065 creatura
899 5008 1247 5081 congemiscit
1275 5016 1330 5063 et
1356 5008 1522 5062 dolet.
1574 5008 1826 5077 Quamvis
1852 5012 1993 5065 enim

422 5101 673 5169 adjnvent
701 5114 799 5154 nos
840 5114 932 5168 pro
960 5116 1053 5154 sua
1083 5099 1430 5163 sublimitate,
1457 5099 1581 5154 dum
1624 5101 1995 5171 obtemperant

423 5187 555 5253 Deo,
587 5188 675 5257 qui
705 5190 917 5242 unicum
946 5190 1137 5244 Filium
1164 5205 1319 5245 suum
1349 5189 1598 5259 dignatus
1619 5201 1697 5244 est
1723 5205 1817 5259 pro
1848 5192 2001 5248 nobis

424 5278 670 5341 mittere;
698 5287 872 5331 tamen
919 5279 1035 5334 sine
1076 5282 1273 5350 gemitu
1312 5291 1366 5335 et
1407 5283 1679 5338 doloribus
1725 5283 1774 5336 id
1822 5284 1998 5339 facere

421 5370 671 5426 medendi
713 5378 871 5430 sunt,
917 5386 983 5423 ne
1035 5372 1215 5425 miseri
1255 5373 1644 5439 existimentur,
1690 5374 1999 5446 feliciorque

423 5460 515 5515 ille
540 5460 607 5514 sit
632 5459 699 5514 de
723 5473 949 5513 numero
976 5467 1158 5513 nostro
1183 5461 1433 5527 Lazarus,
1450 5466 1536 5533 qui
1555 5464 1663 5533 jam
1693 5464 1743 5518 iu
1770 5465 1997 5522 Abrahae

424 5553 543 5606 sinu
568 5552 887 5621 requiescit:
916 5552 1210 5620 pra-sertim
1242 5553 1362 5619 quia
1392 5554 1543 5618 dixit,
1574 5557 1817 5610 eamdem
1848 5571 1999 5612 crea-

423 5651 613 5705 turam,
640 5657 756 5708 qua:
785 5643 1132 5711 congemiscft
1162 5653 1215 5697 ct
1256 5642 1420 5708 dolet,
1462 5646 1679 5698 vanitati
1710 5660 1833 5699 esse
1870 5647 1996 5702 sub-

424 5729 614 5797 jectam
642 5748 652 5779 :
680 5732 818 5799 quod
858 5732 934 5788 de
980 5733 1203 5789 summis
1235 5742 1288 5788 et
1330 5734 1712 5791 excellentibus
1745 5736 1997 5794 virtutum

2096 3276 2323 3337 quenter
2351 3282 2467 3337 quae
2507 3279 2753 3336 putamus
2800 3281 3085 3335 prospera,
3116 3266 3357 3320 obsunt:
3407 3262 3531 3317 ideo
3570 3277 3680 3315 non

2094 3359 2490 3422 conceduntur,
2527 3359 2634 3413 Deo
2681 3357 2871 3413 melius
2902 3356 3213 3427 trovidente
3246 3372 3260 3411 :
3302 3356 3440 3409 sicut
3480 3352 3680 3407 Paulus

2098 3458 2179 3504 ter
2206 3448 2489 3504 Dominum
2521 3450 2747 3518 rogavit.
2792 3448 2940 3505 Sicut
2979 3457 3174 3517 Oportet
3214 3448 3486 3501 nescimus.
3542 3444 3679 3511 Quia

2102 3556 2240 3597 nunc
2268 3557 2364 3613 per
2384 3542 2655 3612 speculum
2679 3541 2940 3608 videmus,
2967 3542 3109 3597 sicut
3138 3540 3201 3595 ad
3223 3539 3532 3594 Corinthios
3562 3540 3637 3593 ait
3666 3557 3676 3587 :

2097 3635 2153 3692 Si
2176 3638 2293 3704 quis
2316 3636 2586 3695 existimat
2616 3650 2676 3691 se
2700 3637 2860 3701 scire,
2893 3635 3127 3689 nondum
3152 3633 3305 3687 scivit
3331 3646 3489 3701 quem
3526 3633 3682 3684 dum-

2100 3729 2224 3783 dum
2248 3738 2491 3795 oporteat
2513 3744 2635 3784 eum
2659 3728 2820 3783 scire.
2848 3728 2950 3782 Sed
2974 3729 3079 3798 ipse
3102 3726 3329 3795 Spiritus
3346 3725 3571 3796 postulat
3591 3741 3683 3789 pro

2100 3821 2259 3875 nobis.
2288 3820 2567 3888 Quomodo
2592 3837 2688 3877 nos
2716 3830 2883 3876 tentat
2904 3830 2959 3876 ut
2987 3822 3159 3887 sciat,
3192 3820 3294 3875 hoc
3320 3829 3426 3885 est,
3455 3828 3515 3873 ut
3536 3821 3684 3874 scire

2100 3929 2199 3967 nos
2232 3912 2417 3977 faciat;
2452 3915 2590 3968 sicut
2618 3914 2814 3969 dicitur
2837 3932 2852 3969 :
2887 3914 2981 3970 llle
3008 3913 3290 3969 aedificavit
3316 3914 3557 3975 domum,
3584 3928 3684 3966 cu-

2099 4003 2189 4074 jus
2214 4004 2365 4074 jussu
2409 4005 2486 4073 fit,
2519 4007 2597 4060 sic
2623 4015 2677 4061 et
2710 4006 2941 4075 Spiritus
2976 4017 3189 4062 sanctus
3216 4005 3477 4076 posmlat,
3513 4004 3562 4058 id
3598 4014 3684 4059 cst

2103 4097 2381 4167 postulare
2422 4110 2521 4152 nos
2561 4096 2684 4151 facit
2723 4113 2841 4167 qua:
2885 4098 2976 4153 Dei
3014 4107 3172 4163 sunt,
3214 4096 3558 4165 inspirando,
3597 4095 3685 4150 vel

2102 4186 2426 4256 praestando,
2456 4195 2549 4241 aut
2578 4188 2850 4257 operando
2881 4188 2936 4242 in
2966 4188 3143 4244 nobis.
3167 4187 3448 4243 Gentitilnts
3476 4189 3685 4240 inenar-

2103 4277 2365 4333 rabilibus.
2420 4278 2647 4335 Gemere
2693 4295 2789 4336 nos
2841 4280 2963 4335 facit
2997 4282 3118 4337 altis
3156 4281 3439 4352 gemitibus
3476 4283 3686 4336 mutis:

2104 4370 2224 4438 quia
2252 4379 2507 4439 quantum
2539 4387 2633 4426 ore
2663 4382 2848 4442 petere
2879 4388 2983 4427 non
3012 4387 3318 4442 possumus,
3354 4383 3558 4427 tantum
3592 4387 3687 4442 ge-

2030 4446 2081 4505 D
2105 4462 2321 4517 mitibus
2350 4463 2719 4533 deprecamur.
2764 4464 2865 4529 Qui
2906 4477 3071 4519 autem
3102 4474 3358 4519 scrutatur
3396 4466 3553 4519 corda
3588 4464 3688 4517 scit

2105 4554 2229 4625 quid
2259 4555 2515 4609 desiderat
2538 4556 2768 4624 spiritus.
2802 4556 2897 4611 Hie
2931 4557 3153 4626 gratiam
3184 4557 3403 4625 Spiritus
3436 4555 3687 4610 nomina.

2104 4644 2182 4698 vit
2223 4642 2478 4713 Spiritum
2520 4654 2786 4710 sanctum,
2830 4645 2965 4700 sicut
2992 4646 3060 4699 ibi
3093 4645 3182 4702 :Si
3218 4658 3445 4700 oravere
3476 4645 3685 4713 lingua,

2105 4734 2324 4805 spiritus
2354 4749 2503 4790 meus
2530 4745 2645 4789 orat
2679 4753 2692 4789 :
2727 4738 2812 4790 ubi
2841 4752 3008 4809 genus
3036 4738 3227 4806 linguae
3254 4738 3337 4793 vel
3366 4737 3564 4791 locutio
3597 4737 3689 4791 in-

2103 4828 2317 4883 tellecta
2365 4830 2645 4898 accipitur.
2682 4830 2816 4898 Quia
2856 4832 3137 4886 secundum
3168 4830 3352 4885 Deum.
3398 4829 3537 4898 Quia
3571 4844 3689 4885 cu:-

2103 4918 2257 4974 lestia
2302 4930 2355 4975 et
2394 4920 2572 4975 ditina
2597 4922 2883 4978 desiderat.
2927 4921 3164 4978 Postulat
3198 4939 3289 4992 pro
3328 4923 3540 4977 sanctis.
3578 4922 3693 4978 Pro

2103 5012 2303 5067 sanctis
2334 5013 2515 5079 rebus,
2549 5028 2657 5067 non
2688 5014 2959 5078 humanis,
2990 5027 3161 5082 neque
3191 5012 3441 5067 terrenis.
3475 5013 3691 5068 Scimus

2104 5112 2271 5156 autent
2302 5104 2552 5173 quomodo
2581 5104 2909 5176 diligentibus
2942 5103 3103 5157 Deum
3138 5105 3307 5156 omnia
3344 5116 3691 5172 cooperantur

2105 5194 2158 5248 in
2190 5194 2395 5247 bonum.
2429 5198 2770 5264 Quzccunque
2800 5195 3106 5259 fecerimus,
3140 5196 3222 5249 vel
3256 5195 3514 5249 fuerimus
3541 5198 3694 5265 passi

2108 5293 2324 5354 propter
2376 5283 2755 5351 dilemiouem,
2808 5285 2984 5338 omnia
3047 5286 3198 5340 nobis
3251 5287 3316 5339 ad
3378 5287 3697 5341 mercedem

2104 5384 2462 5433 concurrunt:
2495 5377 2609 5433 sive
2632 5389 3008 5445 cooperantur,
3038 5378 3139 5433 hoc
3160 5388 3241 5433 est
3261 5388 3543 5444 crescunt;
3574 5382 3701 5437 sive

2105 5467 2387 5533 amarante
2411 5468 2519 5522 Deo
2543 5471 2808 5523 contraria
2836 5478 3115 5523 vertuntur
3138 5470 3187 5523 in
3222 5485 3571 5538 prosperum,
3608 5486 3703 5527 se-

2104 5558 2336 5612 cundum
2371 5559 2497 5612 illud
2525 5578 2537 5611 :
2577 5559 2762 5614 Omnia
2793 5574 3123 5631 Quaecunque
3152 5559 3361 5625 feceris,
3397 5576 3707 5630 procpera-

2106 5645 2321 5700 buntur.
2357 5646 2453 5699 llis
2490 5648 2575 5714 qui
2614 5651 2907 5701 secundum.
2946 5648 3098 5702 Sicut
3134 5656 3189 5702 et
3235 5663 3330 5701 nos
3379 5650 3518 5702 dicit
3564 5664 3713 5710 ante

2107 5738 2288 5794 mundi
2316 5739 2751 5795 constitutionem
2776 5738 2997 5794 electos.
3027 5739 3353 5810 Prolmsitum
3377 5742 3550 5795 vocati
3577 5758 3715 5803 sunt
