3968 6166
234 249 343 305 465

1097 245 1163 302 ΙΝ
1205 242 1588 302 εριδτοιω
1616 245 1708 302 AD
1737 242 2064 303 ROMANOS
2098 244 2620 331 CQMMENTARIA.

3379 243 3484 300 ιεσ

228 366 413 423 sancti.
437 364 774 435 Propositum
800 363 894 420 Dei
916 370 1020 431 est,
1046 372 1105 419 ut
1125 365 1243 421 sine
1269 364 1523 434 operibus
1546 363 1701 434 legis,
1726 363 1809 416 vel
1842 364 1889 423 A
1918 361 2132 418 fuerant
2166 365 2267 420 sub
2309 370 2526 434 peccato
2565 361 2838 416 cont-lusa.
2877 361 2936 416 Si
2978 361 3125 432 quasi
3165 361 3495 416 conﬁrmans

229 461 638 530 quibuscunaue
672 457 795 513 aliis
830 457 1036 512 meritis
1074 471 1169 526 per
1210 456 1365 513 tidem
1403 456 1573 511 solam
1606 454 1808 522 justiti-

228 560 375 605 caret
403 550 616 619 impios,
638 564 758 618 qua:
781 548 911 604 ﬁdes
930 563 1036 603 non
1059 563 1121 603 ex
1148 556 1355 612 natura,
1375 546 1467 600 sed
1494 546 1588 600 Dei
1611 546 1807 599 donum

226 655 313 698 cSt
344 661 355 695 :
389 641 593 697 fruetus
636 641 859 710 spiritus
902 648 984 694 est
1023 639 1162 694 inter
1190 648 1382 692 caetera
1422 645 1477 690 et
1508 636 1657 691 fides.
1693 634 1807 689 Non

228 735 376 789 enim
389 747 578 787 omnes
593 731 788 797 vocati,
812 729 1107 786 secundum
1127 728 1456 799 propositum
1476 725 1808 790 suntvocati;

229 825 486 896 quoniam
505 823 654 878 multi
671 823 863 887 vocati,
883 821 1035 892 pauci
1051 821 1230 878 electi.
1251 818 1354 889 Ipsi
1373 834 1503 888 ergo
1518 816 1811 873 secundum

230 915 568 986 propositum
599 913 801 979 vocati,
832 913 923 981 qui
959 921 1013 967 et
1039 910 1194 967 electi
1219 920 1344 965 ante
1376 909 1811 964 constitutionem

234 1006 449 1060 mundi.
476 1004 616 1059 Nam
643 1020 771 1073 quos
792 1002 1041 1073 praesciuit
1067 1012 1111 1057 et
1141 1000 1513 1073 prwdestinavit
1530 1000 1815 1068 conformes

229 1099 349 1166 ﬁeri
370 1097 610 1170 imaginis
626 1096 755 1150 Filii
778 1097 880 1149 sui.
907 1094 1329 1158 Praedestinavit,
1351 1102 1408 1147 ut
1425 1091 1515 1163 qui
1535 1092 1678 1146 dono
1700 1090 1815 1160 ejus

230 1189 529 1245 conformis
566 1198 713 1243 esset
750 1188 802 1241 in
846 1186 986 1252 vita,
1018 1172 1163 1241 esset
1188 1184 1484 1240 conformis
1526 1183 1579 1237 in
1609 1183 1811 1252 g'oria:

230 1282 323 1351 qui
348 1280 748 1335 tratisturmavit
768 1292 962 1347 corpus
985 1276 1298 1332 humilitatis
1326 1284 1523 1331 nostra;
1542 1273 1817 1330 conformo

231 1368 450 1438 corpori
486 1368 741 1422 claritatis
768 1382 906 1425 suat.
946 1366 1102 1422 Unde
1131 1377 1183 1422 et
1211 1366 1486 1421 Joannes:
1523 1365 1738 1422 Similes
1765 1365 1816 1420 ei

232 1459 461 1513 erimus.
497 1456 564 1511 Ut
600 1458 665 1512 sit
693 1458 803 1527 ipse
841 1457 1206 1528 primogenitus
1253 1457 1307 1509 in
1344 1454 1519 1510 inuitis
1547 1455 1816 1525 fratribus.

234 1551 635 1621 Primogenitus
662 1567 726 1605 ex
756 1550 1015 1612 mortuis,
1048 1549 1168 1616 quia
1201 1548 1363 1603 habet
1388 1549 1586 1603 multos
1625 1561 1819 1617 praeter

233 1657 319 1697 se.
366 1643 507 1707 Quos
549 1650 718 1695 autem
755 1640 1150 1708 praedestinavit.
1185 1640 1280 1694 llic
1324 1638 1722 1709 prtedestinatio
1765 1639 1817 1694 in

1914 456 2257 523 pronunties,
2305 465 2500 526 quanta
2561 454 2884 523 perversitas
2930 455 3171 508 oriatur?
3220 454 3309 510 Sic
3361 468 3492 522 ergo

1913 548 2358 616 pronuntiandum
2389 556 2493 613 est,
2521 562 2581 601 ac
2608 547 2653 601 si
2680 546 2979 601 diceretur:
3002 546 3209 600 Deusne
3231 547 3353 614 quid
3373 546 3489 614 jus-

1914 635 2115 690 tilicat?
2145 646 2200 689 ιιι
2233 637 2606 691 subaudiatur:
2636 636 2749 691 Non
2784 636 2984 705 utique.
3019 636 3152 690 Deus
3181 639 3268 707 qui
3290 636 3492 711 justiﬁ-

1912 737 2012 780 cat.
2039 727 2417 783 Subaudiendo
2441 727 2719 796 :Nunquid
2752 727 2888 781 Deus
2917 728 3005 795 qui
3034 741 3124 794 per
3145 742 3238 781 eos
3265 731 3413 799 signa
3436 738 3492 782 et

1912 820 2172 877 mirabilia
2209 822 2362 887 facit,
2409 824 2496 892 qui
2537 838 2633 878 eos
2672 822 2836 892 gratis
2865 821 3208 892 justiticavit?
3251 822 3377 887 Quis
3417 830 3493 876 est

1913 914 2001 984 qui
2027 914 2365 970 condemnet?
2402 916 2563 982 Quasi
2594 917 2884 983 interrogat
2911 930 2926 968 :
2957 914 3087 979 Quis
3124 922 3208 969 est
3235 915 3323 983 qui
3354 929 3489 968 con-

1913 1005 2163 1059 demnet‘t
2202 1017 2291 1059 aut
2325 1006 2593 1060 dimittet?
2626 1006 3036 1077 Intelligendum
3077 1012 3197 1060 est:
3246 1004 3493 1074 Nunquid

1915 1094 2191 1150 Christus?
2220 1096 2283 1149 Et
2312 1096 2604 1164 respondet
2628 1115 2640 1150 :
2672 1097 2772 1164 Qui
2814 1105 3055 1151 mortuus
3078 1106 3159 1151 est
3185 1112 3282 1166 pro
3314 1096 3493 1161 nobis,

1917 1187 2031 1256 ipse
2056 1202 2154 1241 nos
2174 1187 2533 1242 condemnat?
2569 1190 2738 1243 Absit.
2768 1188 2877 1243 lmo
2902 1189 3068 1258 quiet
3096 1188 3408 1253 resurrexit,
3441 1197 3498 1242 et

1916 1286 1997 1333 est
2019 1277 2070 1331 in
2099 1277 2427 1334 beatitudine
2459 1279 2653 1333 Patris.
2686 1280 2785 1346 Qui
2809 1280 2945 1334 sicut
2975 1294 3069 1349 per
3091 1279 3230 1334 servi
3264 1278 3491 1335 formam

1917 1378 2069 1440 rogat
2115 1386 2212 1439 pro
2252 1372 2405 1426 nobis
2460 1372 2694 1437 Patrem,
2723 1382 2778 1428 et
2805 1373 2963 1427 etiam
2997 1387 3093 1427 nos
3120 1371 3335 1428 exaudit
3365 1386 3493 1426 cum

1920 1460 2096 1525 Patre,
2123 1461 2360 1531 nunquid
2393 1462 2504 1531 ipse
2526 1478 2624 1517 nos
2652 1462 2929 1517 accusabit
2956 1472 3049 1517 aut
3078 1462 3494 1517 condemnabit?

1920 1548 2150 1605 Christus
2172 1548 2323 1605 Jesus
2349 1552 2438 1620 qui
2466 1561 2690 1606 mortuus
2715 1563 2788 1605 est
2809 1569 2827 1605 :
2849 1553 2949 1606 imo
2976 1553 3062 1621 qui
3085 1553 3380 1605 resurrexit.
3409 1552 3499 1607 Illo

1923 1654 2021 1695 nos
2064 1650 2265 1694 tantum
2306 1642 2521 1705 dilexit,
2558 1655 2613 1696 ut
2654 1644 2814 1699 etiam
2856 1654 3157 1698 moreretur
3193 1659 3287 1712 pro
3321 1644 3495 1698 nobis.

237 1734 578 1804 temporibus
601 1733 935 1803 intelligitur,
960 1747 1065 1788 non
1097 1732 1149 1787 in
1176 1732 1334 1802 hujus
1364 1732 1618 1802 temporis
1645 1733 1815 1787 homi-
1849 1724 1896 1784 Β
1927 1733 2026 1799 Qui
2054 1744 2128 1788 est
2154 1734 2221 1786 ad
2249 1734 2509 1787 dexteram
2540 1735 2654 1792 Dei.
2687 1734 2790 1790 Ubi
2823 1734 2909 1789 ille
2935 1745 3016 1790 est
3038 1775 3053 1799 ,
3083 1746 3137 1789 et
3167 1751 3265 1789 nos
3290 1734 3501 1789 venturi

237 1826 445 1881 uibus:
477 1826 526 1879 id
551 1833 663 1892 est,
696 1835 750 1880 et
775 1835 900 1879 ante
923 1825 1121 1895 legem,
1151 1824 1253 1879 sub
1276 1824 1394 1894 lege
1419 1831 1473 1878 et
1499 1823 1599 1879 sub
1626 1822 1817 1893 gratia.

240 1918 351 1974 Sed
377 1917 677 1988 quicunque
710 1927 834 1972 tunc
862 1917 1049 1972 salvati
1078 1924 1222 1983 sunt,
1259 1916 1347 1970 Dei
1377 1914 1545 1985 gratia
1574 1924 1693 1969 sunt
1716 1914 1823 1969 sal-

238 2008 376 2073 vati,
407 2008 616 2061 dicente
639 2007 929 2076 Apostolo:
963 2007 1231 2061 Habentes
1257 2015 1434 2060 autem
1453 2006 1815 2074 eumdemspi-

238 2100 406 2154 ritum
443 2098 587 2153 lldei.
622 2097 731 2152 Hes
758 2108 804 2152 et
836 2099 1046 2152 vocavit.
1085 2098 1336 2153 llomines
1366 2096 1420 2150 in
1452 2096 1551 2151 hoc
1583 2105 1823 2166 tempore

241 2191 307 2245 ad
341 2190 503 2244 fidem
535 2189 772 2255 vocavit,
803 2191 924 2257 quia
958 2188 1095 2257 apud
1129 2203 1251 2243 eum
1282 2198 1564 2257 antequam
1594 2189 1824 2242 mundus

238 2293 415 2349 esset,
442 2292 594 2337 erant
616 2284 806 2337 vocati.
835 2282 1104 2336 Vocantur
1126 2293 1305 2335 autem
1329 2295 1424 2348 per
1443 2279 1567 2335 ﬁdei
1598 2280 1825 2349 inspira-

241 2378 473 2440 tioncm,
505 2387 557 2428 et
580 2389 674 2443 per
701 2374 1127 2429 exhortationem
1146 2414 1159 2437 ,
1193 2382 1249 2428 ct
1276 2373 1457 2426 divina
1483 2374 1821 2441 operatione,

235 2466 605 2534 justiticantur
636 2481 729 2535 per
754 2465 1109 2534 baptismum,
1152 2464 1517 2535 gloriﬁcantur
1547 2479 1643 2533 per
1686 2479 1824 2533 pra;-

242 2559 439 2621 mium,
461 2557 572 2611 sive
597 2557 647 2611 iu
672 2572 811 2627 prms
843 2558 920 2612 nti
947 2573 1042 2628 per
1068 2558 1347 2625 virtutem;
1382 2556 1475 2612 sed
1503 2556 1620 2612 huic
1646 2558 1823 2613 omnia

240 2658 379 2703 sunt
404 2650 542 2703 dona
577 2650 670 2707 Dei
698 2668 710 2702 :
745 2650 867 2717 quia
896 2650 1024 2705 dicit
1046 2650 1171 2704 alibi
1202 2667 1215 2702 :
1248 2650 1316 2705 Ut
1346 2649 1592 2719 dignetur
1611 2664 1705 2703 vos
1737 2665 1829 2703 vo-

238 2741 466 2795 catione
489 2755 605 2795 sua.
641 2739 706 2794 Et
738 2741 864 2795 illud
891 2758 904 2794 :
935 2741 1035 2807 Qui
1066 2756 1160 2796 vos
1192 2742 1400 2801 vocavit
1429 2741 1481 2796 in
1511 2742 1678 2810 gratia
1710 2742 1821 2808 Dei,

236 2832 522 2903 justiticati
552 2835 749 2902 gratis,
784 2834 875 2901 qui
922 2845 1174 2902 operatur
1212 2836 1390 2888 omnia
1434 2836 1487 2888 in
1531 2836 1825 2889 omnbus:

240 2922 375 2993 quia
416 2924 529 2992 ipse
570 2939 668 2978 nos
704 2926 898 2994 eripuit
940 2926 1007 2980 de
1047 2934 1313 2995 potestate
1354 2926 1731 2994 tenebrarum,
1769 2935 1829 2981 et

243 3018 522 3072 transtulit
546 3017 601 3071 in
625 3034 844 3086 regnum
878 3018 1183 3073 dilectionis
1210 3034 1322 3073 sua:
1347 3038 1360 3073 :
1386 3036 1488 3074 non
1514 3021 1701 3090 ipsius,
1729 3022 1823 3077 sed

1925 1842 2141 1893 sumus;
2168 1826 2458 1882 secundum
2492 1824 2761 1881 homin‘em
2788 1834 2996 1893 tractat,
3022 1827 3314 1881 secundum
3340 1841 3498 1897 quem

1925 1931 2166 1976 mortuus
2196 1929 2298 1986 est,
2323 1929 2375 1973 et
2404 1921 2787 1990 primogenitus
2819 1920 2989 1974 factus
3009 1935 3073 1975 ex
3108 1921 3357 1974 mortuis.
3393 1919 3497 1985 Qui

1925 2011 2080 2064 etiam
2112 2011 2399 2079 interpellat
2427 2026 2521 2080 pro
2544 2010 2709 2064 nobis.
2739 2010 2927 2067 Solent
2953 2010 3136 2064 Ariani
3164 2010 3373 2064 dicere:
3400 2010 3500 2064 Mi-

1928 2115 2027 2155 nor
2056 2099 2243 2168 estqui
2271 2100 2595 2169 interpellat.
2621 2100 3069 2169 liespondendum
3092 2114 3122 2154 e
3157 2108 3197 2165 t,
3216 2100 3498 2153 Dominum

1927 2192 2247 2247 oblivionem
2273 2206 2376 2245 non
2407 2191 2535 2260 pati,
2572 2203 2627 2245 ut
2657 2207 2754 2261 pro
2781 2193 2886 2247 illis
2922 2207 3134 2263 semper
3158 2206 3500 2248 commonea-

1927 2294 2013 2339 tur
2036 2298 2169 2354 quos
2197 2285 2310 2354 ipse
2333 2282 2670 2353 justi‘licavit.
2698 2284 2804 2339 Sed
2833 2283 2888 2338 in
2918 2284 3019 2338 hoc
3054 2284 3399 2353 interpellare
3421 2283 3503 2337 di-

1928 2376 2087 2445 citur,
2119 2375 2245 2429 dum
2277 2388 2488 2442 semper
2518 2374 2817 2441 hominem,
2850 2390 3007 2445 quem
3041 2375 3275 2442 suscepit
3304 2374 3504 2444 gloriti-

1929 2474 2129 2531 catum,
2162 2464 2314 2535 quasi
2339 2471 2580 2518 nostrum
2610 2464 2801 2536 pignus
2825 2464 2967 2519 Patri
2998 2464 3229 2519 ostendit
3250 2473 3303 2519 et
3324 2464 3501 2530 oll‘ert,

1929 2566 1991 2612 ut
2015 2570 2174 2611 verus
2212 2564 2268 2611 et
2308 2566 2542 2611 aeternus
2570 2555 2858 2612 Sacerdos.
2895 2556 2997 2611 Per
3026 2571 3185 2626 quem
3231 2556 3503 2612 hominem

1930 2660 1985 2705 et
2014 2651 2189 2705 tninor
2218 2648 2410 2704 dicitur
2442 2666 2454 2701 :
2493 2650 2634 2703 sicut
2663 2650 2838 2721 anima
2876 2658 2931 2704 et
2965 2663 3160 2719 corpus
3200 2664 3265 2703 ex
3295 2647 3504 2703 diversa

1930 2740 2224 2795 substantia
2250 2753 2385 2793 unus
2410 2747 2492 2793 est
2520 2738 2682 2793 homo
2705 2779 2721 2804 ,
2754 2739 2825 2793 ita
2860 2738 2996 2793 Deus
3024 2747 3079 2793 et
3105 2740 3287 2802 homo,
3325 2754 3391 2791 ex
3419 2736 3505 2790 di-

1932 2844 2084 2884 versa
2114 2829 2410 2883 substantia
2444 2844 2583 2883 unus
2612 2836 2695 2883 est
2722 2828 2993 2883 Christus.
3020 2829 3096 2883 Ac
3128 2844 3223 2898 per
3253 2827 3355 2883 hoc
3384 2842 3505 2882 cum

1930 2925 1999 2987 sit
2018 2925 2135 2993 ipse
2161 2938 2295 2978 unus
2324 2937 2392 2977 ex
2431 2922 2646 2977 diversa
2675 2921 2995 2985 substantia,
3024 2921 3140 2992 ipse
3166 2936 3228 2976 se
3252 2919 3504 2990 quodam-

1931 3016 2091 3072 modo
2128 3015 2290 3086 petit,
2339 3014 2454 3083 ipse
2493 3012 2887 3083 quodammodo
2924 3026 3021 3082 pro
3061 3011 3217 3067 nobis
3261 3010 3500 3066 exaudit.

240 3110 399 3164 Filii.
432 3109 496 3163 Et
518 3126 643 3179 quos
689 3112 909 3174 vocavit,
941 3113 1033 3165 hos
1057 3121 1104 3165 et
1134 3112 1478 3183 justiﬁcavit;
1507 3129 1632 3181 quos
1660 3124 1826 3168 autem
1854 3093 1902 3158 C
1937 3106 2062 3174 Quis
2099 3122 2191 3160 nos
2220 3104 2474 3173 separabit
2504 3120 2537 3157 a
2563 3106 2811 3157 charitate
2847 3101 3074 3159 Christi?
3109 3100 3393 3168 tribulatio,
3439 3117 3506 3154 an

233 3202 569 3273 justiﬁcavit,
597 3203 713 3258 illos
750 3214 795 3258 et
825 3205 1183 3275 magni/ienuit.
1216 3204 1458 3276 Magnum
1489 3214 1573 3263 est
1610 3207 1702 3261 tibi
1730 3223 1824 3263 vo-

242 3294 366 3348 cari
400 3308 615 3348 servum
646 3309 858 3361 meum;
892 3310 1027 3364 quos
1070 3305 1189 3365 post
1219 3299 1665 3353 resurrectionem
1710 3298 1828 3369 glo-

243 3385 558 3441 rilicaturus
584 3394 687 3440 est.
716 3386 806 3439 llla
834 3387 1013 3441 omnia
1039 3386 1150 3457 jam
1181 3388 1319 3442 tacta
1344 3399 1500 3456 sunt,
1531 3393 1824 3460 prtescivit,

243 3478 688 3549 pra-destinarit,
716 3466 970 3546 vocavit,
1016 3490 1070 3536 et
1104 3481 1431 3550 justiticavit.
1478 3485 1735 3552 Quoniam
1775 3495 1832 3543 et

246 3583 445 3639 omnes
480 3568 592 3639 jam
623 3570 854 3640 praeseiti
895 3580 949 3625 et
985 3572 1350 3641 pmde§tinali
1391 3583 1551 3641 sunt,
1589 3585 1645 3631 et
1677 3576 1830 3634 multi

243 3662 362 3732 jam
394 3662 569 3715 vocati
595 3669 755 3731 atque
778 3660 1074 3731 justiticati.
1110 3662 1260 3731 Quod
1286 3673 1463 3718 autem
1493 3666 1605 3719 ait:
1630 3665 1750 3720 lllos
1777 3676 1831 3723 et

243 3750 569 3821 gloriﬁcavit
596 3792 612 3815 ,
650 3751 736 3805 illa
764 3751 933 3821 gloria
970 3752 1310 3823 intelligenda
1350 3764 1434 3808 est
1469 3754 1575 3823 hic,
1622 3755 1690 3810 de
1727 3770 1830 3826 qua

248 3844 398 3896 idem
428 3842 557 3896 dicit
574 3861 586 3894 :
602 3841 736 3897 Cum
762 3843 1003 3897 Christus
1020 3844 1324 3912 apparuerit
1348 3844 1451 3898 vita
1474 3854 1680 3910 vestra,
1706 3855 1832 3901 tunc

248 3945 304 3990 et
330 3949 431 3989 vos
458 3935 779 4003 apparebitis
806 3950 928 3990 cum
954 3935 1044 3990 illo
1075 3937 1127 3989 in
1157 3936 1351 4006 gloria.
1385 3936 1524 4004 Quid
1554 3953 1671 4009 ergo
1694 3938 1832 3992 dice-

248 4042 367 4079 mus
405 4027 475 4078 ad
502 4028 649 4081 Ιπωεῖ
685 4027 747 4081 Si
773 4027 914 4081 Deus
955 4044 1048 4098 pro
1076 4029 1239 4095 nobis,
1270 4029 1385 4099 quis
1411 4039 1585 4083 contra
1616 4032 1747 4084 nos?
1775 4029 1832 4085 Si

251 4117 398 4171 Deus
429 4132 525 4172 nos
552 4118 787 4185 adjuvat,
810 4118 930 4188 quis
961 4119 1114 4173 nobis
1144 4119 1391 4173 nocebit?
1418 4118 1479 4174 Si
1504 4119 1644 4174 Deus
1666 4124 1833 4189 gratis

250 4224 354 4263 nes
377 4209 489 4261 vult
510 4209 823 4277 justitieare,
860 4210 977 4280 quis
1004 4211 1129 4265 dicit
1155 4227 1170 4266 :
1202 4210 1316 4265 Non
1344 4221 1517 4280 petest
1540 4213 1687 4267 licri?
1714 4213 1835 4267 Vult

250 4298 541 4352 ostendere
558 4300 780 4351 multum
799 4314 918 4353 esse
935 4299 1073 4366 quod
1094 4299 1419 4368 accepimus,
1436 4308 1490 4355 et
1514 4301 1655 4370 quod
1674 4317 1833 4358 nemo

250 4392 542 4460 praevaleat
584 4392 841 4461 impedire
874 4393 1199 4449 voluntatem
1237 4394 1364 4459 Dei,
1402 4398 1490 4465 qui
1541 4398 1682 4467 quod
1724 4400 1833 4453 vult

1930 3198 2187 3269 angustia,
2212 3214 2278 3250 an
2302 3196 2485 3267 fames,
2510 3211 2577 3249 an
2608 3195 2911 3264 persecutio,
2932 3210 3000 3248 an
3021 3192 3249 3257 auditas,
3269 3209 3338 3245 an
3364 3191 3503 3261 peri-

1931 3291 2122 3357 culum,
2151 3306 2218 3344 an
2239 3289 2484 3361 gladius?
2514 3288 2643 3342 sicut
2669 3289 2916 3358 scriptum
2937 3296 3033 3341 est.
3062 3285 3234 3343 Judaei
3264 3286 3388 3341 illos
3415 3300 3507 3341 sec

1930 3372 2126 3453 parare
2151 3381 2405 3436 volebant
2435 3394 2471 3436 τι
2501 3380 2740 3447 Christo,
2768 3380 3012 3435 volentes
3035 3394 3130 3434 eos
3158 3380 3223 3433 ad
3254 3379 3386 3449 legis
3416 3394 3505 3434 cu-

1930 3472 2157 3526 stodiam
2192 3475 2463 3526 revocare.
2495 3469 2624 3525 Post
2661 3479 2805 3525 tanta
2830 3478 2886 3524 et
2916 3479 3021 3523 tam
3052 3469 3309 3538 praeclara
3342 3469 3507 3524 bene-

1934 3561 2049 3617 ficia
2074 3571 2126 3616 et
2156 3561 2414 3629 promissa
2436 3601 2451 3625 ,
2485 3560 2607 3629 quis
2650 3559 2805 3614 nobis
2844 3560 2953 3615 tale
2992 3558 3193 3628 aliquid
3228 3560 3379 3614 dabit
3417 3566 3507 3613 aut

1934 3655 2229 3724 promittet,
2262 3662 2320 3707 ut
2347 3667 2377 3707 a
2402 3652 2618 3707 Christo
2650 3657 2843 3707 merito
2869 3652 3203 3719 recedamus,
3228 3652 3320 3723 qui
3345 3653 3507 3707 etiam

1933 3744 2164 3799 animam
2190 3758 2339 3798 suam
2370 3744 2547 3811 posuit
2571 3758 2665 3811 pro
2696 3742 2883 3797 nobis?
2919 3742 3052 3809 Quia
3076 3753 3282 3813 propter
3304 3751 3350 3797 te
3369 3759 3508 3795 mor-

1934 3836 2191 3901 tiﬁcamur
2219 3841 2326 3888 tota
2354 3834 2457 3901 die,
2485 3833 2760 3887 existimati
2785 3849 2961 3886 sumus
2992 3842 3045 3885 ut
3073 3848 3187 3885 oves
3218 3833 3505 3886 occisionis.

1935 3924 2082 3978 Beati
2113 3924 2242 3978 estis
2282 3938 2402 3977 cum
2439 3938 2534 3976 vos
2581 3928 2977 3992 persequuntur
3024 3930 3238 3990 propter
3274 3936 3379 3975 me.
3418 3922 3509 3987 Et,

1934 4022 2152 4084 propter
2180 4022 2261 4079 te,
2301 4013 2403 4081 ait,
2438 4028 2542 4066 non
2574 4026 2791 4082 propter
2826 4012 3039 4081 aliquod
3084 4012 3289 4067 crimen
3335 4022 3510 4068 morte

1936 4104 2203 4158 allicimur
2233 4120 2244 4156 :
2278 4114 2331 4157 et
2358 4115 2576 4173 propter
2601 4112 2654 4159 te
2681 4111 2903 4157 mortem
2934 4106 3259 4157 sustinemus
3285 4118 3406 4158 cum
3434 4104 3508 4158 vi-

1935 4208 2051 4248 cem
2108 4192 2309 4248 rt-l'errc
2352 4194 2636 4260 possimus.
2683 4193 2737 4247 lu
2781 4194 2937 4248 nobis
2983 4193 3217 4249 maxime
3254 4194 3510 4264 impletur

1936 4286 2039 4340 hoc
2068 4285 2456 4352 testimonium,
2488 4287 2678 4357 quibus
2713 4300 2812 4342 nec
2851 4287 3100 4342 resistere
3132 4287 3282 4355 licet,
3325 4303 3509 4349 exem-

1936 4376 2078 4447 plum
2110 4377 2347 4447 magistri
2390 4388 2443 4432 et
2473 4376 2672 4431 domini
2700 4376 3069 4445 sequentibus,
3098 4378 3187 4447 qui
3221 4379 3365 4432 velut
3392 4380 3509 4432 ovis

250 4483 397 4538 facit.
446 4485 547 4551 Qui
587 4486 739 4539 etiam
769 4487 978 4556 praprio
1017 4484 1158 4541 Filio
1203 4505 1296 4544 suo
1324 4507 1427 4544 non
1469 4495 1714 4562 pepercit,
1742 4496 1832 4549 sed
1864 4467 1909 4526 ί)
1936 4478 2000 4531 ad
2026 4477 2348 4531 occisionem
2376 4475 2570 4530 ductus
2600 4490 2702 4530 cat.
2730 4475 2836 4531 Sed
2859 4477 2909 4529 in
2939 4476 3017 4530 his
3039 4477 3268 4531 omnibus
3301 4494 3515 4547 supera.

250 4592 346 4643 pro
373 4577 517 4629 nobis
544 4577 773 4630 omnibus
802 4578 1014 4631 tradidit
1054 4578 1198 4632 itlum
1223 4595 1242 4633 :
1269 4585 1523 4651 quomodo
1553 4600 1652 4639 non
1681 4588 1833 4640 etiam

250 4686 369 4725 cum
408 4668 498 4723 illo
526 4670 697 4723 omnia
726 4673 867 4725 nob’s
896 4673 1101 4726 donavit
1122 4675 1148 4728 ?
1186 4673 1299 4728 Non
1333 4676 1572 4745 pepercit
1612 4680 1833 4746 permit-

251 4763 417 4816 tendo
442 4763 597 4827 tradi,
624 4772 678 4817 ut
699 4773 748 4816 et
780 4764 1112 4819 tradentibus
1139 4765 1361 4821 libertas
1384 4780 1723 4836 permaneret
1742 4786 1832 4824 ar-

252 4853 399 4908 bitrii
431 4855 495 4908 ad
534 4855 883 4923 peccandum,
926 4866 979 4911 et
1009 4858 1162 4912 nob's
1197 4860 1463 4927 patientia:
1509 4871 1831 4918 monstraret

249 4946 578 5014 exemplum.
617 4947 748 5001 Nam
791 4948 1005 5003 Christo
1044 4949 1169 5017 quid
1216 4951 1375 5005 habet
1420 4953 1639 5007 eharius
1687 4954 1831 5022 quod

253 5037 410 5091 nobis
450 5046 637 5108 neget,
666 5040 754 5108 qui
784 5054 879 5107 pro
906 5040 1058 5093 nobis
1090 5042 1305 5110 proprio
1337 5042 1471 5096 Filio
1500 5059 1604 5097 non
1638 5058 1830 5114 pepxr-

250 5131 359 5186 cit?
390 5131 505 5186 Non
535 5131 707 5187 solum
735 5143 912 5188 autem
942 5148 970 5186 a
1000 5133 1156 5188 Patre
1181 5143 1261 5188 est
1290 5135 1537 5203 traditus,
1562 5137 1654 5191 sed
1681 5152 1711 5191 a
1741 5152 1832 5192 se-

252 5227 514 5292 metipso,
543 5226 696 5279 sicuti
728 5225 857 5279 alibi
890 5225 1018 5279 dicit
1048 5242 1059 5277 :
1092 5227 1190 5291 Qui
1225 5228 1442 5281 tradidit
1484 5230 1829 5297 semetipsum

251 5318 578 5375 oblationem
606 5328 660 5371 et
678 5316 896 5372 odorem
926 5317 1036 5371 Deo
1060 5320 1108 5371 in
1134 5320 1355 5374 odorem
1378 5322 1678 5376 suavitatis.
1706 5321 1831 5387 Quis

254 5408 507 5459 accusabit
526 5407 712 5461 electos
735 5407 828 5460 Dei
844 5410 869 5465 ?_
886 5410 1015 5475 Quis
1040 5412 1306 5465 accusabit
1329 5400 1461 5480 quos
1487 5413 1624 5468 Dens
1649 5413 1829 5483 elegit,

254 5507 312 5554 et
340 5498 456 5552 fecit
486 5498 768 5553 credentes
799 5500 848 5552 in
872 5501 964 5553 se?
990 5500 1127 5554 Deus
1152 5501 1318 5570 signis
1338 5512 1389 5554 et
1414 5501 1696 5557 virtutibus
1721 5501 1831 5571 jam

254 5606 374 5645 esse
398 5590 569 5660 justas
600 5592 810 5661 probat,
852 5602 1034 5647 contra
1060 5609 1153 5648 eos
1183 5592 1271 5662 qui
1300 5592 1484 5646 dicunt
1510 5610 1522 5647 :
1550 5593 1664 5648 Non
1709 5605 1834 5649 sunt

255 5680 411 5750 justi,
450 5685 551 5739 nisi
590 5698 725 5757 quos
767 5686 846 5740 les
871 5685 1286 5755 justilicaverit:
1328 5699 1448 5743 cum
1491 5694 1617 5744 tunc
1651 5688 1831 5746 omnia

1940 4586 2074 4633 mus,
2105 4580 2307 4637 propter
2332 4584 2452 4621 eum
2472 4570 2558 4638 qui
2590 4568 2766 4622 dilexit
2796 4583 2908 4622 nos.
2940 4568 3044 4623 llas
3067 4585 3256 4625 manes
3286 4570 3511 4624 tribula-

1939 4660 2114 4715 tiones
2147 4660 2212 4713 ad
2253 4660 2476 4713 nihilum
2514 4658 2757 4714 ducimus
2802 4671 3017 4729 propter
3045 4676 3168 4715 eum
3215 4662 3306 4732 qui
3348 4663 3507 4717 etiam
3566 4699 3573 4705 -

1938 4766 2036 4805 nos
2057 4760 2257 4805 tantum
2275 4750 2484 4813 dilexit,
2503 4760 2560 4804 ut
2575 4765 2671 4820 pro
2696 4750 2851 4804 nobis
2871 4761 3199 4805 moreretur:
3224 4761 3278 4805 et
3297 4753 3508 4820 quando

1938 4859 2034 4913 pro
2070 4844 2185 4912 ejus
2228 4843 2442 4898 nomine
2478 4844 2768 4909 morimur,
2804 4850 2929 4897 tunc
2958 4843 3186 4897 maxime
3217 4844 3512 4913 triumpha.
3572 4912 3578 4918 ‘

1936 4950 2074 4989 mus.
2101 4934 2281 4990 Certus
2306 4952 2420 5009 sum
2451 4936 2614 5002 enim,
2644 4936 2781 5003 quod
2815 4952 2975 5004 neque
3002 4952 3156 5003 mors,
3186 4952 3345 5004 neque
3381 4938 3503 4992 vita.

1936 5025 2130 5081 Certus
2159 5043 2275 5081 sum
2305 5045 2319 5081 :
2349 5028 2471 5094 quia
2502 5043 2599 5081 nec
2630 5028 2675 5105 si
2698 5027 2824 5081 mihi
2852 5028 2973 5095 quis
3003 5037 3226 5082 mortem
3253 5029 3507 5095 minetur,

1936 5133 2035 5173 nec
2070 5117 2118 5172 si
2146 5118 2306 5171 vitam
2340 5118 2613 5186 promittat
2640 5126 2917 5172 aeternam.
2962 5116 3141 5188 Neque
3167 5119 3356 5187 angeli.
3399 5119 3510 5174 Nec

1935 5220 1980 5275 si
2020 5233 2079 5273 se
2112 5218 2357 5288 angelum
2391 5234 2421 5272 a
2454 5218 2564 5271 Deo
2602 5217 2747 5271 dicat
2782 5215 3042 5271 directum
3077 5235 3091 5272 :
3123 5218 3262 5273 sicut
3289 5218 3405 5287 ipse
3440 5221 3508 5275 ad

1942 5309 2155 5363 Galatas
2193 5300 2285 5362 ait.’
2319 5308 2497 5378 Neque
2522 5308 2871 5375 principatus,
2902 5325 3061 5379 neque
3100 5310 3362 5365 instantia.
3401 5312 3512 5365 Nec

1942 5408 1985 5461 si
2010 5408 2059 5462 in
2083 5406 2328 5476 praesenti
2354 5409 2612 5461 honorem
2634 5406 2892 5461 conferat.
2914 5405 3093 5474 Neque
3109 5408 3301 5477 futura.
3328 5407 3511 5476 Neque

1942 5501 1985 5555 si
2029 5502 2307 5569 praesentia
2354 5499 2511 5564 btna,
2551 5499 2685 5553 etin
2720 5498 2901 5553 futuro
2946 5498 3167 5569 gloriam
3215 5499 3505 5565 promittat.

1944 5591 2122 5659 Neque
2175 5591 2440 5657 fortitudo.
2486 5589 2665 5658 Neque
2704 5590 2749 5645 si
2781 5589 3003 5644 virtutes
3031 5598 3304 5657 operetur.
3333 5586 3512 5652 Neque

1941 5685 2382 5766 attitudoaltcgni
2415 5683 2673 5741 cmlorutn
2707 5681 2793 5739 vel
2837 5681 3131 5753 sapientia.
3166 5679 3345 5753 Neque
3385 5697 3512 5752 pro-
