3968 6166
321 255 433 311 ὁϐὓ

1208 257 1272 312 IN
1314 255 1696 313 EPISTOLAM
1728 257 1818 312 AD
1856 255 2180 316 ROMANOS
2217 255 2740 314 COMMENTARIA.

3504 263 3603 320 £70

321 381 443 426 est:
467 368 525 425 Si
554 384 657 442 ego
686 368 882 437 bonus,
912 368 1103 426 oculus
1131 377 1254 426 tuus
1284 385 1449 440 quare
1472 370 1743 441 nequam?
1774 368 1919 427 Nun-
1946 374 1995 441 Α
2028 368 2266 426 cundum
2301 368 2573 440 eloquium
2623 377 2793 425 tuum.
2825 369 2953 426 Sine
2986 369 3144 425 dubio
3177 371 3346 427 inanis
3373 382 3454 427 est
3483 392 3603 429 cur-

321 462 455 533 quid
487 462 583 518 tibi
614 463 741 517 tollo
772 461 912 530 quod
941 462 1030 516 alii
1079 461 1266 521 dono?
1314 463 1368 515 In
1418 461 1756 530 prrcscientia
1800 476 1915 517 mea

330 554 556 612 decrevi
589 558 642 610 in
684 555 878 615 olivam
926 554 1216 615 oleaSIrum
1249 554 1526 626 inserere,
1572 552 1695 623 quid
1729 552 1791 608 ad
1827 552 1935 613 te?,

323 646 503 719 Hoysi
522 648 657 702 enim
679 645 1138 701 dicit:Miserebor
1168 648 1251 701 cui
1273 648 1533 715 misereor,
1556 656 1603 700 et
1634 648 1920 700 misericor-

323 738 468 791 diam
488 737 740 808 prwstabo
761 738 846 791 cui
870 737 1164 792 miserebor.
1185 737 1321 807 Quia
1342 738 1425 793 cui
1451 739 1735 793 miseretur
1754 737 1918 802 Deus,

324 838 489 884 vocat
531 843 654 883 eum
695 837 749 882 ει
780 828 1004 898 inspirat
1036 837 1095 883 ut
1126 829 1335 895 credat,
1381 838 1435 884 et
1464 830 1551 883 cui
1604 828 1915 883 misericors

327 918 493 973 fuerit
525 929 584 972 ut
613 918 818 978 credat.
854 919 1286 975 misericmdiam
1313 928 1554 989 pra‘stat,
1584 919 1685 973 hoc
1708 928 1812 980 est,
1844 919 1920 972 fa-

324 1012 436 1065 ciet
462 1026 581 1066 eum
602 1012 1028 1076 misericordem,
1052 1013 1281 1067 utetiam
1314 1015 1449 1068 bene
1475 1023 1747 1082 operetur.
1771 1011 1921 1067 Unde

324 1103 612 1157 evidenter
650 1111 878 1168 constat,
925 1106 1103 1158 omnia
1140 1105 1275 1159 bona
1306 1120 1428 1161 esse
1459 1119 1487 1159 a
1523 1104 1632 1161 Deo
1662 1105 1801 1173 ipso,
1832 1102 1921 1174 qui

324 1204 413 1248 est
437 1193 684 1247 Salvator
706 1196 970 1261 omnium,
997 1196 1231 1250 max’me
1259 1196 1517 1251 fidelium.
1542 1196 1648 1250 Sed
1674 1196 1802 1249 dicit
1827 1196 1922 1251 ali.-

324 1284 485 1354 qnis:
508 1285 690 1352 Quare
720 1286 883 1339 illum
905 1287 1010 1351 sic,
1039 1296 1091 1341 et
1122 1288 1286 1340 aiinm
1320 1303 1424 1342 non
1458 1288 1554 1353 sic,
1587 1295 1643 1343 et
1670 1302 1768 1342 cur
1815 1301 1920 1342 non

324 1390 523 1430 Omnes
552 1376 875 1444 aequaliter?
902 1376 1150 1447 Nunquid
1184 1394 1533 1455 personarum
1562 1387 1648 1435 est
1673 1388 1923 1449 acceptor

324 1468 513 1523 Deus?
540 1470 794 1539 Acceptio
816 1485 1168 1539 personarqu
1199 1471 1269 1525 ibi
1302 1483 1449 1526 recte
1476 1470 1694 1536 dicitur,
1721 1471 1807 1526 ubi
1832 1470 1924 1527 ille

323 1559 659 1629 quijudicat,
684 1560 996 1627 relinquens
1020 1575 1196 1616 causae
1218 1563 1468 1615 meritum
1487 1562 1554 1617 de
1572 1577 1672 1632 qua
1690 1561 1922 1631 judicat,

327 1651 493 1705 alteri
523 1660 711 1705 contra
739 1652 965 1705 alterum
990 1652 1337 1723 sull‘ragatur,
1368 1654 1454 1724 qui
1486 1654 1690 1709 invenit
1719 1653 1922 1724 aliquid

2023 476 2114 515 sus
2147 470 2351 526 noster,
2386 463 2485 516 nisi
2516 475 2733 530 gressus
2766 461 2933 514 nostri
2962 477 2989 515 a
3034 461 3257 517 Domino
3288 464 3601 536 dirigantur.

2024 556 2155 617 Nam
2183 566 2235 610 et
2265 572 2433 626 equus
2465 565 2639 626 potest
2670 571 2907 623 currere,
2952 557 3045 609 sed
3079 558 3122 611 si
3166 574 3268 613 non
3300 559 3493 615 habeat
3523 578 3612 615 re-

2025 658 2252 709 ctorem,
2273 645 2501 699 infrenis
2523 654 2575 699 et
2597 661 2830 715 praeceps
2856 646 3174 716 prmvolitat,
3204 658 3254 703 et
3279 660 3481 705 rectum
3504 653 3605 709 iter

2029 752 2134 790 non
2168 736 2428 791 ambulat.
2459 737 2529 790 lta
2563 747 2616 791 et
2645 752 2741 793 nos
2771 738 2888 792 sine
2918 737 3026 791 Deo
3055 746 3109 792 et
3131 740 3297 807 gratia
3323 739 3459 810 ejus.
3480 744 3609 810 Quis

1988 868 1991 871 ς
2024 836 2202 882 autem
2236 828 2513 882 hominum
2547 828 2705 883 habet
2735 839 3050 899 potestatem
3083 831 3170 885 tali
3203 833 3319 887 visu
3350 836 3610 905 attingere

2025 930 2258 975 mentem
2288 934 2462 985 suam,
2486 936 2590 993 qua
2619 921 2737 993 ejus
2757 923 3003 978 voluntas
3032 934 3309 980 moveatur
3328 926 3395 979 ad
3420 927 3611 982 fidem?

2025 1006 2157 1078 Quis
2180 1020 2359 1066 autem
2389 1013 2573 1067 animo
2596 1014 2954 1082 amplectitur,
2990 1015 3130 1085 quod
3159 1031 3280 1071 eum
3333 1031 3439 1071 non
3467 1018 3614 1076 dele-

2024 1101 2171 1156 ctat?
2202 1102 2308 1157 Aut
2344 1103 2461 1170 quis
2486 1103 2646 1158 habet
2675 1104 2727 1158 in
2760 1113 3045 1173 potestate,
3072 1115 3129 1160 ut
3157 1108 3205 1161 ei
3229 1108 3309 1164 vel
3341 1120 3611 1178 Occurrat,

2026 1193 2166 1261 quod
2193 1208 2315 1251 eum
2341 1194 2613 1249 delecmre
2637 1196 2827 1262 possit,
2857 1197 2938 1251 vel
2963 1196 3192 1252 delectet
3217 1213 3335 1253 cum
3361 1215 3614 1256 occurre-

2026 1286 2128 1340 rit?
2155 1287 2286 1343 Cum
2320 1302 2447 1358 ergo
2475 1302 2535 1342 ea
2571 1302 2668 1340 nos
2690 1288 2985 1351 delectant,
3024 1291 3212 1358 quibus
3242 1292 3610 1361 proﬁciamus,

2026 1392 2057 1431 a
2090 1378 2195 1433 Deo
2224 1377 2514 1448 inspiratur
2546 1379 2648 1433 hoc
2672 1418 2687 1444 ,
2728 1389 2779 1433 et
2822 1379 2991 1449 gratia
3027 1380 3121 1435 Dei
3164 1385 3435 1452 praebetur
3469 1383 3568 1437 hoc
3595 1426 3610 1450 ,

2027 1484 2134 1526 non
2169 1480 2303 1525 nutu
2335 1481 2548 1536 nostro,
2583 1471 2668 1525 vel
2714 1471 2997 1538 industria,
3032 1483 3125 1527 aut
3153 1489 3373 1543 operum
3408 1474 3613 1529 meritis

2028 1570 2390 1632 comparatur,
2413 1563 2533 1629 quia
2568 1573 2623 1617 ut
2648 1563 2718 1616 sit
2749 1571 2922 1617 motus
2949 1564 3258 1633 voluntatis,
3283 1573 3341 1617 ut
3362 1565 3431 1618 sit
3461 1564 3614 1619 indu-

2028 1655 2154 1709 Stria
2188 1655 2391 1721 studii,
2434 1662 2494 1708 ut
2538 1655 2643 1708 sint
2676 1670 2836 1724 opera
2886 1655 3150 1711 cbaritate
3191 1654 3449 1711 ferventia
3477 1695 3492 1722 ,
3525 1657 3614 1710 ille

325 1745 384 1797 in
413 1758 645 1811 persona
668 1744 808 1811 quod
837 1745 1041 1799 honore
1070 1746 1150 1800 vel
1174 1746 1549 1802 misericordia
1576 1748 1645 1801 sit
1675 1747 1922 1816 dignum.
1958 1754 2002 1813 Β
2034 1747 2239 1811 tribuit,
2274 1746 2363 1801 ille
2392 1745 2634 1815 largitur.
2670 1745 2865 1801 Petere
2907 1747 3049 1801 enim
3077 1747 3327 1816 jubemur
3347 1790 3360 1812 ,
3393 1757 3450 1801 ut
3475 1748 3617 1802 θεαὶ·-

327 1836 389 1891 Si
427 1846 605 1890 autem
637 1836 900 1906 quispiam
934 1836 1068 1893 duos
1115 1838 1311 1892 habeat
1351 1837 1641 1904 debitores,
1673 1846 1728 1895 et
1770 1838 1925 1894 alteri

331 1927 465 1981 velit
495 1927 733 1982 debitum
764 1927 1056 1996 dimittere,
1085 1938 1141 1984 et
1170 1930 1398 1985 alterum
1429 1932 1672 2002 exigere.
1699 1932 1782 1986 cui
1813 1931 1930 1986 vult

328 2019 532 2085 donat,
564 2021 657 2075 sed
687 2021 958 2076 neminem
991 2023 1231 2088 fraudat,
1264 2038 1363 2078 nec
1392 2025 1636 2094 acceptio
1666 2040 1929 2095 persona-

330 2128 456 2167 rum
482 2113 709 2168 dicenda
732 2121 836 2181 est,
857 2114 1071 2183 quando
1101 2115 1358 2186 iniquitas
1382 2117 1528 2171 nulla
1550 2126 1654 2172 est.
1676 2118 1925 2187 Alioquin

331 2204 419 2257 eis
448 2206 536 2274 qui
572 2221 757 2275 parum
802 2206 1140 2279 intelligunt,
1175 2216 1350 2277 poteSt
1380 2211 1624 2279 acceptio
1670 2227 1928 2279 persona-

335 2309 460 2348 rum
474 2293 663 2360 videri,
684 2295 771 2350 ubi
791 2297 963 2353 vinea:
989 2298 1238 2354 dominus
1256 2298 1536 2369 operariis,
1555 2300 1642 2369 qui
1667 2315 1769 2354 una
1796 2300 1926 2356 hora

334 2391 487 2445 illius
516 2406 650 2460 opus
682 2391 945 2458 fecerunt,
982 2401 1189 2449 tantum
1220 2394 1371 2450 dedit
1415 2404 1672 2465 quantum
1707 2396 1812 2453 illis
1839 2397 1937 2466 qui

333 2485 679 2552 pertulerunt
705 2488 915 2555 pondus
945 2485 1049 2539 diei
1080 2494 1136 2541 et
1160 2496 1345 2550 aestus,
1375 2486 1613 2555 mquales
1651 2486 1852 2541 faciens
1878 2488 1929 2539 in

337 2575 631 2639 mercede,
664 2590 890 2644 quorum
922 2585 1028 2629 tam
1060 2591 1247 2646 magna
1279 2575 1538 2631 distantia
1565 2575 1739 2629 fuerat
1773 2575 1822 2629 in
1856 2575 1937 2629 la-

338 2665 501 2719 bore.
543 2665 647 2720 Sed
691 2665 817 2735 quid
865 2666 1145 2736 respondit
1180 2667 1247 2720 de
1292 2666 1391 2721 hac
1442 2666 1585 2721 velut
1623 2667 1937 2733 acceptione

338 2770 701 2825 personarum
747 2758 1244 2821 murmurantibus?
1286 2760 1489 2825 Amice,
1537 2774 1643 2812 non
1677 2757 1812 2812 facio
1843 2757 1935 2811 tibi

340 2846 619 2916 injuriam,
650 2857 754 2902 etc.
791 2848 993 2919 Nempe
1024 2851 1109 2902 hic
1149 2858 1258 2902 tota
1286 2848 1489 2917 justiti:
1526 2860 1636 2915 est,
1673 2849 1773 2904 hoc
1815 2849 1937 2905 volo

336 2936 444 2990 tibi
476 2936 658 3002 reddi,
695 2939 817 2992 huic
859 2938 1092 3005 donavi,
1125 2955 1300 3008 neque
1344 2939 1437 2993 tibi
1470 2940 1669 3009 aliquid
1714 2940 1933 3006 abstuli,

340 3040 438 3084 aut
477 3030 617 3100 quod
677 3030 938 3087 debebam
972 3032 1053 3085 vel
1084 3031 1274 3097 minui,
1318 3032 1406 3086 vel
1446 3032 1657 3101 negavi.
1706 3033 1785 3086 An
1830 3046 1934 3087 non

2031 1838 2264 1907 piamus,
2296 1848 2347 1894 et
2372 1855 2635 1909 qumrerc,
2664 1849 2720 1893 ut
2748 1839 3114 1906 inveniamus,
3147 1843 3378 1911 pu!sare,
3410 1849 3468 1894 ut
3490 1855 3617 1910 ape-

2034 1930 2205 1984 riatur
2239 1929 2416 1985 nobis.
2452 1932 2636 1985 [\‘oune
2666 1931 2955 1999 aliquando
2984 1932 3098 2000 ipsa
3126 1932 3300 1987 oratio
3326 1943 3506 1986 nostra
3538 1932 3617 1987 sic

2033 2021 2209 2092 tepida
2237 2032 2340 2089 est,
2367 2023 2449 2077 vel
2478 2022 2655 2090 potius
2685 2022 2896 2093 frigida,
2921 2032 2973 2077 et
3004 2037 3140 2091 pene
3169 2023 3312 2076 nulla
3331 2067 3345 2089 ,
3372 2022 3481 2077 imo
3504 2038 3617 2077 om.

2036 2114 2159 2171 nino
2187 2114 2454 2169 interdum
2486 2113 2557 2167 ita
2588 2114 2755 2179 nulla,
2790 2122 2847 2168 ut
2888 2129 3059 2183 neque
3100 2114 3200 2169 huc
3233 2115 3283 2168 in
3316 2116 3472 2170 nobis
3496 2130 3618 2168 cum

2038 2200 2226 2256 dolore
2256 2201 2598 2255 advertatuus
2622 2246 2640 2269 ,
2683 2217 2808 2271 quia
2854 2202 2897 2256 si
2940 2203 3022 2257 vel
3054 2202 3154 2257 hoc
3194 2203 3472 2266 dolemus,
3512 2204 3617 2271 jam

2041 2298 2293 2348 oramus?
2317 2293 2452 2362 Quid
2482 2292 2624 2346 aliud
2648 2292 2946 2347 ostenditur
2977 2294 3151 2359 nobis,
3178 2294 3276 2346 nisi
3301 2293 3421 2360 quia
3450 2303 3501 2346 et
3533 2308 3623 2361 pe-

2043 2392 2176 2451 tere,
2209 2395 2263 2440 et
2289 2400 2554 2454 qumrcre,
2584 2395 2632 2439 et
2659 2385 2874 2454 pulsare
2901 2383 2992 2439 ille
3016 2385 3285 2449 concedit,
3311 2387 3398 2454 qui
3424 2386 3537 2439 haec
3567 2397 3623 2437 ut

2044 2475 2301 2533 faciamus
2328 2477 2477 2546 jubet
2504 2478 2527 2531 7
2558 2477 2717 2548 Igitur
2746 2493 2850 2531 oon
2886 2477 3113 2533 volentis
3134 2518 3148 2540 .
3193 2493 3292 2532 nec
3330 2478 3620 2543 currentis,

2042 2571 2134 2626 sed
2160 2572 2465 2626 miserentis
2493 2580 2575 2626 cst
2601 2571 2712 2625 Dei.
2738 2570 3179 2640 Quandoquidem
3222 2586 3322 2625 nec
3345 2571 3501 2636 velle,
3525 2586 3622 2625 nec

2038 2675 2277 2725 currere,
2304 2662 2404 2715 nisi
2436 2678 2500 2717 eo
2530 2671 2777 2716 movente
2803 2671 2962 2732 atque
2993 2664 3264 2716 excitante
3308 2664 3621 2730 poterimus.

2042 2748 2182 2806 Dicit
2230 2756 2369 2807 enim
2398 2754 2672 2825 Scriptura
2724 2754 3035 2809 Pharaoni:
3071 2756 3204 2822 Quia
3234 2756 3287 2808 in
3326 2756 3422 2809 hoc
3458 2756 3624 2826 imum

2044 2847 2260 2900 excitavi
2286 2856 2332 2900 te
2363 2857 2413 2899 ut
2438 2848 2705 2902 ostendam
2735 2848 2787 2901 in
2815 2858 2863 2900 te
2886 2848 3118 2900 virtutem
3149 2864 3331 2907 meam.
3364 2857 3411 2899 et
3440 2859 3493 2899 ut
3524 2864 3624 2899 nn-

2046 2939 2307 2999 uuntietur
2337 2956 2521 2993 nomen
2550 2956 2714 2994 meum
2739 2940 2789 2993 in
2812 2939 3045 2995 uniuersa
3071 2949 3222 2993 terra.
3251 2938 3627 3007 Unusquisque

2047 3032 2205 3087 modo
2222 3043 2275 3088 et
2300 3034 2404 3087 line
2427 3049 2536 3102 pect
2556 3042 2765 3088 atorum
2784 3033 3053 3104 completo
3076 3033 3310 3102 puoitur.
3330 3032 3626 3102 Aliquotkts

342 3121 475 3174 licet
528 3120 655 3175 mihi
712 3121 851 3190 quod
903 3121 1028 3175 volo
1080 3120 1289 3177 facere?
1326 3132 1432 3177 etc.
1477 3121 1629 3177 Sicut
1678 3136 1806 3191 ergo
1853 3123 1937 3177 hic
1967 3117 2012 3180 Ο
2043 3125 2272 3181 etiamin
2287 3126 3015 3197 prmscnti,sicutSodomitze
3037 3125 3464 3181 etGomorrhmi.
3490 3125 3628 3180 Pha-

343 3211 493 3265 nulla
541 3221 626 3267 est
663 3214 901 3282 acceptio
939 3228 1321 3281 personarum,
1358 3214 1478 3284 quia
1522 3215 1600 3270 sic
1635 3215 1771 3269 alius
1817 3230 1940 3286 gra-

344 3303 420 3357 tis
448 3305 766 3373 hmoratur,
793 3314 846 3357 ut
872 3305 1009 3359 alius
1030 3304 1213 3359 debito
1242 3320 1349 3359 non
1375 3304 1680 3361 fraudetur:
1702 3306 1781 3361 sic
1812 3321 1935 3361 cum

343 3398 647 3457 secundum
682 3397 1011 3465 propositum
1062 3396 1156 3451 Dei
1182 3407 1398 3451 vocatur
1418 3397 1556 3452 alLus
1581 3409 1633 3453 et
1665 3398 1802 3453 alios
1830 3412 1938 3453 non

344 3499 577 3544 vocatur
604 3507 619 3555 ;
654 3499 840 3545 vocato
870 3492 1026 3545 datur
1053 3492 1340 3559 gratuitum
1385 3490 1603 3556 bonum,
1636 3490 1787 3560 cujus
1816 3488 1951 3546 boni

338 3594 432 3637 est
466 3583 676 3638 vocatiu
704 3585 818 3654 ipsa
846 3584 1194 3653 principium;
1221 3600 1327 3638 non
1358 3592 1545 3640 vocato
1575 3584 1817 3640 redditur
1846 3586 1942 3641 dc-

345 3678 523 3733 bitum
566 3678 785 3744 malum,
826 3680 949 3746 quia
1003 3692 1191 3733 omnes
1220 3677 1298 3732 rei
1336 3688 1462 3732 sunt
1490 3693 1584 3747 per
1616 3694 1777 3732 unum
1805 3719 1818 3741 ,
1851 3694 1944 3746 per

344 3785 514 3839 quem
548 3780 820 3839 peccatum
848 3770 1067 3824 intravit
1112 3771 1162 3824 in
1207 3769 1485 3825 mundum.
1521 3770 1693 3841 Igitur
1720 3788 1821 3825 nou
1854 3789 1943 3825 vo-

348 3863 509 3918 lenti:
528 3878 691 3930 neque
710 3864 985 3928 currentis,
1013 3863 1103 3917 sed
1124 3864 1408 3917 misereutis
1435 3874 1505 3917 est
1529 3863 1644 3917 Dei.
1663 3864 1945 3918 Concludit

348 3954 778 4022 disputationem
807 3997 822 4022 ,
866 3963 921 4011 et
948 3950 1137 4024 objicit
1170 3957 1478 4011 testimonia
1517 3956 1586 4010 de
1626 3956 1904 4010 Pharaone
1926 3998 1941 4021 ,

352 4059 417 4103 ut
446 4048 543 4103 Dei
570 4049 768 4116 judicia
799 4050 1280 4106 contremiscamus
1313 4051 1485 4120 potius
1513 4065 1673 4121 quam
1695 4052 1948 4105 discutia-

354 4156 501 4205 mus,
532 4143 656 4211 quia
698 4144 1014 4213 plerumque
1040 4151 1167 4198 sunt
1194 4144 1428 4207 occulta,
1463 4157 1734 4211 nunquam
1767 4152 1944 4195 tamen

354 4243 487 4288 sunt
510 4234 730 4300 injusta,
759 4235 883 4302 quia
909 4250 1097 4290 verum
1125 4244 1208 4290 est
1228 4234 1370 4304 quod
1392 4242 1447 4288 et
1467 4234 1796 4288 currentium
1826 4247 1948 4286 cur-

352 4342 483 4382 sum
513 4312 627 4396 ipse
655 4327 873 4397 dirigit,
903 4338 956 4383 et
984 4329 1099 4382 sine
1140 4328 1283 4383 illius
1311 4328 1481 4398 gratia
1522 4326 1718 4380 nullius
1756 4338 1947 4380 cursus

348 4433 514 4472 suum
536 4419 795 4474 sortiatur
815 4418 1087 4484 ctl'ectum,
1109 4422 1250 4473 sicut
1269 4420 1400 4474 dicit
1421 4417 1773 4473 Ecclesiastes
1798 4433 1812 4470 :
1834 4415 1947 4469 Non

2044 3232 2138 3273 rao
2166 3232 2294 3287 ergo
2315 3219 2427 3287 jam
2456 3226 2766 3274 excesserat
2792 3218 3032 3285 modum,
3063 3227 3118 3273 et
3143 3217 3399 3285 quoniam
3427 3217 3623 3286 dignus

2042 3312 2165 3363 erat
2192 3309 2517 3378 perditione,
2547 3309 2714 3364 voluit
2742 3310 2883 3365 Deus
2924 3311 3070 3365 illius
3098 3310 3348 3379 exemplo
3373 3310 3624 3364 omnibus

2044 3399 2294 3454 timorem
2319 3400 2589 3467 incutere,
2621 3410 2676 3456 et
2703 3409 2760 3455 ut
2781 3410 3098 3470 agnosceret
3126 3402 3354 3471 populus
3374 3401 3512 3470 ejus,
3535 3400 3627 3470 qui

2044 3495 2283 3548 exiturus
2301 3503 2416 3547 erat
2435 3494 2502 3549 de
2518 3494 2772 3564 Egypto,
2793 3492 3040 3548 virtutem
3067 3494 3233 3562 ipsius
3260 3503 3311 3548 et
3329 3492 3589 3563 justitiam
3611 3530 3626 3556 ,

2046 3602 2113 3642 ne
2142 3587 2238 3656 ipsi
2268 3587 2517 3641 similiter
2541 3595 2844 3655 peccareut,
2870 3594 2963 3641 aut
2998 3589 3256 3645 timerent
3290 3585 3630 3640 adversarios

2048 3689 2199 3744 Suos,
2225 3678 2393 3731 voluit
2422 3693 2520 3732 eos
2554 3677 2646 3731 tali
2672 3678 2875 3732 ultione
2904 3692 3009 3731 non
3038 3676 3208 3731 solum
3232 3676 3299 3731 ab
3326 3674 3628 3730 imminenti
3668 3660 3673 3667 ”

2050 3771 2286 3838 periculo
2315 3771 2566 3836 liberare,
2586 3770 2679 3826 sed
2702 3773 2861 3824 etiam
2888 3772 2953 3824 ad
2977 3770 3271 3825 cavendum
3296 3769 3630 3838 iniquitatem

2050 3862 2102 3914 in
2145 3871 2414 3929 posterum
2465 3872 2670 3916 terrore
2710 3876 2820 3915 sua:
2862 3861 3112 3929 potentiae
3164 3859 3503 3928 pru~munire.
3558 3858 3633 3912 De

2055 3953 2338 4008 Pharaone
2369 3963 2423 4006 ει
2452 3954 2529 4008 sic
2566 3954 2783 4021 intelligi
2836 3963 3005 4022 poteSI
3027 3992 3042 4016 ,
3074 3961 3127 4005 ut
3157 3952 3363 4006 dientur
3398 3967 3493 4019 per
3539 3951 3635 4005 Dei

2051 4046 2474 4098 miscricordiam
2528 4044 2843 4109 induratus,
2885 4047 3140 4112 quoniam
3191 4042 3404 4109 quando
3456 4041 3637 4112 Moyse

2050 4139 2501 4192 oranteccssavit
2533 4138 2720 4207 plaga,
2754 4138 2845 4191 ille
2886 4136 3240 4190 indurabatur
3263 4176 3277 4198 ,
3306 4144 3359 4189 et
3385 4138 3634 4206 quamvis

2050 4230 2211 4283 sciret
2242 4244 2361 4282 eum
2400 4228 2469 4283 ita
2500 4244 2619 4282 esse
2668 4230 2970 4282 induratum
3020 4240 3074 4282 ut
3115 4245 3219 4282 non
3270 4237 3455 4296 posset
3501 4243 3605 4283 con

2053 4322 2208 4382 verti,
2243 4329 2417 4373 tamen
2460 4322 2752 4375 bonitatem
2803 4336 2951 4375 suam
3007 4321 3259 4373 ostendit.
3306 4320 3437 4373 Nam
3490 4320 3631 4387 quod

2053 4414 2209 4478 dixit,
2236 4413 2473 4468 Excitavi
2501 4431 2512 4465 :
2540 4413 2589 4466 id
2614 4422 2714 4477 est,
2742 4412 2973 4479 manu.
2999 4427 3103 4466 non
3130 4414 3229 4468 feci
3257 4432 3270 4466 :
3294 4414 3561 4483 quomodo
3594 4413 3639 4469 si

351 4517 444 4562 est
470 4508 732 4562 velocium
766 4522 976 4573 cursus,
1009 4524 1105 4565 nec
1136 4510 1348 4563 fortium
1374 4507 1637 4577 praelium;
1658 4516 1717 4561 et
1742 4505 1904 4559 David
1932 4521 1944 4556 :
1980 4498 2027 4557 Ι)
2054 4503 2247 4573 aliquis
2268 4503 2373 4557 duo
2402 4518 2527 4556 vasa
2556 4502 2735 4571 plena,
2765 4515 2930 4556 unum
2957 4516 3078 4557 cum
3123 4502 3385 4565 balsamo.
3417 4512 3472 4557 et
3500 4504 3636 4558 alte-

354 4598 474 4653 Νιβί
506 4597 764 4653 Dominus
810 4599 1090 4655 aedificant
1126 4599 1368 4663 domum,
1402 4599 1455 4653 in
1496 4612 1691 4652 vanum
1734 4597 1950 4650 labora-

350 4698 508 4753 runt,
541 4691 629 4759 qui
652 4691 921 4746 aedificant
942 4704 1084 4745 eam.
1119 4688 1294 4758 Ipsius
1322 4705 1450 4760 ergo
1475 4685 1734 4741 auxilium
1764 4682 1950 4749 implo—

360 4773 597 4829 randum
630 4783 736 4839 est,
768 4776 857 4843 qui
891 4785 1144 4842 operatur
1185 4776 1360 4828 omnia
1393 4777 1445 4827 in
1478 4775 1749 4828 onnttbus.
1789 4778 1955 4830 Debet

351 4880 494 4934 ergo
524 4878 744 4919 currere
769 4865 1128 4928 Christianus,
1158 4875 1210 4919 et
1235 4880 1505 4932 nunquam
1538 4880 1866 4933 ptmsumere
1886 4863 1954 4919 de

354 4961 481 5014 suis
507 4959 732 5019 viribus.
765 4974 983 5014 currere
1011 4959 1173 5013 debet
1211 4968 1263 5012 et
1296 4959 1384 5011 Dei
1412 4966 1675 5026 praecepta
1706 4957 1951 5025 implere,

362 5051 471 5108 sed
504 5066 760 5120 arrogare
809 5052 907 5106 sibi
941 5052 1070 5107 nihil
1101 5051 1281 5116 debet,
1315 5051 1608 5106 secundum
1644 5051 1771 5105 illud
1803 5068 1816 5101 :
1854 5049 1955 5114 Qui

352 5144 650 5213 gloriatur,
686 5143 738 5196 in
773 5143 999 5197 Domino
1028 5143 1307 5212 glorietur.
1337 5142 1449 5195 lloc
1498 5150 1683 5195 contra
1714 5142 1830 5195 illos
1862 5139 1952 5209 qui

356 5236 436 5287 de
468 5234 581 5287 suis
609 5233 814 5291 meritis
845 5248 907 5287 ae
930 5234 1132 5293 viribus
1165 5231 1579 5301 praesumebant.
1610 5231 1743 5285 Nam
1766 5243 1817 5284 et
1840 5231 1954 5299 ipse

348 5322 637 5387 currebat,
676 5321 888 5393 quando
917 5332 1004 5378 est
1034 5325 1242 5379 veritus
1272 5324 1352 5379 ire
1380 5323 1706 5393 Bithyniam,
1734 5321 1875 5376 sicut
1904 5325 1957 5377 in

360 5418 471 5468 Aet
498 5410 596 5466 bus
623 5412 990 5481 apostolorum
1028 5414 1276 5484 legimus.
1300 5413 1476 5471 Credo
1499 5413 1621 5485 quia
1647 5414 1821 5469 inanis
1842 5412 1959 5483 ejus

361 5524 559 5566 cuzsus
579 5522 692 5568 erat
724 5511 954 5576 futurus,
977 5512 1069 5568 sed
1105 5512 1230 5566 illuc
1258 5527 1286 5565 a
1324 5511 1524 5579 Spiritu
1570 5517 1758 5564 saneto
1808 5510 1957 5563 dire-

362 5613 490 5657 ctus
516 5613 619 5669 est,
650 5605 737 5659 ubi
772 5603 1083 5672 praedicatio
1106 5603 1220 5673 ejus
1252 5603 1556 5671 proficeret.
1600 5601 1731 5655 Nam
1762 5609 1818 5656 et
1849 5600 1955 5653 Da-

364 5695 460 5750 πω
489 5696 755 5752 clainabat
785 5696 851 5755 ad
887 5696 1207 5753 Dominum:
1238 5694 1468 5752 Gressus
1497 5708 1647 5750 meos
1673 5693 1844 5763 dirige
1875 5708 1959 5749 sc-

2074 4604 2192 4643 rum
2234 4602 2354 4642 cum
2395 4595 2662 4656 stercore,
2708 4590 2971 4653 vent-let,
3013 4590 3237 4643 odorem
3277 4588 3392 4642 sive
3424 4587 3649 4640 fetorem

2073 4679 2290 4752 prodit,
2342 4694 2445 4735 non
2477 4689 2717 4747 generat.
2752 4678 2891 4751 Ergo
2921 4681 3070 4748 cujus
3097 4680 3201 4730 vult
3232 4677 3503 4731 miseretur
3533 4718 3545 4737 ,
3606 4686 3654 4728 et

2072 4787 2221 4839 quem
2242 4770 2346 4822 vult
2375 4770 2602 4822 indurat.
2633 4769 2912 4822 Miseri-tur
2942 4782 3128 4835 magna
3163 4767 3421 4826 bonitate,
3449 4774 3525 4828 et,
3552 4765 3652 4815 oh—

2074 4861 2229 4913 durat
2257 4859 2689 4923 nullainiquitatc
2718 4876 2728 4909 :
2760 4859 3043 4912 miseretur
3067 4859 3202 4911 bona
3238 4855 3539 4916 tribuendo,
3557 4853 3652 4903 oh-

2073 4951 2229 5005 durat
2256 4953 2412 5020 digna
2443 4950 2788 5006 retribuendo
2826 4968 2837 5002 :
2868 4960 3115 5017 tanquam
3150 4950 3192 5000 si
3233 4947 3434 5000 diceret
3468 4966 3480 5000 :
3511 4944 3653 5005 Ergo

2074 5043 2153 5097 sic
2190 5042 2480 5111 intelligitis
2510 5082 2524 5104 ,
2559 5047 2603 5095 sl
2642 5042 2726 5095 cui
2770 5041 2878 5094 vult
2911 5040 3192 5093 miseretur
3218 5077 3231 5097 ,
3264 5045 3319 5089 et
3358 5049 3515 5103 quem
3543 5034 3653 5086 vult.

2077 5134 2291 5188 indurat
2320 5173 2334 5197 ,
2363 5133 2604 5202 sequitur
2649 5131 2975 5186 intellectum
3019 5139 3254 5181 vestrum
3280 5168 3293 5190 ,
3330 5138 3387 5181 ut
3417 5126 3607 5180 dicatis
3636 5144 3649 5177 :

2077 5227 2211 5293 Quid
2246 5226 2419 5279 adhuc
2445 5223 2859 5290 redarguimur?
2883 5220 3021 5290 quod
3059 5220 3171 5274 vult
3197 5222 3312 5288 ipse
3338 5261 3353 5287 ,
3388 5220 3489 5275 hoc
3522 5221 3651 5273 faei-

2078 5318 2411 5373 mus.Sensit
2438 5314 2863 5386 Apostolusquid
2888 5325 3124 5370 moveret
3148 5315 3420 5369 carnalem
3447 5313 3656 5367 intelle-

2079 5422 2223 5466 ctum
2237 5408 2615 5473 curum,etsibi
2637 5406 2798 5461 verba
2812 5405 3254 5473 contradicentis,
3272 5419 3390 5473 qua:
3404 5402 3656 5470 apostoli-

2078 5515 2137 5553 ca
2163 5499 2478 5554 auctoritate
2499 5505 2792 5563 coerceret,
2823 5498 3091 5567 opposuit.
3112 5494 3350 5549 Aitenim
3368 5511 3382 5546 :
3403 5491 3541 5544 Dicis
3561 5490 3657 5542 ita-

2078 5608 2172 5663 que
2188 5592 2307 5645 mihi
2330 5607 2345 5644 :
2363 5590 2499 5655 Quid
2518 5590 2688 5644 adhuc
2708 5584 3219 5659 corrquerituri’ﬂtifra
3238 5583 3486 5638 ineodetn
3510 5590 3657 5637 textu

2078 5681 2372 5756 quantum]
2395 5699 2510 5738 naut
2534 5681 2783 5737 t'ciuut-ati
2806 5683 2918 5750 eius
2940 5683 3053 5751 quis
3079 5677 3265 5732 resistit
3292 5676 3316 5730 ἰ)
3343 5674 3652 5745 Respondit
