3968 6166
472 266 569 331 t't't

1575 272 1869 330 PRIMASII
1909 270 2356 331 ADRUMETANI
2398 269 2610 328 EPISC.

3618 276 3721 335 1τῖ

471 406 571 461 que
587 390 683 445 ista
698 387 1173 459 dicenti:0ltonto,
1189 389 1371 461 tuquis
1386 405 1459 455 es,
1476 390 1558 458 qui
1574 389 1883 459 respondeas
1906 388 2047 441 Deo?
2075 394 2124 449 Α
2155 396 2277 440 runt
2305 387 2471 442 Deum
2518 386 2717 442 habere
2757 384 2810 441 in
2841 385 3107 453 notitiam,
3154 386 3254 445 hoc
3292 396 3377 446 est
3400 392 3542 462 quod
3580 394 3721 467 digni

473 483 726 554 Nunquid
746 483 870 538 dicit
887 484 1181 555 ﬁgmentum
1194 484 1257 549 ci,
1283 485 1372 554 qui
1397 500 1449 538 se
1467 483 1635 553 ﬁnxit,
1655 498 1811 552 quare
1833 499 1909 535 me
1923 482 2047 551 feci-

472 579 537 628 sti
553 576 661 629 sic?
679 575 881 630 Deinde
897 583 1114 630 secutus
1130 583 1235 628 tam
1252 589 1500 645 magnum
1518 573 1862 642 abditumque
1874 586 2048 627 secre-

473 675 604 732 tum,
625 676 881 735 quantum
898 665 1245 735 aperiendum
1274 674 1417 720 esset
1443 665 1745 720 hominibus
1767 664 2045 733 judicavit,

472 766 528 812 et
551 757 957 825 aperuitdicens
974 775 986 811 :
1005 757 1248 813 Siautem
1270 758 1438 811 colens
1463 756 1595 811 Deus
1618 757 1879 810 ostendere
1894 757 2044 821 iram,

472 857 519 901 et
559 849 911 902 demonstrare
965 850 1243 916 potentiam
1282 863 1463 913 suam,
1508 847 1746 900 sustinuit
1793 847 1847 900 in
1886 848 2047 898 multa

472 939 719 1008 patientia
759 955 879 992 rasa
910 939 1003 992 ira:
1027 982 1041 1006 ,
1074 938 1191 1007 qua“
1214 938 1437 1007 perfecta
1476 946 1593 991 sunt
1620 940 1676 991 in
1722 936 2003 1006 perditione
2028 978 2043 1003 ,

473 1040 529 1081 ut
559 1030 843 1083 ostenderet
862 1028 1065 1083 diuitias
1093 1029 1270 1099 glorise
1290 1044 1395 1082 sure
1421 1029 1474 1082 in
1503 1044 1626 1083 casa
1664 1028 2044 1084 misericordiae.

474 1116 588 1172 lloc
617 1127 697 1171 est
725 1118 907 1188 gratia:
941 1118 1032 1173 Dei
1074 1133 1180 1173 non
1223 1118 1398 1173 solum
1437 1118 1758 1187 adjutorium
1787 1160 1802 1185 ,
1858 1133 2046 1173 verum

474 1217 634 1269 etiam
665 1215 1067 1271 documentum.
1100 1215 1437 1282 Adjutorium
1464 1214 1668 1270 scilicet
1698 1215 1752 1269 in
1784 1213 1925 1269 vasis
1950 1212 2049 1267 mi-

475 1306 823 1371 sericordiae;
855 1308 906 1361 in
936 1306 1080 1361 vasis
1104 1316 1283 1361 autem
1315 1306 1408 1360 ira:
1437 1306 1836 1361 documentum.
1879 1305 1934 1359 in
1969 1305 2049 1359 eis

472 1400 615 1454 enim
646 1398 883 1453 ostendit
913 1397 1069 1463 iram,
1103 1409 1155 1453 et
1187 1397 1521 1453 demonstrat
1553 1396 1845 1465 potentiam
1871 1410 2045 1463 suam,

473 1490 594 1557 quia
625 1498 729 1543 tam
781 1495 972 1557 potens
1014 1499 1095 1542 est
1137 1487 1345 1541 bonitas
1393 1494 1451 1541 ut
1499 1486 1637 1545 bene
1676 1496 1854 1540 utatur
1887 1486 2045 1539 etiam

478 1579 656 1644 malis,
688 1580 825 1634 etin
866 1578 943 1633 eis
987 1585 1142 1631 notas
1173 1577 1329 1633 faciat
1370 1576 1582 1631 divitias
1623 1576 1806 1647 glorise
1851 1590 1966 1631 sum
1994 1575 2047 1629 in

475 1686 602 1724 vasa
635 1671 1013 1725 misericordia:
1040 1688 1052 1723 :
1088 1672 1341 1739 quoniam
1376 1670 1519 1739 quod
1547 1670 1613 1724 ab
1638 1673 1734 1725 ira:
1769 1670 1910 1724 vasis
1937 1670 2050 1722 exi—

2149 479 2466 532 exstiterunt
2514 476 2629 532 dari
2675 477 2728 532 in
2769 479 3057 545 reprobum
3107 494 3326 536 sensum
3369 499 3384 536 :
3418 492 3592 539 tamen
3632 501 3720 539 ve-

2147 583 2266 623 rum
2298 578 2420 635 est,
2461 570 2584 638 quia
2616 583 2722 623 non
2769 569 2999 624 volentis
3021 612 3036 636 ,
3086 586 3261 641 neque
3288 577 3588 640 currentis,
3629 576 3726 631 sed

2148 658 2452 713 miserantis
2476 669 2560 713 est
2590 658 2709 722 Dei,
2736 659 2863 728 quia
2890 660 2937 714 si
2968 675 3063 729 pro
3098 676 3163 715 eo
3193 661 3483 718 levioribus
3501 666 3729 734 quisque

2151 752 2404 820 peccatis,
2432 761 2522 805 aut
2544 761 2689 806 certe
2712 752 3048 820 gravioribus
3078 761 3133 806 et
3159 754 3362 822 multis,
3394 764 3574 810 tamen
3616 771 3729 810 ma-

2149 856 2253 911 gno
2279 843 2485 911 gemitu
2512 850 2566 897 et
2591 842 2777 897 dolore
2805 844 3095 912 prenitendi
3125 844 3492 901 misericordia
3524 847 3619 902 Dei
3653 849 3735 902 dio

2148 948 2286 1002 gnus
2315 934 2497 1000 fuerit,
2530 950 2635 989 non
2667 936 2834 1004 ipsius
2859 946 2961 1000 est,
2997 944 3086 1007 qut
3114 938 3159 993 si
3200 923 3619 1009 relinqueretur,
3654 941 3733 996 in-

2151 1024 2336 1078 teriret
2355 1064 2371 1090 ,
2399 1024 2493 1079 sed
2523 1025 2829 1081 miserentis
2857 1026 2985 1095 Dei,
3017 1029 3105 1097 qui
3142 1030 3259 1096 ejus
3302 1031 3551 1098 precibus
3580 1031 3735 1086 dolo-

2150 1114 2404 1185 ribusque
2434 1115 2706 1170 subvenit.
2752 1116 2950 1170 Parum
2986 1127 3069 1171 est
3105 1120 3249 1173 enim
3283 1120 3442 1184 velle,
3484 1125 3733 1190 quamvis

2149 1209 2311 1261 etiam
2340 1216 2397 1287 ut
2421 1207 2645 1261 velimus
2672 1208 2917 1264 voluntas
2945 1224 2974 1263 a
3000 1210 3227 1265 Domino
3260 1225 3614 1281 praeparatur,
3661 1224 3738 1267 ιη-
3768 1198 3777 1207 ’

2150 1313 2274 1351 men
2297 1298 2379 1369 (ut
2412 1296 2543 1362 dixi)
2578 1312 2766 1366 parum
2812 1310 2895 1354 est
2925 1301 3060 1356 velle
3089 1342 3106 1367 ,
3149 1303 3250 1357 nisi
3285 1302 3542 1358 Dominus
3575 1306 3736 1358 inise-
3766 1372 3771 1377 _

2152 1397 2354 1443 rcatur.
2378 1388 2485 1444 Sed
2517 1389 2659 1445 Deus
2699 1404 2804 1444 non
2848 1391 3133 1447 miseretur
3156 1434 3171 1459 ,
3211 1395 3301 1464 qui
3325 1394 3391 1448 ad
3425 1411 3621 1464 pacem
3646 1410 3739 1449 vo-

2151 1490 2268 1547 cat,
2301 1480 2403 1535 nisi
2438 1481 2685 1536 voluntas
2723 1484 2833 1552 jam
2871 1484 3084 1554 quidem
3127 1497 3312 1540 sanata
3343 1489 3691 1555 prmcesserit
3721 1505 3739 1541 :

2150 1574 2271 1639 quia
2298 1587 2395 1640 pax
2427 1571 2730 1628 hominibus
2753 1573 2909 1629 bona}
2928 1575 3233 1630 voluntatis.
3253 1576 3320 1629 Et
3339 1578 3619 1647 quomodo
3643 1592 3747 1633 nec

2153 1662 2292 1715 velle
2324 1663 2603 1733 quisquam
2638 1673 2855 1733 potest,
2890 1665 2992 1719 nisi
3021 1666 3322 1732 admonitus
3362 1677 3415 1723 et
3461 1676 3692 1723 vocatus
3722 1710 3738 1735 ,

474 1762 551 1830 git
576 1761 779 1829 justitia
813 1762 953 1830 punit
975 1764 1101 1825 ntis,
1129 1761 1230 1817 hoc
1262 1762 1401 1817 vasis
1430 1762 1816 1817 misericordia:
1832 1761 2049 1815 dimittit
2084 1750 2126 1807 Β
2153 1754 2264 1807 sive
2290 1752 2632 1820 intrinsecus.
2662 1755 2751 1809 ubi
2778 1755 2955 1810 ηυηιιε
2984 1756 3257 1812 hominum
3290 1759 3457 1825 νὶίίεπι
3498 1760 3619 1813 Sive
3646 1774 3740 1815 ει·

478 1851 645 1923 gratia
674 1852 951 1907 liberantis
976 1869 989 1904 :
1020 1867 1119 1907 nec
1141 1852 1453 1909 beneficium
1472 1852 1610 1921 quod
1640 1852 1908 1906 nonnullis
1930 1867 2053 1920 gra-

479 1945 545 1997 tis
565 1943 831 2008 tribuitur,
848 1952 1152 2012 appareret,
1178 1943 1277 1998 nisi
1299 1944 1434 1998 Deus
1451 1944 1572 1997 aliis
1589 1958 1652 1998 ex
1673 1943 1858 1997 eadem
1876 1957 2050 1997 massa

478 2033 679 2101 pariter
724 2034 831 2087 rcis
873 2033 1019 2102 justo
1056 2033 1259 2103 judicio
1295 2032 1698 2097 condemnatis,
1734 2032 1861 2101 quid
1892 2034 2047 2087 utris-

475 2139 579 2190 que
602 2123 889 2179 deberetur
912 2124 1238 2179 ostenderet.
1270 2123 1405 2178 Audi
1446 2126 1604 2179 etiam
1656 2124 1914 2193 integram
1946 2124 2048 2179 loci

476 2216 631 2270 istius
660 2217 1152 2285 interpretationem
1194 2216 1489 2271 beatissimi
1522 2216 1698 2269 Patris
1724 2216 2005 2286 Augustini
2031 2260 2045 2285 ,

477 2322 603 2362 nam
646 2306 712 2362 de
758 2306 1036 2361 Pharaone
1080 2308 1154 2361 ita
1195 2307 1593 2377 respondetur:
1628 2307 1897 2361 Prioribus
1937 2322 2049 2362 me-

476 2402 615 2463 ritis,
642 2401 831 2470 quibus
854 2401 1044 2457 afﬂixit
1072 2402 1123 2456 in
1152 2417 1317 2472 regno
1346 2417 1444 2457 suo
1472 2402 1805 2473 peregrinos,
1830 2402 2045 2471 dignum

434 2480 437 2483 ’
471 2491 722 2547 effectum
753 2493 837 2547 cui
867 2492 1220 2549 obduraretur
1246 2509 1361 2560 eor,
1393 2503 1452 2548 ut
1477 2510 1576 2549 nec
1599 2493 2048 2549 manifestissimis

475 2586 644 2653 signis
671 2584 905 2655 jnbentis
934 2583 1024 2640 Dei
1054 2587 1298 2642 crederet
1329 2604 1344 2641 ε
1374 2602 1440 2643 ex
1463 2584 1649 2643 eadem
1690 2603 1818 2656 ergo
1847 2602 2042 2652 massa,

475 2672 525 2726 id
571 2683 674 2736 est,
716 2687 1077 2741 peccatorum,
1108 2685 1161 2730 et
1201 2691 1325 2731 vasa
1372 2676 1759 2731 misericordiae
1786 2677 2042 2747 protulit,

473 2764 675 2832 quibus
720 2765 1071 2834 subveniret,
1122 2781 1242 2821 cum
1298 2782 1419 2822 eum
1477 2768 1896 2835 deprecarentur
1955 2769 2046 2823 lilii

472 2855 659 2920 Israel,
692 2864 746 2909 et
775 2870 899 2911 vasa
924 2857 1036 2925 irae,
1067 2873 1291 2927 quorum
1313 2861 1572 2929 supplicio
1611 2861 1734 2916 illos
1778 2860 2046 2925 erudiret.

472 2944 526 2997 id
549 2953 653 3011 est,
681 2944 1006 2999 Pharaonem
1029 2955 1083 3001 et
1097 2949 1345 3017 populum
1368 2949 1521 3017 ejus:
1545 2950 1670 3019 quia
1693 2951 1932 3020 quamvis
1956 2966 2047 3007 es-

475 3044 596 3089 sent
624 3036 834 3105 utrique
860 3048 1190 3105 peccatores,
1214 3047 1268 3093 et
1307 3049 1593 3109 propterea
1622 3041 1686 3094 ad
1714 3056 1874 3095 unam
1906 3056 2049 3097 mas-

2155 1845 2420 1901 tt-insecus
2449 1861 2545 1915 per
2574 1860 2886 1903 sermonem
2925 1859 3241 1919 sonantem,
3287 1861 3378 1904 aut
3423 1866 3517 1919 per
3555 1852 3739 1920 aliqua

2152 1938 2305 2006 signa
2333 1938 2595 2003 visibilia,
2625 1939 2856 1995 efficitur
2896 1950 2953 1996 ut
2997 1942 3157 1997 etiam
3192 1942 3363 2013 ipsum
3407 1943 3555 1998 velle
3600 1943 3742 2000 Deus

2153 2040 2408 2099 operetur
2439 2032 2489 2085 in
2519 2031 2697 2087 nobis.
2731 2032 2817 2087 Ad
2837 2033 2977 2087 illam
3010 2034 3151 2089 enim
3191 2049 3424 2099 ccenam,
3447 2051 3615 2105 quam
3644 2037 3738 2090 Do-

2158 2124 2336 2179 minus
2359 2124 2489 2179 dicit
2521 2125 2572 2179 in
2599 2125 2886 2197 Evangelio
2914 2139 3289 2198 praeparatam,
3314 2144 3412 2185 nec
3436 2145 3636 2186 omnes
3656 2132 3745 2200 qui

2156 2215 2327 2268 vocati
2352 2225 2476 2269 sunt
2504 2218 2688 2272 venire
2708 2220 3011 2284 voluerunt,
3035 2236 3206 2291 neque
3231 2221 3303 2275 illi
3333 2223 3421 2290 qui
3447 2234 3742 2287 venerunt,

2151 2305 2333 2359 venire
2363 2317 2614 2375 possent,
2648 2308 2746 2364 nisi
2779 2321 3113 2366 vocarentur.
3147 2312 3257 2367 Nec
3286 2313 3605 2380 illi..debent
3642 2315 3741 2370 sibi

2152 2395 2386 2452 tribuere
2413 2399 2500 2466 qui
2531 2408 2813 2466 venertmt,
2842 2402 2962 2471 quia
2985 2404 3154 2458 vocati
3182 2415 3444 2459 venerunt
3473 2424 3487 2457 :
3520 2420 3631 2461 nec
3661 2407 3734 2460 illi

2151 2487 2239 2554 qui
2287 2486 2573 2543 noluerunt
2605 2491 2790 2546 venire
2817 2532 2833 2558 ,
2875 2492 3077 2548 debent
3108 2496 3262 2549 alteri
3311 2496 3549 2551 tribuere
3575 2538 3592 2562 ,
3646 2498 3739 2551 sed

2152 2584 2358 2631 tantum
2389 2577 2491 2633 sibi
2523 2597 2537 2633 :
2567 2583 2819 2651 quoniam
2844 2592 2899 2637 ut
2922 2586 3167 2639 venirent
3196 2588 3366 2641 vocati
3392 2596 3553 2642 erant
3584 2588 3641 2642 in
3673 2588 3738 2641 li-

2153 2666 2279 2722 bera
2307 2679 2571 2738 potestate
2596 2688 2610 2726 :
2636 2675 2811 2729 vocari
2834 2689 2961 2745 ergo
2982 2686 3104 2729 ante
3128 2677 3387 2730 meritum
3400 2677 3739 2731 voluntatem

2151 2768 2443 2826 operatur:
2482 2771 2765 2831 propterea
2821 2765 2923 2820 etsi
2955 2765 3235 2838 quisqpam
3265 2767 3451 2821 tribuit
3474 2767 3628 2837 quod
3651 2782 3743 2822 ve-

2152 2848 2231 2903 nit
2258 2861 2479 2905 vocatns
2502 2893 2516 2917 ,
2553 2867 2658 2908 non
2691 2854 2792 2908 sibi
2843 2863 3018 2924 potest
3062 2857 3299 2912 tribuere
3339 2857 3481 2927 quod
3510 2866 3740 2912 vocatus

2152 2950 2256 2993 est.
2288 2940 2389 3007 Qui
2430 2949 2612 2997 autem
2654 2952 2878 2999 vocatus
2904 2961 3010 3000 nrn
3039 2949 3216 3015 venit,
3248 2948 3386 3001 sicut
3430 2961 3541 3002 non
3577 2948 3745 3002 habet

2153 3032 2402 3085 meritum
2428 3035 2656 3102 prmmii,
2681 3045 2739 3089 ut
2757 3047 3059 3103 vocaretur,
3083 3039 3159 3093 sic
3180 3038 3377 3093 incidet
3399 3040 3452 3093 in
3476 3040 3743 3094 meritum

480 3141 595 3179 sam
641 3128 999 3195 pertinerent;
1042 3130 1196 3185 aliter
1235 3138 1412 3186 tamen
1444 3132 1705 3187 tractandi
1734 3142 1925 3201 erant,
1958 3136 2046 3205 qui
2076 3118 2121 3178 C
2154 3121 2424 3190 supplicii,
2460 3124 2550 3190 qui
2576 3135 2795 3180 vocatus
2826 3127 3011 3182 venire
3051 3130 3305 3197 neglexit.
3338 3128 3411 3183 Ita
3452 3141 3625 3185 erant
3652 3132 3741 3184 illa

480 3219 571 3272 uni
599 3218 713 3273 Deo
754 3219 1141 3287 ingemueram,
1174 3229 1232 3275 ut
1268 3222 1346 3275 eis
1375 3223 1727 3279 subveniret:
1762 3224 1916 3279 aliter
1947 3225 2046 3289 illi,

475 3308 578 3361 sub
606 3323 833 3377 quorum
881 3310 1092 3378 injustis
1139 3312 1390 3367 oneribus
1438 3323 1769 3385 gemuerant.
1826 3315 2052 3371 Pertulit

476 3415 607 3468 ergo
639 3401 690 3454 in
735 3403 903 3456 multa
928 3404 1178 3474 patientia
1210 3419 1334 3460 vasa
1367 3405 1483 3473 inc,
1515 3421 1634 3476 qum
1664 3406 1894 3475 perfecta
1923 3418 2050 3463 sunt

476 3492 530 3543 in
555 3491 928 3561 perditionem.
966 3495 1031 3549 Et
1052 3510 1117 3549 eo
1147 3495 1282 3565 ipso,
1311 3511 1417 3567 quo
1441 3498 1543 3551 ait:
1569 3497 1624 3551 In
1651 3498 1813 3552 multa
1845 3498 2048 3567 patien-

476 3588 570 3653 tia,
601 3586 731 3640 satis
785 3586 1103 3654 signiﬁcavit
1133 3590 1311 3657 priora
1355 3605 1539 3645 eorum
1576 3601 1812 3661 peccata,
1845 3592 1896 3645 in
1930 3591 2047 3663 qui-

478 3678 577 3728 bus
605 3689 698 3728 eos
735 3677 970 3744 pertulit,
1016 3686 1125 3731 tum
1169 3679 1440 3735 vindicare
1472 3698 1484 3733 :
1526 3680 1739 3749 quando
1769 3682 1836 3737 de
1862 3697 2045 3737 eorum

470 3765 704 3821 vindicta
733 3767 1153 3824 subveniendum
1177 3780 1292 3824 erat
1340 3773 1405 3826 iis
1434 3774 1521 3842 qui
1553 3773 1920 3828 liberabantur
1950 3791 1963 3826 :
1993 3784 2050 3830 ut

474 3866 630 3910 notas
658 3856 856 3913 faceret
884 3858 1096 3913 divitias
1133 3860 1318 3929 gloriae
1357 3877 1467 3915 suae
1507 3863 1558 3916 in
1590 3876 1711 3916 vasa
1745 3863 2049 3918 misericor-

473 3948 599 4012 diae,
633 3964 751 4015 qua!
785 3952 1103 4017 praeparavit
1130 3952 1182 4005 in
1214 3952 1402 4022 gloria.
1441 3952 1539 4009 llic
1576 3954 1806 4010 fortasse
1833 3966 2049 4010 contur-

479 4040 633 4091 batus
658 4038 722 4091 ad
756 4039 900 4093 illam
932 4043 1279 4111 quaestionem
1304 4044 1543 4099 rediiSti:
1568 4045 1622 4099 Si
1646 4046 1728 4099 cui
1754 4046 1864 4099 vult
1886 4047 2050 4102 mise-

478 4138 645 4190 retur,
681 4141 730 4184 et
769 4146 926 4199 quem
978 4133 1090 4186 vult
1117 4134 1377 4199 obdurat,
1409 4136 1534 4202 quid
1565 4137 1737 4191 adhuc
1764 4138 2048 4207 conqueri-

473 4220 604 4274 tur?
633 4221 892 4275 Voluntati
924 4221 1040 4291 ejus
1069 4226 1187 4293 quis
1210 4225 1449 4280 resistit?
1481 4226 1707 4281 Prorsus
1739 4228 1809 4279 ita
1841 4237 1938 4289 est,
1967 4229 2049 4283 vis

476 4327 581 4365 non
614 4313 716 4377 vis,
766 4314 849 4367 cui
884 4315 997 4368 vult
1028 4318 1331 4381 miseretur,
1364 4326 1419 4371 et
1454 4333 1611 4386 quem
1640 4320 1752 4372 vult
1795 4319 2043 4374 obdurat.

475 4400 583 4454 Sed
615 4402 752 4455 velle
796 4402 887 4456 Dei
918 4418 1037 4469 quis
1067 4404 1259 4470 impius
1276 4405 1426 4459 dicat
1458 4406 1736 4475 injustum,
1769 4408 1857 4463 cui
1884 4410 2044 4463 etiam

2152 3210 2296 3267 duo:
2328 3214 2742 3271 Miscricordiam
2773 3227 2828 3273 et
2871 3219 3130 3289 judicium
3174 3222 3398 3276 cantabo
3438 3224 3533 3278 tibi
3565 3265 3584 3288 ,
3634 3225 3741 3277 Do-

2152 3302 2319 3357 mine.
2371 3303 2452 3358 Ad
2500 3307 2926 3363 misericordiam
2960 3311 3191 3380 pertinet
3220 3314 3427 3367 vocatio
3450 3357 3466 3381 ,
3496 3314 3567 3367 ad
3597 3315 3741 3384 judi-

2151 3393 2296 3448 cium
2326 3398 2556 3463 pertinet
2590 3397 2866 3454 beatitudo
2886 3416 3070 3456 eorum
3100 3404 3186 3470 qui
3217 3414 3481 3459 venerunt
3507 3407 3691 3461 vocati
3722 3422 3739 3457 :

2160 3495 2216 3541 et
2262 3488 2579 3557 supplicium
2603 3504 2787 3544 eorum
2812 3492 2901 3561 qui
2935 3494 3121 3547 venire
3136 3495 3455 3549 'noluerunt.
3483 3495 3741 3566 Nunquid

2159 3592 2289 3647 ergo
2319 3578 2522 3634 latebat
2550 3579 2885 3635 Pharaonem
2927 3593 3182 3651 quantum
3211 3584 3333 3638 boni
3363 3597 3744 3640 consecutura:

2154 3667 2259 3723 illte
2284 3676 2443 3725 terrae
2475 3684 2570 3738 per
2597 3671 2884 3726 adventum
2913 3671 3113 3743 .loseph
3145 3674 3382 3728 Fuerint?
3422 3674 3574 3729 Illius
3606 3691 3743 3745 ergo

2152 3759 2230 3811 rei
2261 3768 2428 3828 gesta:
2455 3761 2688 3829 cognitio
2709 3764 2918 3818 voeatio
2946 3764 3062 3833 ejus
3088 3765 3169 3830 lit,
3193 3776 3251 3818 ut
3281 3765 3533 3835 populum
3572 3765 3745 3821 Israel

2153 3848 2571 3905 misericorditer
2602 3861 2838 3909 tractans
2864 3869 2969 3909 non
2995 3865 3141 3911 esset
3166 3856 3419 3926 ingratus.
3455 3855 3618 3923 Quod
3646 3872 3745 3911 au-

2156 3948 2260 3994 tem
2292 3940 2417 3996 huic
2464 3944 2728 3997 vocationi
2758 3944 3133 4014 obtemperare
3169 3947 3372 4011 noluit,
3401 3956 3457 4002 et
3486 3948 3742 4003 exercuit

2152 4033 2523 4089 crudelitatem
2549 4036 2599 4089 in
2623 4036 2719 4091 eis.
2744 4038 2940 4106 quibus
2965 4037 3267 4093 humanitas
3286 4049 3339 4094 et
3361 4040 3742 4094 misericordia

2152 4124 2473 4191 debebatur;
2505 4127 2699 4181 meruit
2720 4137 3030 4196 pmnam,ut
3060 4129 3401 4184 induraretur
3425 4130 3504 4184 illi
3525 4144 3650 4194 cor.
3686 4138 3745 4184 et

2155 4225 2354 4270 tantam
2392 4217 2686 4273 caecitatem
2727 4220 2921 4274 mentis
2959 4229 3255 4288 pateretur,
3296 4229 3353 4274 ut
3379 4229 3455 4275 tot
3485 4230 3543 4276 et
3573 4224 3743 4277 tantis

2154 4315 2369 4377 tantque
2396 4308 2691 4363 manifestis
2715 4309 2805 4364 Dei
2824 4310 2991 4379 signis
3018 4311 3414 4376 non-crederet,
3438 4325 3550 4381 quo
3567 4315 3746 4381 possit

2154 4400 2272 4466 ejus
2294 4401 2559 4468 supplicio
2583 4402 2696 4455 sive
2718 4402 3107 4467 obdurationis,
3135 4404 3252 4457 sive
3281 4402 3478 4456 ultimm
3506 4404 3746 4459 visibilis

478 4491 595 4556 ipse
616 4490 824 4543 Pharao
851 4492 1046 4545 clamat
1070 4508 1083 4543 :
1108 4492 1292 4547 Justus
1321 4504 1405 4548 est
1430 4496 1566 4550 Deus
1599 4515 1612 4548 ;
1646 4511 1744 4566 ego
1784 4507 1960 4551 autem
1991 4507 2045 4553 ει
2075 4478 2130 4538 Β
2151 4490 2534 4548 submersionis
2549 4493 2748 4549 erudiri
2774 4494 3016 4565 populus,
3037 4504 3092 4551 ut
3107 4495 3208 4552 sibi
3231 4495 3625 4554 afﬂictioneilia
3644 4496 3745 4574 [Ρ.

478 4579 704 4645 papulas
739 4594 888 4633 meus
922 4580 1125 4652 injusti,
1152 4584 1272 4651 quia
1307 4584 1420 4639 hate
1451 4586 1698 4640 voluntas
1726 4586 1821 4640 Dei
1851 4588 2044 4655 injusta

473 4685 595 4724 esse
619 4686 721 4725 non
748 4681 943 4739 potest.
970 4672 1127 4730 Venit
1154 4674 1295 4729 enim
1329 4675 1395 4728 de
1414 4677 1790 4731 occultissimis
1818 4678 2044 4748 meritis,

475 4779 596 4831 qua:
643 4765 787 4832 ipsos
817 4775 1129 4833 peccatores
1159 4766 1489 4821 discernunt.
1526 4768 1656 4820 Nam
1688 4782 1806 4822 cum
1834 4780 2049 4839 propter

472 4859 723 4924 generale
751 4869 1026 4927 peccatum
1057 4875 1215 4914 unam
1260 4875 1491 4913 massam
1524 4859 1791 4926 fecerint,
1820 4876 1924 4914 non
1969 4870 2047 4915 la-

478 4964 599 5003 men
629 4951 768 5003 nulla
799 4960 880 5004 est
910 4952 1050 5005 inter
1075 4951 1196 5004 illos
1225 4952 1506 5006 diversitas
1537 4967 1550 5014 ;
1586 4951 1705 5019 quia
1738 4961 1861 5003 sunt
1891 4952 2041 5005 multi

471 5053 783 5109 mecatttres
813 5046 1127 5100 naturaliter
1157 5046 1431 5101 moderate
1464 5045 1706 5100 viventes
1731 5088 1743 5109 ,
1782 5059 1875 5113 per
1905 5044 2044 5112 quod

471 5137 714 5198 quamvis
761 5138 997 5191 nondum
1040 5139 1148 5194 sint
1174 5136 1489 5206 justiﬁcati,
1532 5137 1675 5205 digni
1721 5144 1895 5189 tamen
1929 5137 2044 5190 effl-

469 5223 1084 5292 eianturjustificatione
1117 5248 1129 5281 :
1160 5240 1213 5283 et
1240 5246 1343 5283 non
1393 5228 1657 5296 praecedet
1687 5227 1738 5280 in
1768 5228 1887 5282 aliis
1917 5243 2041 5297 pec-

467 5312 739 5366 catoribus
770 5318 984 5382 proprio
1011 5320 1163 5384 vitio,
1193 5320 1412 5385 utdigni
1444 5321 1549 5372 sint
1570 5319 1913 5382 obtunsione,
1945 5320 2039 5371 ha-

470 5406 659 5462 benfes
683 5406 929 5463 eumdem
963 5409 1257 5475 apouolmn
1291 5411 1418 5464 alibi
1448 5411 1714 5465 dicentem
1743 5428 1755 5462 :
1781 5411 2040 5475 Quoniam

470 5517 577 5555 non
621 5502 982 5571 probaverunt
1029 5498 1196 5552 Deum
1247 5500 1446 5557 habere
1486 5504 1535 5555 in
1578 5501 1821 5555 no‘itiam
1847 5543 1861 5562 ,
1900 5500 2045 5553 dedit

471 5592 591 5644 illos
621 5590 760 5643 Deus
800 5589 852 5642 in
891 5586 1178 5657 reprobum
1228 5602 1462 5644 sensum.
1501 5589 1611 5642 Iloc
1650 5598 1736 5643 est
1775 5588 1916 5658 quod
1944 5587 2042 5640 ob-

473 5680 681 5736 duravit
720 5695 814 5738 cor
839 5680 1131 5740 Pharaoni.
1159 5680 1308 5749 Quod
1336 5688 1519 5734 autem
1546 5680 1618 5736 illi
1651 5696 1757 5737 non
1786 5678 2044 5750 probave-

2152 4581 2250 4651 leg.
2265 4581 2608 4639 afﬂictionem
2630 4584 2799 4655 illam]
2814 4587 3099 4642 etoccultte
3121 4589 3480 4654 obtunsionis,
3493 4600 3551 4645 et
3567 4592 3742 4646 mani-

2152 4671 2300 4726 festae
2328 4673 2712 4730 submersionis
2752 4676 3125 4733 inobedientiae
3154 4679 3345 4734 merito
3368 4691 3740 4749 compararet.

2155 4760 2280 4816 llzec
2309 4773 2485 4817 autem
2520 4768 2748 4828 vocatio,
2780 4782 2899 4836 qua:
2929 4769 3043 4824 sive
3069 4770 3122 4824 in
3149 4771 3375 4841 singulis
3402 4772 3746 4841 hominibus,

2153 4852 2267 4907 sive
2283 4853 2334 4907 in
2358 4854 2585 4923 populis,
2610 4860 2840 4923 atquein
2866 4859 2982 4926 ipso
3011 4859 3241 4914 humano
3258 4875 3455 4928 genere
3480 4877 3577 4929 per
3602 4872 3750 4917 tem-

2156 4958 2343 5011 porum
2357 4948 2782 5014 opportunitates
2795 4961 3065 5019 operatur,
3080 4953 3201 5006 alia:
3212 4966 3262 5007 et
3288 4954 3566 5021 profundae
3588 4955 3750 5009 ordi-

2154 5036 2386 5090 nationis
2406 5046 2515 5093 est:
2535 5053 2641 5108 quo
2665 5043 2894 5109 pertinet
2910 5045 3068 5097 etiam
3093 5043 3251 5098 illud:
3278 5043 3334 5098 lu
3359 5054 3514 5100 utero
3535 5048 3748 5101 sancti-

2153 5129 2469 5185 ficavitezet
2487 5145 2606 5186 cum
2630 5147 2781 5188 esses
2807 5136 2858 5188 in
2882 5136 3098 5190 renibus
3124 5138 3287 5205 patris
3307 5138 3404 5204 tui,
3423 5138 3528 5191 vidi
3547 5147 3621 5193 te.
3649 5140 3742 5205 Et,

2150 5220 2315 5276 Jacob
2344 5222 2529 5287 dilexi,
2563 5224 2703 5279 Esau
2732 5236 2906 5280 autem
2925 5227 3049 5281 odio
3073 5229 3254 5291 habui,
3279 5244 3402 5285 cum
3432 5231 3635 5284 dictum
3670 5234 3746 5285 sit

2152 5323 2439 5385 antequam
2468 5327 2820 5373 nasceretur:
2854 5335 2953 5374 nec
2982 5321 3367 5389 comprehendi
3400 5331 3591 5391 potest,
3632 5324 3746 5378 nisi

2153 5405 2287 5462 forte
2320 5407 2388 5462 ab
2439 5408 2516 5462 eis
2566 5409 2655 5477 qui
2696 5409 2923 5479 diligunt
2968 5410 3249 5466 Dominum
3285 5413 3449 5468 Deum
3479 5427 3636 5467 suum
3671 5428 3742 5468 ex

2154 5508 2263 5552 toto
2293 5500 2478 5563 corde,
2510 5508 2563 5554 et
2583 5515 2649 5554 ex
2679 5511 2784 5555 tota
2807 5504 3004 5566 anima,
3028 5518 3083 5558 et.
3107 5519 3175 5557 ex
3205 5513 3311 5557 tota
3343 5515 3523 5558 mente
3537 5515 3745 5569 sua,et

2151 5589 2455 5655 proximum
2473 5598 2723 5659 tanquam
2740 5592 3078 5661 semctipsos.
3106 5593 3273 5649 Tanta
3297 5596 3439 5649 enim
3463 5594 3742 5648 obaritate

2151 5677 2374 5747 fundati,
2401 5689 2623 5749 possunt
2639 5681 2771 5751 jam,
2796 5684 2848 5738 si
2869 5684 3225 5742 fortassceum
3239 5685 3458 5754 sanctis,
3478 5698 3743 5754 compre~
