3968 6166
392 285 500 344 473

1276 287 1343 343 IN
1384 284 1759 346 EPISTOIASI
1798 284 1889 343 AD
1929 282 2247 342 ROIHNUS
2288 283 2803 344 COMMENTARIA.

3556 284 3658 342 I75

393 403 634 458 bendere
663 399 1048 473 longitudinem
1076 438 1091 464 ,
1144 399 1480 456 latitudinem
1526 411 1583 457 et
1622 402 1967 471 profundum.
2002 409 2051 467 Α
2077 403 2438 473 pbemantem,
2457 413 2511 456 et
2526 401 2776 471 populum
2794 415 2947 456 suum
2962 400 3110 457 duris
3131 403 3386 473 operibus
3411 403 3661 474 afﬂigen-

396 495 532 548 lllud
562 506 737 547 tamen
776 493 1208 547 constantissima
1254 492 1356 547 ﬁde
1395 493 1768 560 retinendum,
1800 510 1974 565 neque

389 586 682 655 quidquam
714 585 879 640 Deum
907 585 1105 655 injuste
1133 585 1331 653 facere,
1360 602 1529 654 neque
1552 588 1712 642 ullam
1736 605 1857 644 esse
1881 605 1974 645 na-

390 684 570 729 turam
597 716 612 741 ,
644 691 762 744 qua:
804 690 907 729 non
944 676 1054 731 Deo
1082 676 1274 731 debeat
1302 677 1356 730 id
1389 678 1528 746 quod
1570 689 1672 735 est.
1703 681 1839 747 Quia
1869 682 1976 737 Deo

391 768 625 823 debetur
650 781 811 823 omne
840 768 1026 834 decus,
1061 777 1117 823 et
1149 768 1252 837 pult
1274 768 1520 836 hritudo,
1555 780 1604 826 et
1625 774 1974 842 congruentia

391 860 626 928 par-ium
654 878 665 913 :
690 875 848 930 quam
876 864 919 916 si
944 862 1156 931 penitus
1182 875 1495 930 persecu'us
1521 861 1707 928 lueris,
1730 874 1783 919 et
1808 881 1978 936 usque

397 952 465 1004 ad
489 966 678 1006 omnes
708 952 959 1021 reliquias
987 952 1054 1006 de
1083 953 1243 1007 rebus
1271 952 1595 1018 detraxeris,
1627 966 1864 1010 remanet
1893 957 1979 1011 ni-

390 1042 492 1096 hil.
525 1044 656 1097 Cum
686 1058 814 1113 ergo
847 1043 1098 1097 meritum
1136 1044 1407 1113 peccando
1449 1045 1816 1113 amiserimus,
1849 1056 1904 1102 et
1932 1050 1976 1103 si

393 1135 761 1189 misericordia
790 1135 885 1190 Dn-i
914 1146 1135 1196 temota.
1171 1135 1301 1189 nihil
1328 1137 1470 1191 aliud
1508 1139 1853 1205 peccantibus
1877 1140 1978 1194 nisi

392 1242 553 1296 paena
582 1236 782 1280 mterua
807 1226 1086 1293 debeatur,
1128 1228 1252 1297 quid
1274 1229 1372 1283 sibi
1403 1231 1513 1282 vult
1535 1228 1695 1283 Itomo
1716 1230 1783 1285 de
1805 1244 1980 1285 massa

393 1317 715 1386 perditionis
738 1327 914 1381 natus,
941 1327 994 1371 ut
1019 1318 1131 1373 Deo
1164 1320 1503 1388 respondeat,
1528 1332 1582 1374 et
1608 1320 1749 1375 dicat
1771 1322 1979 1387 :Quare

395 1410 480 1464 sic
521 1424 608 1464 me
639 1409 814 1464 fecisti
838 1413 860 1463 1'
888 1410 933 1463 si
965 1412 1045 1464 vis
1087 1415 1183 1464 ista
1216 1427 1570 1481 cognoscere,
1601 1414 1710 1467 noli
1740 1427 1864 1469 esse
1898 1414 1981 1468 lu-

399 1510 534 1564 tum,
560 1500 656 1553 sed
683 1501 897 1554 elticvre
927 1499 1068 1553 ﬁlius
1106 1500 1197 1554 Dei
1231 1516 1325 1569 per
1359 1502 1503 1556 illius
1535 1502 1979 1567 miscricordiam,

394 1592 488 1661 qui
530 1591 682 1646 dedit
723 1601 1040 1661 potestatem
1085 1592 1224 1648 ﬁlios
1266 1593 1358 1647 Dei
1400 1593 1518 1648 fieri
1556 1594 1898 1649 credentibus
1929 1595 1981 1648 in

394 1686 621 1739 nomine
664 1685 802 1754 ejus.
853 1684 966 1739 Non
998 1696 1173 1739 autem
1205 1687 1345 1756 quod
1380 1695 1433 1741 tu
1478 1688 1660 1756 cupis,
1695 1697 1979 1757 antequam

2085 506 2213 549 tem.
2260 493 2392 546 Vasa
2424 495 2516 547 ira:
2532 504 2654 563 apta
2679 494 2729 545 in
2759 494 3044 557 interitum,
3071 504 3126 547 ut
3149 498 3435 550 ostenderet
3462 499 3664 550 divitias

2078 583 2258 655 gloria:
2283 601 2409 639 sua.
2444 585 2718 653 lmplcudo
2742 595 2958 653 peccata
2983 599 3106 639 vasa
3134 587 3224 640 irae
3247 587 3407 658 digna
3451 589 3663 643 fuerant

2081 676 2299 740 effecta,
2331 687 2511 744 aptata
2541 692 2568 730 a
2598 678 2903 745 semetipsis
2936 678 2988 730 in
3023 678 3318 744 interitum,
3353 695 3460 735 non
3487 681 3661 735 solum

2081 782 2176 836 per
2198 767 2461 837 orig'nale
2490 776 2792 836 peccatum,
2822 769 2916 821 sed
2948 782 3043 837 per
3085 770 3317 824 scutale.
3352 770 3432 824 Ira
3463 772 3663 840 quippe

2079 872 2187 912 non
2211 858 2477 919 redditur,
2499 858 2601 913 nisi
2623 860 2827 925 debita,
2848 874 2914 913 ne
2935 860 3007 912 sit
3031 859 3287 927 iniquitas
3308 862 3445 926 apud
3474 863 3660 915 Deum.

2082 947 2148 1000 Et
2177 946 2298 1001 hinc
2340 947 2643 1015 intelligunt
2671 962 2799 1001 vasa
2829 948 3214 1003 misericordia:
3244 964 3401 1018 quam
3434 954 3605 1017 gratui
3634 966 3663 1004 a

2082 1035 2190 1090 illis
2221 1035 2592 1091 misericordia
2638 1037 2971 1105 prmbeatur,
3006 1040 3146 1108 quod
3198 1039 3290 1093 ira:
3321 1040 3460 1093 vasis
3486 1080 3501 1103 ,
3542 1056 3661 1093 cunt

2081 1126 2277 1195 quibus
2299 1127 2383 1180 eis
2406 1137 2488 1180 cSt
2511 1127 2827 1195 perditionis
2850 1143 3032 1196 causa,
3059 1139 3117 1184 et
3134 1145 3307 1184 massa
3339 1134 3679 1192 communis,

2083 1221 2162 1275 ira
2193 1218 2373 1273 debita
2404 1227 2459 1273 et
2484 1219 2627 1288 justa
2671 1221 3013 1287 rependitur,
3057 1232 3110 1277 et
3141 1224 3259 1277 istis
3288 1223 3659 1277 misericordia

2081 1312 2317 1370 indebita
2346 1315 2697 1370 contionatur.
2733 1313 2799 1367 In
2825 1330 2946 1369 vasa
2971 1317 3358 1378 misericordite,
3394 1332 3507 1383 qua:
3530 1332 3662 1383 pnt—

2079 1401 2276 1467 paravit
2303 1401 2355 1454 in
2386 1399 2600 1470 gloriam
2625 1439 2639 1462 ,
2672 1416 2799 1469 quos
2829 1408 2876 1452 et
2911 1399 3125 1451 vocavit.
3155 1399 3290 1466 Quia
3321 1400 3433 1468 ipse
3461 1401 3542 1454 eis
3565 1417 3657 1453 vo-

2081 1491 2179 1546 luit
2207 1492 2472 1556 misereri,
2501 1500 2557 1546 et
2588 1490 2764 1545 laerre
2787 1504 2881 1544 eos
2903 1505 3033 1543 vasa
3055 1490 3443 1545 misericordiae
3470 1491 3538 1546 de
3559 1508 3659 1544 νει·-

2073 1587 2150 1642 sis
2180 1586 2292 1640 ine.
2316 1585 2439 1639 Non
2468 1584 2633 1638 solum
2659 1601 2722 1638 ea:
2748 1583 2970 1638 Judtris.
3003 1585 3058 1639 Si
3090 1586 3448 1653 personaliter
3476 1602 3656 1641 vocas.

2075 1684 2179 1741 set,
2214 1676 2362 1731 solos
2388 1675 2605 1729 Judtens
2636 1684 2879 1729 vocasset
2908 1693 2921 1740 ;
2955 1675 3050 1730 sed
3086 1676 3387 1753 invenimus
3405 1692 3525 1730 eum
3558 1693 3659 1729 nec

394 1778 661 1842 credant,
693 1777 849 1832 datur
880 1779 1186 1834 hominibus
1217 1779 1393 1833 divina
1425 1796 1584 1835 nosse
1613 1781 1971 1850 cupientibus.
2011 1785 2055 1844 Β
2075 1766 2271 1822 λυάωίε
2313 1764 2661 1834 Ρθοουηῑίιὶυε
2707 1766 3012 1832 ρθρθτοῑεεθ
3040 1807 3054 1825 ο
3111 1780 3208 1821 nec
3247 1775 3430 1833 gemes
3465 1768 3660 1820 salvari

394 1868 605 1922 blerces
632 1869 775 1923 enim
819 1872 1089 1939 cognition
1116 1885 1143 1925 s
1176 1872 1380 1925 meritis
1408 1871 1676 1938 reddi'ur;
1710 1873 1978 1928 credendo

392 1970 578 2011 autem
614 1960 861 2012 meritum
901 1971 1258 2029 comparatur.
1293 1961 1408 2029 Ipsa
1438 1970 1613 2016 autem
1642 1964 1831 2032 gratia,
1862 1977 1980 2032 qum

391 2049 521 2102 data
554 2061 639 2103 est
671 2066 765 2120 per
795 2051 975 2117 ﬁdem,
1011 2052 1167 2106 nullis
1199 2054 1401 2107 nostris
1441 2054 1645 2107 meritis
1674 2053 1981 2121 prtrceden-

394 2142 542 2196 tibus
566 2143 688 2197 dua
715 2156 818 2198 est.
848 2144 998 2210 Quod
1029 2145 1173 2199 enim
1198 2147 1447 2200 meritum
1477 2146 1771 2215 peccatoris
1800 2155 1853 2200 et
1883 2147 1982 2200 im-

396 2235 508 2303 pii?
538 2233 787 2290 Christtts
836 2245 1014 2291 autem
1057 2252 1153 2306 pro
1193 2238 1562 2307 peccatoribus
1593 2247 1645 2291 et
1676 2252 1771 2306 pro
1804 2237 1981 2306 impiis

396 2333 649 2377 mortuus
675 2335 778 2390 est,
802 2334 859 2379 ut
879 2326 944 2379 ad
970 2326 1295 2381 credendum
1323 2342 1427 2381 non
1453 2327 1667 2391 merito,
1695 2326 1787 2381 sed
1813 2327 1979 2396 gratia

395 2428 741 2480 vocaremur,
769 2415 1040 2471 credendo
1066 2428 1245 2471 autem
1275 2419 1437 2472 etiam
1469 2419 1719 2473 meritum
1749 2416 1982 2472 colloca-

400 2520 607 2560 remus.
642 2505 959 2560 Peccatort-s
988 2508 1148 2577 igitur
1185 2508 1413 2564 credere
1434 2507 1691 2578 jubentur
1716 2514 1771 2562 et
1799 2522 1825 2558 a
1856 2520 1982 2576 pec—

399 2597 545 2652 catis
590 2597 859 2653 credendo
880 2610 1191 2669 purgantur.
1226 2600 1479 2656 Nesciunt
1509 2601 1651 2655 enim
1680 2599 1805 2670 quid
1837 2606 1983 2655 recte

399 2690 643 2744 vivendo
667 2689 829 2743 \isuri
862 2691 967 2744 sint
991 2709 1004 2744 :
1034 2702 1359 2761 quapropter
1382 2707 1501 2747 cum
1528 2692 1710 2746 videre
1732 2706 1837 2745 non
1869 2708 1986 2762 pos-

398 2786 533 2851 sint,
567 2783 670 2838 uisi
694 2794 839 2839 recte
869 2784 1069 2851 vivant,
1113 2802 1210 2842 ncc
1232 2799 1378 2841 recte
1408 2788 1588 2841 vivere
1617 2786 1856 2852 valeant,
1881 2788 1983 2843 nisi

401 2876 650 2940 credant,
702 2875 1041 2931 manifestum
1064 2886 1144 2931 est
1166 2891 1196 2931 a
1228 2877 1330 2931 lide
1357 2877 1737 2945 incipiendum,
1768 2884 1825 2930 ut
1853 2891 1984 2945 prte-

405 2977 565 3035 cepta
596 2966 788 3033 quibus
809 2968 1092 3024 credentes
1119 2983 1146 3022 a
1178 2968 1374 3023 saeculo
1406 2967 1506 3022 hoc
1532 2975 1869 3033 avertuntur,
1892 2983 1986 3021 cur

403 3058 666 3113 mundum
693 3059 909 3123 faciant,
936 3060 1025 3115 ttbi
1053 3060 1219 3114 videri
1244 3059 1383 3115 Deus
1408 3059 1593 3129 possit;
1624 3069 1747 3115 tunc
1770 3061 1984 3115 demum

2075 1859 2434 1928 prohibuisse.
2469 1856 2576 1912 Sed
2606 1857 2755 1911 etiam
2788 1872 2849 1910 et:
2873 1858 3106 1925 gentibus
3135 1898 3149 1921 ,
3197 1859 3324 1910 sicut
3351 1858 3482 1911 Osee
3516 1861 3659 1912 dicit.

2072 1949 2206 2016 Quia
2236 1958 2291 2003 et
2332 1957 2457 2002 tunc
2497 1945 2737 2014 IEgvptii
2774 1946 3030 2010 aliquanti
3073 1946 3323 2000 exierant
3371 1962 3491 2000 enm
3525 1948 3658 2000 illis.

2094 2033 2279 2086 Vocavi
2302 2048 2408 2085 non
2453 2032 2649 2103 plebem
2676 2047 2869 2096 meam,
2893 2032 3090 2102 plebem
3119 2046 3306 2097 meam,
3338 2040 3383 2084 et
3410 2047 3514 2083 non
3539 2030 3667 2082 dile-

2084 2134 2239 2188 ctam,
2278 2123 2540 2180 dilectam.
2581 2124 2683 2177 Per
2714 2124 3030 2193 propbetam
3060 2124 3298 2178 ostendit
3328 2122 3668 2191 prtedictum,

2084 2221 2273 2284 gentes
2299 2228 2422 2269 esse
2454 2214 2777 2268 transituras
2807 2213 2871 2267 ad
2904 2213 3198 2279 Christum.
3235 2213 3301 2266 Et
3337 2231 3437 2267 non
3470 2215 3672 2266 miseri-

2085 2306 2316 2359 cordiam
2376 2314 2702 2360 consecutura
2727 2346 2743 2371 ,
2776 2306 3186 2358 misericordiam
3226 2313 3569 2357 consecutum.
3607 2304 3676 2357 Et

2085 2399 2181 2451 erit
2208 2399 2262 2451 iu
2290 2398 2402 2452 loco
2424 2439 2440 2464 ,
2472 2399 2558 2451 ubi
2589 2398 2782 2451 dictum
2808 2407 2881 2451 est
2905 2397 2978 2451 eis
3003 2412 3023 2451 :
3054 2397 3176 2452 Non
3212 2398 3350 2469 plebs
3389 2414 3500 2452 utea
3540 2417 3626 2452 ros
3649 2414 3670 2453 :

2085 2488 2155 2541 ibi
2182 2492 2499 2542 vocabuntur
2525 2489 2625 2557 ﬁlii
2649 2488 2745 2543 Dei
2768 2488 2886 2543 viri.
2909 2488 2963 2542 In
2990 2498 3194 2543 tantum
3225 2505 3330 2558 quo
3357 2490 3466 2543 vult
3498 2498 3671 2553 vocat,

2088 2589 2147 2634 ut
2169 2584 2330 2635 etiam
2350 2590 2542 2652 gentes
2565 2581 2759 2650 impias
2780 2580 3023 2651 eligeret,
3042 2590 3097 2636 et
3115 2597 3234 2651 qua:
3252 2596 3523 2651 nunquam
3548 2583 3671 2636 boui

2087 2671 2290 2742 aliquid
2314 2670 2525 2726 fuerant
2553 2681 2817 2741 operatur.
2843 2670 2899 2725 Si
2930 2671 3072 2725 enim
3099 2672 3288 2725 merita
3314 2671 3558 2741 eligeret,
3586 2687 3674 2727 so-

2088 2765 2172 2819 lus
2195 2765 2379 2829 Israel,
2406 2766 2493 2834 qui
2519 2780 2737 2833 semper
2760 2763 2870 2819 Deo
2886 2764 3132 2829 servivit,
3149 2764 3408 2819 debuerat
3435 2767 3535 2819 hoc
3559 2780 3673 2819 nte-

2089 2856 2219 2922 reri,
2248 2856 2343 2911 sed
2372 2870 2562 2911 omnes
2583 2856 2749 2926 gratis
2777 2855 2968 2919 salvat,
3000 2863 3056 2909 et
3076 2856 3276 2909 nullum
3305 2857 3516 2911 meritis
3537 2856 3680 2922 suis,

2089 2949 2214 3025 quia
2242 2949 2379 3004 sicut
2409 2947 2539 3003 dicit
2564 2966 2577 3002 :
2601 2948 2791 3004 Omnia
2818 2949 2921 3002 sub
2956 2958 3176 3017 peccato
3209 2948 3441 3013 inclusit,
3472 2958 3529 3002 ut
3557 2963 3674 3002 om—

2092 3040 2250 3094 nibus
2296 3041 2660 3095 misereretur.
2710 3036 3082 3093 lsaias‘aulem
3122 3039 3309 3093 clamat
3343 3056 3436 3110 pro
3469 3039 3672 3094 Israel:

402 3158 551 3203 recte
578 3162 632 3204 et
661 3165 764 3203 non
798 3159 1126 3219 prtepostere
1155 3151 1341 3205 audies
1368 3193 1380 3210 .
1413 3152 1457 3205 si
1489 3168 1595 3220 qua
1621 3162 1744 3207 sunt
1775 3152 1841 3207 de
1873 3154 1986 3205 ani-

2096 3132 2157 3189 Si
2183 3133 2338 3204 fuerit
2361 3147 2601 3186 numerus
2641 3132 2868 3200 ﬁliorum
2916 3129 3082 3185 Israel
3111 3141 3353 3200 tanquam
3381 3148 3541 3184 arma
3569 3148 3678 3184 ma-

404 3254 616 3293 marum
645 3240 1027 3295 occultissimis
1067 3243 1271 3297 meritis
1296 3250 1349 3296 et
1378 3242 1445 3297 de
1473 3243 1641 3312 gratia
1669 3243 1751 3297 vel
1780 3242 1988 3312 justitia

401 3346 613 3388 secreta
646 3334 1028 3403 omnipatentis
1058 3333 1173 3388 Dei.
1210 3333 1393 3388 Fidem
1434 3334 1625 3398 etiam,
1659 3342 1715 3388 ut
1756 3333 1947 3388 credas
1974 3376 1989 3402 ,

382 3427 500 3481 .ille
528 3426 640 3489 dat,
680 3440 710 3479 a
740 3442 845 3495 quo
872 3436 955 3481 est
980 3441 1143 3481 omne
1184 3426 1367 3482 datum
1415 3427 1611 3483 bonum
1639 3443 1653 3493 ;
1690 3427 1816 3496 quid
1847 3427 1992 3481 enim

406 3520 578 3574 habes
623 3519 763 3589 quod
802 3534 906 3573 non
937 3520 1224 3588 accepisti?
1252 3519 1396 3574 Dicis
1441 3521 1613 3589 itajue
1657 3520 1782 3572 mihi
1808 3534 1825 3573 :
1857 3519 1993 3585 Quid

402 3610 581 3664 adhuc
600 3612 891 3680 queritur?
914 3612 1167 3665 voluntati
1196 3614 1329 3665 enim
1359 3612 1469 3682 ejus
1495 3612 1606 3681 quis
1634 3611 1865 3665 resistit?
1894 3610 1995 3665 Ve-

401 3718 527 3756 rum
560 3712 644 3757 est
672 3703 813 3772 quod
844 3718 947 3757 non
978 3704 1248 3759 resistitur
1280 3722 1293 3756 :
1326 3706 1452 3775 quia
1485 3706 1597 3774 ipsa
1629 3704 1875 3759 voluntas
1900 3704 1994 3759 Dei

402 3793 549 3848 bona
578 3793 796 3863 ctjusta
843 3808 963 3850 esse
991 3810 1020 3848 ιι
1055 3795 1201 3849 nullo
1248 3794 1525 3850 dubitatur
1573 3794 1898 3849 Christiano.
1949 3793 1994 3847 0

402 3885 598 3955 homo,
618 3894 673 3939 tu
696 3884 813 3957 quis
841 3902 913 3952 es,
941 3887 1027 3957 qui
1052 3887 1363 3958 respondeas
1388 3884 1537 3941 Deo?
1562 3887 1628 3941 Et
1651 3888 1752 3941 Itoc
1782 3895 1999 3941 contra-

403 3977 641 4031 dicentis
666 3986 768 4043 est,
800 3979 1009 4033 etiamsi
1027 3980 1104 4033 sic
1132 3986 1297 4042 esset,
1330 3987 1389 4031 ut
1413 3978 1569 4041 dicis,
1602 3988 1658 4032 tu
1688 3980 1809 4048 quis
1835 3991 1957 4032 cras
1979 4015 1996 4042 ,

402 4070 502 4138 qui
536 4069 889 4139 responderes
917 4069 1063 4125 Deo?
1083 4070 1173 4139 qni
1206 4070 1372 4125 debes
1404 4081 1605 4135 tacere,
1638 4079 1693 4123 et
1722 4071 1864 4139 quod
1900 4066 1995 4123 tibi

400 4160 631 4231 iubetur
664 4162 880 4224 facere;
912 4161 956 4216 si
988 4172 1038 4218 te
1071 4163 1267 4217 bonum
1295 4162 1448 4233 jubet
1478 4163 1685 4227 facere,
1720 4162 1883 4217 debes
1916 4161 1996 4216 in-

407 4254 665 4322 telligere
707 4254 830 4324 quia
862 4262 916 4309 et
940 4254 1054 4323 ipse
1085 4254 1259 4309 bonus
1286 4264 1389 4323 est,
1424 4255 1506 4309 cui
1531 4254 1727 4307 malum
1754 4270 1858 4307 non
1886 4254 2000 4323 pla-

404 4355 524 4410 cet,
562 4355 683 4399 et-a
714 4361 820 4415 quo
849 4353 901 4399 te
932 4344 1198 4414 prohibet.
1230 4344 1475 4415 Nunquid
1515 4345 1649 4399 dixit
1680 4363 1691 4395 :
1722 4344 1767 4399 Ο
1804 4346 1998 4408 homo,

409 4438 608 4490 falsum
627 4448 707 4491 est
729 4436 868 4505 quod
887 4435 1212 4490 dlxisti.’sed
1230 4435 1363 4490 dixit
1384 4454 1396 4488 z
1417 4435 1461 4490 0
1489 4437 1668 4500 homo,
1690 4444 1743 4489 tu
1768 4438 1888 4504 quis
1909 4450 1968 4491 es
1983 4477 1998 4503 ,

2094 3226 2190 3280 ris.
2222 3225 2327 3279 Pro
2353 3225 2484 3292 ipsis
2505 3233 2612 3291 est,
2640 3223 2688 3278 si
2714 3224 2957 3284 credant.
2990 3223 3131 3293 quod
3165 3223 3269 3277 iliis
3291 3222 3672 3277 comminatur.

2095 3318 2346 3386 Reliquias
2363 3319 2518 3372 salute
2534 3317 2678 3385 ﬁent.
2693 3316 3002 3372 Judaeurum
3025 3326 3201 3370 autem
3221 3316 3541 3384 paucitatem
3564 3333 3682 3372 crc-

2092 3409 2326 3465 dituram
2355 3409 2593 3464 ostendit
2624 3408 2809 3473 Isaias,
2841 3424 2960 3479 quae
2991 3417 3117 3463 sunt
3143 3423 3268 3463 vasa
3301 3409 3353 3462 in
3379 3409 3679 3464 honorem:

2093 3517 2217 3557 nam
2245 3503 2449 3572 reliqua
2480 3501 2768 3556 multitudo
2798 3515 2927 3554 vasa
2956 3506 3005 3553 in
3028 3500 3433 3554 contumeliam.
3465 3501 3688 3553 Verbum

2095 3610 2463 3650 cousummans
2484 3606 2531 3647 et
2555 3593 2787 3647 breviatis
2811 3593 2865 3645 iu
2890 3593 3150 3662 (equitate.
3179 3592 3485 3647 Secundum
3516 3592 3682 3647 histo-

2098 3690 2232 3742 riam
2262 3688 2342 3741 sic.
2372 3685 2727 3755 intelligitur;
2761 3685 2900 3738 sicut
2927 3700 3028 3751 ego
3060 3684 3278 3739 verbum
3307 3684 3687 3744 abbrevio.‘et-

2100 3779 2251 3845 linio,
2282 3781 2360 3834 sic
2390 3779 2516 3833 illud
2542 3781 2650 3833 cito
2675 3780 2815 3833 Deus
2837 3764 3345 3833 faciet.Secundum
3372 3778 3681 3845 allegoriam

2099 3878 2299 3933 autem,
2330 3868 2539 3924 Novum
2571 3869 2981 3925 Testamentum
3019 3869 3213 3935 accipit
3240 3867 3464 3921 verbum
3492 3867 3685 3921 abbre-

2100 3960 2465 4029 viatum,.quia
2491 3962 2667 4013 omnia
2694 3961 2746 4013 in
2771 3974 2839 4014 eo
2865 3959 3105 4013 breviter
3121 3958 3513 4027 comprehensa
3538 3969 3684 4021 sunt,

2102 4063 2162 4109 ut
2189 4064 2300 4109 est:
2326 4052 2500 4109 Credo
2530 4053 2585 4106 in
2619 4052 2785 4107 Deum
2819 4052 3030 4107 Patrem
3060 4051 3483 4120 omnipotentem
3503 4090 3520 4115 ,
3550 4060 3605 4105 et
3634 4053 3686 4105 in

2104 4144 2297 4201 Filium
2321 4144 2437 4215 ejus
2452 4145 2634 4199 Jesum
2652 4142 3023 4207 Cbristum,et
3047 4145 3096 4197 in
3125 4142 3383 4212 Spiritum
3408 4153 3650 4197 sanctum
3670 4185 3684 4207 ,

2104 4243 2160 4289 et
2185 4235 2390 4303 reliqua
2413 4248 2531 4303 qua:
2554 4243 2855 4302 sequuntur
2876 4216 3221 4303 in'symboln.
3241 4231 3335 4287 Vel
3362 4232 3488 4285 illud
3507 4251 3519 4284 :
3535 4235 3687 4298 Quod

2105 4325 2255 4381 Yttbis
2272 4326 2383 4381 ﬁeri
2414 4340 2518 4380 non
2534 4324 2692 4379 vultis
2712 4325 2802 4377 alii
2830 4339 2896 4378 ne
2920 4322 3173 4379 feceritis.
3200 4323 3253 4376 ld
3289 4334 3403 4388 est,
3446 4333 3500 4377 ut
3542 4338 3689 4378 com-

2107 4420 2306 4489 pendio
2336 4418 2480 4483 lidei,
2506 4433 2600 4488 per
2622 4418 2845 4487 gratiam
2868 4417 3041 4471 salvos
3071 4416 3229 4471 faciat
3255 4418 3559 4486 credentes,
3578 4435 3688 4473 non

406 4531 504 4597 qui
526 4514 855 4596 respondeas
873 4529 1020 4582 Deo?
1041 4539 1091 4583 ει
1114 4529 1345 4597 regiam.
1375 4527 1623 4598 Nunquid
1635 4530 1757 4581 dicit
1780 4529 1998 4599 βφηεη,
2030 4525 2076 4584 ο
2108 4527 2200 4581 per
2217 4513 2524 4566 innumeras
2538 4511 2959 4573 observationes,
2977 4509 3168 4578 quibus
3183 4510 3266 4564 illa
3284 4511 3567 4566 multitudo
3581 4536 3591 4549 ε
3606 4529 3693 4567 er-

405 4630 523 4675 sum
544 4622 591 4674 ei
618 4624 702 4690 qui
726 4638 780 4675 se
811 4622 957 4689 finxit
986 4636 1005 4675 :
1039 4621 1176 4685 Quid
1206 4636 1289 4673 me
1310 4621 1473 4691 fecisti
1501 4621 1613 4675 sic?
1645 4623 1827 4673 Annon
1855 4622 2001 4673 habet

409 4725 714 4784 potestatem
732 4714 1202 4785 ﬁgulusluti?‘Non
1220 4715 1367 4780 dicit,
1391 4715 1513 4784 quia
1540 4730 1643 4769 non
1676 4725 1875 4785 potest,
1903 4728 2002 4767 nec

410 4806 620 4871 debet;
653 4805 765 4859 vult
793 4820 891 4860 nos
924 4805 999 4860 sic
1029 4815 1203 4859 mutos
1226 4819 1347 4859 esse
1368 4806 1504 4874 apud
1532 4806 1833 4870 Dominum,
1869 4807 2007 4861 sicut

412 4897 594 4953 lutum
625 4900 688 4950 ad
724 4899 939 4967 ﬁgulum
967 4915 981 4952 :
1015 4913 1135 4951 cum
1165 4898 1309 4951 enim
1340 4913 1444 4950 nun
1482 4897 1827 4967 intelligimus
1848 4938 1862 4960 ,
1896 4912 2001 4950 non

412 4992 679 5045 debemus
702 4992 835 5043 mala
865 4991 1066 5045 sentire
1089 4989 1156 5043 tle
1189 4991 1295 5043 Deo
1318 5031 1333 5054 ,
1359 4991 1591 5043 Scientes
1620 4992 1761 5059 quod
1795 4991 1846 5043 in
1892 4990 2003 5043 Deo

410 5083 611 5137 vitium
629 5082 821 5136 Cadere
833 5095 935 5134 non
952 5088 1146 5149 potest,
1162 5081 1280 5149 quia
1293 5079 1490 5147 judicia
1504 5080 1620 5149 ejus
1634 5080 1840 5135 occulta
1856 5089 2003 5145 sunt,

414 5177 473 5231 in
475 5174 617 5245 justa
633 5188 737 5230 non
750 5182 892 5228 sunt.
914 5171 989 5226 E2
1002 5173 1174 5226 eadem
1188 5188 1269 5223 ma
1284 5188 1353 5225 csa
1368 5172 1536 5239 facere
1548 5172 1693 5225 aliud
1705 5171 1906 5241 quidem
1921 5189 2007 5225 vas

414 5271 475 5322 in
506 5268 769 5331 honorem,
799 5266 945 5321 aliud
969 5281 1084 5319 vero
1101 5264 1152 5318 in
1183 5263 1583 5320 contumeliam?
1616 5265 1690 5319 De
1710 5264 1799 5320 illa
1830 5280 2004 5320 massa

418 5361 553 5415 dicit
582 5358 762 5426 populi
794 5357 1110 5425 peccaturis,
1144 5370 1244 5424 qua
1261 5370 1323 5409 ex
1342 5356 1509 5408 Adam
1527 5369 1714 5408 omnes
1739 5355 1905 5409 creati
1926 5372 2007 5408 διι-

420 5466 562 5504 ntus.
587 5434 734 5515 Quod
748 5450 788 5500 si
802 5448 969 5500 volens
994 5445 1128 5499 Deus
1143 5447 1403 5499 ostendere
1419 5448 1571 5512 iram,
1594 5457 1823 5499 etnotam
1842 5448 2008 5518 facere

422 5543 700 5610 potentiam
727 5538 1168 5599 suam.V0luntas
1200 5537 1291 5591 Dei
1317 5539 1534 5592 miseric
1556 5554 1624 5592 trs
1650 5547 1753 5606 est,
1774 5540 2005 5608 eljusta,

420 5648 472 5689 et
500 5652 603 5686 non
633 5632 743 5686 vult
765 5632 865 5687 utsi
889 5630 1025 5699 quod
1053 5631 1273 5692 bonum,
1300 5629 1442 5698 pium
1462 5630 1731 5698 etjustum
1752 5639 1851 5684 est.
1880 5630 2007 5685 Sus-

425 5726 576 5780 tinui:
601 5726 651 5780 in
701 5726 861 5778 multa
890 5721 1267 5788 rctientia.Qui
1296 5720 1442 5776 illum
1469 5720 1559 5776 d.u
1582 5723 1835 5777 sustinuit
1863 5724 2004 5777 blas-

2105 4607 2284 4661 viliter
2313 4613 2531 4659 onerata
2560 4605 2924 4673 premebatur.
2949 4603 3049 4658 Per
3070 4604 3294 4674 gratiam
3321 4605 3517 4675 quippe
3538 4606 3692 4659 nobis

2105 4703 2327 4757 verbum
2358 4713 2736 4755 consummans
2764 4710 2817 4753 et
2847 4696 3105 4752 brevians
3135 4699 3253 4752 fecit
3282 4713 3444 4767 super
3475 4709 3692 4763 terram,

2106 4796 2291 4850 dicens
2316 4810 2332 4847 :
2356 4793 2547 4865 Iugum
2581 4808 2757 4847 meum
2786 4805 2951 4846 suave
2980 4800 3062 4845 est
3100 4799 3155 4843 et
3178 4805 3316 4844 onus
3347 4806 3524 4843 meum
3551 4790 3687 4843 leve.

2106 4885 2204 4942 Vel
2230 4885 2357 4940 illud
2393 4902 2406 4937 :
2438 4884 2638 4953 Diliges
2672 4885 2843 4937 Deum-
2869 4889 2923 4935 et
2968 4880 3268 4950 proximum
3301 4896 3318 4944 ;
3348 4880 3396 4932 in
3439 4880 3520 4934 bis
3548 4895 3692 4948 prte-

2107 4977 2276 5044 ceptis
2305 4983 2413 5029 tota
2444 4974 2526 5029 lex
2557 4972 2751 5043 pendet
2777 4980 2826 5026 et
2860 4971 3157 5040 prophetae.
3188 4970 3325 5034 Quia
3356 4970 3560 5023 ret-bum
3582 4972 3695 5024 bre-

2108 5069 2294 5122 viatum
2324 5068 2472 5138 faciet
2504 5064 2754 5119 Dominus
2784 5080 2934 5134 super
2962 5072 3167 5115 terram.
3198 5059 3483 5115 Contraxit
3528 5072 3580 5117 et
3605 5063 3701 5116 ah—

2110 5158 2373 5213 breviavit
2398 5155 2654 5209 Dominus
2684 5170 2718 5222 p
2757 5155 2935 5221 pttlutn
2985 5151 3169 5205 Israel.
3207 5150 3271 5205 Et
3302 5153 3431 5206 sicut
3460 5153 3703 5224 prardia‘it

2110 5245 2443 5300 Isaias:Nisi
2472 5243 2725 5297 Dominus
2756 5242 2985 5297 Sabaoth
3022 5241 3307 5313 reliquisset
3339 5244 3481 5298 nobis
3508 5260 3701 5307 semen,

2109 5339 2237 5391 sicut
2266 5338 2494 5392 Sodoma
2529 5335 2653 5404 facti
2683 5350 2902 5389 essemus
2929 5345 2976 5389 et
3006 5336 3134 5389 sicut
3182 5334 3469 5389 Gontarrha
3515 5336 3705 5389 similes

2112 5430 2404 5501 fuissemus.
2429 5425 2561 5492 Quia
2588 5442 2692 5480 non
2721 5434 2803 5480 est.
2822 5440 3009 5494 passus
3028 5441 3217 5481 omnes
3249 5428 3425 5495 perire
3455 5441 3577 5479 cum
3604 5425 3705 5478 iut-

2116 5523 2236 5591 piis,
2261 5521 2353 5575 sed
2389 5520 2511 5574 inde
2532 5520 2618 5573 vel
2644 5533 2838 5589 paucos
2854 5520 3026 5589 justus
3042 5518 3238 5582 ellccit,
3258 5528 3311 5573 et
3336 5534 3519 5572 semen
3543 5519 3707 5573 Abrao

2116 5612 2197 5665 lue
2230 5612 2394 5672 venit.
2423 5612 2508 5681 qui
2551 5611 2781 5664 salvaret
2825 5627 2943 5679 quzc
2975 5610 3281 5679 perit-rant;
3313 5610 3412 5663 nisi
3448 5609 3709 5665 voluisset

2120 5703 2200 5757 vel
2234 5717 2433 5773 paucos
2455 5702 2693 5767 salvere,
2716 5715 2903 5757 omnes
2929 5706 3124 5771 pariter
3149 5702 3493 5771 perissctttus.
3528 5701 3627 5756 Sed
3649 5712 3716 5757 ut
