3968 6166
421 242 527 297 Γἔό

1522 236 1815 293 t‘ttlttAStl
1857 233 2306 293 ADllUMETANl
2350 218 2563 297 a‘rtsc.

3590 235 3695 290 478

413 357 553 423 quod
571 356 881 423 promiserat
900 355 1400 424 Ahrahmimplcret.
1426 357 1534 411 Cur
1548 369 1726 412 autem
1747 358 1845 410 istc
1863 356 1996 410 aerio
2027 357 2069 409 Α
2102 371 2196 422 per
2220 357 2391 424 ipsam
2420 356 2763 426 justiﬁeando
2784 375 2862 423 se,
2894 375 2998 415 non
3021 361 3311 428 sulijic’ttnt
3333 376 3393 419 se
3416 362 3698 418 remissio—

415 449 518 515 piat
540 450 622 501 ille
643 464 746 500 non
766 448 1015 516 accipin,
1031 463 1151 501 cum
1177 451 1334 501 stulto
1354 465 1459 504 non
1473 458 1782 502 mercantur
1795 448 2001 514 πείρε-

419 556 498 601 re,
525 553 576 594 et
609 541 847 609 quieqnis
876 542 1143 610 acceperit
1170 542 1402 595 intleltile
1429 542 1680 611 accipiat,
1712 543 1854 596 vires
1876 556 2002 596 suas

415 633 723 696 metiantur,
757 644 812 688 et
842 632 1063 686 fortiora
1087 648 1145 685 se
1173 648 1275 686 non
1312 642 1640 697 scrutentur,
1666 632 1897 688 sulliciat
1923 632 2003 687 eis

413 726 576 787 scire,
599 726 856 794 quodnon
874 727 935 780 sit
954 725 1203 790 iniquitas
1219 728 1357 796 apud
1372 727 1560 782 Deum.
1582 728 1721 791 Quid
1737 744 1859 797 ergo
1873 729 2003 781 dice-

412 834 545 882 mus,
564 818 701 883 quod
719 829 909 889 gentes,
933 835 1046 888 qua:
1070 836 1170 874 non
1191 821 1516 875 sectabantur
1523 822 1800 892 justitiam,
1814 837 2003 890 appre-

414 909 1005 981 henderuntjustitiant?
1032 912 1085 966 Si
1103 927 1204 966 non
1230 912 1299 967 ita
1314 913 1721 979 estutdicimus,
1754 915 1872 983 quia
1893 930 1999 967 non

412 1014 490 1058 est
521 1006 773 1071 volentis,
820 1022 990 1075 neque
1020 1010 1309 1075 currentis,
1341 1010 1611 1079 quomodo
1643 1018 1849 1079 gentes,
1881 1024 2000 1077 quae

416 1097 957 1165 nunquamjustitiam
983 1100 1329 1167 qntcsiernnt,
1363 1103 1679 1156 invenerunt
1703 1100 2000 1170 justitiam?

412 1195 463 1238 ιι
495 1188 677 1251 Israel,
706 1189 792 1256 qui
826 1204 1036 1258 semper
1064 1191 1320 1258 justitiam
1349 1202 1581 1247 sectatus
1602 1202 1706 1254 est.
1740 1194 1791 1245 in
1822 1192 1999 1259 legem

408 1274 637 1343 justitite
670 1280 772 1332 non
800 1280 971 1347 potuit
1014 1283 1296 1350 pervenire
1321 1284 1343 1336 ?
1385 1284 1686 1353 Respondit
1716 1301 1727 1337 :
1757 1283 1893 1349 Quia
1923 1283 1999 1339 illi

410 1368 773 1435 crediderunt,
805 1371 888 1424 isti
910 1387 1039 1427 vero
1070 1375 1375 1438 noluerunt,
1409 1376 1502 1430 sed
1534 1379 1582 1429 in
1613 1377 1865 1444 operibus
1887 1376 2000 1445 glo-

409 1460 543 1513 riati,
566 1470 707 1526 sunt,
740 1477 860 1529 qua:
890 1479 988 1517 nec
1014 1466 1401 1521 custodierunt.
1436 1467 1572 1533 Quid
1622 1483 1748 1537 ergo
1770 1468 1998 1522 dicimus

408 1563 593 1603 eontra
623 1551 758 1617 haec,
793 1570 912 1621 qum
937 1556 1090 1608 nobis
1116 1557 1272 1625 objici
1306 1571 1551 1627 possunt,
1586 1560 1687 1614 hoc
1724 1568 1825 1623 est,
1856 1559 1997 1629 quod

406 1650 595 1707 gentes
615 1659 714 1692 non
739 1655 1007 1700 sectantes
1038 1651 1525 1717 apprehenderunt,
1556 1653 1718 1706 Israel
1744 1668 1871 1706 vero
1894 1667 1995 1706 non

2109 450 2159 500 ni
2192 460 2556 517 peccatorum,
2590 466 2657 506 ne
2705 453 2989 509 videantur
3020 454 3185 509 fuisse
3209 464 3537 522 peccatores.
3573 453 3687 507 Non

2107 541 2248 605 enim
2276 551 2331 594 ut
2360 552 2543 597 essent
2570 543 2813 598 inﬁdeles
2832 545 3156 613 cogebantur
3181 545 3351 607 inviti,
3374 544 3470 599 sed
3503 544 3697 598 nolen-

2107 634 2176 686 do
2205 634 2426 690 credere
2451 678 2466 703 ,
2500 635 2826 690 inﬁdelitatis
2879 635 3102 693 crimine
3158 651 3263 690 non
3314 635 3593 690 carebant.
3634 635 3696 688 Et

2104 741 2250 779 suam
2269 735 2550 795 qua‘rentes
2575 736 2816 792 statuere,
2837 729 3055 798 justitite
3078 726 3171 781 Dei
3194 743 3294 781 non
3318 737 3437 781 sunt
3457 726 3693 794 subjecti.

2105 816 2236 884 Quae
2264 833 2330 873 ex
2360 818 2474 888 lege
2498 828 2604 884 est,
2633 820 2716 875 vel
2738 835 2895 888 quam
2925 821 2992 875 de
3015 820 3184 875 libero
3211 835 3331 875 esse
3352 820 3693 881 fallebantur,

2106 919 2161 963 ut
2192 909 2449 964 falluntur
2476 911 2698 965 arbitrio
2722 927 2737 975 ;
2761 919 2816 966 et
2841 912 2965 971 dum
3017 912 3119 966 sibi
3154 911 3392 966 tribuunt
3435 912 3577 980 Quod
3604 910 3699 965 Dei

2104 1010 2207 1065 est,
2233 1001 2455 1074 justitia:
2504 1003 2598 1058 Dei
2630 1019 2734 1058 non
2766 1014 2889 1059 sunt
2933 1004 3180 1073 subjecti.
3214 1004 3369 1075 Legis
3398 1004 3577 1073 itaque
3610 1001 3699 1074 ju-

2102 1092 2247 1146 stitia
2272 1103 2372 1158 est,
2396 1093 2587 1162 jubere
2607 1094 2747 1163 quod
2767 1095 2878 1150 Deo
2907 1096 3097 1163 placet,
3122 1103 3177 1148 et
3204 1106 3389 1151 vetare
3416 1095 3557 1164 quod
3586 1096 3701 1149 dis-

2105 1182 2285 1251 plicet.
2316 1183 2373 1236 ln
2397 1186 2512 1248 lege
2534 1185 2738 1253 justitia
2764 1194 2868 1249 est,
2901 1185 3128 1249 servire,
3153 1195 3207 1240 et
3254 1196 3403 1241 extra
3426 1202 3544 1241 eam
3581 1186 3701 1240 nul-

2104 1274 2211 1328 lum
2256 1275 2346 1327 Dei
2392 1275 2716 1343 adjutorinm
2765 1276 2831 1330 ad
2866 1286 3011 1331 recte
3058 1278 3340 1332 vivendum
3390 1279 3696 1346 requirere.

2103 1366 2195 1420 Dei
2226 1376 2402 1421 autem
2431 1366 2642 1437 justitia
2672 1378 2773 1433 est,
2811 1386 2917 1423 non
2942 1370 3010 1425 de
3037 1371 3236 1424 viribus
3261 1371 3371 1427 suis
3402 1387 3697 1439 praesume-

2100 1471 2179 1510 re.
2205 1456 2414 1512 Justitia
2454 1458 2547 1513 Dei
2580 1459 2790 1525 dicitur,
2826 1476 2931 1514 non
2961 1476 3061 1530 qua
3086 1461 3266 1530 justus
3292 1470 3376 1517 est
3398 1462 3563 1523 Dens,
3594 1463 3689 1518 sed

2101 1564 2200 1617 qua
2229 1550 2318 1605 dat
2340 1551 2539 1606 homini
2585 1554 2746 1617 Deus,
2769 1562 2832 1608 ut
2880 1553 3056 1623 justus
3087 1557 3156 1610 sit
3182 1556 3344 1609 homo
3374 1572 3467 1623 per
3492 1557 3687 1611 Deum.

2104 1639 2249 1696 Finis
2279 1644 2413 1697 enim
2439 1645 2566 1713 legis
2592 1645 2845 1709 Christus,
2867 1646 2935 1698 ad
2952 1646 3229 1716 justitiam.
3276 1645 3421 1700 Finis
3454 1647 3584 1715 legis
3606 1648 3692 1699 di-

406 1733 804 1798 apprehenditi
847 1735 938 1789 sed
972 1741 1450 1794 contremiscamns
1475 1741 1673 1809 judicia
1706 1741 1822 1809 Dei,
1855 1758 1990 1811 quae,

2100 1736 2239 1789 citur
2270 1736 2538 1800 Christus,
2569 1738 2691 1805 quia
2714 1737 2830 1806 ipse
2858 1746 2960 1803 est,
3002 1738 3084 1792 vel
3107 1738 3158 1790 in
3183 1737 3298 1806 ipso
3324 1746 3407 1791 est
3434 1747 3542 1791 tota
3566 1751 3692 1804 per-

406 1833 465 1877 ut
500 1824 629 1888 dixi,
670 1828 875 1880 occulta
898 1838 1025 1882 sunt
1058 1845 1069 1880 :
1106 1829 1301 1897 injusta
1344 1841 1522 1883 autem
1554 1847 1825 1901 nunquam
1848 1841 1991 1891 sunt.

403 1916 669 1972 Justitiam
695 1930 860 1972 autem
888 1938 1006 1990 qua:
1041 1939 1102 1975 ea:
1130 1925 1231 1990 fide
1261 1934 1333 1977 est
1368 1939 1386 1977 :
1417 1922 1585 1978 Israel
1634 1941 1749 1979 vero
1795 1937 1996 1980 sectans

404 2012 564 2081 legem
587 2015 829 2083 justitiw,
875 2016 927 2067 in
956 2014 1112 2084 legem
1142 2018 1352 2079 iustitia:
1399 2034 1499 2070 non
1528 2019 1769 2084 pervenit.
1821 2018 1994 2084 Quam

404 2101 661 2157 Dominus
687 2105 834 2158 dedit
867 2107 1065 2159 vocatis
1098 2117 1152 2159 ttt
1175 2107 1475 2161 crederent.
1502 2108 1718 2174 Quare?
1741 2111 1861 2178 quia
1892 2126 1995 2163 non

406 2204 471 2246 ea:
496 2195 618 2261 ﬁde,
643 2197 728 2248 sed
743 2197 891 2263 quasi
910 2212 971 2249 ea:
990 2196 1246 2263 Operibus.
1264 2197 1444 2262 Quasi,
1460 2199 1582 2265 quia
1606 2215 1709 2253 non
1735 2214 1880 2256 vere.
1903 2201 1996 2269 0f-

404 2285 703 2348 fenderunt.
750 2286 1037 2341 ()ﬁ'endunt
1082 2288 1147 2341 ad
1194 2289 1418 2357 lapidem
1468 2290 1802 2357 ollensionis,
1852 2294 1995 2350 velut

400 2388 587 2445 argute
620 2377 794 2447 legem
818 2378 1180 2446 defendendo,
1216 2391 1269 2435 et
1298 2394 1540 2435 naturam
1574 2394 1628 2437 et
1662 2385 1884 2439 liberum
1909 2402 1996 2440 ar-

402 2466 615 2521 bitrium
671 2470 1055 2538 praecipitando
1102 2487 1116 2524 :
1171 2472 1625 2540 quemadmodum
1684 2477 1992 2547 philosophi

404 2558 610 2613 mundi.
666 2557 725 2610 In
766 2560 988 2628 lapidem
1039 2560 1360 2627 oﬁ'ensionis.
1414 2563 1514 2629 Qui
1558 2564 1698 2618 videt
1738 2565 1989 2636 lapidem,

405 2651 541 2719 lapis
572 2654 756 2706 salut’s
784 2664 867 2706 est
892 2654 963 2706 illi
994 2655 1082 2722 qui
1121 2656 1172 2708 in
1194 2669 1315 2708 eum
1347 2670 1453 2709 non
1484 2654 1706 2711 offendit
1738 2675 1750 2711 :
1777 2660 1864 2728 qtti
1894 2674 1993 2715 au-

401 2753 508 2797 tem
542 2758 714 2797 caecus
741 2753 842 2807 est,
865 2743 1083 2800 oll'endit
1107 2747 1159 2800 in
1180 2748 1429 2816 lapidem.
1455 2748 1531 2803 Ita
1562 2750 1825 2819 etJudtei,
1860 2768 1993 2822 quos

401 2837 691 2889 esca-cavit
721 2837 923 2890 malitia
953 2854 1066 2903 sua,
1098 2854 1163 2893 ne
1205 2842 1479 2895 Christum
1508 2856 1879 2912 agnoscerent,
1914 2847 1995 2901 ol-

403 2927 688 2981 lenderuut
715 2929 764 2981 in
793 2944 936 2993 eum,
965 2930 1210 2985 iaciendo
1231 2932 1302 2986 illi
1330 2934 1597 3002 injuriam,
1619 2936 1668 2988 in
1686 2951 1790 3004 qtto
1808 2946 1993 3006 gentes

399 3022 684 3076 crelcntes
705 3023 1171 3089 apprehenderunt
1198 3026 1483 3095 justitiam.
1527 3027 1647 3082 Ideo
1671 3029 1806 3098 lapis
1824 3030 1991 3086 offen-

2101 1824 2283 1880 fectio.
2338 1825 2489 1879 Finis
2515 1835 2692 1880 autem
2738 1826 2931 1881 dicitur
2970 1842 2999 1880 a
3048 1826 3494 1894 consummando,
3525 1841 3630 1881 non
3661 1842 3694 1881 a

2097 1914 2479 1978 consumendo,
2503 1917 2628 1984 quia
2673 1916 2816 1969 aliud
2856 1925 2940 1972 est
2966 1956 2982 1981 ,
3014 1916 3197 1971 ﬁnitus
3224 1926 3306 1971 est
3339 1917 3511 1985 panis,
3541 1916 3691 1970 aliud

2100 2005 2245 2060 ﬁnita
2300 2015 2382 2060 est
2422 2007 2527 2061 tela
2555 2048 2570 2073 ,
2618 2007 2746 2061 illud
2794 2016 2851 2062 ut
2899 2024 3005 2069 non
3064 2010 3172 2072 sit,
3214 2010 3353 2064 istud
3405 2019 3462 2065 ut
3514 2011 3694 2079 perie-

2098 2107 2241 2152 ctum
2273 2099 2364 2154 sit.
2394 2099 2495 2166 Qui
2517 2114 2646 2169 ergo
2669 2100 2719 2153 in
2743 2099 2958 2161 Christo
2987 2100 3174 2165 credit,
3210 2102 3323 2170 ipse
3363 2103 3577 2171 perﬁcit
3616 2104 3690 2160 le-

2097 2204 2243 2260 gem,
2271 2190 2392 2260 quia
2417 2191 2483 2245 ad
2511 2192 2682 2260 ipsum
2730 2192 2950 2255 tendere
2987 2203 3044 2248 et
3082 2193 3333 2249 festinare
3374 2195 3536 2249 debet
3579 2211 3690 2251 om-

2098 2282 2182 2335 nis
2207 2289 2387 2335 nostra
2436 2281 2681 2345 intentio,
2713 2284 2801 2352 qui
2826 2283 2963 2338 ultra
3012 2299 3119 2338 non
3155 2284 3315 2338 habet
3334 2286 3475 2354 quod
3507 2290 3694 2355 requi—

2098 2382 2202 2441 rat,
2235 2375 2358 2443 quia
2404 2375 2584 2431 omnia
2623 2385 2750 2431 sunt
2795 2376 3033 2445 impleta,
3078 2391 3411 2446 quaecunque
3435 2377 3505 2433 de
3536 2393 3605 2432 eo
3636 2379 3690 2432 in

2096 2467 2297 2527 sanctis
2327 2467 2618 2535 Scripturis
2648 2467 2896 2536 praedicta
2945 2477 3086 2524 sunt.
3132 2468 3285 2523 Omni
3312 2469 3560 2524 credenti.
3593 2470 3691 2527 Ju-

2095 2559 2211 2615 dmo
2234 2569 2287 2615 et
2310 2557 2515 2614 Grtcco.
2569 2558 2776 2629 Moyses
2815 2574 2984 2615 autem
3024 2562 3229 2630 scripsit
3251 2563 3492 2626 quoniam
3526 2565 3693 2633 justi-

2095 2651 2221 2704 tiam
2247 2666 2362 2719 quce
2385 2666 2449 2706 ea:
2469 2652 2575 2719 lege
2595 2656 2687 2716 εει,
2709 2654 2799 2719 qui
2829 2653 3000 2715 fecerit
3030 2653 3199 2706 homo.
3226 2654 3439 2724 Moyses
3468 2656 3685 2725 quidem

2094 2741 2387 2796 secundum
2432 2742 2709 2796 historiam
2759 2743 2825 2798 de
2877 2744 2994 2811 lege
3031 2744 3203 2810 dixit,
3244 2744 3337 2799 sed
3395 2747 3691 2815 Apostolus

2095 2834 2221 2887 illud
2238 2834 2303 2887 ad
2326 2833 2597 2889 Christum
2620 2843 2790 2901 aptat,
2814 2835 2935 2902 quia
2963 2834 3050 2888 les
3078 2849 3175 2890 nec
3195 2836 3245 2888 in
3274 2836 3411 2891 coelo
3441 2836 3561 2901 fuit,
3591 2854 3694 2893 nec

2095 2928 2148 2983 in
2179 2929 2398 2999 abysso,
2427 2940 2479 2984 et
2507 2930 2627 2984 ideo
2649 2931 2769 2984 illos
2793 2930 2945 2999 jubet
2971 2944 3183 2999 semper
3211 2930 3378 2997 legem
3406 2931 3683 2997 meditari,

2096 3027 2151 3073 ut
2181 3019 2251 3075 ibi
2276 3019 2546 3075 inveniant
2573 3019 2868 3075 Christum.
2908 3018 3043 3073 Vivet
3065 3021 3118 3073 in
3153 3037 3233 3074 ea.
3265 3021 3392 3085 Qum
3414 3030 3588 3074 autem
3630 3036 3697 3075 ea:

400 3116 565 3168 sio:.is
591 3125 642 3169 et
672 3126 817 3184 petra
845 3119 1079 3172 scandali
1111 3119 1408 3187 przedictns
1455 3129 1539 3176 est
1567 3120 1831 3189 Christus,
1864 3125 1986 3193 quia

2097 3110 2204 3179 ﬁde
2251 3120 2325 3166 est
2346 3112 2574 3182 justitia,
2606 3113 2680 3165 sic
2733 3112 2875 3166 dicit.
2914 3111 3081 3166 Nemo
3106 3126 3234 3181 ergo
3269 3114 3403 3167 vivit
3432 3113 3648 3167 illorum
3673 3153 3691 3179 ,

400 3206 547 3259 multi
582 3207 631 3259 in
679 3207 928 3275 passione
956 3208 1073 3277 ejus
1117 3218 1171 3263 et
1217 3211 1498 3265 nativitate
1529 3213 1984 3281 scandalizantur,

398 3298 532 3350 sicut
566 3298 820 3364 scriptum
855 3308 937 3353 est
968 3318 982 3355 :
1019 3302 1151 3365 Quia
1182 3303 1686 3360 scandalizabantur
1734 3307 1785 3361 in
1809 3322 1892 3363 eo.
1927 3308 1992 3362 Et

398 3388 516 3455 ipse
547 3390 742 3444 Paulus
764 3392 826 3443 ad
850 3390 1154 3446 Corinthios
1190 3411 1203 3448 :
1237 3395 1510 3450 Christum
1540 3399 1855 3454 crucifixum
1887 3401 1987 3455 Juv

398 3480 531 3534 dicis
575 3482 918 3547 scandalum,
972 3483 1218 3547 gentibus
1264 3494 1441 3538 autem
1494 3490 1780 3543 stultitiam
1818 3492 1992 3561 :ipxis

398 3584 577 3627 autem
604 3575 806 3627 vocatis
836 3574 1104 3629 Christum
1141 3576 1232 3629 Dei
1269 3578 1545 3643 virtutem,
1570 3588 1625 3634 et
1652 3582 1742 3635 Dei
1774 3584 1989 3652 sapien-

396 3667 544 3719 tiam.
580 3666 731 3721 Unde
766 3674 817 3720 et
851 3666 936 3721 hic
962 3669 1238 3735 sequitur:
1265 3669 1365 3735 Qui
1415 3671 1588 3724 credit
1612 3671 1663 3724 in
1695 3689 1841 3738 eum,
1877 3691 1982 3729 non

392 3759 780 3813 confundetur.
810 3760 998 3814 Petrus
1021 3775 1233 3829 quoque
1279 3760 1404 3843 dicit
1426 3801 1443 3828 ,
1475 3762 1615 3831 quod
1649 3765 1989 3821 credentibus

386 3853 533 3922 dapis
561 3856 763 3907 electus
791 3854 858 3907 sit
890 3862 942 3908 et
984 3854 1273 3923 angularia,
1317 3855 1606 3911 incredulis
1662 3872 1788 3913 vero
1819 3859 1988 3914 oll‘cn-

392 3943 582 3997 sionis.
612 3944 759 3997 Sicut
785 3946 1033 4013 scriptum
1054 3955 1124 3997 est
1141 3960 1160 3999 :
1180 3944 1311 3999 Ecce
1335 3963 1518 4016 ponam
1535 3949 1586 4000 in
1613 3948 1740 4005 Sion
1764 3948 1988 4021 lapidem

396 4035 710 4101 oﬂ'ensionis,
743 4048 789 4090 et
815 4048 1008 4107 petram
1030 4039 1281 4091 scanduli.
1318 4039 1372 4093 in
1408 4042 1664 4109 propheta
1700 4043 1835 4098 lsaia
1887 4045 1988 4100 hoc

395 4126 545 4179 dixit.
574 4125 637 4178 Et
660 4128 824 4179 omnis
850 4128 935 4203 qui
974 4130 1134 4181 credit
1176 4135 1229 4182 in
1288 4147 1426 4199 eum,
1469 4148 1570 4185 non
1618 4134 1984 4203 confundetur.

395 4215 524 4281 Quia
558 4216 805 4285 intelligit
830 4200 924 4271 Dei
948 4217 1193 4271 virtutem
1225 4229 1276 4273 et
1307 4220 1400 4273 Dei
1426 4200 1762 4290 sapientiam.

466 4307 595 4360 CAP.
624 4324 673 4360 κ.
706 4306 941 4369 Fratres,
967 4310 1198 4361 voluntas
1220 4312 1422 4379 quidem
1454 4315 1624 4368 cordis
1655 4318 1753 4369 mei
1777 4328 1825 4371 et
1846 4319 1985 4374 obse-

398 4398 559 4448 cratio
587 4399 655 4447 ad
702 4398 861 4449 Deum
894 4400 972 4466 ﬁt.
1020 4401 1121 4454 Pro
1164 4404 1391 4457 inimicis
1424 4423 1526 4460 non
1572 4409 1725 4462 labiis
1756 4419 1981 4477 tantum,

2102 3204 2223 3271 quia
2255 3219 2412 3260 nemo
2442 3218 2560 3259 eam
2593 3203 2737 3268 facit,
2769 3204 2892 3274 quia
2929 3203 2992 3258 ad
3025 3205 3476 3274 comparationem
3516 3215 3695 3259 tanto-

2096 3310 2216 3349 rum
2247 3307 2609 3364 peccatorum,
2652 3296 2858 3351 etiamsi
2891 3306 3072 3351 essent
3113 3298 3262 3366 pauci
3304 3299 3395 3365 qui
3422 3298 3691 3363 facerent,

2098 3384 2229 3439 nulli
2257 3399 2378 3440 esse
2417 3384 2784 3441 crederentur.
2825 3384 2909 3439 Ne
2934 3386 3124 3440 dixeris
3153 3388 3205 3439 in
3232 3388 3383 3441 corde
3412 3396 3501 3440 tui
3524 3402 3544 3440 :
3564 3388 3697 3453 Quis

2094 3479 2334 3533 ascendet
2363 3479 2415 3532 in
2438 3478 2618 3532 calum
2631 3478 2663 3529 ?r
2676 3479 2729 3531 id
2744 3489 2812 3532 est
2830 3476 3091 3532 Christum
3111 3479 3356 3534 deducere
3382 3495 3400 3531 :
3425 3490 3541 3542 aut,
3574 3480 3693 3547 quis

2096 3570 2365 3624 descendet
2396 3571 2451 3623 in
2479 3569 2762 3639 abyssum?
2786 3569 2883 3622 hoc
2905 3578 2978 3623 est
3004 3567 3261 3623 Christum
3287 3585 3349 3622 ea:
3376 3570 3595 3623 mortuis
3614 3585 3696 3621 re-

2094 3677 2291 3715 vocare.
2325 3660 2430 3715 Sed
2453 3660 2577 3728 quid
2614 3660 2738 3713 dicit
2769 3660 3082 3729 Scriptura?
3118 3658 3287 3729 Prope
3314 3670 3387 3714 est
3409 3661 3615 3714 verbum
3640 3661 3695 3713 in

2092 3766 2179 3805 ore
2202 3760 2311 3817 tuo,
2334 3761 2379 3804 et
2407 3752 2463 3803 in
2490 3751 2643 3805 corde
2661 3760 2769 3806 tuo.
2799 3751 2913 3806 Hoc
2931 3760 3036 3816 est,
3060 3765 3157 3806 nec
3187 3752 3256 3804 de
3286 3752 3558 3819 passione,
3584 3766 3685 3806 nec

2090 3843 2161 3898 de
2190 3845 2600 3910 resurrectione,
2626 3859 2725 3900 nec
2751 3844 2819 3900 de
2850 3846 3164 3903 ascensione
3187 3845 3323 3914 ejus,
3354 3845 3496 3914 quod
3521 3862 3626 3898 non
3655 3860 3685 3898 a

2091 3936 2381 4005 semetipso
2405 3934 2598 3993 factum
2621 3935 2712 4001 sit,
2744 3936 2797 3990 in
2826 3935 2992 3991 corde
3029 3944 3122 3989 tuo
3168 3935 3363 3990 debeas
3407 3935 3677 3989 dubitare.

2092 4020 2210 4081 Hoc
2255 4037 2328 4082 est
2374 4027 2577 4082 verbum
2626 4028 2747 4096 ﬁdei
2778 4067 2794 4093 ,
2843 4028 2977 4093 quod
3023 4027 3386 4097 pratdicamus.
3445 4026 3560 4079 Hoc
3610 4036 3696 4081 est

2091 4119 2299 4175 Novum
2324 4121 2751 4176 Testamentum.
2787 4121 2923 4187 Quia
2961 4121 3005 4174 si
3033 4121 3326 4187 conﬁtearis
3372 4121 3424 4172 in
3469 4136 3560 4173 ore
3602 4133 3690 4173 tuo

2093 4209 2369 4265 Dominum
2398 4208 2597 4276 Jesum,
2621 4220 2672 4265 et
2715 4212 2768 4265 in
2791 4212 2945 4267 corde
2972 4221 3059 4265 tuo
3082 4212 3356 4265 credideris
3377 4212 3517 4279 quod
3550 4211 3688 4265 Deus

2089 4303 2239 4357 illum
2261 4306 2499 4359 excitavit
2517 4323 2547 4359 a
2563 4306 2796 4369 mortuis,
2824 4306 2995 4360 salvus
3019 4306 3137 4360 eris.
3156 4305 3541 4363 Te~timouium
3568 4322 3694 4359 cor-

2086 4395 2171 4451 dis
2198 4408 2277 4451 est
2301 4395 2409 4451 oris
2432 4396 3048 4451 confessio.Cordeenim
3063 4399 3287 4452 creditur
3309 4399 3378 4449 ad
3394 4399 3683 4469 justitiam;

396 4488 488 4540 sed
514 4497 564 4539 et
593 4490 754 4543 corde
804 4492 1060 4546 orandum
1095 4506 1197 4549 est.
1232 4495 1335 4550 Pro
1384 4500 1487 4552 illis
1520 4504 1569 4552 in
1603 4502 1839 4557 salutem.
1879 4505 1984 4561 Pro
2014 4509 2065 4568 ι)
2090 4504 2176 4541 ονε
2195 4497 2364 4541 “mem
2394 4486 2454 4557 ﬁ‘
2478 4489 2728 4557 εοηῖθπίο
2749 4490 2815 4541 σά
2834 4489 3071 4542 δαλυῖθθπ·
3117 4489 3336 4543 Demus
3366 4490 3683 4557 Ρτκίθτίιίὲν

396 4579 615 4634 Judmis.
662 4581 1027 4635 Testimonium
1049 4586 1181 4637 enim
1210 4589 1447 4653 perhibeo
1480 4593 1583 4645 illis
1609 4594 1747 4662 quod
1775 4598 1991 4654 (cumla-

395 4673 581 4724 tionrm
616 4671 707 4724 Dei
755 4671 961 4725 habent.
1008 4674 1428 4733 Aimulatinnem
1485 4681 1681 4737 habent
1720 4692 1989 4746 seetandze

395 4763 525 4826 legis
548 4764 658 4816 Dei.
685 4764 791 4818 Sed
816 4781 914 4817 non
930 4767 1206 4821 secundum
1238 4772 1518 4825 scientiam.
1540 4774 1646 4829 Nisi
1671 4780 1847 4833 omnia
1866 4782 1989 4849 quis

385 4857 686 4909 secundum
718 4858 898 4910 datim
931 4874 959 4910 a
996 4859 1105 4912 Deo
1152 4861 1429 4917 scientiam
1478 4866 1683 4935 fecerit,
1721 4870 1983 4941 impingit,

392 4948 598 4999 etamsi
646 4947 766 5016 quis
814 4963 1219 5007 consummatus
1250 4954 1429 5010 fuerit.
1478 4959 1534 5012 Si
1575 4963 1853 5019 scientiam
1888 4968 1983 5022 Dei

395 5033 655 5090 haberent
700 5038 890 5105 .Iudzei,
938 5056 1331 5113 cognoscerent
1384 5051 1523 5117 quod
1576 5053 1822 5111 Christus
1877 5074 1981 5115 non

390 5139 579 5182 contra
633 5132 803 5200 legem
850 5138 1012 5203 venit,
1065 5139 1158 5193 sed
1214 5142 1507 5197 secundum
1558 5145 1750 5215 legem,
1784 5159 1837 5202 et
1859 5154 1980 5219 quia

392 5236 499 5275 non
529 5222 730 5290 possint
779 5227 1068 5281 secundum
1112 5231 1282 5298 legem
1335 5231 1620 5301 justiﬁc-tri
1648 5278 1662 5301 ,
1714 5239 1805 5291 sed
1839 5241 1980 5298 Deus

386 5313 556 5381 gratis
610 5327 674 5366 ex
720 5312 825 5367 ﬁde
873 5315 1124 5381 jnstilicat
1153 5360 1168 5382 ,
1200 5335 1305 5375 non
1336 5338 1403 5377 ex
1432 5328 1684 5393 cperibus
1716 5329 1845 5400 legis
1876 5334 1977 5433 ,‘in

386 5405 576 5433 ,τμη-..ιι
602 5405 1059 5433 ἕΙΙζΑΙΑ-ἒ..1υυ........
1110 5409 1263 5433 1----4
1306 5426 1377 5433 .,.,
1500 5419 1511 5430 υ
1589 5418 1624 5433 π,
1664 5422 1672 5432 .
1709 5423 1719 5433 .
1813 5425 1822 5433 .
1852 5428 1862 5433 -

384 5405 579 5473 quibus
602 5405 672 5458 illi
693 5405 1078 5475 gloriabantur.
1104 5409 1410 5479 lgnornntcs
1430 5419 1561 5471 cnim
1580 5418 1672 5474 Dei
1699 5405 1971 5488 iustitia‘m.

388 5492 800 5573 ignoraveruut,
852 5508 990 5576 quod
1024 5511 1187 5579 gratis
1218 5527 1280 5567 ex
1332 5515 1433 5570 lidc
1478 5516 1756 5589 justiﬁcat,
1791 5532 1844 5577 ct
1869 5542 1970 5581 non

380 5620 451 5658 ex
482 5607 733 5674 cperilius
773 5607 923 5677 legis.
958 5610 1008 5664 in
1042 5611 1234 5679 quibus
1263 5612 1337 5666 illi
1369 5616 1755 5686 gloriabantur,
1790 5619 1970 5679 diecu-

380 5703 470 5748 nes
492 5710 548 5749 se
574 5699 869 5755 custodisse
916 5701 1107 5771 legem,
1143 5717 1302 5773 quam
1338 5720 1440 5760 non
1474 5708 1863 5781 custodierunt,
1917 5727 1971 5771 ct

2102 4595 2206 4633 non
2237 4581 2447 4634 tuturis.
2482 4581 2621 4649 Ergo
2640 4581 2682 4635 si
2716 4580 2846 4636 ﬁdes
2870 4581 3064 4636 sufﬁcit
3089 4582 3154 4636 ad
3172 4583 3455 4652 justitiam,
3484 4593 3538 4637 et
3557 4598 3693 4638 con-

2102 4670 2263 4724 fessio
2292 4671 2356 4724 ad
2381 4672 2633 4737 salutem,
2684 4671 2898 4728 Jndmus
2921 4682 2975 4727 et
3022 4671 3239 4728 Graecus
3271 4691 3433 4728 unum
3476 4685 3607 4729 sunt
3635 4675 3688 4728 in

2098 4762 2330 4817 Christo.
2386 4760 2525 4816 DIcit
2574 4765 2706 4818 enim
2762 4764 3033 4829 Scriptura
3060 4781 3079 4817 :
3109 4766 3288 4820 Omnis
3332 4768 3421 4837 qui
3447 4768 3609 4821 credit
3635 4769 3692 4821 in

2096 4854 2243 4907 illum
2299 4871 2398 4908 non
2454 4855 2816 4921 confundetur.
2860 4856 2973 4910 Non
3018 4856 3233 4912 Judmus
3279 4868 3503 4913 tantum.
3562 4858 3689 4913 Non

2096 4945 2229 4997 enim
2260 4956 2331 4998 cst
2360 4946 2620 5000 distinctio
2641 4945 2814 5001 λιιάωί
2833 4958 2881 5000 et
2911 4947 3095 5002 (ἱππεῖ.
3122 4949 3195 5003 De
3212 4949 3435 5018 pristino
3469 4964 3697 5017 peccato

2092 5036 2174 5090 vel
2198 5036 2493 5091 idololatria
2532 5055 2542 5089 :
2575 5053 2678 5092 non
2735 5053 2866 5106 ergo
2890 5039 3010 5093 illos
3060 5054 3153 5094 vos
3201 5043 3422 5105 potestis
3453 5042 3691 5098 confun-

2095 5127 2249 5192 dere,
2285 5142 2420 5196 qvos
2450 5128 2723 5198 Scriptura
2757 5129 2886 5184 dicit
2907 5130 3159 5185 contundi
3182 5147 3288 5186 non
3319 5147 3500 5202 posse.

2167 5265 2379 5338 (Incipit
2408 5271 2657 5336 exposi'io
2682 5272 2742 5322 de
2772 5271 2902 5324 libro
2931 5275 3096 5325 sancti
3126 5272 3404 5344 Augustini
3444 5288 3693 5345 excerpta

2091 5357 2233 5411 eloco
2261 5360 2329 5411 ad
2361 5369 2593 5413 sanctum
2636 5360 3032 5431 Simplicianum
3058 5405 3071 5428 ,
3119 5364 3190 5419 De
3220 5365 3387 5420 Jacob
3416 5378 3471 5424 et
3519 5370 3692 5426 Esau.

2090 5448 2217 5514 Qua:
2249 5450 2362 5503 licet
2386 5466 2484 5504 non
2508 5451 2561 5504 in
2589 5452 2766 5504 ordine
2794 5463 3039 5507 tractatus
3084 5455 3238 5525 hujus
3275 5460 3442 5527 posita
3480 5475 3591 5512 esse
3614 5462 3696 5513 ri-

2076 5540 2277 5604 deatur,
2305 5551 2471 5596 tamen
2497 5544 2608 5597 ideo
2635 5546 2975 5615 prtrtcrmissa
2999 5564 3097 5600 non
3124 5559 3215 5611 est,
3238 5552 3360 5619 quia
3385 5556 3697 5609 necessaria

2076 5640 2223 5698 atque
2246 5636 2467 5705 perfecta
2497 5647 2591 5705 est,
2615 5648 2662 5689 et
2696 5637 2755 5689 ob
2774 5636 2867 5690 ltoc
2890 5638 2970 5690 hic
2992 5644 3303 5711 conscripta,
3334 5658 3389 5697 ut
3409 5647 3696 5713 lociipsius

2076 5727 2378 5781 obscuritate
2409 5729 2624 5782 revelam
2652 5729 2861 5798 legentis
2880 5745 3084 5785 sensum
3107 5734 3692 5809 cvidcutcri/luminet.)
