3968 6166
347 197 446 254 477

1219 203 1282 258 IN
1326 203 1702 261 EPISTULA.“
1743 205 1835 262 AD
1873 204 2198 264 ROMANOS
2235 199 2749 268 COMMENTARIA.

3504 221 3612 277 673

416 309 541 364 Non
571 327 632 365 ex
655 311 915 378 operibus,
944 313 1032 370 sed
1059 331 1122 368 ea:
1167 327 1374 372 vocante
1417 320 1609 373 dictum
1649 330 1719 372 est
1741 335 1761 374 :
1793 321 1928 386 Quia
1957 325 2002 383 Α.
2039 337 2096 375 ro
2127 325 2331 387 matris,
2367 326 2450 380 vel
2481 326 2640 392 ﬁdei,
2689 328 2773 382 vel
2817 343 3062 398 operum,
3119 336 3202 390 vel
3251 341 3612 404 quorumlibet

349 403 511 471 major
544 404 722 458 serviet
751 404 955 458 minori.
999 405 1246 462 Vocantis
1273 421 1353 462 est
1391 425 1518 477 ergo
1537 411 1729 478 gratia,
1761 414 1927 479 perci-

348 493 538 561 pientis
555 507 678 548 vero
689 479 911 565 gratiam
925 507 1315 564 consequenter
1325 511 1444 553 sunt
1459 516 1620 568 opera
1636 509 1777 555 bona
1796 521 1804 553 :
1823 516 1928 555 non

351 598 466 651 quae
497 586 719 652 gratiam
760 588 989 654 pariant,
1019 589 1112 642 sed
1141 604 1261 656 quae
1285 593 1454 660 gtatia
1485 594 1756 660 pariantur
1781 612 1792 646 :
1821 611 1926 647 non

351 675 490 728 enim
524 684 577 728 ιιι
601 675 826 742 ferveat,
867 678 1110 734 calefac;t
1138 680 1299 751 ignis,
1326 683 1420 738 sed
1449 687 1576 752 qu'a
1607 685 1792 739 fervet.
1823 685 1931 740 Nec

349 764 470 820 ideo
493 765 625 821 bene
647 769 813 822 currit
829 779 964 835 rota,
986 782 1041 822 ιιι
1068 772 1294 826 rotunda
1311 774 1404 839 sit,
1430 774 1524 829 sed
1551 776 1673 843 quia
1705 779 1930 830 rotunda

355 864 455 910 est.
511 857 602 912 Sic
633 874 791 914 nemo
831 873 1110 929 propterea
1143 863 1278 918 bene
1307 879 1556 928 operatur
1600 878 1658 922 ut
1703 871 1929 937 accipiat

353 951 599 1019 gratam,
656 951 750 1005 sed
800 953 922 1020 quia
967 952 1192 1024 accepit.
1237 957 1514 1025 Quomodo
1557 962 1698 1018 enim
1754 974 1932 1032 potest

349 1039 493 1108 juste
524 1042 726 1106 vivere,
777 1045 867 1112 qui
917 1059 1023 1098 non
1076 1046 1233 1102 fuerit
1279 1050 1631 1116 jttsttﬁcatus?
1663 1056 1931 1120 quomodo

354 1140 538 1185 sancte
574 1133 772 1198 vivere,
807 1135 848 1188 si
879 1150 982 1188 non
1012 1136 1169 1192 fuerit
1189 1141 1592 1198 sanctiﬁcatus?
1617 1146 1694 1199 vel
1711 1148 1931 1200 omnino

359 1220 565 1288 vivere,
598 1226 684 1292 qui
712 1240 816 1278 non
850 1225 1006 1280 fuerit
1035 1228 1350 1294 justilicatus
1382 1231 1534 1303 [alios
1575 1236 1932 1308 viviﬁcatus]?

355 1309 617 1366 Justilicat
645 1325 821 1368 autem
851 1319 1019 1386 gratia
1048 1359 1062 1383 ,
1094 1330 1150 1373 ut
1172 1319 1495 1389 justilicatus
1531 1325 1700 1392 possit
1754 1329 1934 1381 virete

351 1399 512 1469 juste.
540 1401 711 1456 Prima
735 1414 818 1458 cst
847 1407 1006 1476 igitur
1031 1411 1224 1478 gratia.
1253 1413 1484 1466 secunda
1503 1427 1664 1478 Opera
1685 1416 1844 1481 bona,
1863 1419 1934 1472 si-

356 1504 445 1546 cut
462 1494 567 1547 alio
594 1495 710 1550 loco
733 1497 856 1552 dicit
876 1515 892 1554 :
914 1500 972 1554 Ei
993 1511 1168 1556 autem
1191 1504 1278 1572 qni
1309 1513 1581 1572 operatur,
1603 1522 1807 1564 merces
1829 1524 1933 1564 non

357 1585 648 1654 imputatur
671 1591 962 1646 secundum
986 1595 1228 1664 gratiam,
1253 1598 1346 1651 sed
1362 1599 1651 1656 secundum
1673 1601 1930 1656 debitum.

2036 419 2254 468 omnino
2277 419 2634 470 meritorum?
2663 419 2768 473 Sed
2800 420 2996 475 dictum
3025 434 3107 477 est
3141 441 3157 480 :
3196 427 3263 480 Ut
3313 432 3606 483 secundum

2033 503 2352 559 electionem
2383 509 2708 576 prepositum
2746 510 2838 565 Dei
2882 527 3142 570 maneret.
3177 518 3241 571 Et
3271 519 3388 572 ideo
3415 523 3614 590 qtuetia

2033 610 2172 657 mus.
2205 598 2327 666 quia
2359 599 2556 654 dictum
2583 610 2664 655 est
2697 619 2710 654 :
2736 604 2834 656 nisi
2865 604 2996 658 forte
3026 608 3103 660 sic
3129 619 3210 662 est
3241 613 3611 682 distinguenda

2033 688 2455 752 scntentia,.,non
2481 701 2536 744 ttt
2569 691 2932 761 intelligamus
2961 706 3210 765 tanquam
3251 700 3369 753 ideo
3391 718 3497 754 non
3543 719 3610 756 ex

2033 778 2304 846 operibus,
2330 782 2422 834 sed
2441 797 2504 837 ex
2537 796 2760 839 vocante
2798 785 2994 838 dictum
3019 798 3190 841 esset:
3221 789 3386 860 Major
3414 793 3614 846 serviet

2034 871 2231 923 minori
2265 887 2277 922 :
2308 882 2364 924 ut
2420 875 2713 928 secundum
2763 875 3080 930 electionem
3132 884 3461 946 prepositum
3515 883 3609 935 Dei

2034 972 2279 1019 maneret
2305 981 2319 1030 ;
2351 965 2446 1018 sed
2479 965 2550 1018 ita
2581 968 2777 1033 potius,
2807 978 2864 1021 ut
2896 969 2997 1022 hoc
3025 969 3101 1024 de
3131 971 3364 1024 nondum
3399 972 3534 1026 natis
3562 984 3620 1026 et

2035 1053 2269 1108 nondum
2303 1057 2500 1125 aliquid
2530 1060 2762 1127 operatis
2779 1062 3084 1130 exemp-lum
3103 1064 3281 1116 datum
3295 1065 3613 1131 accipiatur,

2033 1161 2102 1199 ne
2131 1147 2304 1215 aliqua
2333 1148 2527 1203 electio
2549 1149 2634 1202 hic
2666 1152 2831 1217 possit
2874 1153 3122 1222 intelligi.
3153 1154 3284 1207 Cum
3310 1155 3450 1208 enim
3482 1169 3617 1208 non-

2035 1235 2158 1289 dutn
2192 1238 2300 1290 nati
2327 1237 2574 1302 fuissent,
2605 1254 2778 1308 neque
2795 1240 2993 1310 aliquid
3016 1243 3247 1312 egissent
3277 1243 3472 1297 bonum
3498 1245 3615 1298 sive

2037 1327 2268 1396 ntalem,
2327 1337 2382 1382 ut
2433 1331 2728 1384 secundum
2775 1331 3094 1386 electionem
3137 1336 3463 1403 prepositum
3517 1327 3616 1390 Dei

2037 1425 2324 1471 maneret:
2371 1417 2422 1471 id
2470 1429 2594 1485 est,
2648 1436 2820 1488 neque
2873 1422 3072 1492 aliquid
3139 1426 3370 1493 egissent
3415 1427 3612 1480 bonum

2035 1517 2128 1562 aut
2183 1501 2424 1575 malum’,
2481 1521 2540 1565 ut
2596 1520 2814 1582 propter
2875 1515 3043 1583 ipsam
3111 1517 3373 1571 actionem
3420 1519 3614 1574 electi‘o

2038 1599 2213 1669 aliqua
2239 1601 2384 1656 ﬁeret
2415 1604 2533 1670 ejus
2565 1603 2653 1672 qui
2708 1606 2844 1659 bene
2875 1615 3077 1675 egerat.
3130 1607 3260 1662 Cum
3291 1625 3418 1678 ergo
3470 1612 3614 1664 nulla

359 1674 473 1728 Non
505 1678 648 1730 enim
679 1679 1068 1748 intelligebant,
1101 1687 1219 1753 quia
1250 1701 1316 1741 eo
1364 1687 1480 1756 ipso
1510 1705 1616 1758 quo
1637 1693 1803 1760 gratia
1853 1703 1939 1746 est
1969 1688 2016 1746 Β
2041 1703 2182 1747 esset
2209 1693 2403 1748 electio
2429 1695 2568 1750 bene
2597 1699 2826 1764 agentis,
2854 1701 3145 1754 secundum
3191 1717 3349 1770 quam
3382 1715 3622 1759 maneret

355 1773 694 1841 evangelica,
730 1775 984 1842 operibus
1036 1793 1143 1832 non
1202 1779 1428 1836 debetur
1453 1798 1467 1839 :
1495 1784 1731 1852 alioquin
1767 1785 1937 1854 gratia

353 1861 463 1930 jam
496 1880 600 1916 non
635 1875 718 1918 est
747 1866 939 1935 gratia.
977 1869 1030 1922 In
1056 1870 1239 1928 multis
1271 1871 1406 1928 locis
1453 1875 1553 1930 boc
1601 1889 1743 1942 sirpe
1771 1887 1938 1932 testa-

360 1961 466 2016 tur,
494 1951 848 2024 ﬁzleigratiam
877 1973 1198 2028 praeponens
1226 1964 1480 2032 operibus
1509 1984 1524 2019 ι
1553 1981 1660 2021 nun
1688 1978 1743 2021 ut
1774 1985 1935 2038 opera

358 2044 703 2114 exstinguat,
735 2047 830 2102 sed
861 2058 921 2103 ut
963 2052 1212 2105 ostendat
1261 2069 1307 2106 n-
1332 2071 1365 2109 n
1396 2070 1516 2110 esse
1545 2073 1706 2125 opera
1741 2075 1938 2127 praece-

360 2134 539 2188 detttia
568 2139 813 2208 gratiam,
846 2141 938 2196 sed
968 2145 1348 2214 consequentia
1380 2165 1393 2199 :
1427 2157 1480 2202 ut
1521 2151 1722 2205 scilicet
1749 2167 1853 2206 non
1879 2165 1938 2207 se

360 2227 590 2297 quisque
617 2231 902 2287 arbitretur
921 2235 1040 2289 ideo
1056 2240 1356 2305 percepisse
1375 2242 1622 2310 gratiam,
1651 2245 1770 2312 quTa
1803 2245 1938 2299 bene

361 2331 613 2388 Operatus
637 2335 751 2388 est;
785 2327 876 2380 sed
901 2326 1034 2382 bene
1060 2332 1269 2398 operari
1301 2348 1404 2385 non
1433 2349 1611 2401 posse,
1643 2335 1742 2389 nisi
1759 2352 1849 2404 per
1877 2337 1941 2390 ﬁ-

362 2413 486 2467 dem
514 2419 811 2486 perceperit
831 2421 1074 2488 gratiam.
1095 2423 1473 2490 lncipitautem
1491 2426 1647 2481 homo
1663 2431 1876 2497 percipe
1905 2446 1938 2486 e

362 2507 614 2576 gratiam,
637 2525 700 2564 ex
719 2525 822 2579 quo
841 2511 1024 2580 incipit
1039 2513 1144 2567 Deo
1163 2519 1404 2580 credere,
1421 2517 1504 2571 vel
1531 2519 1743 2574 interna
1763 2521 1839 2574 vel
1858 2537 1939 2574 ett-

364 2607 520 2652 tt-rna
541 2604 1082 2672 admonitionemotus
1100 2608 1162 2660 ad
1193 2607 1372 2662 ﬁdem.
1388 2609 1490 2662 Sed
1515 2608 1567 2662 iu
1577 2619 1734 2665 teres:
1749 2612 1941 2680 quibus

361 2692 606 2745 artisvulis
628 2703 947 2763 temporum,
996 2697 1081 2752 vel
1101 2697 1254 2752 celeb
1285 2699 1462 2756 atione
1487 2713 1938 2756 sacramentorum

363 2783 540 2851 gratia
571 2784 778 2852 plenior
797 2796 853 2841 et
890 2789 1193 2844 evidentior
1223 2789 1548 2848 inlundatur.
1577 2791 1678 2846 Sed
1709 2802 1763 2846 ut
1791 2794 1858 2847 de
1885 2810 1942 2847 re

363 2872 440 2924 de
461 2889 562 2941 qua
585 2876 758 2944 agitur
779 2881 954 2945 potius
983 2877 1280 2948 loquamur,
1306 2880 1372 2934 ad
1416 2880 1759 2950 frangendam
1787 2893 1944 2953 atque

363 2964 726 3032 dejiciendam
757 2971 1059 3039 supa'rbiam
1088 2973 1362 3028 hominum
1411 2975 1736 3042 ingratorum
1759 2978 1942 3046 gratiae

2043 1785 2372 1854 propositum
2407 1787 2519 1851 Dei,
2553 1803 2656 1842 non
2712 1805 2777 1842 ex
2805 1791 3079 1859 operibus,
3109 1793 3202 1846 sed
3240 1810 3305 1848 ex
3355 1805 3614 1848 vocante:

2041 1874 2092 1928 id
2121 1885 2204 1928 est
2239 1890 2304 1930 ex
2335 1889 2400 1930 eo
2430 1877 2520 1942 qui
2567 1879 2810 1934 vocando
2857 1883 2920 1934 ad
2972 1882 3128 1936 ﬁtem
3170 1883 3334 1954 gratit
3364 1885 3620 1955 justiﬁcat

2043 1967 2283 2036 impittm,
2313 1969 2513 2024 dictum
2544 1972 2804 2040 estzQuia
2831 1973 3002 2044 major
3030 1977 3232 2030 serviet
3256 1979 3469 2031 minori.
3503 1978 3626 2032 Non'

2041 2072 2167 2126 ergo
2189 2060 2484 2115 secundum
2516 2061 2834 2118 electionem
2865 2064 3196 2132 prepositum
3233 2066 3322 2121 Dei
3353 2077 3616 2131 maneret,

2041 2152 2134 2204 sed
2176 2165 2239 2204 ex
2297 2154 2570 2222 proposito
2608 2153 2824 2219 electto,
2870 2155 2918 2208 i-l
2951 2163 3056 2220 est,
3111 2171 3215 2210 non
3270 2158 3390 2226 quia
3421 2158 3621 2212 invenit

2042 2240 2186 2296 Deus
2215 2256 2374 2311 opera
2407 2243 2540 2297 bona
2571 2245 2622 2297 in
2648 2243 2954 2299 hominibus
2985 2261 3102 2314 quae
3132 2246 3316 2315 eligat,
3343 2247 3464 2300 ideo
3509 2264 3619 2300 ma-

2043 2345 2134 2387 net
2163 2335 2908 2405 pr0p05itumjnstiﬁcationis
2934 2337 3100 2404 ipsius
3131 2354 3142 2389 :
3175 2337 3266 2390 sed
3292 2338 3413 2405 quia
3443 2349 3624 2391 manet-

2047 2426 2174 2480 illutl
2201 2427 2536 2496 utjustiﬁeet
2575 2427 2876 2496 credentes,
2923 2428 3045 2482 ideo
3079 2428 3282 2483 in'venit
3305 2445 3466 2498 opera
3498 2445 3616 2500 qua:

2038 2515 2148 2585 jam
2181 2519 2337 2586 eligat
2362 2520 2425 2573 ad
2469 2535 2695 2590 regnum
2727 2520 3006 2574 caelorum.
3035 2519 3164 2574 Nam
3200 2521 3298 2574 nisi
3339 2530 3480 2574 esset
3502 2523 3614 2575 elc-

2042 2613 2171 2674 etio,
2201 2625 2306 2664 non
2333 2621 2511 2665 essent
2541 2611 2719 2677 electi,
2752 2625 2850 2666 nec
2875 2619 3022 2665 recte
3043 2611 3311 2666 diceretur
3335 2629 3349 2663 :
3379 2611 3506 2678 Quis
3530 2627 3620 2667 aca

2044 2702 2252 2756 cusabit
2295 2703 2553 2756 adversus
2623 2702 2824 2756 electos
2872 2701 3011 2757 Dei?
3055 2701 3168 2756 Non
3209 2711 3385 2756 tamen
3425 2703 3620 2757 electio

2047 2794 2303 2862 prtecedit
2328 2793 2793 2862 justiﬁcationem,
2825 2792 2918 2847 sed
2947 2793 3266 2847 electionem
3288 2795 3616 2861 juslilicatio.

2046 2883 2214 2938 Nemo
2241 2884 2383 2938 enim
2425 2885 2657 2952 eligitur,
2701 2883 2798 2936 nisi
2824 2881 2936 2954 jam
2961 2883 3164 2938 distans
3210 2883 3276 2936 ab
3301 2884 3390 2936 illo
3419 2885 3505 2952 qui
3535 2897 3619 2938 rc-

2046 2975 2242 3041 jfcitur.
2276 2973 2430 3029 Unde
2460 2975 2600 3043 quod
2625 2975 2823 3029 dictum
2855 2984 2958 3040 est,
2998 2977 3120 3044 quia
3169 2974 3331 3044 elegit
3357 2989 3454 3028 nos
3484 2974 3624 3028 Deus

365 3057 493 3123 D63.
516 3068 566 3114 ει
583 3062 896 3134 audentiam
923 3064 1138 3133 gloriari
1159 3065 1224 3121 de
1250 3066 1476 3134 meritis,
1497 3068 1596 3122 ista
1619 3083 1942 3124 commemo-
1973 3055 2018 3116 C
2049 3075 2172 3121 ante
2193 3065 2372 3121 mundi
2421 3066 2879 3130 constitutionem,
2933 3081 3038 3119 non
3081 3065 3236 3120 video
3260 3065 3525 3134 quomodo
3553 3066 3626 3120 sit

365 3133 593 3208 rantur:
613 3154 740 3212 litua
771 3156 912 3210 enim
945 3157 1178 3211 nondum
1217 3161 1326 3212 nati
1359 3159 1582 3214 fuissent
1631 3177 1807 3230 neque
1852 3163 1946 3214 ali-

365 3245 506 3312 quid
533 3246 766 3317 egissent
795 3249 990 3306 bonum
1021 3235 1357 3320 vel-malum,
1414 3267 1520 3306 non
1569 3268 1635 3306 ex
1672 3255 1943 3322 operibus,

365 3339 470 3392 sed
499 3354 560 3392 ex
587 3351 810 3394 vocante
831 3343 1028 3402 dictum
1045 3353 1128 3398 est
1147 3343 1496 3412 :Quia‘major
1509 3346 1707 3399 serviet
1737 3346 1948 3401 minori.

375 3427 636 3484 Voratttis
665 3446 793 3500 ergo
821 3442 902 3486 est
930 3435 1120 3502 gratia.
1150 3433 1205 3488 Si
1228 3434 1386 3504 igitur
1425 3435 1636 3501 electio,
1673 3451 1766 3503 per
1814 3452 1951 3505 prte-

371 3523 682 3590 scicntiam,
710 3523 974 3590 prmScivit
1001 3536 1180 3580 autem
1231 3525 1371 3580 Deus
1400 3526 1556 3580 ﬁdem
1601 3526 1786 3592 Jacob,
1815 3528 1955 3581 unde

375 3610 600 3676 probas,
621 3611 742 3680 quia
774 3627 878 3668 non
925 3614 1086 3670 etiam
1118 3631 1186 3669 ex
1239 3617 1489 3683 operibus
1516 3617 1674 3685 elegit
1698 3618 1855 3671 eum?
1897 3619 1954 3672 Si

377 3714 690 3770 propterea,
719 3706 843 3772 quia
875 3707 1110 3764 nondum
1136 3707 1246 3760 nati
1274 3716 1464 3771 erant,
1513 3719 1567 3762 et
1597 3709 1828 3761 nondum
1859 3707 1957 3761 ali-

373 3793 512 3862 quid
542 3804 760 3862 egerant
789 3796 984 3852 bonum
1011 3807 1101 3852 aut
1131 3800 1328 3854 malum
1360 3816 1376 3865 ;
1419 3802 1486 3854 ita
1517 3805 1676 3856 etiam
1724 3804 1956 3857 nondum

376 3887 512 3940 cred
535 3888 688 3942 derat
709 3889 903 3959 aliquis
927 3905 1114 3947 eorum
1139 3908 1153 3944 :
1183 3892 1296 3950 sed.
1315 3893 1455 3948 sicut
1481 3896 1812 3962 prmsclentia
1831 3897 1962 3951 vidit

379 3978 740 4047 crediturum,
771 3982 842 4038 ita
879 3986 1214 4051 pra-scientia
1237 3987 1421 4041 videre
1462 3996 1672 4056 poterat
1713 3999 1960 4056 operatu-

381 4087 530 4128 rum.
565 4071 632 4128 Ut
651 4075 922 4142 quomodo
948 4075 1143 4130 dicitur
1163 4077 1366 4136 electus
1388 4087 1604 4146 propter
1634 4077 1792 4132 ﬁdem
1825 4079 1964 4132 futu-

382 4178 527 4227 ram,
560 4180 718 4233 quam
745 4168 1056 4234 prmsciebat
1085 4169 1250 4238 Deus,
1280 4169 1358 4224 sic
1401 4171 1540 4224 alius
1562 4171 1728 4240 possit
1755 4171 1956 4239 dicere,

379 4265 610 4324 propter
639 4271 797 4325 opera
833 4257 1008 4313 futura
1055 4260 1232 4328 potius
1281 4261 1527 4327 electum,
1555 4279 1673 4330 qua:
1696 4264 1966 4318 nihilomi-

387 4361 494 4400 nus
570 4350 885 4417 pra'sciebat
942 4353 1101 4406 Deus.
1149 4353 1490 4423 Quapropter
1539 4355 1680 4409 unde
1733 4359 1960 4411 Ostendit

2048 3159 2274 3226 dictum,
2311 3159 2410 3212 nisi
2455 3158 2807 3226 prmsciemia.
2843 3156 2942 3211 llic
2989 3165 3164 3209 autem
3192 3157 3332 3225 quod
3365 3157 3475 3208 ait:
3509 3155 3628 3209 Non

2051 3269 2110 3308 et
2139 3253 2414 3321 cperibus,
2439 3249 2531 3306 sed
2563 3265 2627 3304 ex
2682 3259 2904 3304 vocante
2925 3249 3121 3304 dictum
3161 3258 3244 3303 est
3269 3249 3341 3316 ei,
3369 3251 3490 3318 quia
3522 3263 3628 3300 ma-

2047 3346 2134 3416 jor
2163 3345 2360 3400 serviet
2385 3343 2742 3407 minori;non
2797 3343 3060 3397 electione
3108 3343 3455 3407 meritorum,
3510 3357 3628 3410 qm:

2055 3447 2174 3505 post
2197 3435 2634 3501 justiﬁeatiunem
2665 3433 2850 3502 gratia:
2895 3433 3233 3502 proveniunt,
3267 3432 3360 3486 sed
3395 3431 3630 3485 liberali-

2057 3539 2164 3582 tate
2185 3529 2444 3581 dcuorum
2479 3525 2571 3580 Dei
2606 3527 2771 3579 voluit
2799 3525 3049 3595 intelligi,
3084 3539 3153 3579 ne
3191 3525 3309 3593 quis
3348 3523 3415 3578 de
3455 3525 3634 3592 operi-

2058 3620 2156 3673 bus
2187 3619 2492 3678 extollatur.
2523 3618 2706 3670 Gratia
2728 3617 2870 3670 enim
2896 3616 2986 3670 Dei
3007 3615 3139 3669 salvi
3173 3615 3292 3669 facti
3321 3630 3503 3668 sumus
3537 3631 3550 3666 :
3581 3622 3635 3666 et

2059 3712 2160 3764 boc
2190 3725 2293 3762 non
2335 3725 2400 3764 ex
2425 3709 2680 3778 operibus
2706 3749 2720 3773 ,
2767 3709 2868 3762 sed
2910 3707 3002 3760 Dei
3050 3708 3245 3760 donum
3277 3714 3360 3760 est
3389 3723 3401 3757 :
3435 3695 3538 3758 non
3570 3723 3632 3758 ex

2059 3800 2333 3866 operibus,
2366 3815 2431 3855 ne
2461 3799 2598 3851 forte
2641 3798 2758 3865 quis
2788 3797 3096 3850 extollatur.
3130 3796 3394 3864 Quaeritur
3437 3806 3635 3861 autem,

2065 3902 2238 3945 tli‘llm
2278 3891 2361 3943 vel
2394 3888 2526 3942 ﬁdes
2579 3897 2850 3942 mereatur
2898 3887 3126 3941 hominis
3176 3887 3634 3956 justiﬁcatitmcm,

2064 3997 2130 4035 an
2161 3995 2289 4035 vero
2315 3995 2414 4034 nec
2471 3979 2593 4034 ﬁdei
2637 3979 2828 4033 met-ita
2876 3977 3180 4048 prtecedant
3219 3979 3650 4033 misericordium-

2012 4093 2020 4100 -
2070 4075 2184 4135 Dei,
2212 4073 2303 4127 sed
2333 4080 2387 4126 et
2410 4071 2540 4125 ﬁdes
2585 4073 2698 4140 ipsa
2738 4072 2878 4125 inter
2925 4069 3064 4124 dona
3089 4071 3274 4138 grati-te
3306 4080 3636 4125 numeretur.

2067 4167 2195 4232 Quia
2219 4174 2274 4220 et
2305 4165 2408 4219 hoc
2439 4165 2554 4218 loco
2582 4179 2699 4218 cum
2723 4163 2972 4218 dixisset:
2999 4161 3112 4216 Non
3137 4177 3201 4217 ex
3224 4163 3506 4232 operibus,
3537 4177 3641 4217 non

2067 4261 2163 4323 ait,
2197 4256 2291 4311 sed
2314 4272 2379 4310 ex
2409 4255 2511 4309 ﬁde
2535 4256 2734 4309 dictum
2763 4264 2845 4309 est
2864 4255 2931 4319 ei,
2966 4255 3086 4324 quia
3116 4254 3290 4324 major
3323 4251 3518 4308 serviet
3549 4254 3646 4306 mi-

2075 4349 2223 4413 nori;
2251 4349 2325 4402 ait
2356 4360 2531 4403 autem
2550 4365 2564 4402 :
2585 4348 2687 4404 Sed
2714 4363 2778 4401 ex
2806 4356 3030 4401 vocante
3059 4363 3072 4400 :
3105 4361 3260 4400 nemo
3291 4347 3431 4402 enim
3454 4348 3646 4410 credit,

385 4439 700 4506 Apostolus,
727 4457 832 4495 non
861 4457 926 4496 ex
948 4444 1200 4510 operibus
1224 4445 1425 4499 dictum
1456 4460 1577 4501 esse
1605 4464 1618 4498 ε
1655 4446 1824 4517 Major
1851 4462 1962 4502 ser-

2071 4445 2158 4510 qui
2185 4457 2293 4495 non
2309 4451 2546 4495 vocatur.
2578 4439 2877 4494 MiseriCurs
2906 4449 3081 4493 autem
3101 4438 3242 4494 Deus
3265 4449 3415 4494 vocat
3445 4453 3460 4494 :
3488 4439 3648 4492 nullis

394 4531 506 4586 viet
557 4530 754 4586 minori
784 4548 801 4587 :
833 4534 879 4586 si
921 4536 1213 4602 quominus
1242 4538 1477 4593 nondum
1519 4539 1627 4592 nati
1658 4551 1829 4605 erant,
1862 4556 1964 4594 non

387 4622 566 4678 solum
595 4640 702 4680 non
731 4640 794 4680 ex
835 4628 1108 4695 operibus,
1140 4629 1234 4684 sed
1263 4644 1326 4684 ex
1352 4629 1455 4685 ﬁde
1481 4632 1679 4686 dictum
1714 4645 1816 4698 est,
1849 4635 1968 4704 quia

390 4724 682 4784 utrumque
700 4715 884 4770 deerat
909 4718 1146 4773 nondum
1175 4722 1333 4776 natis.
1383 4721 1496 4776 Non
1549 4723 1711 4793 igitur
1751 4734 1805 4779 et
1829 4740 1969 4792 prae-

391 4805 618 4862 scientia
650 4808 815 4861 voluit
868 4811 1090 4879 intelligi
1114 4811 1310 4865 factam
1353 4814 1668 4869 electionem
1721 4817 1966 4881 minoris,

395 4912 453 4960 ut
485 4901 656 4970 major
677 4901 725 4954 ei
755 4903 998 4956 seruiret.
1038 4903 1232 4958 Volens
1257 4906 1401 4959 enim
1432 4907 1735 4973 ostendere,
1768 4922 1873 4960 non
1903 4924 1968 4961 ex

391 4992 648 5058 operibus
671 4991 888 5056 laetam,
923 5003 1204 5062 propterea
1237 4997 1796 5051 intulitdieeus:Cum
1826 5000 1968 5052 enim

395 5083 633 5140 nondum
653 5087 762 5137 nati
791 5083 1038 5151 fuissent,
1093 5101 1263 5155 neque
1283 5088 1479 5156 aliquid
1501 5093 1743 5157 egissrnt
1773 5089 1968 5142 bonum

397 5187 494 5227 seu
517 5175 734 5228 malum.
766 5174 1016 5242 Alioquin
1048 5184 1258 5245 poterat
1286 5179 1334 5231 ei
1360 5179 1486 5241 dici,
1513 5179 1606 5232 sed
1632 5179 1742 5249 jam
1772 5179 1974 5234 sciebat

397 5264 542 5322 Deus
571 5268 690 5338 quis
713 5268 845 5336 quid
875 5281 1013 5324 esset
1046 5280 1282 5324 acturus.
1323 5270 1682 5336 Quamobrem
1719 5273 1856 5327 unde
1885 5274 1974 5326 illa

397 5360 592 5414 electio
617 5361 748 5417 facta
775 5361 845 5414 sit
881 5362 1164 5429 quaeritur;
1201 5364 1323 5431 quia
1369 5365 1412 5418 si
1459 5380 1562 5419 non
1594 5381 1659 5419 ex
1718 5365 1975 5434 operibus

397 5466 522 5516 quae
552 5465 655 5504 nOn
683 5453 914 5506 erantin
945 5453 1180 5506 nondum
1222 5453 1380 5519 natis,
1415 5471 1513 5510 nec
1554 5471 1619 5510 ex
1674 5457 1799 5520 ﬁde,
1853 5459 1972 5526 quia

403 5558 505 5597 nec
529 5545 638 5611 ipsa
670 5555 806 5598 erat.
831 5544 984 5600 Unde
1013 5547 1215 5617 igitur?
1241 5563 1308 5601 an
1340 5547 1623 5602 dicendum
1654 5549 1796 5616 quod
1830 5551 1971 5603 nulla

403 5633 596 5690 eiectio
622 5633 801 5704 fuerit,
821 5651 924 5692 non
947 5639 1212 5698 existente
1235 5640 1410 5710 aliqua
1442 5640 1753 5698 diversitate
1775 5641 1826 5695 in
1859 5653 1976 5697 ute-

2073 4535 2175 4586 hoc
2206 4533 2287 4586 vel
2314 4532 2434 4586 ﬁdei
2465 4531 2668 4586 meritis
2720 4533 2975 4601 largicns,
3031 4532 3152 4601 quia
3196 4533 3382 4586 merita
3409 4529 3530 4585 ﬁdei
3561 4545 3648 4585 se-

2073 4635 2307 4694 quuntur
2335 4623 2667 4678 vocationem
2715 4625 2891 4690 potius
2943 4638 3100 4692 quam
3158 4620 3650 4690 przeced:tnt.'Quo-

2075 4716 2233 4768 modo
2256 4716 2396 4769 enim
2420 4715 2640 4768 credent
2671 4715 2718 4768 ei
2743 4730 2900 4782 quem
2936 4727 3039 4767 non
3067 4712 3382 4766 audierunt?
3422 4712 3486 4763 Et
3517 4725 3586 4777 qu
3616 4734 3650 4749 ν-

2076 4809 2234 4862 modo
2261 4809 2479 4862 audient
2507 4810 2624 4861 sine
2671 4805 3038 4876 prtedican'e?
3082 4805 3192 4858 Nisi
3238 4819 3366 4872 ergo
3409 4803 3651 4854 vocando

2079 4904 2347 4973 pr:rcedat
2393 4901 2757 4955 misericordia
2811 4900 2900 4952 Dei
2931 4938 2944 4962 ,
2997 4911 3096 4950 nec
3124 4895 3344 4949 credere
3371 4896 3650 4964 quisquam

2076 5003 2271 5066 potest,
2309 5001 2367 5047 ut
2395 5009 2460 5047 ex
2487 4993 2588 5046 hoc
2611 4993 2823 5060 incipiat
2848 4989 3150 5059 justilicari,
3193 4998 3247 5042 et
3295 4989 3536 5056 accipere
3577 4987 3654 5041 fa-

2076 5093 2324 5144 cultatem
2353 5091 2485 5143 bene
2510 5087 2786 5158 operandi.
2814 5087 2952 5155 Ergo
2973 5093 3096 5139 ante
3119 5099 3277 5140 omne
3301 5086 3546 5141 meritum
3569 5095 3655 5139 est

2077 5181 2266 5250 gratia.
2303 5179 2510 5232 Etenim
2541 5179 2784 5231 Christus
2829 5191 2924 5246 pro
2955 5175 3132 5246 impiis
3171 5187 3410 5231 mortuus
3438 5188 3538 5230 est.
3576 5175 3656 5229 Es.

2079 5281 2300 5326 vocante
2330 5271 2677 5340 igiturminor
2699 5268 2909 5337 accipit,
2927 5261 3030 5322 ιιοῆ
3061 5284 3122 5322 ex
3155 5269 3274 5323 ullis
3298 5267 3500 5322 meritis
3523 5282 3655 5334 ope-

2078 5378 2193 5418 rum
2215 5375 2454 5424 suorum,
2481 5369 2536 5414 ttt
2567 5361 2734 5430 major
2755 5363 2801 5416 ei
2826 5361 3072 5426 serviret,
3097 5369 3156 5414 ut
3184 5357 3494 5427 etiamquod
3523 5357 3662 5411 sa-ri:

2079 5467 2224 5528 ptum
2249 5465 2356 5511 est:
2373 5455 2537 5512 Jacob
2559 5457 2742 5521 dilexi,
2762 5473 2825 5512 cx
2843 5467 3064 5512 vocante
3078 5458 3147 5511 sit
3173 5457 3299 5518 lico,
3324 5469 3426 5506 non
3442 5468 3504 5506 ex
3525 5469 3654 5522 opes

2077 5559 2231 5602 route
2262 5547 2446 5603 Jacob.
2473 5548 2608 5614 Quid
2641 5548 2833 5604 deinde
2883 5551 3017 5603 Esau
3050 5544 3188 5615 quod
3241 5546 3407 5597 servit
3433 5542 3659 5610 minori,

2081 5654 2129 5698 ct
2155 5641 2295 5712 quod
2328 5642 2578 5712 scriptum
2609 5654 2687 5698 est
2721 5661 2731 5694 :
2763 5645 2897 5698 Esau
2929 5659 3103 5701 autent
3157 5639 3280 5716 odio
3312 5633 3468 5689 habui
3499 5649 3510 5684 :
3541 5633 3644 5704 quiIi
