  <div class='ocr_page' id='page_1' title='image "/cluster/home/n/w/nwhite01/storage/ocr_20150623/68/hvd.32044054758719/247.png"; bbox 0 0 3904 6176; ppageno 0'>
   <div class='ocr_carea' id='block_1_1' title="bbox 396 232 2904 309">
    <p class='ocr_par' dir='ltr' id='par_1_1' title="bbox 396 232 2904 309">
     <span class='ocr_line' id='line_1_1' title="bbox 396 232 2904 309; baseline -0.004 -14"><span class='ocrx_word' id='word_1_1' title='bbox 396 244 461 298; x_wconf 73' lang='lat'><strong>79</strong></span> <span class='ocrx_word' id='word_1_2' title='bbox 1448 236 1744 309; x_wconf 64' lang='lat' dir='ltr'><strong>PltlilAS&#39;ll</strong></span> <span class='ocrx_word' id='word_1_3' title='bbox 1780 232 2227 290; x_wconf 62' lang='lat' dir='ltr'><strong>ADRUSIETANl</strong></span> <span class='ocrx_word' id='word_1_4' title='bbox 2270 232 2483 290; x_wconf 79' lang='lat' dir='ltr'><strong>EPiSC.</strong></span> <span class='ocrx_word' id='word_1_5' title='bbox 2871 241 2904 277; x_wconf 65' lang='grc' dir='ltr'><em>δ</em></span> 
     </span>
    </p>
   </div>
   <div class='ocr_carea' id='block_1_2' title="bbox 3527 230 3618 285">
    <p class='ocr_par' dir='ltr' id='par_1_2' title="bbox 3527 230 3618 285">
     <span class='ocr_line' id='line_1_2' title="bbox 3527 230 3618 285; baseline 0 0"><span class='ocrx_word' id='word_1_6' title='bbox 3527 230 3618 285; x_wconf 65' lang='grc'><strong>880</strong></span> 
     </span>
    </p>
   </div>
   <div class='ocr_carea' id='block_1_3' title="bbox 364 346 3619 418">
    <p class='ocr_par' dir='ltr' id='par_1_3' title="bbox 364 346 3619 418">
     <span class='ocr_line' id='line_1_3' title="bbox 364 346 3619 418; baseline -0.003 -11"><span class='ocrx_word' id='word_1_7' title='bbox 364 369 460 407; x_wconf 70' lang='lat' dir='ltr'><strong>sus</strong></span> <span class='ocrx_word' id='word_1_8' title='bbox 481 352 634 406; x_wconf 88' lang='lat' dir='ltr'><strong>malis</strong></span> <span class='ocrx_word' id='word_1_9' title='bbox 664 350 775 404; x_wconf 77' lang='lat' dir='ltr'><strong>suis</strong></span> <span class='ocrx_word' id='word_1_10' title='bbox 794 349 894 403; x_wconf 84' lang='lat' dir='ltr'><strong>huc</strong></span> <span class='ocrx_word' id='word_1_11' title='bbox 922 349 1132 413; x_wconf 87' lang='lat' dir='ltr'><strong>meruit,</strong></span> <span class='ocrx_word' id='word_1_12' title='bbox 1168 363 1289 404; x_wconf 92' lang='lat' dir='ltr'><strong>cum</strong></span> <span class='ocrx_word' id='word_1_13' title='bbox 1312 360 1365 405; x_wconf 90' lang='lat' dir='ltr'><strong>et</strong></span> <span class='ocrx_word' id='word_1_14' title='bbox 1393 351 1506 418; x_wconf 88' lang='lat' dir='ltr'><strong>ipse</strong></span> <span class='ocrx_word' id='word_1_15' title='bbox 1535 350 1768 404; x_wconf 89' lang='lat' dir='ltr'><strong>nondum</strong></span> <span class='ocrx_word' id='word_1_16' title='bbox 1789 363 1940 403; x_wconf 82' lang='lat' dir='ltr'><strong>natus</strong></span> <span class='ocrx_word' id='word_1_17' title='bbox 1971 351 2018 409; x_wconf 84' lang='lat' dir='ltr'><strong>A</strong></span> <span class='ocrx_word' id='word_1_18' title='bbox 2047 347 2146 400; x_wconf 87' lang='lat' dir='ltr'><strong>sibi</strong></span> <span class='ocrx_word' id='word_1_19' title='bbox 2169 348 2479 415; x_wconf 72' lang='lat' dir='ltr'><strong>pnestitisse</strong></span> <span class='ocrx_word' id='word_1_20' title='bbox 2502 355 2559 401; x_wconf 92' lang='lat' dir='ltr'><strong>nt</strong></span> <span class='ocrx_word' id='word_1_21' title='bbox 2578 347 2843 411; x_wconf 81' lang='lat' dir='ltr'><strong>crederet,</strong></span> <span class='ocrx_word' id='word_1_22' title='bbox 2870 347 2958 415; x_wconf 90' lang='lat' dir='ltr'><strong>qui</strong></span> <span class='ocrx_word' id='word_1_23' title='bbox 2987 347 3291 407; x_wconf 78' lang='lat' dir='ltr'><strong>miseretur,</strong></span> <span class='ocrx_word' id='word_1_24' title='bbox 3315 346 3619 413; x_wconf 84' lang='lat' dir='ltr'><strong>tnspirando</strong></span> 
     </span>
    </p>
   </div>
   <div class='ocr_carea' id='block_1_4' title="bbox 365 442 1940 511">
    <p class='ocr_par' dir='ltr' id='par_1_4' title="bbox 365 442 1940 511">
     <span class='ocr_line' id='line_1_4' title="bbox 365 442 1940 511; baseline -0.002 -14"><span class='ocrx_word' id='word_1_25' title='bbox 365 448 568 502; x_wconf 80' lang='lat' dir='ltr'><strong>luisset.</strong></span> <span class='ocrx_word' id='word_1_26' title='bbox 604 459 774 511; x_wconf 89' lang='lat' dir='ltr'><strong>neque</strong></span> <span class='ocrx_word' id='word_1_27' title='bbox 824 442 1021 511; x_wconf 85' lang='lat' dir='ltr'><strong>aliquid</strong></span> <span class='ocrx_word' id='word_1_28' title='bbox 1066 443 1262 509; x_wconf 73' lang='lat' dir='ltr'><strong>egisset</strong></span> <span class='ocrx_word' id='word_1_29' title='bbox 1292 442 1414 496; x_wconf 90' lang='lat' dir='ltr'><strong>boni</strong></span> <span class='ocrx_word' id='word_1_30' title='bbox 1447 443 1696 507; x_wconf 82' lang='lat' dir='ltr'><strong>autmali,</strong></span> <span class='ocrx_word' id='word_1_31' title='bbox 1726 442 1940 510; x_wconf 98' lang='lat' dir='ltr'><strong>quando</strong></span> 
     </span>
    </p>
   </div>
   <div class='ocr_carea' id='block_1_5' title="bbox 364 532 1940 599">
    <p class='ocr_par' dir='ltr' id='par_1_5' title="bbox 364 532 1940 599">
     <span class='ocr_line' id='line_1_5' title="bbox 364 532 1940 599; baseline -0.004 -9"><span class='ocrx_word' id='word_1_32' title='bbox 364 538 564 590; x_wconf 86' lang='lat' dir='ltr'><strong>dictum</strong></span> <span class='ocrx_word' id='word_1_33' title='bbox 591 546 671 588; x_wconf 89' lang='lat' dir='ltr'><strong>est</strong></span> <span class='ocrx_word' id='word_1_34' title='bbox 696 554 707 587; x_wconf 95' lang='lat'><strong>:</strong></span> <span class='ocrx_word' id='word_1_35' title='bbox 733 534 800 587; x_wconf 85' lang='lat' dir='ltr'><strong>Et</strong></span> <span class='ocrx_word' id='word_1_36' title='bbox 824 534 994 599; x_wconf 85' lang='lat' dir='ltr'><strong>major</strong></span> <span class='ocrx_word' id='word_1_37' title='bbox 1016 533 1212 588; x_wconf 87' lang='lat' dir='ltr'><strong>serviet</strong></span> <span class='ocrx_word' id='word_1_38' title='bbox 1240 533 1469 587; x_wconf 85' lang='lat' dir='ltr'><strong>minori?</strong></span> <span class='ocrx_word' id='word_1_39' title='bbox 1495 535 1576 585; x_wconf 79' lang='lat' dir='ltr'><strong>An</strong></span> <span class='ocrx_word' id='word_1_40' title='bbox 1597 532 1731 586; x_wconf 83' lang='lat' dir='ltr'><strong>forte</strong></span> <span class='ocrx_word' id='word_1_41' title='bbox 1754 546 1940 599; x_wconf 85' lang='lat' dir='ltr'><strong>quem-</strong></span> 
     </span>
    </p>
   </div>
   <div class='ocr_carea' id='block_1_6' title="bbox 369 619 1944 681">
    <p class='ocr_par' dir='ltr' id='par_1_6' title="bbox 369 619 1944 681">
     <span class='ocr_line' id='line_1_6' title="bbox 369 619 1944 681; baseline -0.006 0"><span class='ocrx_word' id='word_1_42' title='bbox 369 627 658 681; x_wconf 82' lang='lat' dir='ltr'><strong>admodum</strong></span> <span class='ocrx_word' id='word_1_43' title='bbox 695 624 823 677; x_wconf 89' lang='lat' dir='ltr'><strong>illud</strong></span> <span class='ocrx_word' id='word_1_44' title='bbox 867 623 932 677; x_wconf 89' lang='lat' dir='ltr'><strong>de</strong></span> <span class='ocrx_word' id='word_1_45' title='bbox 969 623 1135 678; x_wconf 84' lang='lat' dir='ltr'><strong>Jaco&#39;u</strong></span> <span class='ocrx_word' id='word_1_46' title='bbox 1160 623 1318 675; x_wconf 87' lang='lat' dir='ltr'><strong>nullis</strong></span> <span class='ocrx_word' id='word_1_47' title='bbox 1367 621 1570 675; x_wconf 89' lang='lat' dir='ltr'><strong>meritis</strong></span> <span class='ocrx_word' id='word_1_48' title='bbox 1599 620 1751 674; x_wconf 75' lang='lat' dir='ltr'><strong>bona:</strong></span> <span class='ocrx_word' id='word_1_49' title='bbox 1777 619 1944 673; x_wconf 69' lang='lat' dir='ltr'><strong>artio-</strong></span> 
     </span>
    </p>
   </div>
   <div class='ocr_carea' id='block_1_7' title="bbox 368 708 1942 777">
    <p class='ocr_par' dir='ltr' id='par_1_7' title="bbox 368 708 1942 777">
     <span class='ocr_line' id='line_1_7' title="bbox 368 708 1942 777; baseline -0.006 -6"><span class='ocrx_word' id='word_1_50' title='bbox 368 720 453 771; x_wconf 89' lang='lat' dir='ltr'><strong>nis</strong></span> <span class='ocrx_word' id='word_1_51' title='bbox 490 717 689 770; x_wconf 89' lang='lat' dir='ltr'><strong>dictum</strong></span> <span class='ocrx_word' id='word_1_52' title='bbox 717 723 819 777; x_wconf 88' lang='lat' dir='ltr'><strong>est,</strong></span> <span class='ocrx_word' id='word_1_53' title='bbox 846 713 919 767; x_wconf 90' lang='lat' dir='ltr'><strong>ita</strong></span> <span class='ocrx_word' id='word_1_54' title='bbox 946 716 1078 767; x_wconf 68' lang='lat' dir='ltr'><strong>lis-au</strong></span> <span class='ocrx_word' id='word_1_55' title='bbox 1105 712 1267 766; x_wconf 55' lang='lat' dir='ltr'><strong>nullis</strong></span> <span class='ocrx_word' id='word_1_56' title='bbox 1305 711 1509 765; x_wconf 90' lang='lat' dir='ltr'><strong>meritis</strong></span> <span class='ocrx_word' id='word_1_57' title='bbox 1538 710 1692 764; x_wconf 51' lang='lat' dir='ltr'><strong>mala:</strong></span> <span class='ocrx_word' id='word_1_58' title='bbox 1716 708 1942 763; x_wconf 79' lang='lat' dir='ltr'><strong>actionis</strong></span> 
     </span>
    </p>
   </div>
   <div class='ocr_carea' id='block_1_8' title="bbox 367 800 1944 873">
    <p class='ocr_par' dir='ltr' id='par_1_8' title="bbox 367 800 1944 873">
     <span class='ocr_line' id='line_1_8' title="bbox 367 800 1944 873; baseline -0.006 -10"><span class='ocrx_word' id='word_1_59' title='bbox 367 809 584 863; x_wconf 88' lang='lat' dir='ltr'><strong>odiosus</strong></span> <span class='ocrx_word' id='word_1_60' title='bbox 608 808 630 860; x_wconf 73' lang='grc' dir='ltr'><em>ἲ</em></span> <span class='ocrx_word' id='word_1_61' title='bbox 656 806 711 861; x_wconf 80' lang='lat' dir='ltr'><strong>Si</strong></span> <span class='ocrx_word' id='word_1_62' title='bbox 732 804 898 870; x_wconf 88' lang='lat' dir='ltr'><strong>enim,</strong></span> <span class='ocrx_word' id='word_1_63' title='bbox 930 807 1054 873; x_wconf 81' lang='lat' dir='ltr'><strong>qua</strong></span> <span class='ocrx_word' id='word_1_64' title='bbox 1077 804 1389 873; x_wconf 70' lang='lat' dir='ltr'><strong>pracseicbat</strong></span> <span class='ocrx_word' id='word_1_65' title='bbox 1412 802 1551 855; x_wconf 82' lang='lat' dir='ltr'><strong>Deus</strong></span> <span class='ocrx_word' id='word_1_66' title='bbox 1583 800 1757 855; x_wconf 89' lang='lat' dir='ltr'><strong>l&#39;utura</strong></span> <span class='ocrx_word' id='word_1_67' title='bbox 1780 814 1944 869; x_wconf 83' lang='lat' dir='ltr'><strong>Opera</strong></span> 
     </span>
    </p>
   </div>
   <div class='ocr_carea' id='block_1_9' title="bbox 369 890 1948 968">
    <p class='ocr_par' dir='ltr' id='par_1_9' title="bbox 369 890 1948 968">
     <span class='ocr_line' id='line_1_9' title="bbox 369 890 1948 968; baseline -0.007 -14"><span class='ocrx_word' id='word_1_68' title='bbox 369 900 486 968; x_wconf 83' lang='lat' dir='ltr'><strong>ejus</strong></span> <span class='ocrx_word' id='word_1_69' title='bbox 525 899 687 963; x_wconf 86' lang='lat' dir='ltr'><strong>mala,</strong></span> <span class='ocrx_word' id='word_1_70' title='bbox 720 905 1000 965; x_wconf 82' lang='lat' dir='ltr'><strong>propterea</strong></span> <span class='ocrx_word' id='word_1_71' title='bbox 1034 909 1156 948; x_wconf 91' lang='lat' dir='ltr'><strong>eum</strong></span> <span class='ocrx_word' id='word_1_72' title='bbox 1190 891 1587 962; x_wconf 63' lang='lat' dir='ltr'><strong>praidestinavit</strong></span> <span class='ocrx_word' id='word_1_73' title='bbox 1631 899 1691 945; x_wconf 90' lang='lat' dir='ltr'><strong>ut</strong></span> <span class='ocrx_word' id='word_1_74' title='bbox 1715 890 1948 944; x_wconf 87' lang='lat' dir='ltr'><strong>serviret</strong></span> 
     </span>
    </p>
   </div>
   <div class='ocr_carea' id='block_1_10' title="bbox 371 983 1948 1060">
    <p class='ocr_par' dir='ltr' id='par_1_10' title="bbox 371 983 1948 1060">
     <span class='ocr_line' id='line_1_10' title="bbox 371 983 1948 1060; baseline -0.008 -13"><span class='ocrx_word' id='word_1_75' title='bbox 371 993 589 1054; x_wconf 89' lang='lat' dir='ltr'><strong>minori,</strong></span> <span class='ocrx_word' id='word_1_76' title='bbox 623 997 906 1060; x_wconf 74' lang='lat' dir='ltr'><strong>propterea</strong></span> <span class='ocrx_word' id='word_1_77' title='bbox 953 986 1351 1056; x_wconf 68' lang='lat' dir='ltr'><strong>prmdestinavit</strong></span> <span class='ocrx_word' id='word_1_78' title='bbox 1397 994 1452 1039; x_wconf 90' lang='lat' dir='ltr'><strong>et</strong></span> <span class='ocrx_word' id='word_1_79' title='bbox 1478 984 1663 1047; x_wconf 82' lang='lat' dir='ltr'><strong>Jacob,</strong></span> <span class='ocrx_word' id='word_1_80' title='bbox 1684 991 1742 1038; x_wconf 88' lang='lat' dir='ltr'><strong>ut</strong></span> <span class='ocrx_word' id='word_1_81' title='bbox 1761 983 1810 1037; x_wconf 90' lang='lat' dir='ltr'><strong>ei</strong></span> <span class='ocrx_word' id='word_1_82' title='bbox 1836 997 1948 1036; x_wconf 87' lang='lat' dir='ltr'><strong>ma-</strong></span> 
     </span>
    </p>
   </div>
   <div class='ocr_carea' id='block_1_11' title="bbox 368 1075 1946 1154">
    <p class='ocr_par' dir='ltr' id='par_1_11' title="bbox 368 1075 1946 1154">
     <span class='ocr_line' id='line_1_11' title="bbox 368 1075 1946 1154; baseline -0.006 -17"><span class='ocrx_word' id='word_1_83' title='bbox 368 1084 457 1154; x_wconf 88' lang='lat' dir='ltr'><strong>jor</strong></span> <span class='ocrx_word' id='word_1_84' title='bbox 486 1084 732 1149; x_wconf 84' lang='lat' dir='ltr'><strong>serviret,</strong></span> <span class='ocrx_word' id='word_1_85' title='bbox 764 1083 886 1150; x_wconf 80' lang='lat' dir='ltr'><strong>quia</strong></span> <span class='ocrx_word' id='word_1_86' title='bbox 917 1080 1088 1134; x_wconf 90' lang='lat' dir='ltr'><strong>lutura</strong></span> <span class='ocrx_word' id='word_1_87' title='bbox 1116 1079 1233 1146; x_wconf 88' lang='lat' dir='ltr'><strong>ejus</strong></span> <span class='ocrx_word' id='word_1_88' title='bbox 1263 1078 1400 1133; x_wconf 88' lang='lat' dir='ltr'><strong>bona</strong></span> <span class='ocrx_word' id='word_1_89' title='bbox 1420 1091 1584 1146; x_wconf 83' lang='lat' dir='ltr'><strong>Opera</strong></span> <span class='ocrx_word' id='word_1_90' title='bbox 1606 1075 1946 1145; x_wconf 64' lang='lat' dir='ltr'><strong>pratsciebat:</strong></span> 
     </span>
    </p>
   </div>
   <div class='ocr_carea' id='block_1_12' title="bbox 373 1167 1947 1243">
    <p class='ocr_par' dir='ltr' id='par_1_12' title="bbox 373 1167 1947 1243">
     <span class='ocr_line' id='line_1_12' title="bbox 373 1167 1947 1243; baseline -0.007 -12"><span class='ocrx_word' id='word_1_91' title='bbox 373 1186 429 1231; x_wconf 89' lang='lat' dir='ltr'><strong>et</strong></span> <span class='ocrx_word' id='word_1_92' title='bbox 454 1177 638 1230; x_wconf 78' lang='lat' dir='ltr'><strong>falsum</strong></span> <span class='ocrx_word' id='word_1_93' title='bbox 657 1183 734 1229; x_wconf 89' lang='lat' dir='ltr'><strong>est</strong></span> <span class='ocrx_word' id='word_1_94' title='bbox 755 1175 863 1243; x_wconf 87' lang='lat' dir='ltr'><strong>jam</strong></span> <span class='ocrx_word' id='word_1_95' title='bbox 886 1172 1025 1243; x_wconf 86' lang='lat' dir='ltr'><strong>quod</strong></span> <span class='ocrx_word' id='word_1_96' title='bbox 1058 1172 1157 1225; x_wconf 92' lang='lat' dir='ltr'><strong>ait:</strong></span> <span class='ocrx_word' id='word_1_97' title='bbox 1179 1171 1291 1225; x_wconf 84' lang='lat' dir='ltr'><strong>Non</strong></span> <span class='ocrx_word' id='word_1_98' title='bbox 1321 1186 1386 1224; x_wconf 81' lang='lat' dir='ltr'><strong>ex</strong></span> <span class='ocrx_word' id='word_1_99' title='bbox 1407 1170 1676 1238; x_wconf 90' lang='lat' dir='ltr'><strong>operibus.</strong></span> <span class='ocrx_word' id='word_1_100' title='bbox 1704 1167 1947 1223; x_wconf 86' lang='lat' dir='ltr'><strong>Siautem</strong></span> 
     </span>
    </p>
   </div>
   <div class='ocr_carea' id='block_1_13' title="bbox 372 1260 1949 1335">
    <p class='ocr_par' dir='ltr' id='par_1_13' title="bbox 372 1260 1949 1335">
     <span class='ocr_line' id='line_1_13' title="bbox 372 1260 1949 1335; baseline -0.004 -15"><span class='ocrx_word' id='word_1_101' title='bbox 372 1285 556 1323; x_wconf 89' lang='lat' dir='ltr'><strong>verum</strong></span> <span class='ocrx_word' id='word_1_102' title='bbox 584 1281 687 1333; x_wconf 69' lang='grc' dir='ltr'><strong>ρει,</strong></span> <span class='ocrx_word' id='word_1_103' title='bbox 736 1266 875 1335; x_wconf 90' lang='lat' dir='ltr'><strong>quod</strong></span> <span class='ocrx_word' id='word_1_104' title='bbox 909 1281 1013 1318; x_wconf 92' lang='lat' dir='ltr'><strong>non</strong></span> <span class='ocrx_word' id='word_1_105' title='bbox 1045 1280 1110 1318; x_wconf 84' lang='lat' dir='ltr'><strong>ex</strong></span> <span class='ocrx_word' id='word_1_106' title='bbox 1162 1263 1436 1331; x_wconf 85' lang='lat' dir='ltr'><strong>operibus,</strong></span> <span class='ocrx_word' id='word_1_107' title='bbox 1467 1271 1522 1315; x_wconf 91' lang='lat' dir='ltr'><strong>et</strong></span> <span class='ocrx_word' id='word_1_108' title='bbox 1550 1260 1672 1315; x_wconf 90' lang='lat' dir='ltr'><strong>inde</strong></span> <span class='ocrx_word' id='word_1_109' title='bbox 1698 1260 1799 1315; x_wconf 90' lang='lat' dir='ltr'><strong>hoc</strong></span> <span class='ocrx_word' id='word_1_110' title='bbox 1824 1273 1949 1328; x_wconf 89' lang='lat' dir='ltr'><strong>pro-</strong></span> 
     </span>
    </p>
   </div>
   <div class='ocr_carea' id='block_1_14' title="bbox 376 1347 1953 1424">
    <p class='ocr_par' dir='ltr' id='par_1_14' title="bbox 376 1347 1953 1424">
     <span class='ocr_line' id='line_1_14' title="bbox 376 1347 1953 1424; baseline -0.006 -13"><span class='ocrx_word' id='word_1_111' title='bbox 376 1359 487 1420; x_wconf 78' lang='grc' dir='ltr'><strong>Ι).ιι,</strong></span> <span class='ocrx_word' id='word_1_112' title='bbox 519 1358 639 1424; x_wconf 82' lang='lat' dir='ltr'><strong>quia</strong></span> <span class='ocrx_word' id='word_1_113' title='bbox 671 1355 738 1409; x_wconf 89' lang='lat' dir='ltr'><strong>de</strong></span> <span class='ocrx_word' id='word_1_114' title='bbox 763 1355 996 1408; x_wconf 91' lang='lat' dir='ltr'><strong>nondum</strong></span> <span class='ocrx_word' id='word_1_115' title='bbox 1030 1354 1190 1418; x_wconf 87' lang='lat' dir='ltr'><strong>natis,</strong></span> <span class='ocrx_word' id='word_1_116' title='bbox 1218 1352 1560 1418; x_wconf 83' lang='lat' dir='ltr'><strong>nondumque</strong></span> <span class='ocrx_word' id='word_1_117' title='bbox 1597 1347 1798 1419; x_wconf 89' lang='lat' dir='ltr'><strong>aliquid</strong></span> <span class='ocrx_word' id='word_1_118' title='bbox 1825 1362 1953 1417; x_wconf 89' lang='lat' dir='ltr'><strong>ope-</strong></span> 
     </span>
    </p>
   </div>
   <div class='ocr_carea' id='block_1_15' title="bbox 376 1442 1955 1508">
    <p class='ocr_par' dir='ltr' id='par_1_15' title="bbox 376 1442 1955 1508">
     <span class='ocr_line' id='line_1_15' title="bbox 376 1442 1955 1508; baseline -0.004 -7"><span class='ocrx_word' id='word_1_119' title='bbox 376 1450 504 1502; x_wconf 85' lang='lat' dir='ltr'><strong>ratis</strong></span> <span class='ocrx_word' id='word_1_120' title='bbox 533 1450 634 1501; x_wconf 90' lang='lat' dir='ltr'><strong>hoc</strong></span> <span class='ocrx_word' id='word_1_121' title='bbox 658 1446 859 1500; x_wconf 89' lang='lat' dir='ltr'><strong>dictum</strong></span> <span class='ocrx_word' id='word_1_122' title='bbox 892 1456 971 1499; x_wconf 89' lang='lat' dir='ltr'><strong>est</strong></span> <span class='ocrx_word' id='word_1_123' title='bbox 1002 1462 1017 1499; x_wconf 91' lang='lat'><strong>:</strong></span> <span class='ocrx_word' id='word_1_124' title='bbox 1053 1444 1191 1498; x_wconf 90' lang='lat' dir='ltr'><strong>unde</strong></span> <span class='ocrx_word' id='word_1_125' title='bbox 1217 1457 1316 1498; x_wconf 74' lang='grc' dir='ltr'>ιιι-ο</span> <span class='ocrx_word' id='word_1_126' title='bbox 1344 1458 1412 1497; x_wconf 81' lang='lat' dir='ltr'><strong>ex</strong></span> <span class='ocrx_word' id='word_1_127' title='bbox 1471 1442 1575 1496; x_wconf 80' lang='lat' dir='ltr'><strong>[ide</strong></span> <span class='ocrx_word' id='word_1_128' title='bbox 1599 1482 1616 1507; x_wconf 95' lang='lat'><strong>,</strong></span> <span class='ocrx_word' id='word_1_129' title='bbox 1661 1455 1780 1508; x_wconf 68' lang='lat' dir='ltr'><strong>qua:</strong></span> <span class='ocrx_word' id='word_1_130' title='bbox 1817 1456 1955 1495; x_wconf 90' lang='lat' dir='ltr'><strong>non-</strong></span> 
     </span>
    </p>
   </div>
   <div class='ocr_carea' id='block_1_16' title="bbox 374 1532 1954 1603">
    <p class='ocr_par' dir='ltr' id='par_1_16' title="bbox 374 1532 1954 1603">
     <span class='ocr_line' id='line_1_16' title="bbox 374 1532 1954 1603; baseline -0.006 -11"><span class='ocrx_word' id='word_1_131' title='bbox 374 1541 500 1592; x_wconf 88' lang='lat' dir='ltr'><strong>dtnn</strong></span> <span class='ocrx_word' id='word_1_132' title='bbox 534 1540 670 1593; x_wconf 67' lang='lat' dir='ltr'><strong>natis</strong></span> <span class='ocrx_word' id='word_1_133' title='bbox 716 1537 964 1591; x_wconf 86' lang='lat' dir='ltr'><strong>similiter</strong></span> <span class='ocrx_word' id='word_1_134' title='bbox 990 1536 1223 1589; x_wconf 88' lang='lat' dir='ltr'><strong>nondum</strong></span> <span class='ocrx_word' id='word_1_135' title='bbox 1272 1542 1421 1599; x_wconf 86' lang='lat' dir='ltr'><strong>erat,</strong></span> <span class='ocrx_word' id='word_1_136' title='bbox 1451 1548 1558 1603; x_wconf 80' lang='lat' dir='ltr'><strong>quo</strong></span> <span class='ocrx_word' id='word_1_137' title='bbox 1598 1532 1790 1587; x_wconf 89' lang='lat' dir='ltr'><strong>merito</strong></span> <span class='ocrx_word' id='word_1_138' title='bbox 1816 1532 1954 1587; x_wconf 64' lang='lat' dir='ltr'><strong>Esau</strong></span> 
     </span>
    </p>
   </div>
   <div class='ocr_carea' id='block_1_17' title="bbox 377 1620 1956 1694">
    <p class='ocr_par' dir='ltr' id='par_1_17' title="bbox 377 1620 1956 1694">
     <span class='ocr_line' id='line_1_17' title="bbox 377 1620 1956 1694; baseline -0.004 -14"><span class='ocrx_word' id='word_1_139' title='bbox 377 1630 501 1683; x_wconf 85' lang='lat' dir='ltr'><strong>odio</strong></span> <span class='ocrx_word' id='word_1_140' title='bbox 526 1629 750 1683; x_wconf 81' lang='lat' dir='ltr'><strong>habetur</strong></span> <span class='ocrx_word' id='word_1_141' title='bbox 776 1635 1064 1694; x_wconf 82' lang='lat' dir='ltr'><strong>antequam</strong></span> <span class='ocrx_word' id='word_1_142' title='bbox 1097 1633 1408 1679; x_wconf 85' lang='lat' dir='ltr'><strong>nasceretur</strong></span> <span class='ocrx_word' id='word_1_143' title='bbox 1439 1640 1453 1677; x_wconf 92' lang='lat'><strong>:</strong></span> <span class='ocrx_word' id='word_1_144' title='bbox 1485 1621 1625 1691; x_wconf 90' lang='lat' dir='ltr'><strong>quod</strong></span> <span class='ocrx_word' id='word_1_145' title='bbox 1655 1622 1797 1676; x_wconf 90' lang='lat' dir='ltr'><strong>enim</strong></span> <span class='ocrx_word' id='word_1_146' title='bbox 1831 1620 1956 1675; x_wconf 75' lang='lat' dir='ltr'><strong>fecit</strong></span> 
     </span>
    </p>
   </div>
   <div class='ocr_carea' id='block_1_18' title="bbox 2045 436 3623 507">
    <p class='ocr_par' dir='ltr' id='par_1_18' title="bbox 2045 436 3623 507">
     <span class='ocr_line' id='line_1_18' title="bbox 2045 436 3623 507; baseline -0.002 -17"><span class='ocrx_word' id='word_1_147' title='bbox 2045 440 2227 498; x_wconf 83' lang='lat' dir='ltr'><strong>iidem,</strong></span> <span class='ocrx_word' id='word_1_148' title='bbox 2261 437 2415 507; x_wconf 88' lang='lat' dir='ltr'><strong>cujus</strong></span> <span class='ocrx_word' id='word_1_149' title='bbox 2446 438 2693 492; x_wconf 80' lang='lat' dir='ltr'><strong>misertus</strong></span> <span class='ocrx_word' id='word_1_150' title='bbox 2720 446 2836 491; x_wconf 78' lang='lat' dir='ltr'><strong>est:</strong></span> <span class='ocrx_word' id='word_1_151' title='bbox 2864 446 2922 491; x_wconf 90' lang='lat' dir='ltr'><strong>ut</strong></span> <span class='ocrx_word' id='word_1_152' title='bbox 2950 436 3123 491; x_wconf 89' lang='lat' dir='ltr'><strong>adhuc</strong></span> <span class='ocrx_word' id='word_1_153' title='bbox 3149 437 3350 490; x_wconf 80' lang='lat' dir='ltr'><strong>inﬁdeli</strong></span> <span class='ocrx_word' id='word_1_154' title='bbox 3382 437 3623 490; x_wconf 79' lang='lat' dir='ltr'><strong>vocatio-</strong></span> 
     </span>
    </p>
   </div>
   <div class='ocr_carea' id='block_1_19' title="bbox 2046 526 3623 593">
    <p class='ocr_par' dir='ltr' id='par_1_19' title="bbox 2046 526 3623 593">
     <span class='ocr_line' id='line_1_19' title="bbox 2046 526 3623 593; baseline 0.001 -15"><span class='ocrx_word' id='word_1_155' title='bbox 2046 541 2168 580; x_wconf 91' lang='lat' dir='ltr'><strong>nem</strong></span> <span class='ocrx_word' id='word_1_156' title='bbox 2198 527 2515 593; x_wconf 84' lang='lat' dir='ltr'><strong>inipartiret.</strong></span> <span class='ocrx_word' id='word_1_157' title='bbox 2545 526 2659 581; x_wconf 73' lang='lat' dir='ltr'><strong>lam</strong></span> <span class='ocrx_word' id='word_1_158' title='bbox 2687 528 2828 580; x_wconf 89' lang='lat' dir='ltr'><strong>enim</strong></span> <span class='ocrx_word' id='word_1_159' title='bbox 2860 527 3186 580; x_wconf 83' lang='lat' dir='ltr'><strong>discernitur</strong></span> <span class='ocrx_word' id='word_1_160' title='bbox 3216 527 3389 580; x_wconf 84' lang='lat' dir='ltr'><strong>ﬁdelis</strong></span> <span class='ocrx_word' id='word_1_161' title='bbox 3425 526 3493 579; x_wconf 90' lang='lat' dir='ltr'><strong>ab</strong></span> <span class='ocrx_word' id='word_1_162' title='bbox 3524 528 3623 579; x_wconf 84' lang='lat' dir='ltr'><strong>itit-</strong></span> 
     </span>
    </p>
   </div>
   <div class='ocr_carea' id='block_1_20' title="bbox 2047 616 3625 687">
    <p class='ocr_par' dir='ltr' id='par_1_20' title="bbox 2047 616 3625 687">
     <span class='ocr_line' id='line_1_20' title="bbox 2047 616 3625 687; baseline -0.001 -19"><span class='ocrx_word' id='word_1_163' title='bbox 2047 617 2160 683; x_wconf 86' lang='lat' dir='ltr'><strong>pio.</strong></span> <span class='ocrx_word' id='word_1_164' title='bbox 2192 617 2327 683; x_wconf 89' lang='lat' dir='ltr'><strong>Quid</strong></span> <span class='ocrx_word' id='word_1_165' title='bbox 2375 617 2519 671; x_wconf 89' lang='lat' dir='ltr'><strong>enim</strong></span> <span class='ocrx_word' id='word_1_166' title='bbox 2566 617 2749 681; x_wconf 82' lang='lat' dir='ltr'><strong>habes,</strong></span> <span class='ocrx_word' id='word_1_167' title='bbox 2780 618 2981 687; x_wconf 90' lang='lat' dir='ltr'><strong>inquit,</strong></span> <span class='ocrx_word' id='word_1_168' title='bbox 3015 619 3154 686; x_wconf 91' lang='lat' dir='ltr'><strong>quod</strong></span> <span class='ocrx_word' id='word_1_169' title='bbox 3187 633 3292 670; x_wconf 86' lang='lat' dir='ltr'><strong>nun</strong></span> <span class='ocrx_word' id='word_1_170' title='bbox 3323 616 3572 685; x_wconf 82' lang='lat' dir='ltr'><strong>accepisti</strong></span> <span class='ocrx_word' id='word_1_171' title='bbox 3602 618 3625 667; x_wconf 80' lang='lat'><strong>?</strong></span> 
     </span>
    </p>
   </div>
   <div class='ocr_carea' id='block_1_21' title="bbox 2046 694 3626 780">
    <p class='ocr_par' dir='ltr' id='par_1_21' title="bbox 2046 694 3626 780">
     <span class='ocr_line' id='line_1_21' title="bbox 2046 694 3626 780; baseline 0.001 -19"><span class='ocrx_word' id='word_1_172' title='bbox 2046 708 2092 761; x_wconf 88' lang='lat' dir='ltr'><strong>si</strong></span> <span class='ocrx_word' id='word_1_173' title='bbox 2119 717 2296 761; x_wconf 91' lang='lat' dir='ltr'><strong>autem</strong></span> <span class='ocrx_word' id='word_1_174' title='bbox 2326 694 2600 778; x_wconf 85' lang='lat' dir='ltr'><strong>accepisti,</strong></span> <span class='ocrx_word' id='word_1_175' title='bbox 2633 709 2757 778; x_wconf 89' lang='lat' dir='ltr'><strong>quid</strong></span> <span class='ocrx_word' id='word_1_176' title='bbox 2791 709 3035 780; x_wconf 78' lang='lat' dir='ltr'><strong>gloriaris</strong></span> <span class='ocrx_word' id='word_1_177' title='bbox 3079 711 3230 779; x_wconf 84' lang='lat' dir='ltr'><strong>quasi</strong></span> <span class='ocrx_word' id='word_1_178' title='bbox 3266 725 3370 763; x_wconf 90' lang='lat' dir='ltr'><strong>non</strong></span> <span class='ocrx_word' id='word_1_179' title='bbox 3403 725 3626 777; x_wconf 86' lang='lat' dir='ltr'><strong>accepe-</strong></span> 
     </span>
    </p>
   </div>
   <div class='ocr_carea' id='block_1_22' title="bbox 2048 798 3626 867">
    <p class='ocr_par' dir='ltr' id='par_1_22' title="bbox 2048 798 3626 867">
     <span class='ocr_line' id='line_1_22' title="bbox 2048 798 3626 867; baseline 0.003 -15"><span class='ocrx_word' id='word_1_180' title='bbox 2048 799 2167 852; x_wconf 86' lang='lat' dir='ltr'><strong>ris?</strong></span> <span class='ocrx_word' id='word_1_181' title='bbox 2208 798 2374 855; x_wconf 68' lang='lat' dir='ltr'><strong>ﬂecte</strong></span> <span class='ocrx_word' id='word_1_182' title='bbox 2412 800 2625 867; x_wconf 85' lang='lat' dir='ltr'><strong>quidem</strong></span> <span class='ocrx_word' id='word_1_183' title='bbox 2677 800 2798 866; x_wconf 88' lang='lat' dir='ltr'><strong>hoc,</strong></span> <span class='ocrx_word' id='word_1_184' title='bbox 2845 803 2938 854; x_wconf 88' lang='lat' dir='ltr'><strong>sed</strong></span> <span class='ocrx_word' id='word_1_185' title='bbox 2968 817 3065 854; x_wconf 92' lang='lat' dir='ltr'><strong>cur</strong></span> <span class='ocrx_word' id='word_1_186' title='bbox 3111 803 3226 855; x_wconf 76' lang='lat' dir='ltr'><strong>lucc</strong></span> <span class='ocrx_word' id='word_1_187' title='bbox 3255 802 3626 856; x_wconf 75' lang='lat' dir='ltr'><strong>misericordia</strong></span> 
     </span>
    </p>
   </div>
   <div class='ocr_carea' id='block_1_23' title="bbox 2049 888 3627 960">
    <p class='ocr_par' dir='ltr' id='par_1_23' title="bbox 2049 888 3627 960">
     <span class='ocr_line' id='line_1_23' title="bbox 2049 888 3627 960; baseline 0.004 -18"><span class='ocrx_word' id='word_1_188' title='bbox 2049 888 2325 944; x_wconf 82' lang='lat' dir='ltr'><strong>subtracta</strong></span> <span class='ocrx_word' id='word_1_189' title='bbox 2371 900 2454 946; x_wconf 89' lang='lat' dir='ltr'><strong>est</strong></span> <span class='ocrx_word' id='word_1_190' title='bbox 2500 891 2569 946; x_wconf 89' lang='lat' dir='ltr'><strong>ab</strong></span> <span class='ocrx_word' id='word_1_191' title='bbox 2616 890 2781 958; x_wconf 86' lang='lat' dir='ltr'><strong>Esau,</strong></span> <span class='ocrx_word' id='word_1_192' title='bbox 2814 900 2872 945; x_wconf 93' lang='lat' dir='ltr'><strong>ut</strong></span> <span class='ocrx_word' id='word_1_193' title='bbox 2902 908 3006 945; x_wconf 85' lang='lat' dir='ltr'><strong>non</strong></span> <span class='ocrx_word' id='word_1_194' title='bbox 3039 893 3117 946; x_wconf 90' lang='lat' dir='ltr'><strong>sic</strong></span> <span class='ocrx_word' id='word_1_195' title='bbox 3150 906 3455 960; x_wconf 82' lang='lat' dir='ltr'><strong>vocaretur,</strong></span> <span class='ocrx_word' id='word_1_196' title='bbox 3490 905 3545 948; x_wconf 94' lang='lat' dir='ltr'><strong>ut</strong></span> <span class='ocrx_word' id='word_1_197' title='bbox 3572 903 3627 949; x_wconf 89' lang='lat' dir='ltr'><strong>et</strong></span> 
     </span>
    </p>
   </div>
   <div class='ocr_carea' id='block_1_24' title="bbox 2048 983 3622 1053">
    <p class='ocr_par' dir='ltr' id='par_1_24' title="bbox 2048 983 3622 1053">
     <span class='ocr_line' id='line_1_24' title="bbox 2048 983 3622 1053; baseline 0.003 -18"><span class='ocrx_word' id='word_1_198' title='bbox 2048 992 2239 1036; x_wconf 87' lang='lat' dir='ltr'><strong>vocato</strong></span> <span class='ocrx_word' id='word_1_199' title='bbox 2261 983 2616 1050; x_wconf 76' lang='lat' dir='ltr'><strong>inSpiraretur</strong></span> <span class='ocrx_word' id='word_1_200' title='bbox 2640 983 2793 1049; x_wconf 76' lang='lat' dir='ltr'><strong>fides,</strong></span> <span class='ocrx_word' id='word_1_201' title='bbox 2814 995 2868 1039; x_wconf 92' lang='lat' dir='ltr'><strong>et</strong></span> <span class='ocrx_word' id='word_1_202' title='bbox 2885 984 3113 1039; x_wconf 76' lang='lat' dir='ltr'><strong>credens</strong></span> <span class='ocrx_word' id='word_1_203' title='bbox 3132 987 3434 1040; x_wconf 86' lang='lat' dir='ltr'><strong>misericors</strong></span> <span class='ocrx_word' id='word_1_204' title='bbox 3453 989 3622 1053; x_wconf 90' lang='lat' dir='ltr'><strong>lieret,</strong></span> 
     </span>
    </p>
   </div>
   <div class='ocr_carea' id='block_1_25' title="bbox 2053 1073 3628 1146">
    <p class='ocr_par' dir='ltr' id='par_1_25' title="bbox 2053 1073 3628 1146">
     <span class='ocr_line' id='line_1_25' title="bbox 2053 1073 3628 1146; baseline 0.003 -20"><span class='ocrx_word' id='word_1_205' title='bbox 2053 1082 2111 1126; x_wconf 94' lang='lat' dir='ltr'><strong>ut</strong></span> <span class='ocrx_word' id='word_1_206' title='bbox 2157 1074 2294 1128; x_wconf 87' lang='lat' dir='ltr'><strong>bene</strong></span> <span class='ocrx_word' id='word_1_207' title='bbox 2336 1075 2688 1142; x_wconf 81' lang='lat' dir='ltr'><strong>operaretur?</strong></span> <span class='ocrx_word' id='word_1_208' title='bbox 2738 1073 2817 1127; x_wconf 83' lang='lat' dir='ltr'><strong>An</strong></span> <span class='ocrx_word' id='word_1_209' title='bbox 2850 1074 2987 1127; x_wconf 82' lang='lat' dir='ltr'><strong>forte</strong></span> <span class='ocrx_word' id='word_1_210' title='bbox 3014 1075 3136 1144; x_wconf 92' lang='lat' dir='ltr'><strong>quia</strong></span> <span class='ocrx_word' id='word_1_211' title='bbox 3169 1075 3372 1129; x_wconf 86' lang='lat' dir='ltr'><strong>noluit?</strong></span> <span class='ocrx_word' id='word_1_212' title='bbox 3401 1076 3455 1132; x_wconf 90' lang='lat' dir='ltr'><strong>Si</strong></span> <span class='ocrx_word' id='word_1_213' title='bbox 3499 1092 3628 1146; x_wconf 79' lang='lat' dir='ltr'><strong>ergo</strong></span> 
     </span>
    </p>
   </div>
   <div class='ocr_carea' id='block_1_26' title="bbox 2052 1162 3627 1233">
    <p class='ocr_par' dir='ltr' id='par_1_26' title="bbox 2052 1162 3627 1233">
     <span class='ocr_line' id='line_1_26' title="bbox 2052 1162 3627 1233; baseline 0.001 -14"><span class='ocrx_word' id='word_1_214' title='bbox 2052 1162 2222 1219; x_wconf 86' lang='lat' dir='ltr'><strong>Jacob</strong></span> <span class='ocrx_word' id='word_1_215' title='bbox 2261 1163 2381 1219; x_wconf 90' lang='lat' dir='ltr'><strong>ideo</strong></span> <span class='ocrx_word' id='word_1_216' title='bbox 2409 1164 2638 1220; x_wconf 89' lang='lat' dir='ltr'><strong>credidit</strong></span> <span class='ocrx_word' id='word_1_217' title='bbox 2692 1165 2817 1233; x_wconf 88' lang='lat' dir='ltr'><strong>quia</strong></span> <span class='ocrx_word' id='word_1_218' title='bbox 2854 1165 3039 1231; x_wconf 85' lang='lat' dir='ltr'><strong>voluit,</strong></span> <span class='ocrx_word' id='word_1_219' title='bbox 3074 1181 3177 1220; x_wconf 91' lang='lat' dir='ltr'><strong>non</strong></span> <span class='ocrx_word' id='word_1_220' title='bbox 3211 1167 3261 1221; x_wconf 89' lang='lat' dir='ltr'><strong>ei</strong></span> <span class='ocrx_word' id='word_1_221' title='bbox 3293 1167 3431 1222; x_wconf 89' lang='lat' dir='ltr'><strong>Deus</strong></span> <span class='ocrx_word' id='word_1_222' title='bbox 3460 1166 3627 1221; x_wconf 82' lang='lat' dir='ltr'><strong>dona-</strong></span> 
     </span>
    </p>
   </div>
   <div class='ocr_carea' id='block_1_27' title="bbox 2058 1255 3630 1326">
    <p class='ocr_par' dir='ltr' id='par_1_27' title="bbox 2058 1255 3630 1326">
     <span class='ocr_line' id='line_1_27' title="bbox 2058 1255 3630 1326; baseline 0.001 -15"><span class='ocrx_word' id='word_1_223' title='bbox 2058 1255 2135 1311; x_wconf 79' lang='lat' dir='ltr'><strong>vit</strong></span> <span class='ocrx_word' id='word_1_224' title='bbox 2160 1256 2341 1323; x_wconf 82' lang='lat' dir='ltr'><strong>iidem,</strong></span> <span class='ocrx_word' id='word_1_225' title='bbox 2364 1256 2458 1310; x_wconf 90' lang='lat' dir='ltr'><strong>sed</strong></span> <span class='ocrx_word' id='word_1_226' title='bbox 2484 1271 2603 1311; x_wconf 89' lang='lat' dir='ltr'><strong>eam</strong></span> <span class='ocrx_word' id='word_1_227' title='bbox 2635 1257 2740 1311; x_wconf 86' lang='lat' dir='ltr'><strong>sibi</strong></span> <span class='ocrx_word' id='word_1_228' title='bbox 2769 1257 2881 1324; x_wconf 84' lang='lat' dir='ltr'><strong>ipse</strong></span> <span class='ocrx_word' id='word_1_229' title='bbox 2908 1257 3136 1311; x_wconf 87' lang='lat' dir='ltr'><strong>volendo</strong></span> <span class='ocrx_word' id='word_1_230' title='bbox 3159 1259 3425 1326; x_wconf 70' lang='grc' dir='ltr'><strong>[δι’ωειίιίι,</strong></span> <span class='ocrx_word' id='word_1_231' title='bbox 3457 1268 3511 1313; x_wconf 86' lang='lat' dir='ltr'><strong>ct</strong></span> <span class='ocrx_word' id='word_1_232' title='bbox 3538 1260 3630 1312; x_wconf 88' lang='lat' dir='ltr'><strong>ha-</strong></span> 
     </span>
    </p>
   </div>
   <div class='ocr_carea' id='block_1_28' title="bbox 2055 1346 3629 1420">
    <p class='ocr_par' dir='ltr' id='par_1_28' title="bbox 2055 1346 3629 1420">
     <span class='ocr_line' id='line_1_28' title="bbox 2055 1346 3629 1420; baseline 0.003 -18"><span class='ocrx_word' id='word_1_233' title='bbox 2055 1346 2171 1402; x_wconf 86' lang='lat' dir='ltr'><strong>buit</strong></span> <span class='ocrx_word' id='word_1_234' title='bbox 2199 1346 2401 1416; x_wconf 90' lang='lat' dir='ltr'><strong>aliquid</strong></span> <span class='ocrx_word' id='word_1_235' title='bbox 2429 1347 2572 1416; x_wconf 89' lang='lat' dir='ltr'><strong>quod</strong></span> <span class='ocrx_word' id='word_1_236' title='bbox 2607 1362 2712 1402; x_wconf 91' lang='lat' dir='ltr'><strong>non</strong></span> <span class='ocrx_word' id='word_1_237' title='bbox 2735 1349 2959 1417; x_wconf 78' lang='lat' dir='ltr'><strong>accepit.</strong></span> <span class='ocrx_word' id='word_1_238' title='bbox 3004 1350 3077 1403; x_wconf 79' lang='lat' dir='ltr'><strong>An</strong></span> <span class='ocrx_word' id='word_1_239' title='bbox 3110 1350 3233 1419; x_wconf 87' lang='lat' dir='ltr'><strong>quia</strong></span> <span class='ocrx_word' id='word_1_240' title='bbox 3260 1366 3419 1405; x_wconf 91' lang='lat' dir='ltr'><strong>nemo</strong></span> <span class='ocrx_word' id='word_1_241' title='bbox 3458 1362 3629 1420; x_wconf 80' lang='lat' dir='ltr'><strong>potest</strong></span> 
     </span>
    </p>
   </div>
   <div class='ocr_carea' id='block_1_29' title="bbox 2056 1439 3625 1505">
    <p class='ocr_par' dir='ltr' id='par_1_29' title="bbox 2056 1439 3625 1505">
     <span class='ocr_line' id='line_1_29' title="bbox 2056 1439 3625 1505; baseline 0.001 -10"><span class='ocrx_word' id='word_1_242' title='bbox 2056 1440 2297 1505; x_wconf 87' lang='lat' dir='ltr'><strong>credere,</strong></span> <span class='ocrx_word' id='word_1_243' title='bbox 2328 1440 2428 1494; x_wconf 82' lang='lat' dir='ltr'><strong>nisi</strong></span> <span class='ocrx_word' id='word_1_244' title='bbox 2462 1439 2624 1505; x_wconf 91' lang='lat' dir='ltr'><strong>velit;</strong></span> <span class='ocrx_word' id='word_1_245' title='bbox 2656 1455 2812 1494; x_wconf 91' lang='lat' dir='ltr'><strong>nemo</strong></span> <span class='ocrx_word' id='word_1_246' title='bbox 2839 1439 2987 1505; x_wconf 89' lang='lat' dir='ltr'><strong>velit,</strong></span> <span class='ocrx_word' id='word_1_247' title='bbox 3028 1442 3132 1495; x_wconf 84' lang='lat' dir='ltr'><strong>nisi</strong></span> <span class='ocrx_word' id='word_1_248' title='bbox 3174 1444 3440 1497; x_wconf 81' lang='lat' dir='ltr'><strong>vocetur?</strong></span> <span class='ocrx_word' id='word_1_249' title='bbox 3465 1457 3625 1498; x_wconf 88' lang='lat' dir='ltr'><strong>nemo</strong></span> 
     </span>
    </p>
   </div>
   <div class='ocr_carea' id='block_1_30' title="bbox 2055 1532 3632 1603">
    <p class='ocr_par' dir='ltr' id='par_1_30' title="bbox 2055 1532 3632 1603">
     <span class='ocr_line' id='line_1_30' title="bbox 2055 1532 3632 1603; baseline 0.002 -16"><span class='ocrx_word' id='word_1_250' title='bbox 2055 1542 2233 1587; x_wconf 79' lang='lat' dir='ltr'><strong>autem</strong></span> <span class='ocrx_word' id='word_1_251' title='bbox 2256 1532 2356 1603; x_wconf 78' lang='lat' dir='ltr'><strong>sibi</strong></span> <span class='ocrx_word' id='word_1_252' title='bbox 2395 1540 2571 1600; x_wconf 87' lang='lat' dir='ltr'><strong>potest</strong></span> <span class='ocrx_word' id='word_1_253' title='bbox 2614 1547 2707 1599; x_wconf 77' lang='lat' dir='ltr'><strong>pra</strong></span> <span class='ocrx_word' id='word_1_254' title='bbox 2724 1540 2869 1586; x_wconf 88' lang='lat' dir='ltr'><strong>stare</strong></span> <span class='ocrx_word' id='word_1_255' title='bbox 2909 1542 2966 1586; x_wconf 91' lang='lat' dir='ltr'><strong>ut</strong></span> <span class='ocrx_word' id='word_1_256' title='bbox 3010 1545 3294 1589; x_wconf 86' lang='lat' dir='ltr'><strong>vocaretur</strong></span> <span class='ocrx_word' id='word_1_257' title='bbox 3346 1552 3361 1588; x_wconf 93' lang='lat'><strong>:</strong></span> <span class='ocrx_word' id='word_1_258' title='bbox 3395 1536 3632 1590; x_wconf 82' lang='lat' dir='ltr'><strong>vocando</strong></span> 
     </span>
    </p>
   </div>
   <div class='ocr_carea' id='block_1_31' title="bbox 2060 1620 3632 1692">
    <p class='ocr_par' dir='ltr' id='par_1_31' title="bbox 2060 1620 3632 1692">
     <span class='ocr_line' id='line_1_31' title="bbox 2060 1620 3632 1692; baseline 0.001 -17"><span class='ocrx_word' id='word_1_259' title='bbox 2060 1621 2204 1677; x_wconf 90' lang='lat' dir='ltr'><strong>Deus</strong></span> <span class='ocrx_word' id='word_1_260' title='bbox 2236 1630 2453 1690; x_wconf 68' lang='lat' dir='ltr'><strong>praestat</strong></span> <span class='ocrx_word' id='word_1_261' title='bbox 2480 1630 2533 1675; x_wconf 91' lang='lat' dir='ltr'><strong>et</strong></span> <span class='ocrx_word' id='word_1_262' title='bbox 2564 1620 2722 1676; x_wconf 78' lang='lat' dir='ltr'><strong>ﬁdem</strong></span> <span class='ocrx_word' id='word_1_263' title='bbox 2746 1662 2761 1687; x_wconf 95' lang='lat'><strong>,</strong></span> <span class='ocrx_word' id='word_1_264' title='bbox 2799 1621 2921 1691; x_wconf 86' lang='lat' dir='ltr'><strong>quia</strong></span> <span class='ocrx_word' id='word_1_265' title='bbox 2953 1624 3068 1677; x_wconf 90' lang='lat' dir='ltr'><strong>sine</strong></span> <span class='ocrx_word' id='word_1_266' title='bbox 3098 1624 3373 1677; x_wconf 89' lang='lat' dir='ltr'><strong>vocatione</strong></span> <span class='ocrx_word' id='word_1_267' title='bbox 3399 1639 3503 1677; x_wconf 91' lang='lat' dir='ltr'><strong>non</strong></span> <span class='ocrx_word' id='word_1_268' title='bbox 3530 1639 3632 1692; x_wconf 78' lang='lat' dir='ltr'><strong>po-</strong></span> 
     </span>
    </p>
   </div>
   <div class='ocr_carea' id='block_1_32' title="bbox 382 1709 3630 1785">
    <p class='ocr_par' dir='ltr' id='par_1_32' title="bbox 382 1709 3630 1785">
     <span class='ocr_line' id='line_1_32' title="bbox 382 1709 3630 1785; baseline -0.001 -15"><span class='ocrx_word' id='word_1_269' title='bbox 382 1718 517 1772; x_wconf 90' lang='lat' dir='ltr'><strong>Deus</strong></span> <span class='ocrx_word' id='word_1_270' title='bbox 539 1733 598 1771; x_wconf 79' lang='lat' dir='ltr'><strong>ea</strong></span> <span class='ocrx_word' id='word_1_271' title='bbox 622 1731 739 1785; x_wconf 75' lang='lat' dir='ltr'><strong>qua:</strong></span> <span class='ocrx_word' id='word_1_272' title='bbox 762 1715 1031 1783; x_wconf 82' lang='lat' dir='ltr'><strong>diligeret,</strong></span> <span class='ocrx_word' id='word_1_273' title='bbox 1058 1713 1201 1766; x_wconf 88' lang='lat' dir='ltr'><strong>nulla</strong></span> <span class='ocrx_word' id='word_1_274' title='bbox 1225 1711 1449 1782; x_wconf 78' lang='lat' dir='ltr'><strong>quzrstio</strong></span> <span class='ocrx_word' id='word_1_275' title='bbox 1471 1720 1571 1765; x_wconf 90' lang='lat' dir='ltr'><strong>est.</strong></span> <span class='ocrx_word' id='word_1_276' title='bbox 1602 1710 1658 1765; x_wconf 90' lang='lat' dir='ltr'><strong>Si</strong></span> <span class='ocrx_word' id='word_1_277' title='bbox 1679 1720 1855 1763; x_wconf 90' lang='lat' dir='ltr'><strong>autem</strong></span> <span class='ocrx_word' id='word_1_278' title='bbox 1874 1709 1954 1763; x_wconf 90' lang='lat' dir='ltr'><strong>di-</strong></span> <span class='ocrx_word' id='word_1_279' title='bbox 1989 1716 2034 1775; x_wconf 80' lang='grc' dir='ltr'><strong>Β</strong></span> <span class='ocrx_word' id='word_1_280' title='bbox 2063 1713 2455 1783; x_wconf 83' lang='lat' dir='ltr'><strong>testquisquam</strong></span> <span class='ocrx_word' id='word_1_281' title='bbox 2478 1712 2722 1779; x_wconf 81' lang='lat' dir='ltr'><strong>credere,</strong></span> <span class='ocrx_word' id='word_1_282' title='bbox 2745 1711 2987 1781; x_wconf 81' lang='lat' dir='ltr'><strong>quamvis</strong></span> <span class='ocrx_word' id='word_1_283' title='bbox 3004 1712 3179 1766; x_wconf 91' lang='lat' dir='ltr'><strong>nullus</strong></span> <span class='ocrx_word' id='word_1_284' title='bbox 3200 1713 3381 1767; x_wconf 84' lang='lat' dir='ltr'><strong>credat</strong></span> <span class='ocrx_word' id='word_1_285' title='bbox 3412 1714 3630 1768; x_wconf 86' lang='lat' dir='ltr'><strong>invitus.</strong></span> 
     </span>
    </p>
   </div>
   <div class='ocr_carea' id='block_1_33' title="bbox 378 1798 1957 1871">
    <p class='ocr_par' dir='ltr' id='par_1_33' title="bbox 378 1798 1957 1871">
     <span class='ocr_line' id='line_1_33' title="bbox 378 1798 1957 1871; baseline -0.006 -12"><span class='ocrx_word' id='word_1_286' title='bbox 378 1820 562 1860; x_wconf 88' lang='lat' dir='ltr'><strong>camus</strong></span> <span class='ocrx_word' id='word_1_287' title='bbox 603 1821 722 1858; x_wconf 85' lang='lat' dir='ltr'><strong>cum</strong></span> <span class='ocrx_word' id='word_1_288' title='bbox 756 1804 946 1858; x_wconf 81' lang='lat' dir='ltr'><strong>fecisse</strong></span> <span class='ocrx_word' id='word_1_289' title='bbox 993 1818 1112 1871; x_wconf 77' lang='lat' dir='ltr'><strong>qua:</strong></span> <span class='ocrx_word' id='word_1_290' title='bbox 1142 1801 1366 1865; x_wconf 89' lang='lat' dir='ltr'><strong>odisset,</strong></span> <span class='ocrx_word' id='word_1_291' title='bbox 1398 1798 1688 1852; x_wconf 83' lang='lat' dir='ltr'><strong>absurdum</strong></span> <span class='ocrx_word' id='word_1_292' title='bbox 1733 1807 1836 1863; x_wconf 75' lang='lat' dir='ltr'><strong>e~t,</strong></span> <span class='ocrx_word' id='word_1_293' title='bbox 1868 1812 1957 1850; x_wconf 86' lang='lat' dir='ltr'><strong>oc-</strong></span> 
     </span>
    </p>
   </div>
   <div class='ocr_carea' id='block_1_34' title="bbox 378 1888 1957 1962">
    <p class='ocr_par' dir='ltr' id='par_1_34' title="bbox 378 1888 1957 1962">
     <span class='ocr_line' id='line_1_34' title="bbox 378 1888 1957 1962; baseline -0.005 -13"><span class='ocrx_word' id='word_1_294' title='bbox 378 1908 630 1951; x_wconf 80' lang='lat' dir='ltr'><strong>currente</strong></span> <span class='ocrx_word' id='word_1_295' title='bbox 651 1896 753 1949; x_wconf 88' lang='lat' dir='ltr'><strong>alia</strong></span> <span class='ocrx_word' id='word_1_296' title='bbox 778 1895 1061 1962; x_wconf 81' lang='lat' dir='ltr'><strong>scriptura,</strong></span> <span class='ocrx_word' id='word_1_297' title='bbox 1093 1901 1148 1947; x_wconf 89' lang='lat' dir='ltr'><strong>et</strong></span> <span class='ocrx_word' id='word_1_298' title='bbox 1175 1892 1386 1945; x_wconf 85' lang='lat' dir='ltr'><strong>dicente</strong></span> <span class='ocrx_word' id='word_1_299' title='bbox 1411 1907 1423 1944; x_wconf 94' lang='lat'><strong>:</strong></span> <span class='ocrx_word' id='word_1_300' title='bbox 1448 1889 1631 1956; x_wconf 79' lang='lat' dir='ltr'><strong>Neque</strong></span> <span class='ocrx_word' id='word_1_301' title='bbox 1659 1890 1802 1943; x_wconf 88' lang='lat' dir='ltr'><strong>enim</strong></span> <span class='ocrx_word' id='word_1_302' title='bbox 1832 1888 1957 1941; x_wconf 57' lang='lat' dir='ltr'><strong>odéo</strong></span> 
     </span>
    </p>
   </div>
   <div class='ocr_carea' id='block_1_35' title="bbox 384 1980 1959 2055">
    <p class='ocr_par' dir='ltr' id='par_1_35' title="bbox 384 1980 1959 2055">
     <span class='ocr_line' id='line_1_35' title="bbox 384 1980 1959 2055; baseline -0.006 -14"><span class='ocrx_word' id='word_1_303' title='bbox 384 1988 586 2041; x_wconf 79' lang='lat' dir='ltr'><strong>habetis</strong></span> <span class='ocrx_word' id='word_1_304' title='bbox 616 1984 811 2055; x_wconf 78' lang='lat' dir='ltr'><strong>atiquid</strong></span> <span class='ocrx_word' id='word_1_305' title='bbox 839 1983 1194 2047; x_wconf 61' lang='lat' dir='ltr'><strong>constituISii;</strong></span> <span class='ocrx_word' id='word_1_306' title='bbox 1223 1992 1275 2034; x_wconf 91' lang='lat' dir='ltr'><strong>et</strong></span> <span class='ocrx_word' id='word_1_307' title='bbox 1305 1980 1604 2034; x_wconf 84' lang='lat' dir='ltr'><strong>nihilodisti</strong></span> <span class='ocrx_word' id='word_1_308' title='bbox 1634 1992 1819 2033; x_wconf 85' lang='lat' dir='ltr'><strong>eorum</strong></span> <span class='ocrx_word' id='word_1_309' title='bbox 1842 1994 1959 2045; x_wconf 77' lang='lat' dir='ltr'><strong>quat</strong></span> 
     </span>
    </p>
   </div>
   <div class='ocr_carea' id='block_1_36' title="bbox 386 2069 1960 2142">
    <p class='ocr_par' dir='ltr' id='par_1_36' title="bbox 386 2069 1960 2142">
     <span class='ocr_line' id='line_1_36' title="bbox 386 2069 1960 2142; baseline -0.007 -9"><span class='ocrx_word' id='word_1_310' title='bbox 386 2080 580 2142; x_wconf 79' lang='lat' dir='ltr'><strong>fecisti,</strong></span> <span class='ocrx_word' id='word_1_311' title='bbox 604 2088 693 2130; x_wconf 91' lang='lat' dir='ltr'><strong>aut</strong></span> <span class='ocrx_word' id='word_1_312' title='bbox 733 2074 1081 2130; x_wconf 61' lang='lat' dir='ltr'><strong>cvnstituisli.</strong></span> <span class='ocrx_word' id='word_1_313' title='bbox 1131 2074 1248 2140; x_wconf 90' lang='lat' dir='ltr'><strong>Quo</strong></span> <span class='ocrx_word' id='word_1_314' title='bbox 1279 2071 1418 2126; x_wconf 89' lang='lat' dir='ltr'><strong>enim</strong></span> <span class='ocrx_word' id='word_1_315' title='bbox 1450 2070 1640 2125; x_wconf 89' lang='lat' dir='ltr'><strong>merito</strong></span> <span class='ocrx_word' id='word_1_316' title='bbox 1682 2069 1853 2123; x_wconf 82' lang='lat' dir='ltr'><strong>l&#39;aCtus</strong></span> <span class='ocrx_word' id='word_1_317' title='bbox 1877 2076 1960 2122; x_wconf 81' lang='lat' dir='ltr'><strong>est</strong></span> 
     </span>
    </p>
   </div>
   <div class='ocr_carea' id='block_1_37' title="bbox 382 2157 1958 2237">
    <p class='ocr_par' dir='ltr' id='par_1_37' title="bbox 382 2157 1958 2237">
     <span class='ocr_line' id='line_1_37' title="bbox 382 2157 1958 2237; baseline -0.009 -14"><span class='ocrx_word' id='word_1_318' title='bbox 382 2170 503 2223; x_wconf 82' lang='lat' dir='ltr'><strong>sol?</strong></span> <span class='ocrx_word' id='word_1_319' title='bbox 535 2181 618 2221; x_wconf 86' lang='lat' dir='ltr'><strong>aut</strong></span> <span class='ocrx_word' id='word_1_320' title='bbox 652 2168 777 2237; x_wconf 90' lang='lat' dir='ltr'><strong>quid</strong></span> <span class='ocrx_word' id='word_1_321' title='bbox 825 2166 1048 2220; x_wconf 75' lang='lat' dir='ltr'><strong>olTendit</strong></span> <span class='ocrx_word' id='word_1_322' title='bbox 1089 2166 1209 2218; x_wconf 93' lang='lat' dir='ltr'><strong>luna</strong></span> <span class='ocrx_word' id='word_1_323' title='bbox 1239 2204 1255 2230; x_wconf 92' lang='lat'><strong>,</strong></span> <span class='ocrx_word' id='word_1_324' title='bbox 1302 2173 1359 2217; x_wconf 92' lang='lat' dir='ltr'><strong>ut</strong></span> <span class='ocrx_word' id='word_1_325' title='bbox 1387 2173 1534 2216; x_wconf 90' lang='lat' dir='ltr'><strong>tanto</strong></span> <span class='ocrx_word' id='word_1_326' title='bbox 1559 2162 1651 2216; x_wconf 88' lang='lat' dir='ltr'><strong>illo</strong></span> <span class='ocrx_word' id='word_1_327' title='bbox 1692 2157 1958 2214; x_wconf 77' lang='lat' dir='ltr'><strong>inferior?</strong></span> 
     </span>
    </p>
   </div>
   <div class='ocr_carea' id='block_1_38' title="bbox 388 2250 1959 2329">
    <p class='ocr_par' dir='ltr' id='par_1_38' title="bbox 388 2250 1959 2329">
     <span class='ocr_line' id='line_1_38' title="bbox 388 2250 1959 2329; baseline -0.005 -18"><span class='ocrx_word' id='word_1_328' title='bbox 388 2261 479 2314; x_wconf 87' lang='lat' dir='ltr'><strong>vel</strong></span> <span class='ocrx_word' id='word_1_329' title='bbox 513 2260 637 2329; x_wconf 87' lang='lat' dir='ltr'><strong>quid</strong></span> <span class='ocrx_word' id='word_1_330' title='bbox 670 2256 986 2326; x_wconf 80' lang='lat' dir='ltr'><strong>promeruit,</strong></span> <span class='ocrx_word' id='word_1_331' title='bbox 1021 2266 1073 2309; x_wconf 91' lang='lat' dir='ltr'><strong>ut</strong></span> <span class='ocrx_word' id='word_1_332' title='bbox 1104 2254 1370 2309; x_wconf 86' lang='lat' dir='ltr'><strong>sideribus</strong></span> <span class='ocrx_word' id='word_1_333' title='bbox 1414 2252 1623 2307; x_wconf 64' lang='lat' dir='ltr'><strong>creteris</strong></span> <span class='ocrx_word' id='word_1_334' title='bbox 1671 2260 1816 2305; x_wconf 84' lang='lat' dir='ltr'><strong>tanto</strong></span> <span class='ocrx_word' id='word_1_335' title='bbox 1847 2250 1959 2305; x_wconf 84' lang='lat' dir='ltr'><strong>cla-</strong></span> 
     </span>
    </p>
   </div>
   <div class='ocr_carea' id='block_1_39' title="bbox 383 2346 1961 2412">
    <p class='ocr_par' dir='ltr' id='par_1_39' title="bbox 383 2346 1961 2412">
     <span class='ocr_line' id='line_1_39' title="bbox 383 2346 1961 2412; baseline -0.005 -7"><span class='ocrx_word' id='word_1_336' title='bbox 383 2352 493 2405; x_wconf 90' lang='lat' dir='ltr'><strong>rior</strong></span> <span class='ocrx_word' id='word_1_337' title='bbox 513 2349 829 2404; x_wconf 84' lang='lat' dir='ltr'><strong>crearetur?</strong></span> <span class='ocrx_word' id='word_1_338' title='bbox 858 2347 962 2402; x_wconf 88' lang='lat' dir='ltr'><strong>Sed</strong></span> <span class='ocrx_word' id='word_1_339' title='bbox 989 2346 1163 2399; x_wconf 82' lang='lat' dir='ltr'><strong>omnia</strong></span> <span class='ocrx_word' id='word_1_340' title='bbox 1188 2346 1324 2399; x_wconf 88' lang='lat' dir='ltr'><strong>bona</strong></span> <span class='ocrx_word' id='word_1_341' title='bbox 1356 2354 1534 2399; x_wconf 85' lang='lat' dir='ltr'><strong>creata</strong></span> <span class='ocrx_word' id='word_1_342' title='bbox 1565 2352 1707 2408; x_wconf 89' lang='lat' dir='ltr'><strong>sunt,</strong></span> <span class='ocrx_word' id='word_1_343' title='bbox 1738 2357 1961 2412; x_wconf 70' lang='lat' dir='ltr'><strong>qumque</strong></span> 
     </span>
    </p>
   </div>
   <div class='ocr_carea' id='block_1_40' title="bbox 387 2432 1958 2512">
    <p class='ocr_par' dir='ltr' id='par_1_40' title="bbox 387 2432 1958 2512">
     <span class='ocr_line' id='line_1_40' title="bbox 387 2432 1958 2512; baseline -0.007 -16"><span class='ocrx_word' id='word_1_344' title='bbox 387 2447 437 2497; x_wconf 93' lang='lat' dir='ltr'><strong>in</strong></span> <span class='ocrx_word' id='word_1_345' title='bbox 459 2456 658 2512; x_wconf 81' lang='lat' dir='ltr'><strong>genere</strong></span> <span class='ocrx_word' id='word_1_346' title='bbox 687 2454 806 2495; x_wconf 89' lang='lat' dir='ltr'><strong>suo.</strong></span> <span class='ocrx_word' id='word_1_347' title='bbox 830 2441 941 2493; x_wconf 79' lang='lat' dir='ltr'><strong>Non</strong></span> <span class='ocrx_word' id='word_1_348' title='bbox 970 2437 1112 2492; x_wconf 90' lang='lat' dir='ltr'><strong>enim</strong></span> <span class='ocrx_word' id='word_1_349' title='bbox 1145 2435 1348 2491; x_wconf 88' lang='lat' dir='ltr'><strong>diceret</strong></span> <span class='ocrx_word' id='word_1_350' title='bbox 1370 2435 1509 2489; x_wconf 87' lang='lat' dir='ltr'><strong>Deus</strong></span> <span class='ocrx_word' id='word_1_351' title='bbox 1533 2453 1545 2486; x_wconf 90' lang='lat'><strong>:</strong></span> <span class='ocrx_word' id='word_1_352' title='bbox 1574 2434 1751 2490; x_wconf 87' lang='lat' dir='ltr'><strong>Solem</strong></span> <span class='ocrx_word' id='word_1_353' title='bbox 1773 2432 1958 2499; x_wconf 82' lang='lat' dir='ltr'><strong>dilexi,</strong></span> 
     </span>
    </p>
   </div>
   <div class='ocr_carea' id='block_1_41' title="bbox 392 2523 1960 2592">
    <p class='ocr_par' dir='ltr' id='par_1_41' title="bbox 392 2523 1960 2592">
     <span class='ocr_line' id='line_1_41' title="bbox 392 2523 1960 2592; baseline -0.006 -4"><span class='ocrx_word' id='word_1_354' title='bbox 392 2536 569 2588; x_wconf 74' lang='lat' dir='ltr'><strong>lunam</strong></span> <span class='ocrx_word' id='word_1_355' title='bbox 600 2543 776 2586; x_wconf 88' lang='lat' dir='ltr'><strong>autem</strong></span> <span class='ocrx_word' id='word_1_356' title='bbox 804 2531 929 2583; x_wconf 91' lang='lat' dir='ltr'><strong>odio</strong></span> <span class='ocrx_word' id='word_1_357' title='bbox 953 2529 1145 2592; x_wconf 89' lang='lat' dir='ltr'><strong>habui;</strong></span> <span class='ocrx_word' id='word_1_358' title='bbox 1181 2537 1272 2581; x_wconf 91' lang='lat' dir='ltr'><strong>aut</strong></span> <span class='ocrx_word' id='word_1_359' title='bbox 1294 2544 1306 2579; x_wconf 91' lang='lat'><strong>:</strong></span> <span class='ocrx_word' id='word_1_360' title='bbox 1332 2526 1534 2580; x_wconf 87' lang='lat' dir='ltr'><strong>Lunam</strong></span> <span class='ocrx_word' id='word_1_361' title='bbox 1567 2524 1750 2591; x_wconf 81' lang='lat' dir='ltr'><strong>dilexi,</strong></span> <span class='ocrx_word' id='word_1_362' title='bbox 1779 2523 1960 2578; x_wconf 87' lang='lat' dir='ltr'><strong>stellas</strong></span> 
     </span>
    </p>
   </div>
   <div class='ocr_carea' id='block_1_42' title="bbox 386 2616 1962 2682">
    <p class='ocr_par' dir='ltr' id='par_1_42' title="bbox 386 2616 1962 2682">
     <span class='ocr_line' id='line_1_42' title="bbox 386 2616 1962 2682; baseline -0.006 -3"><span class='ocrx_word' id='word_1_363' title='bbox 386 2636 565 2681; x_wconf 88' lang='lat' dir='ltr'><strong>autem</strong></span> <span class='ocrx_word' id='word_1_364' title='bbox 597 2624 721 2678; x_wconf 91' lang='lat' dir='ltr'><strong>odio</strong></span> <span class='ocrx_word' id='word_1_365' title='bbox 765 2622 928 2676; x_wconf 89' lang='lat' dir='ltr'><strong>habui</strong></span> <span class='ocrx_word' id='word_1_366' title='bbox 954 2638 968 2675; x_wconf 88' lang='lat'><strong>:</strong></span> <span class='ocrx_word' id='word_1_367' title='bbox 999 2623 1140 2675; x_wconf 81' lang='lat' dir='ltr'><strong>sicut</strong></span> <span class='ocrx_word' id='word_1_368' title='bbox 1179 2619 1313 2673; x_wconf 83' lang='lat' dir='ltr'><strong>dixit</strong></span> <span class='ocrx_word' id='word_1_369' title='bbox 1340 2635 1354 2672; x_wconf 89' lang='lat'><strong>:</strong></span> <span class='ocrx_word' id='word_1_370' title='bbox 1386 2618 1551 2673; x_wconf 84' lang='lat' dir='ltr'><strong>.lacob</strong></span> <span class='ocrx_word' id='word_1_371' title='bbox 1581 2617 1743 2672; x_wconf 70' lang='lat' dir='ltr'><strong>dilexi</strong></span> <span class='ocrx_word' id='word_1_372' title='bbox 1772 2657 1789 2682; x_wconf 96' lang='lat'><strong>,</strong></span> <span class='ocrx_word' id='word_1_373' title='bbox 1820 2616 1962 2670; x_wconf 85' lang='lat' dir='ltr'><strong>Esau</strong></span> 
     </span>
    </p>
   </div>
   <div class='ocr_carea' id='block_1_43' title="bbox 385 2706 1961 2777">
    <p class='ocr_par' dir='ltr' id='par_1_43' title="bbox 385 2706 1961 2777">
     <span class='ocr_line' id='line_1_43' title="bbox 385 2706 1961 2777; baseline -0.007 -5"><span class='ocrx_word' id='word_1_374' title='bbox 385 2734 562 2773; x_wconf 85' lang='lat' dir='ltr'><strong>autem</strong></span> <span class='ocrx_word' id='word_1_375' title='bbox 586 2716 708 2770; x_wconf 89' lang='lat' dir='ltr'><strong>odio</strong></span> <span class='ocrx_word' id='word_1_376' title='bbox 740 2714 916 2769; x_wconf 89' lang='lat' dir='ltr'><strong>habui.</strong></span> <span class='ocrx_word' id='word_1_377' title='bbox 974 2712 1078 2767; x_wconf 59' lang='lat' dir='ltr'><strong>bed</strong></span> <span class='ocrx_word' id='word_1_378' title='bbox 1109 2711 1200 2765; x_wconf 88' lang='lat' dir='ltr'><strong>illa</strong></span> <span class='ocrx_word' id='word_1_379' title='bbox 1230 2710 1407 2765; x_wconf 89' lang='lat' dir='ltr'><strong>omnia</strong></span> <span class='ocrx_word' id='word_1_380' title='bbox 1461 2709 1690 2774; x_wconf 78' lang='lat' dir='ltr'><strong>dilexit,</strong></span> <span class='ocrx_word' id='word_1_381' title='bbox 1719 2706 1961 2777; x_wconf 86' lang='lat' dir='ltr'><strong>quamvis</strong></span> 
     </span>
    </p>
   </div>
   <div class='ocr_carea' id='block_1_44' title="bbox 385 2798 1959 2872">
    <p class='ocr_par' dir='ltr' id='par_1_44' title="bbox 385 2798 1959 2872">
     <span class='ocr_line' id='line_1_44' title="bbox 385 2798 1959 2872; baseline -0.008 -8"><span class='ocrx_word' id='word_1_382' title='bbox 385 2809 723 2865; x_wconf 69' lang='lat' dir='ltr'><strong>excellentia:</strong></span> <span class='ocrx_word' id='word_1_383' title='bbox 770 2805 997 2859; x_wconf 87' lang='lat' dir='ltr'><strong>diversis</strong></span> <span class='ocrx_word' id='word_1_384' title='bbox 1050 2803 1304 2872; x_wconf 79' lang='lat' dir='ltr'><strong>gradibus</strong></span> <span class='ocrx_word' id='word_1_385' title='bbox 1348 2800 1591 2855; x_wconf 89' lang='lat' dir='ltr'><strong>ordinata</strong></span> <span class='ocrx_word' id='word_1_386' title='bbox 1638 2817 1650 2851; x_wconf 88' lang='lat'><strong>:</strong></span> <span class='ocrx_word' id='word_1_387' title='bbox 1708 2798 1959 2868; x_wconf 90' lang='lat' dir='ltr'><strong>quoniam</strong></span> 
     </span>
    </p>
   </div>
   <div class='ocr_carea' id='block_1_45' title="bbox 387 2890 1963 2967">
    <p class='ocr_par' dir='ltr' id='par_1_45' title="bbox 387 2890 1963 2967">
     <span class='ocr_line' id='line_1_45' title="bbox 387 2890 1963 2967; baseline -0.006 -14"><span class='ocrx_word' id='word_1_388' title='bbox 387 2902 520 2956; x_wconf 70' lang='lat' dir='ltr'><strong>vidit</strong></span> <span class='ocrx_word' id='word_1_389' title='bbox 555 2901 696 2954; x_wconf 90' lang='lat' dir='ltr'><strong>Dens</strong></span> <span class='ocrx_word' id='word_1_390' title='bbox 719 2899 840 2967; x_wconf 88' lang='lat' dir='ltr'><strong>quia</strong></span> <span class='ocrx_word' id='word_1_391' title='bbox 870 2898 1004 2951; x_wconf 86' lang='lat' dir='ltr'><strong>bona</strong></span> <span class='ocrx_word' id='word_1_392' title='bbox 1037 2905 1180 2957; x_wconf 88' lang='lat' dir='ltr'><strong>sunt,</strong></span> <span class='ocrx_word' id='word_1_393' title='bbox 1205 2909 1325 2948; x_wconf 90' lang='lat' dir='ltr'><strong>cum</strong></span> <span class='ocrx_word' id='word_1_394' title='bbox 1356 2893 1498 2946; x_wconf 89' lang='lat' dir='ltr'><strong>dicto</strong></span> <span class='ocrx_word' id='word_1_395' title='bbox 1538 2890 1655 2959; x_wconf 67' lang='lat' dir='ltr'><strong>ejus</strong></span> <span class='ocrx_word' id='word_1_396' title='bbox 1676 2892 1784 2946; x_wconf 84' lang='lat' dir='ltr'><strong>sint</strong></span> <span class='ocrx_word' id='word_1_397' title='bbox 1812 2892 1963 2945; x_wconf 83' lang='lat' dir='ltr'><strong>insti-</strong></span> 
     </span>
    </p>
   </div>
   <div class='ocr_carea' id='block_1_46' title="bbox 391 2982 1960 3053">
    <p class='ocr_par' dir='ltr' id='par_1_46' title="bbox 391 2982 1960 3053">
     <span class='ocr_line' id='line_1_46' title="bbox 391 2982 1960 3053; baseline -0.006 -8"><span class='ocrx_word' id='word_1_398' title='bbox 391 3001 523 3046; x_wconf 84' lang='lat' dir='ltr'><strong>tuta.</strong></span> <span class='ocrx_word' id='word_1_399' title='bbox 553 2990 619 3045; x_wconf 89' lang='lat' dir='ltr'><strong>Ut</strong></span> <span class='ocrx_word' id='word_1_400' title='bbox 644 2999 818 3043; x_wconf 87' lang='lat' dir='ltr'><strong>autem</strong></span> <span class='ocrx_word' id='word_1_401' title='bbox 852 2988 1052 3042; x_wconf 72' lang='lat' dir='ltr'><strong>odLsset</strong></span> <span class='ocrx_word' id='word_1_402' title='bbox 1102 2991 1262 3053; x_wconf 79' lang='lat' dir='ltr'><strong>tsau,</strong></span> <span class='ocrx_word' id='word_1_403' title='bbox 1294 2984 1397 3037; x_wconf 91' lang='lat' dir='ltr'><strong>nisi</strong></span> <span class='ocrx_word' id='word_1_404' title='bbox 1437 2983 1717 3053; x_wconf 71' lang='lat' dir='ltr'><strong>injustitite</strong></span> <span class='ocrx_word' id='word_1_405' title='bbox 1746 2982 1960 3047; x_wconf 89' lang='lat' dir='ltr'><strong>merito,</strong></span> 
     </span>
    </p>
   </div>
   <div class='ocr_carea' id='block_1_47' title="bbox 2059 1804 3633 1873">
    <p class='ocr_par' dir='ltr' id='par_1_47' title="bbox 2059 1804 3633 1873">
     <span class='ocr_line' id='line_1_47' title="bbox 2059 1804 3633 1873; baseline 0 -14"><span class='ocrx_word' id='word_1_406' title='bbox 2059 1806 2343 1872; x_wconf 85' lang='lat' dir='ltr'><strong>Quomodo</strong></span> <span class='ocrx_word' id='word_1_407' title='bbox 2370 1804 2510 1859; x_wconf 88' lang='lat' dir='ltr'><strong>enim</strong></span> <span class='ocrx_word' id='word_1_408' title='bbox 2540 1804 2761 1859; x_wconf 91' lang='lat' dir='ltr'><strong>credent</strong></span> <span class='ocrx_word' id='word_1_409' title='bbox 2790 1804 2838 1858; x_wconf 91' lang='lat' dir='ltr'><strong>ei</strong></span> <span class='ocrx_word' id='word_1_410' title='bbox 2865 1820 3023 1873; x_wconf 88' lang='lat' dir='ltr'><strong>quem</strong></span> <span class='ocrx_word' id='word_1_411' title='bbox 3057 1820 3160 1857; x_wconf 93' lang='lat' dir='ltr'><strong>non</strong></span> <span class='ocrx_word' id='word_1_412' title='bbox 3200 1806 3513 1860; x_wconf 84' lang='lat' dir='ltr'><strong>audierunt?</strong></span> <span class='ocrx_word' id='word_1_413' title='bbox 3537 1816 3633 1859; x_wconf 89' lang='lat' dir='ltr'><strong>aut</strong></span> 
     </span>
    </p>
   </div>
   <div class='ocr_carea' id='block_1_48' title="bbox 2061 1894 3626 1966">
    <p class='ocr_par' dir='ltr' id='par_1_48' title="bbox 2061 1894 3626 1966">
     <span class='ocr_line' id='line_1_48' title="bbox 2061 1894 3626 1966; baseline 0.001 -16"><span class='ocrx_word' id='word_1_414' title='bbox 2061 1897 2329 1966; x_wconf 91' lang='lat' dir='ltr'><strong>quomodo</strong></span> <span class='ocrx_word' id='word_1_415' title='bbox 2388 1895 2604 1949; x_wconf 90' lang='lat' dir='ltr'><strong>audient</strong></span> <span class='ocrx_word' id='word_1_416' title='bbox 2655 1896 2770 1948; x_wconf 90' lang='lat' dir='ltr'><strong>sine</strong></span> <span class='ocrx_word' id='word_1_417' title='bbox 2824 1894 3183 1964; x_wconf 73' lang='lat' dir='ltr'><strong>przedicante‘.’</strong></span> <span class='ocrx_word' id='word_1_418' title='bbox 3229 1896 3396 1950; x_wconf 80' lang='lat' dir='ltr'><strong>Nemo</strong></span> <span class='ocrx_word' id='word_1_419' title='bbox 3444 1897 3626 1965; x_wconf 84' lang='lat' dir='ltr'><strong>itaque</strong></span> 
     </span>
    </p>
   </div>
   <div class='ocr_carea' id='block_1_49' title="bbox 2061 1985 3625 2054">
    <p class='ocr_par' dir='ltr' id='par_1_49' title="bbox 2061 1985 3625 2054">
     <span class='ocr_line' id='line_1_49' title="bbox 2061 1985 3625 2054; baseline -0.002 -11"><span class='ocrx_word' id='word_1_420' title='bbox 2061 1987 2231 2043; x_wconf 83' lang='lat' dir='ltr'><strong>credit</strong></span> <span class='ocrx_word' id='word_1_421' title='bbox 2262 2001 2365 2040; x_wconf 92' lang='lat' dir='ltr'><strong>non</strong></span> <span class='ocrx_word' id='word_1_422' title='bbox 2397 1994 2613 2040; x_wconf 87' lang='lat' dir='ltr'><strong>vocatus</strong></span> <span class='ocrx_word' id='word_1_423' title='bbox 2639 2026 2654 2051; x_wconf 93' lang='lat'><strong>,</strong></span> <span class='ocrx_word' id='word_1_424' title='bbox 2688 1985 2781 2040; x_wconf 89' lang='lat' dir='ltr'><strong>sed</strong></span> <span class='ocrx_word' id='word_1_425' title='bbox 2820 2001 2923 2039; x_wconf 93' lang='lat' dir='ltr'><strong>non</strong></span> <span class='ocrx_word' id='word_1_426' title='bbox 2955 1987 3130 2040; x_wconf 91' lang='lat' dir='ltr'><strong>omnis</strong></span> <span class='ocrx_word' id='word_1_427' title='bbox 3166 1987 3337 2040; x_wconf 89' lang='lat' dir='ltr'><strong>credit</strong></span> <span class='ocrx_word' id='word_1_428' title='bbox 3366 1997 3625 2054; x_wconf 85' lang='lat' dir='ltr'><strong>vocatus;</strong></span> 
     </span>
    </p>
   </div>
   <div class='ocr_carea' id='block_1_50' title="bbox 2063 2077 3630 2148">
    <p class='ocr_par' dir='ltr' id='par_1_50' title="bbox 2063 2077 3630 2148">
     <span class='ocr_line' id='line_1_50' title="bbox 2063 2077 3630 2148; baseline 0.002 -16"><span class='ocrx_word' id='word_1_429' title='bbox 2063 2078 2212 2132; x_wconf 86' lang='lat' dir='ltr'><strong>multi</strong></span> <span class='ocrx_word' id='word_1_430' title='bbox 2240 2078 2381 2132; x_wconf 92' lang='lat' dir='ltr'><strong>enim</strong></span> <span class='ocrx_word' id='word_1_431' title='bbox 2405 2088 2529 2129; x_wconf 79' lang='lat' dir='ltr'><strong>Sunt</strong></span> <span class='ocrx_word' id='word_1_432' title='bbox 2558 2078 2753 2143; x_wconf 80' lang='lat' dir='ltr'><strong>vocati,</strong></span> <span class='ocrx_word' id='word_1_433' title='bbox 2797 2077 2945 2142; x_wconf 83' lang='lat' dir='ltr'><strong>pauci</strong></span> <span class='ocrx_word' id='word_1_434' title='bbox 2975 2087 3149 2130; x_wconf 88' lang='lat' dir='ltr'><strong>autem</strong></span> <span class='ocrx_word' id='word_1_435' title='bbox 3196 2077 3374 2134; x_wconf 87' lang='lat' dir='ltr'><strong>electi.</strong></span> <span class='ocrx_word' id='word_1_436' title='bbox 3433 2078 3630 2148; x_wconf 86' lang='lat' dir='ltr'><strong>Utique</strong></span> 
     </span>
    </p>
   </div>
   <div class='ocr_carea' id='block_1_51' title="bbox 2065 2168 3631 2238">
    <p class='ocr_par' dir='ltr' id='par_1_51' title="bbox 2065 2168 3631 2238">
     <span class='ocr_line' id='line_1_51' title="bbox 2065 2168 3631 2238; baseline -0.001 -15"><span class='ocrx_word' id='word_1_437' title='bbox 2065 2170 2097 2223; x_wconf 93' lang='lat' dir='ltr'><strong>ii</strong></span> <span class='ocrx_word' id='word_1_438' title='bbox 2125 2169 2213 2238; x_wconf 92' lang='lat' dir='ltr'><strong>qui</strong></span> <span class='ocrx_word' id='word_1_439' title='bbox 2265 2177 2548 2221; x_wconf 90' lang='lat' dir='ltr'><strong>vocantem</strong></span> <span class='ocrx_word' id='word_1_440' title='bbox 2594 2182 2699 2221; x_wconf 90' lang='lat' dir='ltr'><strong>non</strong></span> <span class='ocrx_word' id='word_1_441' title='bbox 2746 2174 3199 2235; x_wconf 89' lang='lat' dir='ltr'><strong>contempserunt,</strong></span> <span class='ocrx_word' id='word_1_442' title='bbox 3231 2168 3323 2221; x_wconf 90' lang='lat' dir='ltr'><strong>sed</strong></span> <span class='ocrx_word' id='word_1_443' title='bbox 3358 2168 3631 2222; x_wconf 80' lang='lat' dir='ltr'><strong>credendo</strong></span> 
     </span>
    </p>
   </div>
   <div class='ocr_carea' id='block_1_52' title="bbox 2064 2260 3628 2323">
    <p class='ocr_par' dir='ltr' id='par_1_52' title="bbox 2064 2260 3628 2323">
     <span class='ocr_line' id='line_1_52' title="bbox 2064 2260 3628 2323; baseline 0 -7"><span class='ocrx_word' id='word_1_444' title='bbox 2064 2261 2233 2316; x_wconf 87' lang='lat' dir='ltr'><strong>secuti</strong></span> <span class='ocrx_word' id='word_1_445' title='bbox 2270 2269 2414 2323; x_wconf 90' lang='lat' dir='ltr'><strong>sunt,</strong></span> <span class='ocrx_word' id='word_1_446' title='bbox 2443 2261 2684 2313; x_wconf 90' lang='lat' dir='ltr'><strong>volentes</strong></span> <span class='ocrx_word' id='word_1_447' title='bbox 2725 2270 2901 2314; x_wconf 86' lang='lat' dir='ltr'><strong>autem</strong></span> <span class='ocrx_word' id='word_1_448' title='bbox 2930 2260 3043 2313; x_wconf 91' lang='lat' dir='ltr'><strong>sine</strong></span> <span class='ocrx_word' id='word_1_449' title='bbox 3070 2260 3233 2314; x_wconf 89' lang='lat' dir='ltr'><strong>dubio</strong></span> <span class='ocrx_word' id='word_1_450' title='bbox 3261 2261 3628 2316; x_wconf 87' lang='lat' dir='ltr'><strong>crediderunt.</strong></span> 
     </span>
    </p>
   </div>
   <div class='ocr_carea' id='block_1_53' title="bbox 2064 2352 3633 2423">
    <p class='ocr_par' dir='ltr' id='par_1_53' title="bbox 2064 2352 3633 2423">
     <span class='ocr_line' id='line_1_53' title="bbox 2064 2352 3633 2423; baseline 0.001 -16"><span class='ocrx_word' id='word_1_451' title='bbox 2064 2355 2199 2422; x_wconf 87' lang='lat' dir='ltr'><strong>Quid</strong></span> <span class='ocrx_word' id='word_1_452' title='bbox 2239 2369 2366 2423; x_wconf 79' lang='lat' dir='ltr'><strong>ergo</strong></span> <span class='ocrx_word' id='word_1_453' title='bbox 2411 2352 2551 2421; x_wconf 84' lang='lat' dir='ltr'><strong>quod</strong></span> <span class='ocrx_word' id='word_1_454' title='bbox 2600 2353 2879 2421; x_wconf 87' lang='lat' dir='ltr'><strong>sequitur?</strong></span> <span class='ocrx_word' id='word_1_455' title='bbox 2930 2352 3092 2422; x_wconf 75' lang='lat' dir='ltr'><strong>Igitur</strong></span> <span class='ocrx_word' id='word_1_456' title='bbox 3116 2367 3221 2407; x_wconf 90' lang='lat' dir='ltr'><strong>non</strong></span> <span class='ocrx_word' id='word_1_457' title='bbox 3252 2354 3507 2418; x_wconf 78' lang='lat' dir='ltr'><strong>volentis,</strong></span> <span class='ocrx_word' id='word_1_458' title='bbox 3537 2370 3633 2409; x_wconf 60' lang='lat' dir='ltr'><strong>ne.</strong></span> 
     </span>
    </p>
   </div>
   <div class='ocr_carea' id='block_1_54' title="bbox 2063 2443 3636 2515">
    <p class='ocr_par' dir='ltr' id='par_1_54' title="bbox 2063 2443 3636 2515">
     <span class='ocr_line' id='line_1_54' title="bbox 2063 2443 3636 2515; baseline 0.001 -16"><span class='ocrx_word' id='word_1_459' title='bbox 2063 2461 2169 2515; x_wconf 91' lang='lat' dir='ltr'><strong>que</strong></span> <span class='ocrx_word' id='word_1_460' title='bbox 2206 2444 2491 2508; x_wconf 64' lang='lat' dir='ltr'><strong>currentis,</strong></span> <span class='ocrx_word' id='word_1_461' title='bbox 2521 2443 2613 2498; x_wconf 89' lang='lat' dir='ltr'><strong>sed</strong></span> <span class='ocrx_word' id='word_1_462' title='bbox 2655 2445 2956 2497; x_wconf 79' lang='lat' dir='ltr'><strong>iniserentis</strong></span> <span class='ocrx_word' id='word_1_463' title='bbox 2980 2454 3063 2497; x_wconf 89' lang='lat' dir='ltr'><strong>est</strong></span> <span class='ocrx_word' id='word_1_464' title='bbox 3095 2443 3209 2498; x_wconf 86' lang='lat' dir='ltr'><strong>Dei.</strong></span> <span class='ocrx_word' id='word_1_465' title='bbox 3254 2446 3332 2498; x_wconf 82' lang='lat' dir='ltr'><strong>An</strong></span> <span class='ocrx_word' id='word_1_466' title='bbox 3365 2446 3487 2513; x_wconf 90' lang='lat' dir='ltr'><strong>quia</strong></span> <span class='ocrx_word' id='word_1_467' title='bbox 3536 2460 3636 2502; x_wconf 88' lang='lat' dir='ltr'><strong>nec</strong></span> 
     </span>
    </p>
   </div>
   <div class='ocr_carea' id='block_1_55' title="bbox 2064 2533 3636 2603">
    <p class='ocr_par' dir='ltr' id='par_1_55' title="bbox 2064 2533 3636 2603">
     <span class='ocr_line' id='line_1_55' title="bbox 2064 2533 3636 2603; baseline -0.001 -12"><span class='ocrx_word' id='word_1_468' title='bbox 2064 2536 2201 2591; x_wconf 90' lang='lat' dir='ltr'><strong>velle</strong></span> <span class='ocrx_word' id='word_1_469' title='bbox 2229 2551 2261 2603; x_wconf 89' lang='lat' dir='ltr'><strong>p</strong></span> <span class='ocrx_word' id='word_1_470' title='bbox 2285 2549 2530 2600; x_wconf 60' lang='lat' dir='ltr'><strong>issumus,</strong></span> <span class='ocrx_word' id='word_1_471' title='bbox 2562 2533 2663 2588; x_wconf 88' lang='lat' dir='ltr'><strong>nisi</strong></span> <span class='ocrx_word' id='word_1_472' title='bbox 2711 2535 2916 2588; x_wconf 89' lang='lat' dir='ltr'><strong>vocati:</strong></span> <span class='ocrx_word' id='word_1_473' title='bbox 2943 2546 2995 2587; x_wconf 89' lang='lat' dir='ltr'><strong>et</strong></span> <span class='ocrx_word' id='word_1_474' title='bbox 3025 2534 3154 2588; x_wconf 88' lang='lat' dir='ltr'><strong>nihil</strong></span> <span class='ocrx_word' id='word_1_475' title='bbox 3202 2536 3345 2588; x_wconf 64' lang='lat' dir='ltr'><strong>valet</strong></span> <span class='ocrx_word' id='word_1_476' title='bbox 3375 2536 3514 2591; x_wconf 89' lang='lat' dir='ltr'><strong>velle</strong></span> <span class='ocrx_word' id='word_1_477' title='bbox 3542 2553 3636 2590; x_wconf 74' lang='lat' dir='ltr'><strong>no—</strong></span> 
     </span>
    </p>
   </div>
   <div class='ocr_carea' id='block_1_56' title="bbox 2064 2624 3640 2696">
    <p class='ocr_par' dir='ltr' id='par_1_56' title="bbox 2064 2624 3640 2696">
     <span class='ocr_line' id='line_1_56' title="bbox 2064 2624 3640 2696; baseline 0.001 -16"><span class='ocrx_word' id='word_1_478' title='bbox 2064 2639 2255 2692; x_wconf 87' lang='lat' dir='ltr'><strong>strum,</strong></span> <span class='ocrx_word' id='word_1_479' title='bbox 2304 2625 2406 2680; x_wconf 88' lang='lat' dir='ltr'><strong>nisi</strong></span> <span class='ocrx_word' id='word_1_480' title='bbox 2455 2634 2512 2678; x_wconf 92' lang='lat' dir='ltr'><strong>ut</strong></span> <span class='ocrx_word' id='word_1_481' title='bbox 2560 2624 2897 2694; x_wconf 79' lang='lat' dir='ltr'><strong>perﬁciamus</strong></span> <span class='ocrx_word' id='word_1_482' title='bbox 2943 2624 3157 2692; x_wconf 84' lang='lat' dir='ltr'><strong>adjuvet</strong></span> <span class='ocrx_word' id='word_1_483' title='bbox 3189 2625 3533 2696; x_wconf 81' lang='lat' dir='ltr'><strong>Deus?0pus</strong></span> <span class='ocrx_word' id='word_1_484' title='bbox 3557 2636 3640 2681; x_wconf 84' lang='lat' dir='ltr'><strong>est</strong></span> 
     </span>
    </p>
   </div>
   <div class='ocr_carea' id='block_1_57' title="bbox 2066 2715 3637 2789">
    <p class='ocr_par' dir='ltr' id='par_1_57' title="bbox 2066 2715 3637 2789">
     <span class='ocr_line' id='line_1_57' title="bbox 2066 2715 3637 2789; baseline -0.003 -14"><span class='ocrx_word' id='word_1_485' title='bbox 2066 2734 2198 2789; x_wconf 76' lang='lat' dir='ltr'><strong>ergo</strong></span> <span class='ocrx_word' id='word_1_486' title='bbox 2224 2719 2363 2773; x_wconf 72' lang='lat' dir='ltr'><strong>veTle</strong></span> <span class='ocrx_word' id='word_1_487' title='bbox 2386 2731 2623 2772; x_wconf 86' lang='lat' dir='ltr'><strong>currere.</strong></span> <span class='ocrx_word' id='word_1_488' title='bbox 2660 2715 2771 2770; x_wconf 81' lang='lat' dir='ltr'><strong>Non</strong></span> <span class='ocrx_word' id='word_1_489' title='bbox 2798 2716 2940 2771; x_wconf 88' lang='lat' dir='ltr'><strong>enim</strong></span> <span class='ocrx_word' id='word_1_490' title='bbox 2992 2716 3186 2770; x_wconf 81' lang='lat' dir='ltr'><strong>frustra</strong></span> <span class='ocrx_word' id='word_1_491' title='bbox 3232 2717 3538 2773; x_wconf 87' lang='lat' dir='ltr'><strong>diceretur:</strong></span> <span class='ocrx_word' id='word_1_492' title='bbox 3582 2719 3637 2772; x_wconf 89' lang='lat' dir='ltr'><strong>In</strong></span> 
     </span>
    </p>
   </div>
   <div class='ocr_carea' id='block_1_58' title="bbox 2070 2808 3641 2879">
    <p class='ocr_par' dir='ltr' id='par_1_58' title="bbox 2070 2808 3641 2879">
     <span class='ocr_line' id='line_1_58' title="bbox 2070 2808 3641 2879; baseline 0.002 -16"><span class='ocrx_word' id='word_1_493' title='bbox 2070 2820 2208 2865; x_wconf 87' lang='lat' dir='ltr'><strong>terra</strong></span> <span class='ocrx_word' id='word_1_494' title='bbox 2240 2824 2343 2879; x_wconf 75' lang='lat' dir='ltr'><strong>pax</strong></span> <span class='ocrx_word' id='word_1_495' title='bbox 2397 2808 2702 2863; x_wconf 86' lang='lat' dir='ltr'><strong>hominibus</strong></span> <span class='ocrx_word' id='word_1_496' title='bbox 2730 2808 2882 2863; x_wconf 61' lang='lat' dir='ltr'><strong>bona;</strong></span> <span class='ocrx_word' id='word_1_497' title='bbox 2903 2808 3211 2863; x_wconf 89' lang='lat' dir='ltr'><strong>voluntatis.</strong></span> <span class='ocrx_word' id='word_1_498' title='bbox 3242 2809 3339 2863; x_wconf 86' lang='lat' dir='ltr'><strong>Et:</strong></span> <span class='ocrx_word' id='word_1_499' title='bbox 3378 2811 3470 2865; x_wconf 85' lang='lat' dir='ltr'><strong>Sic</strong></span> <span class='ocrx_word' id='word_1_500' title='bbox 3519 2826 3641 2866; x_wconf 86' lang='lat' dir='ltr'><strong>cur-</strong></span> 
     </span>
    </p>
   </div>
   <div class='ocr_carea' id='block_1_59' title="bbox 2069 2898 3643 2967">
    <p class='ocr_par' dir='ltr' id='par_1_59' title="bbox 2069 2898 3643 2967">
     <span class='ocr_line' id='line_1_59' title="bbox 2069 2898 3643 2967; baseline 0.001 -12"><span class='ocrx_word' id='word_1_501' title='bbox 2069 2900 2194 2966; x_wconf 87' lang='lat' dir='ltr'><strong>rite,</strong></span> <span class='ocrx_word' id='word_1_502' title='bbox 2244 2908 2300 2953; x_wconf 95' lang='lat' dir='ltr'><strong>ut</strong></span> <span class='ocrx_word' id='word_1_503' title='bbox 2350 2898 2843 2967; x_wconf 87' lang='lat' dir='ltr'><strong>comprehendatis.</strong></span> <span class='ocrx_word' id='word_1_504' title='bbox 2902 2898 3018 2954; x_wconf 85' lang='lat' dir='ltr'><strong>Non</strong></span> <span class='ocrx_word' id='word_1_505' title='bbox 3055 2909 3234 2954; x_wconf 89' lang='lat' dir='ltr'><strong>tamen</strong></span> <span class='ocrx_word' id='word_1_506' title='bbox 3264 2902 3515 2967; x_wconf 83' lang='lat' dir='ltr'><strong>volentis,</strong></span> <span class='ocrx_word' id='word_1_507' title='bbox 3551 2919 3643 2957; x_wconf 86' lang='lat' dir='ltr'><strong>ne-</strong></span> 
     </span>
    </p>
   </div>
   <div class='ocr_carea' id='block_1_60' title="bbox 2068 2988 3641 3061">
    <p class='ocr_par' dir='ltr' id='par_1_60' title="bbox 2068 2988 3641 3061">
     <span class='ocr_line' id='line_1_60' title="bbox 2068 2988 3641 3061; baseline 0.002 -16"><span class='ocrx_word' id='word_1_508' title='bbox 2068 3004 2174 3058; x_wconf 90' lang='lat' dir='ltr'><strong>que</strong></span> <span class='ocrx_word' id='word_1_509' title='bbox 2194 2989 2480 3057; x_wconf 82' lang='lat' dir='ltr'><strong>currentis,</strong></span> <span class='ocrx_word' id='word_1_510' title='bbox 2531 2988 2626 3044; x_wconf 88' lang='lat' dir='ltr'><strong>sed</strong></span> <span class='ocrx_word' id='word_1_511' title='bbox 2663 2989 2972 3045; x_wconf 90' lang='lat' dir='ltr'><strong>miserentis</strong></span> <span class='ocrx_word' id='word_1_512' title='bbox 3021 3001 3104 3045; x_wconf 86' lang='lat' dir='ltr'><strong>est</strong></span> <span class='ocrx_word' id='word_1_513' title='bbox 3156 2991 3272 3057; x_wconf 89' lang='lat' dir='ltr'><strong>Dei,</strong></span> <span class='ocrx_word' id='word_1_514' title='bbox 3305 3001 3366 3045; x_wconf 93' lang='lat' dir='ltr'><strong>ut</strong></span> <span class='ocrx_word' id='word_1_515' title='bbox 3406 3000 3462 3046; x_wconf 87' lang='lat' dir='ltr'><strong>et</strong></span> <span class='ocrx_word' id='word_1_516' title='bbox 3500 2993 3641 3061; x_wconf 83' lang='lat' dir='ltr'><strong>quod</strong></span> 
     </span>
    </p>
   </div>
   <div class='ocr_carea' id='block_1_61' title="bbox 387 3071 3640 3153">
    <p class='ocr_par' dir='ltr' id='par_1_61' title="bbox 387 3071 3640 3153">
     <span class='ocr_line' id='line_1_61' title="bbox 387 3071 3640 3153; baseline 0 -16"><span class='ocrx_word' id='word_1_517' title='bbox 387 3086 641 3151; x_wconf 84' lang='lat' dir='ltr'><strong>ittjustunt</strong></span> <span class='ocrx_word' id='word_1_518' title='bbox 667 3092 769 3136; x_wconf 89' lang='lat' dir='ltr'><strong>est.</strong></span> <span class='ocrx_word' id='word_1_519' title='bbox 797 3077 1025 3151; x_wconf 82' lang='lat' dir='ltr'><strong>Quodsi</strong></span> <span class='ocrx_word' id='word_1_520' title='bbox 1055 3075 1419 3141; x_wconf 81' lang='lat' dir='ltr'><strong>concedimus,</strong></span> <span class='ocrx_word' id='word_1_521' title='bbox 1459 3071 1647 3143; x_wconf 89' lang='lat' dir='ltr'><strong>incipit</strong></span> <span class='ocrx_word' id='word_1_522' title='bbox 1698 3082 1755 3128; x_wconf 88' lang='lat' dir='ltr'><strong>et</strong></span> <span class='ocrx_word' id='word_1_523' title='bbox 1798 3072 1963 3127; x_wconf 84' lang='lat' dir='ltr'><strong>Jacob</strong></span> <span class='ocrx_word' id='word_1_524' title='bbox 1993 3091 2038 3153; x_wconf 73' lang='grc' dir='ltr'>ο</span> <span class='ocrx_word' id='word_1_525' title='bbox 2073 3081 2318 3135; x_wconf 76' lang='lat' dir='ltr'><strong>volumus</strong></span> <span class='ocrx_word' id='word_1_526' title='bbox 2348 3077 2728 3149; x_wconf 70' lang='lat' dir='ltr'><strong>adipiscamur,</strong></span> <span class='ocrx_word' id='word_1_527' title='bbox 2759 3089 2813 3134; x_wconf 89' lang='lat' dir='ltr'><strong>et</strong></span> <span class='ocrx_word' id='word_1_528' title='bbox 2839 3095 2945 3150; x_wconf 89' lang='lat' dir='ltr'><strong>quo</strong></span> <span class='ocrx_word' id='word_1_529' title='bbox 2976 3081 3219 3137; x_wconf 90' lang='lat' dir='ltr'><strong>volumus</strong></span> <span class='ocrx_word' id='word_1_530' title='bbox 3247 3082 3640 3151; x_wconf 82' lang='lat' dir='ltr'><strong>perveniamus.</strong></span> 
     </span>
    </p>
   </div>
   <div class='ocr_carea' id='block_1_62' title="bbox 382 3164 1967 3246">
    <p class='ocr_par' dir='ltr' id='par_1_62' title="bbox 382 3164 1967 3246">
     <span class='ocr_line' id='line_1_62' title="bbox 382 3164 1967 3246; baseline -0.005 -18"><span class='ocrx_word' id='word_1_531' title='bbox 382 3174 609 3246; x_wconf 66' lang='lat' dir='ltr'><strong>justitiam:</strong></span> <span class='ocrx_word' id='word_1_532' title='bbox 632 3173 821 3227; x_wconf 89' lang='lat' dir='ltr'><strong>merito</strong></span> <span class='ocrx_word' id='word_1_533' title='bbox 853 3171 1018 3239; x_wconf 78' lang='lat' dir='ltr'><strong>diligi.</strong></span> <span class='ocrx_word' id='word_1_534' title='bbox 1052 3168 1205 3235; x_wconf 85' lang='lat' dir='ltr'><strong>Quod</strong></span> <span class='ocrx_word' id='word_1_535' title='bbox 1233 3168 1276 3221; x_wconf 87' lang='lat' dir='ltr'><strong>si</strong></span> <span class='ocrx_word' id='word_1_536' title='bbox 1308 3181 1492 3222; x_wconf 90' lang='lat' dir='ltr'><strong>verum</strong></span> <span class='ocrx_word' id='word_1_537' title='bbox 1514 3174 1615 3230; x_wconf 90' lang='lat' dir='ltr'><strong>est,</strong></span> <span class='ocrx_word' id='word_1_538' title='bbox 1649 3164 1837 3219; x_wconf 81' lang='lat' dir='ltr'><strong>falsum</strong></span> <span class='ocrx_word' id='word_1_539' title='bbox 1884 3175 1967 3221; x_wconf 91' lang='lat' dir='ltr'><strong>est</strong></span> 
     </span>
    </p>
   </div>
   <div class='ocr_carea' id='block_1_63' title="bbox 304 3258 1967 3338">
    <p class='ocr_par' dir='ltr' id='par_1_63' title="bbox 304 3258 1967 3338">
     <span class='ocr_line' id='line_1_63' title="bbox 304 3258 1967 3338; baseline -0.004 -17"><span class='ocrx_word' id='word_1_540' title='bbox 304 3272 315 3321; x_wconf 63' lang='grc' dir='ltr'>έ</span> <span class='ocrx_word' id='word_1_541' title='bbox 387 3268 528 3338; x_wconf 86' lang='lat' dir='ltr'><strong>quod</strong></span> <span class='ocrx_word' id='word_1_542' title='bbox 581 3282 686 3322; x_wconf 90' lang='lat' dir='ltr'><strong>non</strong></span> <span class='ocrx_word' id='word_1_543' title='bbox 733 3282 801 3319; x_wconf 84' lang='lat' dir='ltr'><strong>ex</strong></span> <span class='ocrx_word' id='word_1_544' title='bbox 860 3264 1134 3331; x_wconf 78' lang='lat' dir='ltr'><strong>Operibus.</strong></span> <span class='ocrx_word' id='word_1_545' title='bbox 1170 3266 1246 3316; x_wconf 84' lang='lat' dir='ltr'><strong>An</strong></span> <span class='ocrx_word' id='word_1_546' title='bbox 1295 3262 1431 3315; x_wconf 79' lang='lat' dir='ltr'><strong>forte</strong></span> <span class='ocrx_word' id='word_1_547' title='bbox 1460 3274 1525 3315; x_wconf 80' lang='lat' dir='ltr'><strong>ex</strong></span> <span class='ocrx_word' id='word_1_548' title='bbox 1572 3258 1778 3329; x_wconf 87' lang='lat' dir='ltr'><strong>justitia</strong></span> <span class='ocrx_word' id='word_1_549' title='bbox 1806 3258 1967 3314; x_wconf 78' lang='lat' dir='ltr'><strong>ﬁdei?</strong></span> 
     </span>
    </p>
   </div>
   <div class='ocr_carea' id='block_1_64' title="bbox 388 3347 1967 3428">
    <p class='ocr_par' dir='ltr' id='par_1_64' title="bbox 388 3347 1967 3428">
     <span class='ocr_line' id='line_1_64' title="bbox 388 3347 1967 3428; baseline -0.004 -16"><span class='ocrx_word' id='word_1_550' title='bbox 388 3359 524 3428; x_wconf 86' lang='lat' dir='ltr'><strong>Quid</strong></span> <span class='ocrx_word' id='word_1_551' title='bbox 554 3374 683 3428; x_wconf 80' lang='lat' dir='ltr'><strong>ergo</strong></span> <span class='ocrx_word' id='word_1_552' title='bbox 715 3370 766 3413; x_wconf 86' lang='lat' dir='ltr'><strong>te</strong></span> <span class='ocrx_word' id='word_1_553' title='bbox 803 3355 1047 3425; x_wconf 84' lang='lat' dir='ltr'><strong>adjuvat,</strong></span> <span class='ocrx_word' id='word_1_554' title='bbox 1077 3353 1210 3407; x_wconf 89' lang='lat' dir='ltr'><strong>Cum</strong></span> <span class='ocrx_word' id='word_1_555' title='bbox 1256 3350 1399 3406; x_wconf 89' lang='lat' dir='ltr'><strong>enim</strong></span> <span class='ocrx_word' id='word_1_556' title='bbox 1434 3348 1667 3405; x_wconf 91' lang='lat' dir='ltr'><strong>nondum</strong></span> <span class='ocrx_word' id='word_1_557' title='bbox 1699 3349 1809 3403; x_wconf 91' lang='lat' dir='ltr'><strong>nati</strong></span> <span class='ocrx_word' id='word_1_558' title='bbox 1833 3347 1967 3405; x_wconf 78' lang='lat' dir='ltr'><strong>fuis-</strong></span> 
     </span>
    </p>
   </div>
   <div class='ocr_carea' id='block_1_65' title="bbox 388 3437 1969 3518">
    <p class='ocr_par' dir='ltr' id='par_1_65' title="bbox 388 3437 1969 3518">
     <span class='ocr_line' id='line_1_65' title="bbox 388 3437 1969 3518; baseline -0.008 -13"><span class='ocrx_word' id='word_1_559' title='bbox 388 3451 555 3506; x_wconf 82' lang='lat' dir='ltr'><strong>sent?</strong></span> <span class='ocrx_word' id='word_1_560' title='bbox 583 3446 1013 3518; x_wconf 64' lang='lat' dir='ltr'><strong>quandoquidem</strong></span> <span class='ocrx_word' id='word_1_561' title='bbox 1045 3445 1096 3497; x_wconf 91' lang='lat' dir='ltr'><strong>in</strong></span> <span class='ocrx_word' id='word_1_562' title='bbox 1130 3442 1365 3497; x_wconf 90' lang='lat' dir='ltr'><strong>nondum</strong></span> <span class='ocrx_word' id='word_1_563' title='bbox 1402 3448 1526 3495; x_wconf 88' lang='lat' dir='ltr'><strong>nato</strong></span> <span class='ocrx_word' id='word_1_564' title='bbox 1550 3453 1649 3494; x_wconf 90' lang='lat' dir='ltr'><strong>nec</strong></span> <span class='ocrx_word' id='word_1_565' title='bbox 1672 3438 1875 3510; x_wconf 81' lang='lat' dir='ltr'><strong>justitia</strong></span> <span class='ocrx_word' id='word_1_566' title='bbox 1905 3437 1969 3492; x_wconf 86' lang='lat' dir='ltr'><strong>li-</strong></span> 
     </span>
    </p>
   </div>
   <div class='ocr_carea' id='block_1_66' title="bbox 394 3529 1969 3610">
    <p class='ocr_par' dir='ltr' id='par_1_66' title="bbox 394 3529 1969 3610">
     <span class='ocr_line' id='line_1_66' title="bbox 394 3529 1969 3610; baseline -0.007 -14"><span class='ocrx_word' id='word_1_567' title='bbox 394 3541 483 3596; x_wconf 85' lang='lat' dir='ltr'><strong>dei</strong></span> <span class='ocrx_word' id='word_1_568' title='bbox 541 3548 751 3610; x_wconf 78' lang='lat' dir='ltr'><strong>poterat</strong></span> <span class='ocrx_word' id='word_1_569' title='bbox 778 3552 920 3593; x_wconf 39' lang='lat' dir='ltr'><strong>esve.</strong></span> <span class='ocrx_word' id='word_1_570' title='bbox 977 3534 1117 3589; x_wconf 85' lang='lat' dir='ltr'><strong>Vidit</strong></span> <span class='ocrx_word' id='word_1_571' title='bbox 1167 3534 1345 3603; x_wconf 83' lang='lat' dir='ltr'><strong>itaque</strong></span> <span class='ocrx_word' id='word_1_572' title='bbox 1407 3531 1691 3602; x_wconf 80' lang='lat' dir='ltr'><strong>Apostolus</strong></span> <span class='ocrx_word' id='word_1_573' title='bbox 1739 3529 1864 3601; x_wconf 89' lang='lat' dir='ltr'><strong>quid</strong></span> <span class='ocrx_word' id='word_1_574' title='bbox 1903 3545 1969 3586; x_wconf 80' lang='lat' dir='ltr'><strong>ex</strong></span> 
     </span>
    </p>
   </div>
   <div class='ocr_carea' id='block_1_67' title="bbox 396 3622 1970 3699">
    <p class='ocr_par' dir='ltr' id='par_1_67' title="bbox 396 3622 1970 3699">
     <span class='ocr_line' id='line_1_67' title="bbox 396 3622 1970 3699; baseline -0.005 -14"><span class='ocrx_word' id='word_1_575' title='bbox 396 3633 478 3687; x_wconf 89' lang='lat' dir='ltr'><strong>his</strong></span> <span class='ocrx_word' id='word_1_576' title='bbox 523 3630 702 3686; x_wconf 84' lang='lat' dir='ltr'><strong>verbis</strong></span> <span class='ocrx_word' id='word_1_577' title='bbox 727 3630 897 3699; x_wconf 76' lang='lat' dir='ltr'><strong>possit.</strong></span> <span class='ocrx_word' id='word_1_578' title='bbox 925 3628 1104 3681; x_wconf 85' lang='lat' dir='ltr'><strong>animo</strong></span> <span class='ocrx_word' id='word_1_579' title='bbox 1129 3625 1395 3679; x_wconf 84' lang='lat' dir='ltr'><strong>audientis</strong></span> <span class='ocrx_word' id='word_1_580' title='bbox 1425 3623 1505 3679; x_wconf 91' lang='lat' dir='ltr'><strong>vel</strong></span> <span class='ocrx_word' id='word_1_581' title='bbox 1529 3622 1753 3693; x_wconf 77' lang='lat' dir='ltr'><strong>legentis</strong></span> <span class='ocrx_word' id='word_1_582' title='bbox 1778 3637 1970 3677; x_wconf 85' lang='lat' dir='ltr'><strong>occur-</strong></span> 
     </span>
    </p>
   </div>
   <div class='ocr_carea' id='block_1_68' title="bbox 396 3711 1973 3788">
    <p class='ocr_par' dir='ltr' id='par_1_68' title="bbox 396 3711 1973 3788">
     <span class='ocr_line' id='line_1_68' title="bbox 396 3711 1973 3788; baseline -0.006 -13"><span class='ocrx_word' id='word_1_583' title='bbox 396 3735 535 3785; x_wconf 87' lang='lat' dir='ltr'><strong>rere,</strong></span> <span class='ocrx_word' id='word_1_584' title='bbox 570 3721 856 3788; x_wconf 83' lang='lat' dir='ltr'><strong>statimque</strong></span> <span class='ocrx_word' id='word_1_585' title='bbox 884 3717 1113 3786; x_wconf 86' lang='lat' dir='ltr'><strong>subjecit</strong></span> <span class='ocrx_word' id='word_1_586' title='bbox 1141 3730 1157 3770; x_wconf 88' lang='lat'><strong>:</strong></span> <span class='ocrx_word' id='word_1_587' title='bbox 1199 3714 1333 3779; x_wconf 79' lang='lat' dir='ltr'><strong>Quid</strong></span> <span class='ocrx_word' id='word_1_588' title='bbox 1366 3729 1493 3782; x_wconf 83' lang='lat' dir='ltr'><strong>ergo</strong></span> <span class='ocrx_word' id='word_1_589' title='bbox 1519 3712 1796 3768; x_wconf 79' lang='lat' dir='ltr'><strong>dicemus?</strong></span> <span class='ocrx_word' id='word_1_590' title='bbox 1827 3711 1973 3766; x_wconf 86' lang='lat' dir='ltr'><strong>Nun-</strong></span> 
     </span>
    </p>
   </div>
   <div class='ocr_carea' id='block_1_69' title="bbox 394 3804 1972 3882">
    <p class='ocr_par' dir='ltr' id='par_1_69' title="bbox 394 3804 1972 3882">
     <span class='ocr_line' id='line_1_69' title="bbox 394 3804 1972 3882; baseline -0.006 -14"><span class='ocrx_word' id='word_1_591' title='bbox 394 3814 522 3882; x_wconf 83' lang='lat' dir='ltr'><strong>quid</strong></span> <span class='ocrx_word' id='word_1_592' title='bbox 546 3813 797 3882; x_wconf 81' lang='lat' dir='ltr'><strong>iniquitas</strong></span> <span class='ocrx_word' id='word_1_593' title='bbox 820 3818 905 3865; x_wconf 89' lang='lat' dir='ltr'><strong>est</strong></span> <span class='ocrx_word' id='word_1_594' title='bbox 926 3826 976 3876; x_wconf 71' lang='grc' dir='ltr'>ιη</span> <span class='ocrx_word' id='word_1_595' title='bbox 996 3810 1063 3862; x_wconf 92' lang='lat' dir='ltr'><strong>ud</strong></span> <span class='ocrx_word' id='word_1_596' title='bbox 1085 3807 1292 3863; x_wconf 86' lang='lat' dir='ltr'><strong>Deum?</strong></span> <span class='ocrx_word' id='word_1_597' title='bbox 1317 3806 1488 3861; x_wconf 81' lang='lat' dir='ltr'><strong>Absit.</strong></span> <span class='ocrx_word' id='word_1_598' title='bbox 1514 3805 1581 3859; x_wconf 88' lang='lat' dir='ltr'><strong>Et</strong></span> <span class='ocrx_word' id='word_1_599' title='bbox 1603 3805 1751 3876; x_wconf 87' lang='lat' dir='ltr'><strong>quasi</strong></span> <span class='ocrx_word' id='word_1_600' title='bbox 1773 3804 1972 3860; x_wconf 87' lang='lat' dir='ltr'><strong>docens</strong></span> 
     </span>
    </p>
   </div>
   <div class='ocr_carea' id='block_1_70' title="bbox 397 3896 1975 3975">
    <p class='ocr_par' dir='ltr' id='par_1_70' title="bbox 397 3896 1975 3975">
     <span class='ocr_line' id='line_1_70' title="bbox 397 3896 1975 3975; baseline -0.005 -16"><span class='ocrx_word' id='word_1_601' title='bbox 397 3906 668 3975; x_wconf 82' lang='lat' dir='ltr'><strong>quomodo</strong></span> <span class='ocrx_word' id='word_1_602' title='bbox 688 3905 834 3957; x_wconf 85' lang='lat' dir='ltr'><strong>absit</strong></span> <span class='ocrx_word' id='word_1_603' title='bbox 860 3921 872 3957; x_wconf 90' lang='lat'><strong>:</strong></span> <span class='ocrx_word' id='word_1_604' title='bbox 909 3900 1077 3972; x_wconf 79' lang='lat' dir='ltr'><strong>Moysi</strong></span> <span class='ocrx_word' id='word_1_605' title='bbox 1104 3902 1250 3955; x_wconf 89' lang='lat' dir='ltr'><strong>enim</strong></span> <span class='ocrx_word' id='word_1_606' title='bbox 1276 3898 1425 3965; x_wconf 90' lang='lat' dir='ltr'><strong>dicit,</strong></span> <span class='ocrx_word' id='word_1_607' title='bbox 1460 3898 1657 3967; x_wconf 87' lang='lat' dir='ltr'><strong>inquit:</strong></span> <span class='ocrx_word' id='word_1_608' title='bbox 1682 3896 1975 3953; x_wconf 81' lang='lat' dir='ltr'><strong>Miserebor</strong></span> 
     </span>
    </p>
   </div>
   <div class='ocr_carea' id='block_1_71' title="bbox 393 3988 1973 4060">
    <p class='ocr_par' dir='ltr' id='par_1_71' title="bbox 393 3988 1973 4060">
     <span class='ocr_line' id='line_1_71' title="bbox 393 3988 1973 4060; baseline -0.007 -7"><span class='ocrx_word' id='word_1_609' title='bbox 393 4000 478 4053; x_wconf 87' lang='lat' dir='ltr'><strong>cui</strong></span> <span class='ocrx_word' id='word_1_610' title='bbox 506 4004 755 4052; x_wconf 80' lang='lat' dir='ltr'><strong>miseitns</strong></span> <span class='ocrx_word' id='word_1_611' title='bbox 780 4013 895 4058; x_wconf 91' lang='lat' dir='ltr'><strong>ero,</strong></span> <span class='ocrx_word' id='word_1_612' title='bbox 927 4006 983 4050; x_wconf 90' lang='lat' dir='ltr'><strong>et</strong></span> <span class='ocrx_word' id='word_1_613' title='bbox 1006 3993 1430 4049; x_wconf 85' lang='lat' dir='ltr'><strong>misericordiam</strong></span> <span class='ocrx_word' id='word_1_614' title='bbox 1460 3989 1726 4060; x_wconf 76' lang='lat' dir='ltr'><strong>przestabo</strong></span> <span class='ocrx_word' id='word_1_615' title='bbox 1753 3990 1837 4044; x_wconf 91' lang='lat' dir='ltr'><strong>cui</strong></span> <span class='ocrx_word' id='word_1_616' title='bbox 1870 3988 1973 4043; x_wconf 83' lang='lat' dir='ltr'><strong>mi-</strong></span> 
     </span>
    </p>
   </div>
   <div class='ocr_carea' id='block_1_72' title="bbox 2071 3169 3643 3239">
    <p class='ocr_par' dir='ltr' id='par_1_72' title="bbox 2071 3169 3643 3239">
     <span class='ocr_line' id='line_1_72' title="bbox 2071 3169 3643 3239; baseline 0.002 -14"><span class='ocrx_word' id='word_1_617' title='bbox 2071 3169 2249 3225; x_wconf 85' lang='lat' dir='ltr'><strong>Noluit</strong></span> <span class='ocrx_word' id='word_1_618' title='bbox 2272 3184 2398 3239; x_wconf 78' lang='lat' dir='ltr'><strong>ergo</strong></span> <span class='ocrx_word' id='word_1_619' title='bbox 2421 3170 2580 3236; x_wconf 87' lang='lat' dir='ltr'><strong>Esau,</strong></span> <span class='ocrx_word' id='word_1_620' title='bbox 2615 3177 2673 3225; x_wconf 81' lang='lat' dir='ltr'><strong>et</strong></span> <span class='ocrx_word' id='word_1_621' title='bbox 2708 3185 2813 3224; x_wconf 92' lang='lat' dir='ltr'><strong>non</strong></span> <span class='ocrx_word' id='word_1_622' title='bbox 2841 3172 3078 3225; x_wconf 83' lang='lat' dir='ltr'><strong>cucurrit</strong></span> <span class='ocrx_word' id='word_1_623' title='bbox 3106 3188 3121 3238; x_wconf 90' lang='lat'><strong>;</strong></span> <span class='ocrx_word' id='word_1_624' title='bbox 3172 3173 3265 3227; x_wconf 89' lang='lat' dir='ltr'><strong>sed</strong></span> <span class='ocrx_word' id='word_1_625' title='bbox 3298 3181 3353 3227; x_wconf 91' lang='lat' dir='ltr'><strong>et</strong></span> <span class='ocrx_word' id='word_1_626' title='bbox 3375 3174 3420 3227; x_wconf 89' lang='lat' dir='ltr'><strong>si</strong></span> <span class='ocrx_word' id='word_1_627' title='bbox 3452 3174 3643 3229; x_wconf 79' lang='lat' dir='ltr'><strong>voluis~</strong></span> 
     </span>
    </p>
   </div>
   <div class='ocr_carea' id='block_1_73' title="bbox 2070 3259 3641 3333">
    <p class='ocr_par' dir='ltr' id='par_1_73' title="bbox 2070 3259 3641 3333">
     <span class='ocr_line' id='line_1_73' title="bbox 2070 3259 3641 3333; baseline 0.002 -18"><span class='ocrx_word' id='word_1_628' title='bbox 2070 3269 2176 3330; x_wconf 86' lang='lat' dir='ltr'><strong>set,</strong></span> <span class='ocrx_word' id='word_1_629' title='bbox 2197 3270 2250 3316; x_wconf 91' lang='lat' dir='ltr'><strong>et</strong></span> <span class='ocrx_word' id='word_1_630' title='bbox 2279 3260 2631 3327; x_wconf 87' lang='lat' dir='ltr'><strong>cucurrisset,</strong></span> <span class='ocrx_word' id='word_1_631' title='bbox 2666 3259 2761 3315; x_wconf 89' lang='lat' dir='ltr'><strong>Dei</strong></span> <span class='ocrx_word' id='word_1_632' title='bbox 2798 3260 3066 3329; x_wconf 90' lang='lat' dir='ltr'><strong>adjutorio</strong></span> <span class='ocrx_word' id='word_1_633' title='bbox 3098 3263 3450 3331; x_wconf 85' lang='lat' dir='ltr'><strong>pervenisset,</strong></span> <span class='ocrx_word' id='word_1_634' title='bbox 3475 3264 3565 3333; x_wconf 90' lang='lat' dir='ltr'><strong>qui</strong></span> <span class='ocrx_word' id='word_1_635' title='bbox 3591 3264 3641 3318; x_wconf 91' lang='lat' dir='ltr'><strong>ei</strong></span> 
     </span>
    </p>
   </div>
   <div class='ocr_carea' id='block_1_74' title="bbox 2069 3352 3644 3421">
    <p class='ocr_par' dir='ltr' id='par_1_74' title="bbox 2069 3352 3644 3421">
     <span class='ocr_line' id='line_1_74' title="bbox 2069 3352 3644 3421; baseline 0.001 -13"><span class='ocrx_word' id='word_1_636' title='bbox 2069 3354 2231 3408; x_wconf 86' lang='lat' dir='ltr'><strong>etiam</strong></span> <span class='ocrx_word' id='word_1_637' title='bbox 2260 3353 2395 3407; x_wconf 88' lang='lat' dir='ltr'><strong>velle</strong></span> <span class='ocrx_word' id='word_1_638' title='bbox 2424 3361 2477 3406; x_wconf 89' lang='lat' dir='ltr'><strong>et</strong></span> <span class='ocrx_word' id='word_1_639' title='bbox 2505 3366 2723 3407; x_wconf 88' lang='lat' dir='ltr'><strong>currere</strong></span> <span class='ocrx_word' id='word_1_640' title='bbox 2751 3352 2991 3407; x_wconf 90' lang='lat' dir='ltr'><strong>vocando</strong></span> <span class='ocrx_word' id='word_1_641' title='bbox 3020 3362 3319 3421; x_wconf 65' lang='lat' dir='ltr'><strong>praestaret,</strong></span> <span class='ocrx_word' id='word_1_642' title='bbox 3353 3354 3455 3408; x_wconf 89' lang='lat' dir='ltr'><strong>nisi</strong></span> <span class='ocrx_word' id='word_1_643' title='bbox 3484 3370 3644 3410; x_wconf 82' lang='lat' dir='ltr'><strong>voca-</strong></span> 
     </span>
    </p>
   </div>
   <div class='ocr_carea' id='block_1_75' title="bbox 2072 3442 3647 3513">
    <p class='ocr_par' dir='ltr' id='par_1_75' title="bbox 2072 3442 3647 3513">
     <span class='ocr_line' id='line_1_75' title="bbox 2072 3442 3647 3513; baseline 0 -13"><span class='ocrx_word' id='word_1_644' title='bbox 2072 3445 2216 3501; x_wconf 84' lang='lat' dir='ltr'><strong>tione</strong></span> <span class='ocrx_word' id='word_1_645' title='bbox 2262 3453 2567 3512; x_wconf 88' lang='lat' dir='ltr'><strong>contempta</strong></span> <span class='ocrx_word' id='word_1_646' title='bbox 2625 3442 2890 3513; x_wconf 85' lang='lat' dir='ltr'><strong>reprobus</strong></span> <span class='ocrx_word' id='word_1_647' title='bbox 2936 3443 3109 3499; x_wconf 81' lang='lat' dir='ltr'><strong>ﬁeret.</strong></span> <span class='ocrx_word' id='word_1_648' title='bbox 3136 3445 3309 3500; x_wconf 84' lang='lat' dir='ltr'><strong>Aliter</strong></span> <span class='ocrx_word' id='word_1_649' title='bbox 3334 3447 3478 3499; x_wconf 89' lang='lat' dir='ltr'><strong>enim</strong></span> <span class='ocrx_word' id='word_1_650' title='bbox 3509 3446 3647 3500; x_wconf 89' lang='lat' dir='ltr'><strong>Deus</strong></span> 
     </span>
    </p>
   </div>
   <div class='ocr_carea' id='block_1_76' title="bbox 2072 3534 3646 3607">
    <p class='ocr_par' dir='ltr' id='par_1_76' title="bbox 2072 3534 3646 3607">
     <span class='ocr_line' id='line_1_76' title="bbox 2072 3534 3646 3607; baseline 0 -17"><span class='ocrx_word' id='word_1_651' title='bbox 2072 3544 2291 3607; x_wconf 68' lang='lat' dir='ltr'><strong>praestat</strong></span> <span class='ocrx_word' id='word_1_652' title='bbox 2314 3546 2371 3590; x_wconf 89' lang='lat' dir='ltr'><strong>ut</strong></span> <span class='ocrx_word' id='word_1_653' title='bbox 2401 3535 2619 3591; x_wconf 81' lang='lat' dir='ltr'><strong>velimus</strong></span> <span class='ocrx_word' id='word_1_654' title='bbox 2644 3552 2660 3588; x_wconf 91' lang='lat'><strong>:</strong></span> <span class='ocrx_word' id='word_1_655' title='bbox 2692 3534 2844 3590; x_wconf 80' lang='lat' dir='ltr'><strong>aliter</strong></span> <span class='ocrx_word' id='word_1_656' title='bbox 2873 3544 3089 3604; x_wconf 78' lang='lat' dir='ltr'><strong>pra:th</strong></span> <span class='ocrx_word' id='word_1_657' title='bbox 3134 3535 3272 3604; x_wconf 90' lang='lat' dir='ltr'><strong>quod</strong></span> <span class='ocrx_word' id='word_1_658' title='bbox 3296 3535 3646 3590; x_wconf 83' lang='lat' dir='ltr'><strong>voluerimus.</strong></span> 
     </span>
    </p>
   </div>
   <div class='ocr_carea' id='block_1_77' title="bbox 2072 3625 3642 3693">
    <p class='ocr_par' dir='ltr' id='par_1_77' title="bbox 2072 3625 3642 3693">
     <span class='ocr_line' id='line_1_77' title="bbox 2072 3625 3642 3693; baseline -0.001 -12"><span class='ocrx_word' id='word_1_659' title='bbox 2072 3627 2143 3682; x_wconf 90' lang='lat' dir='ltr'><strong>Ut</strong></span> <span class='ocrx_word' id='word_1_660' title='bbox 2178 3625 2405 3681; x_wconf 89' lang='lat' dir='ltr'><strong>velimus</strong></span> <span class='ocrx_word' id='word_1_661' title='bbox 2431 3627 2600 3693; x_wconf 89' lang='lat' dir='ltr'><strong>enim,</strong></span> <span class='ocrx_word' id='word_1_662' title='bbox 2639 3634 2693 3679; x_wconf 92' lang='lat' dir='ltr'><strong>et</strong></span> <span class='ocrx_word' id='word_1_663' title='bbox 2714 3638 2869 3679; x_wconf 87' lang='lat' dir='ltr'><strong>suum</strong></span> <span class='ocrx_word' id='word_1_664' title='bbox 2899 3638 3019 3680; x_wconf 85' lang='lat' dir='ltr'><strong>esse</strong></span> <span class='ocrx_word' id='word_1_665' title='bbox 3057 3625 3226 3680; x_wconf 78' lang='lat' dir='ltr'><strong>voluit</strong></span> <span class='ocrx_word' id='word_1_666' title='bbox 3268 3633 3324 3680; x_wconf 90' lang='lat' dir='ltr'><strong>et</strong></span> <span class='ocrx_word' id='word_1_667' title='bbox 3365 3636 3642 3680; x_wconf 80' lang='lat' dir='ltr'><strong>nostrum:</strong></span> 
     </span>
    </p>
   </div>
   <div class='ocr_carea' id='block_1_78' title="bbox 2071 3716 3650 3786">
    <p class='ocr_par' dir='ltr' id='par_1_78' title="bbox 2071 3716 3650 3786">
     <span class='ocr_line' id='line_1_78' title="bbox 2071 3716 3650 3786; baseline -0.002 -14"><span class='ocrx_word' id='word_1_668' title='bbox 2071 3733 2226 3773; x_wconf 89' lang='lat' dir='ltr'><strong>suum</strong></span> <span class='ocrx_word' id='word_1_669' title='bbox 2266 3717 2531 3785; x_wconf 85' lang='lat' dir='ltr'><strong>vocando,</strong></span> <span class='ocrx_word' id='word_1_670' title='bbox 2559 3725 2800 3771; x_wconf 85' lang='lat' dir='ltr'><strong>nostrum</strong></span> <span class='ocrx_word' id='word_1_671' title='bbox 2823 3716 3117 3786; x_wconf 90' lang='lat' dir='ltr'><strong>sequendo.</strong></span> <span class='ocrx_word' id='word_1_672' title='bbox 3148 3716 3301 3783; x_wconf 85' lang='lat' dir='ltr'><strong>Quod</strong></span> <span class='ocrx_word' id='word_1_673' title='bbox 3342 3725 3522 3771; x_wconf 84' lang='lat' dir='ltr'><strong>autem</strong></span> <span class='ocrx_word' id='word_1_674' title='bbox 3556 3730 3650 3769; x_wconf 79' lang='lat' dir='ltr'><strong>vo-</strong></span> 
     </span>
    </p>
   </div>
   <div class='ocr_carea' id='block_1_79' title="bbox 2072 3809 3652 3877">
    <p class='ocr_par' dir='ltr' id='par_1_79' title="bbox 2072 3809 3652 3877">
     <span class='ocr_line' id='line_1_79' title="bbox 2072 3809 3652 3877; baseline -0.003 -12"><span class='ocrx_word' id='word_1_675' title='bbox 2072 3809 2347 3873; x_wconf 84' lang='lat' dir='ltr'><strong>luerimus,</strong></span> <span class='ocrx_word' id='word_1_676' title='bbox 2377 3810 2523 3863; x_wconf 89' lang='lat' dir='ltr'><strong>solus</strong></span> <span class='ocrx_word' id='word_1_677' title='bbox 2549 3816 2807 3876; x_wconf 62' lang='lat' dir='ltr'><strong>pratstat:</strong></span> <span class='ocrx_word' id='word_1_678' title='bbox 2837 3809 2889 3862; x_wconf 92' lang='lat' dir='ltr'><strong>id</strong></span> <span class='ocrx_word' id='word_1_679' title='bbox 2916 3818 3020 3872; x_wconf 90' lang='lat' dir='ltr'><strong>est,</strong></span> <span class='ocrx_word' id='word_1_680' title='bbox 3048 3822 3205 3876; x_wconf 90' lang='lat' dir='ltr'><strong>posse</strong></span> <span class='ocrx_word' id='word_1_681' title='bbox 3227 3809 3363 3863; x_wconf 89' lang='lat' dir='ltr'><strong>bene</strong></span> <span class='ocrx_word' id='word_1_682' title='bbox 3390 3822 3573 3877; x_wconf 81' lang='lat' dir='ltr'><strong>agere,</strong></span> <span class='ocrx_word' id='word_1_683' title='bbox 3596 3817 3652 3861; x_wconf 83' lang='lat' dir='ltr'><strong>et</strong></span> 
     </span>
    </p>
   </div>
   <div class='ocr_carea' id='block_1_80' title="bbox 2071 3898 3647 3971">
    <p class='ocr_par' dir='ltr' id='par_1_80' title="bbox 2071 3898 3647 3971">
     <span class='ocr_line' id='line_1_80' title="bbox 2071 3898 3647 3971; baseline -0.002 -15"><span class='ocrx_word' id='word_1_684' title='bbox 2071 3915 2284 3971; x_wconf 87' lang='lat' dir='ltr'><strong>semper</strong></span> <span class='ocrx_word' id='word_1_685' title='bbox 2313 3900 2463 3955; x_wconf 87' lang='lat' dir='ltr'><strong>beate</strong></span> <span class='ocrx_word' id='word_1_686' title='bbox 2490 3900 2690 3954; x_wconf 86' lang='lat' dir='ltr'><strong>vivere.</strong></span> <span class='ocrx_word' id='word_1_687' title='bbox 2723 3899 3098 3952; x_wconf 75' lang='lat' dir='ltr'><strong>Verumtamen</strong></span> <span class='ocrx_word' id='word_1_688' title='bbox 3123 3898 3262 3952; x_wconf 79' lang='lat' dir='ltr'><strong>Esau</strong></span> <span class='ocrx_word' id='word_1_689' title='bbox 3285 3898 3520 3953; x_wconf 89' lang='lat' dir='ltr'><strong>nondum</strong></span> <span class='ocrx_word' id='word_1_690' title='bbox 3551 3915 3647 3953; x_wconf 81' lang='lat' dir='ltr'><strong>na-</strong></span> 
     </span>
    </p>
   </div>
   <div class='ocr_carea' id='block_1_81' title="bbox 2075 3988 3656 4060">
    <p class='ocr_par' dir='ltr' id='par_1_81' title="bbox 2075 3988 3656 4060">
     <span class='ocr_line' id='line_1_81' title="bbox 2075 3988 3656 4060; baseline 0 -15"><span class='ocrx_word' id='word_1_691' title='bbox 2075 4000 2182 4057; x_wconf 92' lang='lat' dir='ltr'><strong>tus,</strong></span> <span class='ocrx_word' id='word_1_692' title='bbox 2215 3991 2347 4046; x_wconf 91' lang='lat' dir='ltr'><strong>nihil</strong></span> <span class='ocrx_word' id='word_1_693' title='bbox 2392 3991 2578 4044; x_wconf 90' lang='lat' dir='ltr'><strong>horum</strong></span> <span class='ocrx_word' id='word_1_694' title='bbox 2612 3989 2781 4059; x_wconf 85' lang='lat' dir='ltr'><strong>possit</strong></span> <span class='ocrx_word' id='word_1_695' title='bbox 2805 3988 2962 4053; x_wconf 88' lang='lat' dir='ltr'><strong>velle,</strong></span> <span class='ocrx_word' id='word_1_696' title='bbox 3012 4004 3110 4043; x_wconf 90' lang='lat' dir='ltr'><strong>seu</strong></span> <span class='ocrx_word' id='word_1_697' title='bbox 3164 3990 3328 4043; x_wconf 87' lang='lat' dir='ltr'><strong>nolle.</strong></span> <span class='ocrx_word' id='word_1_698' title='bbox 3380 3990 3489 4045; x_wconf 90' lang='lat' dir='ltr'><strong>Cur</strong></span> <span class='ocrx_word' id='word_1_699' title='bbox 3525 4006 3656 4060; x_wconf 81' lang='lat' dir='ltr'><strong>ergo</strong></span> 
     </span>
    </p>
   </div>
   <div class='ocr_carea' id='block_1_82' title="bbox 394 4080 3658 4152">
    <p class='ocr_par' dir='ltr' id='par_1_82' title="bbox 394 4080 3658 4152">
     <span class='ocr_line' id='line_1_82' title="bbox 394 4080 3658 4152; baseline -0.001 -12"><span class='ocrx_word' id='word_1_700' title='bbox 394 4092 628 4143; x_wconf 86' lang='lat' dir='ltr'><strong>sericors</strong></span> <span class='ocrx_word' id='word_1_701' title='bbox 659 4088 828 4145; x_wconf 82' lang='lat' dir='ltr'><strong>fuero.</strong></span> <span class='ocrx_word' id='word_1_702' title='bbox 869 4086 1069 4152; x_wconf 79' lang='lat' dir='ltr'><strong>Quibus</strong></span> <span class='ocrx_word' id='word_1_703' title='bbox 1102 4086 1276 4139; x_wconf 84' lang='lat' dir='ltr'><strong>verbis</strong></span> <span class='ocrx_word' id='word_1_704' title='bbox 1322 4083 1483 4137; x_wconf 85' lang='lat' dir='ltr'><strong>solvit</strong></span> <span class='ocrx_word' id='word_1_705' title='bbox 1502 4082 1877 4152; x_wconf 68' lang='lat' dir='ltr'><strong>qumstionem,</strong></span> <span class='ocrx_word' id='word_1_706' title='bbox 1905 4095 1991 4133; x_wconf 64' lang='lat' dir='ltr'><strong>an.</strong></span> <span class='ocrx_word' id='word_1_707' title='bbox 2075 4084 2127 4137; x_wconf 92' lang='lat' dir='ltr'><strong>in</strong></span> <span class='ocrx_word' id='word_1_708' title='bbox 2159 4092 2312 4137; x_wconf 88' lang='lat' dir='ltr'><strong>utero</strong></span> <span class='ocrx_word' id='word_1_709' title='bbox 2350 4082 2553 4151; x_wconf 79' lang='lat' dir='ltr'><strong>positus</strong></span> <span class='ocrx_word' id='word_1_710' title='bbox 2601 4080 2929 4149; x_wconf 87' lang='lat' dir='ltr'><strong>improbatus</strong></span> <span class='ocrx_word' id='word_1_711' title='bbox 2966 4081 3097 4135; x_wconf 74' lang='lat' dir='ltr'><strong>est?</strong></span> <span class='ocrx_word' id='word_1_712' title='bbox 3139 4080 3367 4135; x_wconf 76' lang='lat' dir='ltr'><strong>Reditur</strong></span> <span class='ocrx_word' id='word_1_713' title='bbox 3411 4084 3557 4137; x_wconf 87' lang='lat' dir='ltr'><strong>enim</strong></span> <span class='ocrx_word' id='word_1_714' title='bbox 3587 4083 3658 4136; x_wconf 82' lang='lat' dir='ltr'><strong>ad</strong></span> 
     </span>
    </p>
   </div>
   <div class='ocr_carea' id='block_1_83' title="bbox 399 4168 1975 4248">
    <p class='ocr_par' dir='ltr' id='par_1_83' title="bbox 399 4168 1975 4248">
     <span class='ocr_line' id='line_1_83' title="bbox 399 4168 1975 4248; baseline -0.006 -16"><span class='ocrx_word' id='word_1_715' title='bbox 399 4181 573 4248; x_wconf 88' lang='lat' dir='ltr'><strong>potius</strong></span> <span class='ocrx_word' id='word_1_716' title='bbox 602 4183 806 4233; x_wconf 87' lang='lat' dir='ltr'><strong>arctius</strong></span> <span class='ocrx_word' id='word_1_717' title='bbox 861 4178 1091 4245; x_wconf 77' lang='lat' dir='ltr'><strong>(Olligztv</strong></span> <span class='ocrx_word' id='word_1_718' title='bbox 1116 4175 1178 4229; x_wconf 88' lang='lat' dir='ltr'><strong>t?</strong></span> <span class='ocrx_word' id='word_1_719' title='bbox 1233 4174 1465 4241; x_wconf 88' lang='lat' dir='ltr'><strong>ldipsnm</strong></span> <span class='ocrx_word' id='word_1_720' title='bbox 1510 4172 1652 4227; x_wconf 90' lang='lat' dir='ltr'><strong>enim</strong></span> <span class='ocrx_word' id='word_1_721' title='bbox 1679 4180 1762 4226; x_wconf 83' lang='lat' dir='ltr'><strong>est</strong></span> <span class='ocrx_word' id='word_1_722' title='bbox 1784 4210 1800 4237; x_wconf 91' lang='lat'><strong>,</strong></span> <span class='ocrx_word' id='word_1_723' title='bbox 1833 4168 1975 4239; x_wconf 90' lang='lat' dir='ltr'><strong>quod</strong></span> 
     </span>
    </p>
   </div>
   <div class='ocr_carea' id='block_1_84' title="bbox 396 4260 1978 4325">
    <p class='ocr_par' dir='ltr' id='par_1_84' title="bbox 396 4260 1978 4325">
     <span class='ocr_line' id='line_1_84' title="bbox 396 4260 1978 4325; baseline -0.008 0"><span class='ocrx_word' id='word_1_724' title='bbox 396 4276 630 4325; x_wconf 73' lang='lat' dir='ltr'><strong>mnx‘me</strong></span> <span class='ocrx_word' id='word_1_725' title='bbox 676 4278 894 4323; x_wconf 89' lang='lat' dir='ltr'><strong>movet:</strong></span> <span class='ocrx_word' id='word_1_726' title='bbox 942 4268 986 4322; x_wconf 91' lang='lat' dir='ltr'><strong>si</strong></span> <span class='ocrx_word' id='word_1_727' title='bbox 1017 4270 1304 4321; x_wconf 37' lang='lat' dir='ltr'><strong>miseretur</strong></span> <span class='ocrx_word' id='word_1_728' title='bbox 1332 4264 1418 4318; x_wconf 93' lang='lat' dir='ltr'><strong>cui</strong></span> <span class='ocrx_word' id='word_1_729' title='bbox 1467 4264 1720 4317; x_wconf 87' lang='lat' dir='ltr'><strong>misertus</strong></span> <span class='ocrx_word' id='word_1_730' title='bbox 1767 4260 1890 4324; x_wconf 89' lang='lat' dir='ltr'><strong>e:it,</strong></span> <span class='ocrx_word' id='word_1_731' title='bbox 1920 4266 1978 4315; x_wconf 90' lang='lat' dir='ltr'><strong>et</strong></span> 
     </span>
    </p>
   </div>
   <div class='ocr_carea' id='block_1_85' title="bbox 400 4352 1974 4427">
    <p class='ocr_par' dir='ltr' id='par_1_85' title="bbox 400 4352 1974 4427">
     <span class='ocr_line' id='line_1_85' title="bbox 400 4352 1974 4427; baseline -0.008 -13"><span class='ocrx_word' id='word_1_732' title='bbox 400 4361 820 4415; x_wconf 84' lang='lat' dir='ltr'><strong>inisericmdiam</strong></span> <span class='ocrx_word' id='word_1_733' title='bbox 870 4358 1144 4427; x_wconf 61' lang='lat' dir='ltr'><strong>praestabit</strong></span> <span class='ocrx_word' id='word_1_734' title='bbox 1180 4356 1265 4409; x_wconf 91' lang='lat' dir='ltr'><strong>cui</strong></span> <span class='ocrx_word' id='word_1_735' title='bbox 1314 4353 1621 4408; x_wconf 85' lang='lat' dir='ltr'><strong>misericors</strong></span> <span class='ocrx_word' id='word_1_736' title='bbox 1661 4352 1848 4415; x_wconf 82' lang='lat' dir='ltr'><strong>fuerit,</strong></span> <span class='ocrx_word' id='word_1_737' title='bbox 1881 4363 1974 4403; x_wconf 91' lang='lat' dir='ltr'><strong>cur</strong></span> 
     </span>
    </p>
   </div>
   <div class='ocr_carea' id='block_1_86' title="bbox 2075 4172 3659 4237">
    <p class='ocr_par' dir='ltr' id='par_1_86' title="bbox 2075 4172 3659 4237">
     <span class='ocr_line' id='line_1_86' title="bbox 2075 4172 3659 4237; baseline -0.003 -5"><span class='ocrx_word' id='word_1_738' title='bbox 2075 4177 2196 4232; x_wconf 88' lang='lat' dir='ltr'><strong>illas</strong></span> <span class='ocrx_word' id='word_1_739' title='bbox 2235 4175 2609 4237; x_wconf 79' lang='lat' dir='ltr'><strong>difﬁcultates,</strong></span> <span class='ocrx_word' id='word_1_740' title='bbox 2671 4187 2777 4226; x_wconf 90' lang='lat' dir='ltr'><strong>non</strong></span> <span class='ocrx_word' id='word_1_741' title='bbox 2824 4172 2996 4226; x_wconf 90' lang='lat' dir='ltr'><strong>solum</strong></span> <span class='ocrx_word' id='word_1_742' title='bbox 3036 4186 3134 4226; x_wconf 85' lang='lat' dir='ltr'><strong>sua</strong></span> <span class='ocrx_word' id='word_1_743' title='bbox 3180 4173 3526 4236; x_wconf 82' lang='lat' dir='ltr'><strong>obscuritate,</strong></span> <span class='ocrx_word' id='word_1_744' title='bbox 3560 4173 3659 4227; x_wconf 86' lang='lat' dir='ltr'><strong>sed</strong></span> 
     </span>
    </p>
   </div>
   <div class='ocr_carea' id='block_1_87' title="bbox 2076 4261 3661 4334">
    <p class='ocr_par' dir='ltr' id='par_1_87' title="bbox 2076 4261 3661 4334">
     <span class='ocr_line' id='line_1_87' title="bbox 2076 4261 3661 4334; baseline -0.004 -11"><span class='ocrx_word' id='word_1_745' title='bbox 2076 4271 2235 4323; x_wconf 86' lang='lat' dir='ltr'><strong>etiam</strong></span> <span class='ocrx_word' id='word_1_746' title='bbox 2267 4274 2448 4321; x_wconf 88' lang='lat' dir='ltr'><strong>nostra</strong></span> <span class='ocrx_word' id='word_1_747' title='bbox 2486 4264 2596 4334; x_wconf 85' lang='lat' dir='ltr'><strong>jam</strong></span> <span class='ocrx_word' id='word_1_748' title='bbox 2628 4263 2793 4317; x_wconf 86' lang='lat' dir='ltr'><strong>multa</strong></span> <span class='ocrx_word' id='word_1_749' title='bbox 2817 4261 3136 4330; x_wconf 88' lang='lat' dir='ltr'><strong>repetitione</strong></span> <span class='ocrx_word' id='word_1_750' title='bbox 3160 4262 3518 4318; x_wconf 87' lang='lat' dir='ltr'><strong>molestiores.</strong></span> <span class='ocrx_word' id='word_1_751' title='bbox 3547 4263 3661 4318; x_wconf 89' lang='lat' dir='ltr'><strong>Cur</strong></span> 
     </span>
    </p>
   </div>
   <div class='ocr_carea' id='block_1_88' title="bbox 2078 4352 3665 4425">
    <p class='ocr_par' dir='ltr' id='par_1_88' title="bbox 2078 4352 3665 4425">
     <span class='ocr_line' id='line_1_88' title="bbox 2078 4352 3665 4425; baseline -0.003 -12"><span class='ocrx_word' id='word_1_752' title='bbox 2078 4358 2220 4414; x_wconf 88' lang='lat' dir='ltr'><strong>enim</strong></span> <span class='ocrx_word' id='word_1_753' title='bbox 2252 4358 2385 4411; x_wconf 86' lang='lat' dir='ltr'><strong>Esau</strong></span> <span class='ocrx_word' id='word_1_754' title='bbox 2413 4354 2729 4425; x_wconf 89' lang='lat' dir='ltr'><strong>reprobatus</strong></span> <span class='ocrx_word' id='word_1_755' title='bbox 2754 4360 2839 4408; x_wconf 79' lang='lat' dir='ltr'><strong>est</strong></span> <span class='ocrx_word' id='word_1_756' title='bbox 2853 4352 3085 4407; x_wconf 91' lang='lat' dir='ltr'><strong>nondum</strong></span> <span class='ocrx_word' id='word_1_757' title='bbox 3110 4360 3284 4419; x_wconf 88' lang='lat' dir='ltr'><strong>natus,</strong></span> <span class='ocrx_word' id='word_1_758' title='bbox 3314 4355 3406 4423; x_wconf 93' lang='lat' dir='ltr'><strong>qui</strong></span> <span class='ocrx_word' id='word_1_759' title='bbox 3424 4367 3524 4408; x_wconf 88' lang='lat' dir='ltr'><strong>nec</strong></span> <span class='ocrx_word' id='word_1_760' title='bbox 3538 4368 3665 4409; x_wconf 82' lang='lat' dir='ltr'><strong>cre-</strong></span> 
     </span>
    </p>
   </div>
   <div class='ocr_carea' id='block_1_89' title="bbox 396 4441 3663 4518">
    <p class='ocr_par' dir='ltr' id='par_1_89' title="bbox 396 4441 3663 4518">
     <span class='ocr_line' id='line_1_89' title="bbox 396 4441 3663 4518; baseline -0.006 -3"><span class='ocrx_word' id='word_1_761' title='bbox 396 4455 515 4506; x_wconf 53' lang='lat' dir='ltr'><strong>hac</strong></span> <span class='ocrx_word' id='word_1_762' title='bbox 556 4455 768 4506; x_wconf 76' lang='lat' dir='ltr'><strong>miseric</strong></span> <span class='ocrx_word' id='word_1_763' title='bbox 806 4451 915 4504; x_wconf 67' lang='lat' dir='ltr'><strong>rdia</strong></span> <span class='ocrx_word' id='word_1_764' title='bbox 964 4449 1135 4503; x_wconf 62' lang='lat' dir='ltr'><strong>deluit</strong></span> <span class='ocrx_word' id='word_1_765' title='bbox 1186 4448 1324 4502; x_wconf 72' lang='lat' dir='ltr'><strong>Esau</strong></span> <span class='ocrx_word' id='word_1_766' title='bbox 1356 4487 1371 4511; x_wconf 73' lang='grc' dir='ltr'><strong>ς</strong></span> <span class='ocrx_word' id='word_1_767' title='bbox 1434 4457 1491 4499; x_wconf 77' lang='grc' dir='ltr'><strong>ιιι</strong></span> <span class='ocrx_word' id='word_1_768' title='bbox 1528 4446 1691 4500; x_wconf 62' lang='lat' dir='ltr'><strong>ﬁliam</strong></span> <span class='ocrx_word' id='word_1_769' title='bbox 1750 4457 1845 4511; x_wconf 65' lang='lat' dir='ltr'><strong>P0P</strong></span> <span class='ocrx_word' id='word_1_770' title='bbox 1899 4441 1965 4495; x_wconf 79' lang='grc' dir='ltr'><strong>ίῙ·</strong></span> <span class='ocrx_word' id='word_1_771' title='bbox 2003 4454 2056 4515; x_wconf 84' lang='grc' dir='ltr'><strong>Ι)</strong></span> <span class='ocrx_word' id='word_1_772' title='bbox 2079 4451 2206 4505; x_wconf 90' lang='lat' dir='ltr'><strong>dere</strong></span> <span class='ocrx_word' id='word_1_773' title='bbox 2237 4457 2444 4518; x_wconf 91' lang='lat' dir='ltr'><strong>poterat</strong></span> <span class='ocrx_word' id='word_1_774' title='bbox 2496 4445 2732 4510; x_wconf 66' lang='lat' dir='ltr'><strong>vocanti,</strong></span> <span class='ocrx_word' id='word_1_775' title='bbox 2783 4459 2882 4498; x_wconf 89' lang='lat' dir='ltr'><strong>nec</strong></span> <span class='ocrx_word' id='word_1_776' title='bbox 2911 4451 3260 4499; x_wconf 90' lang='lat' dir='ltr'><strong>contemnere</strong></span> <span class='ocrx_word' id='word_1_777' title='bbox 3292 4444 3663 4508; x_wconf 88' lang='lat' dir='ltr'><strong>vocationem,</strong></span> 
     </span>
    </p>
   </div>
   <div class='ocr_carea' id='block_1_90' title="bbox 402 4533 1977 4608">
    <p class='ocr_par' dir='ltr' id='par_1_90' title="bbox 402 4533 1977 4608">
     <span class='ocr_line' id='line_1_90' title="bbox 402 4533 1977 4608; baseline -0.005 -13"><span class='ocrx_word' id='word_1_778' title='bbox 402 4544 506 4595; x_wconf 90' lang='lat' dir='ltr'><strong>lam</strong></span> <span class='ocrx_word' id='word_1_779' title='bbox 564 4542 733 4595; x_wconf 86' lang='lat' dir='ltr'><strong>bOnus</strong></span> <span class='ocrx_word' id='word_1_780' title='bbox 763 4548 943 4603; x_wconf 88' lang='lat' dir='ltr'><strong>esset,</strong></span> <span class='ocrx_word' id='word_1_781' title='bbox 993 4537 1436 4608; x_wconf 77' lang='lat' dir='ltr'><strong>quemadmodum</strong></span> <span class='ocrx_word' id='word_1_782' title='bbox 1463 4550 1555 4604; x_wconf 88' lang='lat' dir='ltr'><strong>per</strong></span> <span class='ocrx_word' id='word_1_783' title='bbox 1603 4534 1750 4588; x_wconf 79' lang='lat' dir='ltr'><strong>illaut</strong></span> <span class='ocrx_word' id='word_1_784' title='bbox 1806 4533 1977 4588; x_wconf 88' lang='lat' dir='ltr'><strong>bonus</strong></span> 
     </span>
    </p>
   </div>
   <div class='ocr_carea' id='block_1_91' title="bbox 402 4626 1978 4689">
    <p class='ocr_par' dir='ltr' id='par_1_91' title="bbox 402 4626 1978 4689">
     <span class='ocr_line' id='line_1_91' title="bbox 402 4626 1978 4689; baseline -0.005 -1"><span class='ocrx_word' id='word_1_785' title='bbox 402 4636 571 4689; x_wconf 82' lang='lat' dir='ltr'><strong>factus</strong></span> <span class='ocrx_word' id='word_1_786' title='bbox 618 4644 700 4688; x_wconf 82' lang='lat' dir='ltr'><strong>et</strong></span> <span class='ocrx_word' id='word_1_787' title='bbox 733 4632 938 4688; x_wconf 79' lang='lat' dir='ltr'><strong>Jacob?</strong></span> <span class='ocrx_word' id='word_1_788' title='bbox 986 4635 1068 4686; x_wconf 87' lang='lat' dir='ltr'><strong>An</strong></span> <span class='ocrx_word' id='word_1_789' title='bbox 1118 4630 1235 4684; x_wconf 90' lang='lat' dir='ltr'><strong>ideo</strong></span> <span class='ocrx_word' id='word_1_790' title='bbox 1285 4628 1483 4682; x_wconf 89' lang='lat' dir='ltr'><strong>dictum</strong></span> <span class='ocrx_word' id='word_1_791' title='bbox 1520 4637 1600 4681; x_wconf 87' lang='lat' dir='ltr'><strong>est</strong></span> <span class='ocrx_word' id='word_1_792' title='bbox 1638 4644 1651 4678; x_wconf 92' lang='lat'><strong>:</strong></span> <span class='ocrx_word' id='word_1_793' title='bbox 1689 4626 1978 4681; x_wconf 81' lang='lat' dir='ltr'><strong>Miserebor</strong></span> 
     </span>
    </p>
   </div>
   <div class='ocr_carea' id='block_1_92' title="bbox 400 4718 1978 4788">
    <p class='ocr_par' dir='ltr' id='par_1_92' title="bbox 400 4718 1978 4788">
     <span class='ocr_line' id='line_1_92' title="bbox 400 4718 1978 4788; baseline -0.006 -7"><span class='ocrx_word' id='word_1_794' title='bbox 400 4725 484 4781; x_wconf 91' lang='lat' dir='ltr'><strong>cui</strong></span> <span class='ocrx_word' id='word_1_795' title='bbox 515 4727 764 4780; x_wconf 89' lang='lat' dir='ltr'><strong>misertus</strong></span> <span class='ocrx_word' id='word_1_796' title='bbox 810 4739 903 4778; x_wconf 89' lang='lat' dir='ltr'><strong>ero</strong></span> <span class='ocrx_word' id='word_1_797' title='bbox 931 4763 946 4788; x_wconf 90' lang='lat'><strong>,</strong></span> <span class='ocrx_word' id='word_1_798' title='bbox 1005 4732 1060 4776; x_wconf 88' lang='lat' dir='ltr'><strong>et</strong></span> <span class='ocrx_word' id='word_1_799' title='bbox 1105 4719 1529 4775; x_wconf 83' lang='lat' dir='ltr'><strong>miscricordiam</strong></span> <span class='ocrx_word' id='word_1_800' title='bbox 1584 4719 1847 4786; x_wconf 68' lang='lat' dir='ltr'><strong>praestabo</strong></span> <span class='ocrx_word' id='word_1_801' title='bbox 1891 4718 1978 4773; x_wconf 87' lang='lat' dir='ltr'><strong>cui</strong></span> 
     </span>
    </p>
   </div>
   <div class='ocr_carea' id='block_1_93' title="bbox 404 4809 1977 4883">
    <p class='ocr_par' dir='ltr' id='par_1_93' title="bbox 404 4809 1977 4883">
     <span class='ocr_line' id='line_1_93' title="bbox 404 4809 1977 4883; baseline -0.006 -11"><span class='ocrx_word' id='word_1_802' title='bbox 404 4817 706 4872; x_wconf 84' lang='lat' dir='ltr'><strong>misericors</strong></span> <span class='ocrx_word' id='word_1_803' title='bbox 749 4818 916 4879; x_wconf 85' lang='lat' dir='ltr'><strong>lucro,</strong></span> <span class='ocrx_word' id='word_1_804' title='bbox 950 4815 1073 4883; x_wconf 84' lang='lat' dir='ltr'><strong>quia</strong></span> <span class='ocrx_word' id='word_1_805' title='bbox 1095 4815 1177 4867; x_wconf 89' lang='lat' dir='ltr'><strong>cui</strong></span> <span class='ocrx_word' id='word_1_806' title='bbox 1211 4813 1460 4865; x_wconf 87' lang='lat' dir='ltr'><strong>misertus</strong></span> <span class='ocrx_word' id='word_1_807' title='bbox 1489 4818 1570 4865; x_wconf 91' lang='lat' dir='ltr'><strong>est</strong></span> <span class='ocrx_word' id='word_1_808' title='bbox 1596 4809 1756 4874; x_wconf 85' lang='lat' dir='ltr'><strong>Deus,</strong></span> <span class='ocrx_word' id='word_1_809' title='bbox 1779 4818 1835 4862; x_wconf 93' lang='lat' dir='ltr'><strong>ut</strong></span> <span class='ocrx_word' id='word_1_810' title='bbox 1857 4824 1977 4863; x_wconf 90' lang='lat' dir='ltr'><strong>eum</strong></span> 
     </span>
    </p>
   </div>
   <div class='ocr_carea' id='block_1_94' title="bbox 403 4901 1980 4975">
    <p class='ocr_par' dir='ltr' id='par_1_94' title="bbox 403 4901 1980 4975">
     <span class='ocr_line' id='line_1_94' title="bbox 403 4901 1980 4975; baseline -0.006 -13"><span class='ocrx_word' id='word_1_811' title='bbox 403 4921 578 4971; x_wconf 65' lang='lat' dir='ltr'><strong>vocet,</strong></span> <span class='ocrx_word' id='word_1_812' title='bbox 606 4907 947 4963; x_wconf 82' lang='lat' dir='ltr'><strong>miserebitur</strong></span> <span class='ocrx_word' id='word_1_813' title='bbox 979 4905 1095 4975; x_wconf 83' lang='lat' dir='ltr'><strong>ejus</strong></span> <span class='ocrx_word' id='word_1_814' title='bbox 1138 4915 1195 4958; x_wconf 90' lang='lat' dir='ltr'><strong>ut</strong></span> <span class='ocrx_word' id='word_1_815' title='bbox 1219 4904 1433 4969; x_wconf 79' lang='lat' dir='ltr'><strong>Credat;</strong></span> <span class='ocrx_word' id='word_1_816' title='bbox 1474 4909 1529 4956; x_wconf 84' lang='lat' dir='ltr'><strong>et</strong></span> <span class='ocrx_word' id='word_1_817' title='bbox 1555 4901 1638 4955; x_wconf 91' lang='lat' dir='ltr'><strong>cui</strong></span> <span class='ocrx_word' id='word_1_818' title='bbox 1673 4901 1980 4954; x_wconf 85' lang='lat' dir='ltr'><strong>misericors</strong></span> 
     </span>
    </p>
   </div>
   <div class='ocr_carea' id='block_1_95' title="bbox 405 4993 1976 5062">
    <p class='ocr_par' dir='ltr' id='par_1_95' title="bbox 405 4993 1976 5062">
     <span class='ocr_line' id='line_1_95' title="bbox 405 4993 1976 5062; baseline -0.006 -9"><span class='ocrx_word' id='word_1_819' title='bbox 405 5002 560 5053; x_wconf 87' lang='lat' dir='ltr'><strong>luerit</strong></span> <span class='ocrx_word' id='word_1_820' title='bbox 592 5012 649 5052; x_wconf 92' lang='grc' dir='ltr'><strong>ιιι</strong></span> <span class='ocrx_word' id='word_1_821' title='bbox 695 5000 899 5062; x_wconf 77' lang='lat' dir='ltr'><strong>credat,</strong></span> <span class='ocrx_word' id='word_1_822' title='bbox 936 4994 1355 5052; x_wconf 66' lang='lat' dir='ltr'><strong>mi~ericordiam</strong></span> <span class='ocrx_word' id='word_1_823' title='bbox 1412 4993 1705 5062; x_wconf 64' lang='lat' dir='ltr'><strong>praestabit,</strong></span> <span class='ocrx_word' id='word_1_824' title='bbox 1735 4996 1836 5045; x_wconf 79' lang='lat' dir='ltr'><strong>hac</strong></span> <span class='ocrx_word' id='word_1_825' title='bbox 1859 5003 1976 5056; x_wconf 86' lang='lat' dir='ltr'><strong>est,</strong></span> 
     </span>
    </p>
   </div>
   <div class='ocr_carea' id='block_1_96' title="bbox 405 5082 1981 5152">
    <p class='ocr_par' dir='ltr' id='par_1_96' title="bbox 405 5082 1981 5152">
     <span class='ocr_line' id='line_1_96' title="bbox 405 5082 1981 5152; baseline -0.004 -11"><span class='ocrx_word' id='word_1_826' title='bbox 405 5090 562 5142; x_wconf 83' lang='lat' dir='ltr'><strong>l‘aciet</strong></span> <span class='ocrx_word' id='word_1_827' title='bbox 604 5106 723 5142; x_wconf 89' lang='lat' dir='ltr'><strong>eum</strong></span> <span class='ocrx_word' id='word_1_828' title='bbox 775 5089 1199 5152; x_wconf 86' lang='lat' dir='ltr'><strong>misericordem,</strong></span> <span class='ocrx_word' id='word_1_829' title='bbox 1228 5096 1284 5139; x_wconf 90' lang='lat' dir='ltr'><strong>ut</strong></span> <span class='ocrx_word' id='word_1_830' title='bbox 1322 5086 1481 5140; x_wconf 86' lang='lat' dir='ltr'><strong>e:iam</strong></span> <span class='ocrx_word' id='word_1_831' title='bbox 1518 5084 1657 5139; x_wconf 88' lang='lat' dir='ltr'><strong>bene</strong></span> <span class='ocrx_word' id='word_1_832' title='bbox 1686 5082 1981 5151; x_wconf 71' lang='lat' dir='ltr'><strong>operetur?</strong></span> 
     </span>
    </p>
   </div>
   <div class='ocr_carea' id='block_1_97' title="bbox 410 5175 1981 5247">
    <p class='ocr_par' dir='ltr' id='par_1_97' title="bbox 410 5175 1981 5247">
     <span class='ocr_line' id='line_1_97' title="bbox 410 5175 1981 5247; baseline -0.003 -12"><span class='ocrx_word' id='word_1_833' title='bbox 410 5182 558 5235; x_wconf 88' lang='lat' dir='ltr'><strong>Unde</strong></span> <span class='ocrx_word' id='word_1_834' title='bbox 598 5182 950 5234; x_wconf 82' lang='lat' dir='ltr'><strong>admonemur</strong></span> <span class='ocrx_word' id='word_1_835' title='bbox 990 5196 1088 5234; x_wconf 86' lang='lat' dir='ltr'><strong>nec</strong></span> <span class='ocrx_word' id='word_1_836' title='bbox 1129 5180 1259 5247; x_wconf 84' lang='lat' dir='ltr'><strong>ipsis</strong></span> <span class='ocrx_word' id='word_1_837' title='bbox 1307 5176 1558 5241; x_wconf 82' lang='lat' dir='ltr'><strong>operibus</strong></span> <span class='ocrx_word' id='word_1_838' title='bbox 1603 5175 1981 5230; x_wconf 63' lang='lat' dir='ltr'><strong>misericordia:</strong></span> 
     </span>
    </p>
   </div>
   <div class='ocr_carea' id='block_1_98' title="bbox 405 5265 1982 5339">
    <p class='ocr_par' dir='ltr' id='par_1_98' title="bbox 405 5265 1982 5339">
     <span class='ocr_line' id='line_1_98' title="bbox 405 5265 1982 5339; baseline -0.002 -18"><span class='ocrx_word' id='word_1_839' title='bbox 405 5284 724 5339; x_wconf 79' lang='lat' dir='ltr'><strong>quemquam</strong></span> <span class='ocrx_word' id='word_1_840' title='bbox 774 5278 1023 5335; x_wconf 88' lang='lat' dir='ltr'><strong>oportere</strong></span> <span class='ocrx_word' id='word_1_841' title='bbox 1080 5268 1297 5337; x_wconf 80' lang='lat' dir='ltr'><strong>gloriari</strong></span> <span class='ocrx_word' id='word_1_842' title='bbox 1349 5276 1403 5321; x_wconf 87' lang='lat' dir='ltr'><strong>et</strong></span> <span class='ocrx_word' id='word_1_843' title='bbox 1449 5266 1654 5329; x_wconf 77' lang='lat' dir='ltr'><strong>extolli,</strong></span> <span class='ocrx_word' id='word_1_844' title='bbox 1712 5265 1853 5335; x_wconf 92' lang='lat' dir='ltr'><strong>quod</strong></span> <span class='ocrx_word' id='word_1_845' title='bbox 1903 5265 1982 5319; x_wconf 84' lang='lat' dir='ltr'><strong>eis</strong></span> 
     </span>
    </p>
   </div>
   <div class='ocr_carea' id='block_1_99' title="bbox 406 5358 1980 5428">
    <p class='ocr_par' dir='ltr' id='par_1_99' title="bbox 406 5358 1980 5428">
     <span class='ocr_line' id='line_1_99' title="bbox 406 5358 1980 5428; baseline -0.004 -13"><span class='ocrx_word' id='word_1_846' title='bbox 406 5390 416 5415; x_wconf 89' lang='grc' dir='ltr'><strong>ι</strong></span> <span class='ocrx_word' id='word_1_847' title='bbox 444 5365 554 5418; x_wconf 83' lang='lat' dir='ltr'><strong>nasi</strong></span> <span class='ocrx_word' id='word_1_848' title='bbox 582 5364 695 5416; x_wconf 78' lang='lat' dir='ltr'><strong>suis</strong></span> <span class='ocrx_word' id='word_1_849' title='bbox 722 5362 883 5416; x_wconf 86' lang='lat' dir='ltr'><strong>Deum</strong></span> <span class='ocrx_word' id='word_1_850' title='bbox 915 5364 1267 5428; x_wconf 86' lang='lat' dir='ltr'><strong>promeruerit</strong></span> <span class='ocrx_word' id='word_1_851' title='bbox 1293 5378 1305 5412; x_wconf 90' lang='lat'><strong>:</strong></span> <span class='ocrx_word' id='word_1_852' title='bbox 1340 5359 1771 5428; x_wconf 88' lang='lat' dir='ltr'><strong>quandoquidem</strong></span> <span class='ocrx_word' id='word_1_853' title='bbox 1796 5368 1852 5410; x_wconf 89' lang='lat' dir='ltr'><strong>ut</strong></span> <span class='ocrx_word' id='word_1_854' title='bbox 1884 5358 1980 5409; x_wconf 61' lang='lat' dir='ltr'><strong>ha-</strong></span> 
     </span>
    </p>
   </div>
   <div class='ocr_carea' id='block_1_100' title="bbox 406 5448 1979 5520">
    <p class='ocr_par' dir='ltr' id='par_1_100' title="bbox 406 5448 1979 5520">
     <span class='ocr_line' id='line_1_100' title="bbox 406 5448 1979 5520; baseline -0.005 -10"><span class='ocrx_word' id='word_1_855' title='bbox 406 5456 563 5510; x_wconf 76' lang='lat' dir='ltr'><strong>hercl</strong></span> <span class='ocrx_word' id='word_1_856' title='bbox 594 5454 763 5515; x_wconf 84' lang='lat' dir='ltr'><strong>ipsam</strong></span> <span class='ocrx_word' id='word_1_857' title='bbox 797 5451 1240 5511; x_wconf 69' lang='lat' dir='ltr'><strong>misericprdiain,</strong></span> <span class='ocrx_word' id='word_1_858' title='bbox 1287 5450 1374 5504; x_wconf 92' lang='lat' dir='ltr'><strong>ille</strong></span> <span class='ocrx_word' id='word_1_859' title='bbox 1405 5450 1672 5520; x_wconf 76' lang='lat' dir='ltr'><strong>przestitit,</strong></span> <span class='ocrx_word' id='word_1_860' title='bbox 1700 5448 1791 5517; x_wconf 90' lang='lat' dir='ltr'><strong>qui</strong></span> <span class='ocrx_word' id='word_1_861' title='bbox 1823 5448 1979 5502; x_wconf 87' lang='lat' dir='ltr'><strong>misc-</strong></span> 
     </span>
    </p>
   </div>
   <div class='ocr_carea' id='block_1_101' title="bbox 403 5539 2033 5614">
    <p class='ocr_par' dir='ltr' id='par_1_101' title="bbox 403 5539 2033 5614">
     <span class='ocr_line' id='line_1_101' title="bbox 403 5539 2033 5614; baseline -0.005 -13"><span class='ocrx_word' id='word_1_862' title='bbox 403 5547 698 5601; x_wconf 75' lang='lat' dir='ltr'><strong>ricordiam</strong></span> <span class='ocrx_word' id='word_1_863' title='bbox 732 5543 1009 5614; x_wconf 69' lang='lat' dir='ltr'><strong>prmstabit</strong></span> <span class='ocrx_word' id='word_1_864' title='bbox 1055 5542 1141 5596; x_wconf 67' lang='lat' dir='ltr'><strong>cui</strong></span> <span class='ocrx_word' id='word_1_865' title='bbox 1191 5542 1497 5596; x_wconf 84' lang='lat' dir='ltr'><strong>misericors</strong></span> <span class='ocrx_word' id='word_1_866' title='bbox 1542 5541 1724 5595; x_wconf 81' lang='lat' dir='ltr'><strong>fuerit.</strong></span> <span class='ocrx_word' id='word_1_867' title='bbox 1756 5540 1905 5604; x_wconf 83' lang='lat' dir='ltr'><strong>Quod</strong></span> <span class='ocrx_word' id='word_1_868' title='bbox 1937 5539 1980 5593; x_wconf 92' lang='lat' dir='ltr'><strong>si</strong></span> <span class='ocrx_word' id='word_1_869' title='bbox 2032 5564 2033 5569; x_wconf 57' lang='grc' dir='ltr'>π</span> 
     </span>
    </p>
   </div>
   <div class='ocr_carea' id='block_1_102' title="bbox 401 5618 2013 5705">
    <p class='ocr_par' dir='ltr' id='par_1_102' title="bbox 401 5618 2013 5705">
     <span class='ocr_line' id='line_1_102' title="bbox 401 5618 2013 5705; baseline -0.004 -13"><span class='ocrx_word' id='word_1_870' title='bbox 401 5654 526 5693; x_wconf 76' lang='lat' dir='ltr'><strong>eam</strong></span> <span class='ocrx_word' id='word_1_871' title='bbox 553 5638 819 5693; x_wconf 85' lang='lat' dir='ltr'><strong>credendo</strong></span> <span class='ocrx_word' id='word_1_872' title='bbox 848 5653 904 5693; x_wconf 89' lang='lat' dir='ltr'><strong>se</strong></span> <span class='ocrx_word' id='word_1_873' title='bbox 937 5635 1200 5693; x_wconf 82' lang='lat' dir='ltr'><strong>meruisse</strong></span> <span class='ocrx_word' id='word_1_874' title='bbox 1226 5635 1344 5705; x_wconf 90' lang='lat' dir='ltr'><strong>quis</strong></span> <span class='ocrx_word' id='word_1_875' title='bbox 1388 5635 1573 5705; x_wconf 86' lang='lat' dir='ltr'><strong>jactat,</strong></span> <span class='ocrx_word' id='word_1_876' title='bbox 1610 5633 1826 5689; x_wconf 85' lang='lat' dir='ltr'><strong>noverit</strong></span> <span class='ocrx_word' id='word_1_877' title='bbox 1860 5618 2013 5688; x_wconf 27' lang='lat' dir='ltr'><strong>eum.</strong></span> 
     </span>
    </p>
   </div>
   <div class='ocr_carea' id='block_1_103' title="bbox 2083 4534 3669 4605">
    <p class='ocr_par' dir='ltr' id='par_1_103' title="bbox 2083 4534 3669 4605">
     <span class='ocr_line' id='line_1_103' title="bbox 2083 4534 3669 4605; baseline -0.004 -9"><span class='ocrx_word' id='word_1_878' title='bbox 2083 4556 2182 4596; x_wconf 89' lang='lat' dir='ltr'><strong>nec</strong></span> <span class='ocrx_word' id='word_1_879' title='bbox 2206 4539 2332 4595; x_wconf 86' lang='lat' dir='ltr'><strong>boui</strong></span> <span class='ocrx_word' id='word_1_880' title='bbox 2357 4538 2443 4592; x_wconf 91' lang='lat' dir='ltr'><strong>vel</strong></span> <span class='ocrx_word' id='word_1_881' title='bbox 2474 4536 2598 4592; x_wconf 87' lang='lat' dir='ltr'><strong>mali</strong></span> <span class='ocrx_word' id='word_1_882' title='bbox 2625 4534 2823 4605; x_wconf 85' lang='lat' dir='ltr'><strong>aliquid</strong></span> <span class='ocrx_word' id='word_1_883' title='bbox 2851 4535 3100 4603; x_wconf 77' lang='lat' dir='ltr'><strong>operari?</strong></span> <span class='ocrx_word' id='word_1_884' title='bbox 3125 4534 3180 4590; x_wconf 90' lang='lat' dir='ltr'><strong>Si</strong></span> <span class='ocrx_word' id='word_1_885' title='bbox 3209 4536 3546 4605; x_wconf 66' lang='lat' dir='ltr'><strong>praescientia</strong></span> <span class='ocrx_word' id='word_1_886' title='bbox 3581 4535 3669 4590; x_wconf 62' lang='lat' dir='ltr'><strong>fu.</strong></span> 
     </span>
    </p>
   </div>
   <div class='ocr_carea' id='block_1_104' title="bbox 2082 4625 3671 4695">
    <p class='ocr_par' dir='ltr' id='par_1_104' title="bbox 2082 4625 3671 4695">
     <span class='ocr_line' id='line_1_104' title="bbox 2082 4625 3671 4695; baseline -0.003 -11"><span class='ocrx_word' id='word_1_887' title='bbox 2082 4640 2217 4684; x_wconf 73' lang='lat' dir='ltr'><strong>tura:</strong></span> <span class='ocrx_word' id='word_1_888' title='bbox 2237 4628 2392 4683; x_wconf 65' lang='lat' dir='ltr'><strong>mala:</strong></span> <span class='ocrx_word' id='word_1_889' title='bbox 2404 4626 2691 4682; x_wconf 87' lang='lat' dir='ltr'><strong>voluntatis</strong></span> <span class='ocrx_word' id='word_1_890' title='bbox 2712 4626 2854 4695; x_wconf 85' lang='lat' dir='ltr'><strong>ejus,</strong></span> <span class='ocrx_word' id='word_1_891' title='bbox 2871 4639 2970 4680; x_wconf 91' lang='lat' dir='ltr'><strong>cur</strong></span> <span class='ocrx_word' id='word_1_892' title='bbox 2994 4640 3097 4679; x_wconf 91' lang='lat' dir='ltr'><strong>non</strong></span> <span class='ocrx_word' id='word_1_893' title='bbox 3113 4633 3165 4679; x_wconf 91' lang='lat' dir='ltr'><strong>et</strong></span> <span class='ocrx_word' id='word_1_894' title='bbox 3188 4625 3353 4680; x_wconf 81' lang='lat' dir='ltr'><strong>Jacob</strong></span> <span class='ocrx_word' id='word_1_895' title='bbox 3367 4628 3671 4695; x_wconf 67' lang='lat' dir='ltr'><strong>praiscien-</strong></span> 
     </span>
    </p>
   </div>
   <div class='ocr_carea' id='block_1_105' title="bbox 2081 4717 3671 4790">
    <p class='ocr_par' dir='ltr' id='par_1_105' title="bbox 2081 4717 3671 4790">
     <span class='ocr_line' id='line_1_105' title="bbox 2081 4717 3671 4790; baseline -0.002 -15"><span class='ocrx_word' id='word_1_896' title='bbox 2081 4722 2155 4776; x_wconf 90' lang='lat' dir='ltr'><strong>tia</strong></span> <span class='ocrx_word' id='word_1_897' title='bbox 2177 4720 2273 4774; x_wconf 91' lang='lat' dir='ltr'><strong>Dei</strong></span> <span class='ocrx_word' id='word_1_898' title='bbox 2319 4718 2643 4790; x_wconf 85' lang='lat' dir='ltr'><strong>approbatus</strong></span> <span class='ocrx_word' id='word_1_899' title='bbox 2670 4728 2752 4772; x_wconf 89' lang='lat' dir='ltr'><strong>est</strong></span> <span class='ocrx_word' id='word_1_900' title='bbox 2786 4718 2975 4771; x_wconf 69' lang='lat' dir='ltr'><strong>futura:</strong></span> <span class='ocrx_word' id='word_1_901' title='bbox 3004 4717 3157 4771; x_wconf 67' lang='lat' dir='ltr'><strong>bona:</strong></span> <span class='ocrx_word' id='word_1_902' title='bbox 3185 4717 3473 4771; x_wconf 82' lang='lat' dir='ltr'><strong>voluntatis</strong></span> <span class='ocrx_word' id='word_1_903' title='bbox 3499 4720 3625 4785; x_wconf 85' lang='lat' dir='ltr'><strong>ejus</strong></span> <span class='ocrx_word' id='word_1_904' title='bbox 3645 4719 3671 4772; x_wconf 70' lang='lat'><strong><em>2</em></strong></span> 
     </span>
    </p>
   </div>
   <div class='ocr_carea' id='block_1_106' title="bbox 2082 4807 3669 4878">
    <p class='ocr_par' dir='ltr' id='par_1_106' title="bbox 2082 4807 3669 4878">
     <span class='ocr_line' id='line_1_106' title="bbox 2082 4807 3669 4878; baseline -0.001 -13"><span class='ocrx_word' id='word_1_905' title='bbox 2082 4811 2230 4878; x_wconf 88' lang='lat' dir='ltr'><strong>Quod</strong></span> <span class='ocrx_word' id='word_1_906' title='bbox 2264 4810 2306 4864; x_wconf 55' lang='lat' dir='ltr'><strong>si</strong></span> <span class='ocrx_word' id='word_1_907' title='bbox 2351 4809 2520 4864; x_wconf 90' lang='lat' dir='ltr'><strong>semel</strong></span> <span class='ocrx_word' id='word_1_908' title='bbox 2562 4808 2895 4862; x_wconf 82' lang='lat' dir='ltr'><strong>concesseris</strong></span> <span class='ocrx_word' id='word_1_909' title='bbox 2944 4807 3180 4875; x_wconf 86' lang='lat' dir='ltr'><strong>potuisse</strong></span> <span class='ocrx_word' id='word_1_910' title='bbox 3221 4822 3543 4876; x_wconf 85' lang='lat' dir='ltr'><strong>quemquam</strong></span> <span class='ocrx_word' id='word_1_911' title='bbox 3576 4807 3669 4863; x_wconf 85' lang='lat' dir='ltr'><strong>vel</strong></span> 
     </span>
    </p>
   </div>
   <div class='ocr_carea' id='block_1_107' title="bbox 2082 4902 3670 4974">
    <p class='ocr_par' dir='ltr' id='par_1_107' title="bbox 2082 4902 3670 4974">
     <span class='ocr_line' id='line_1_107' title="bbox 2082 4902 3670 4974; baseline -0.001 -13"><span class='ocrx_word' id='word_1_912' title='bbox 2082 4904 2363 4974; x_wconf 80' lang='lat' dir='ltr'><strong>approbari</strong></span> <span class='ocrx_word' id='word_1_913' title='bbox 2396 4907 2476 4957; x_wconf 90' lang='lat' dir='ltr'><strong>vel</strong></span> <span class='ocrx_word' id='word_1_914' title='bbox 2509 4903 2796 4971; x_wconf 88' lang='lat' dir='ltr'><strong>improbari</strong></span> <span class='ocrx_word' id='word_1_915' title='bbox 2826 4917 2890 4957; x_wconf 80' lang='lat' dir='ltr'><strong>ex</strong></span> <span class='ocrx_word' id='word_1_916' title='bbox 2919 4914 2985 4956; x_wconf 90' lang='lat' dir='ltr'><strong>eo</strong></span> <span class='ocrx_word' id='word_1_917' title='bbox 3011 4902 3152 4970; x_wconf 92' lang='lat' dir='ltr'><strong>quod</strong></span> <span class='ocrx_word' id='word_1_918' title='bbox 3183 4902 3418 4955; x_wconf 91' lang='lat' dir='ltr'><strong>nondum</strong></span> <span class='ocrx_word' id='word_1_919' title='bbox 3469 4903 3522 4956; x_wconf 91' lang='lat' dir='ltr'><strong>in</strong></span> <span class='ocrx_word' id='word_1_920' title='bbox 3567 4905 3670 4959; x_wconf 90' lang='lat' dir='ltr'><strong>illo</strong></span> 
     </span>
    </p>
   </div>
   <div class='ocr_carea' id='block_1_108' title="bbox 2083 4995 3676 5064">
    <p class='ocr_par' dir='ltr' id='par_1_108' title="bbox 2083 4995 3676 5064">
     <span class='ocr_line' id='line_1_108' title="bbox 2083 4995 3676 5064; baseline -0.001 -11"><span class='ocrx_word' id='word_1_921' title='bbox 2083 5005 2216 5063; x_wconf 85' lang='lat' dir='ltr'><strong>erat,</strong></span> <span class='ocrx_word' id='word_1_922' title='bbox 2242 4997 2334 5051; x_wconf 88' lang='lat' dir='ltr'><strong>sed</strong></span> <span class='ocrx_word' id='word_1_923' title='bbox 2359 4996 2479 5064; x_wconf 89' lang='lat' dir='ltr'><strong>quia</strong></span> <span class='ocrx_word' id='word_1_924' title='bbox 2504 4995 2646 5049; x_wconf 88' lang='lat' dir='ltr'><strong>Dens</strong></span> <span class='ocrx_word' id='word_1_925' title='bbox 2669 4996 2899 5048; x_wconf 82' lang='lat' dir='ltr'><strong>futurum</strong></span> <span class='ocrx_word' id='word_1_926' title='bbox 2923 5009 3046 5050; x_wconf 89' lang='lat' dir='ltr'><strong>esse</strong></span> <span class='ocrx_word' id='word_1_927' title='bbox 3071 4995 3385 5059; x_wconf 63' lang='lat' dir='ltr'><strong>praesciebat</strong></span> <span class='ocrx_word' id='word_1_928' title='bbox 3409 4998 3676 5051; x_wconf 80' lang='lat' dir='ltr'><strong>:convin-</strong></span> 
     </span>
    </p>
   </div>
   <div class='ocr_carea' id='block_1_109' title="bbox 2082 5086 3671 5157">
    <p class='ocr_par' dir='ltr' id='par_1_109' title="bbox 2082 5086 3671 5157">
     <span class='ocr_line' id='line_1_109' title="bbox 2082 5086 3671 5157; baseline 0.001 -15"><span class='ocrx_word' id='word_1_929' title='bbox 2082 5092 2217 5144; x_wconf 88' lang='lat' dir='ltr'><strong>citur</strong></span> <span class='ocrx_word' id='word_1_930' title='bbox 2245 5087 2387 5141; x_wconf 90' lang='lat' dir='ltr'><strong>enim</strong></span> <span class='ocrx_word' id='word_1_931' title='bbox 2414 5088 2649 5154; x_wconf 82' lang='lat' dir='ltr'><strong>pomisse</strong></span> <span class='ocrx_word' id='word_1_932' title='bbox 2665 5088 2823 5139; x_wconf 84' lang='lat' dir='ltr'><strong>etiam</strong></span> <span class='ocrx_word' id='word_1_933' title='bbox 2843 5101 2908 5140; x_wconf 80' lang='lat' dir='ltr'><strong>ex</strong></span> <span class='ocrx_word' id='word_1_934' title='bbox 2932 5086 3184 5154; x_wconf 87' lang='lat' dir='ltr'><strong>operibus</strong></span> <span class='ocrx_word' id='word_1_935' title='bbox 3203 5089 3518 5157; x_wconf 83' lang='lat' dir='ltr'><strong>approbari,</strong></span> <span class='ocrx_word' id='word_1_936' title='bbox 3537 5104 3671 5157; x_wconf 69' lang='lat' dir='ltr'><strong>qua:</strong></span> 
     </span>
    </p>
   </div>
   <div class='ocr_carea' id='block_1_110' title="bbox 2084 5178 3668 5250">
    <p class='ocr_par' dir='ltr' id='par_1_110' title="bbox 2084 5178 3668 5250">
     <span class='ocr_line' id='line_1_110' title="bbox 2084 5178 3668 5250; baseline -0.001 -14"><span class='ocrx_word' id='word_1_937' title='bbox 2084 5183 2136 5236; x_wconf 81' lang='lat' dir='ltr'><strong>in</strong></span> <span class='ocrx_word' id='word_1_938' title='bbox 2161 5182 2246 5235; x_wconf 88' lang='lat' dir='ltr'><strong>illo</strong></span> <span class='ocrx_word' id='word_1_939' title='bbox 2277 5179 2420 5234; x_wconf 74' lang='lat' dir='ltr'><strong>Deus</strong></span> <span class='ocrx_word' id='word_1_940' title='bbox 2450 5179 2625 5233; x_wconf 79' lang='lat' dir='ltr'><strong>futura</strong></span> <span class='ocrx_word' id='word_1_941' title='bbox 2648 5193 2770 5233; x_wconf 88' lang='lat' dir='ltr'><strong>esse</strong></span> <span class='ocrx_word' id='word_1_942' title='bbox 2794 5178 3127 5246; x_wconf 65' lang='lat' dir='ltr'><strong>praisciebat,</strong></span> <span class='ocrx_word' id='word_1_943' title='bbox 3152 5182 3396 5250; x_wconf 88' lang='lat' dir='ltr'><strong>quamvis</strong></span> <span class='ocrx_word' id='word_1_944' title='bbox 3420 5182 3668 5235; x_wconf 87' lang='lat' dir='ltr'><strong>nondum</strong></span> 
     </span>
    </p>
   </div>
   <div class='ocr_carea' id='block_1_111' title="bbox 2084 5270 3666 5340">
    <p class='ocr_par' dir='ltr' id='par_1_111' title="bbox 2084 5270 3666 5340">
     <span class='ocr_line' id='line_1_111' title="bbox 2084 5270 3666 5340; baseline -0.002 -12"><span class='ocrx_word' id='word_1_945' title='bbox 2084 5282 2227 5329; x_wconf 84' lang='lat' dir='ltr'><strong>esset</strong></span> <span class='ocrx_word' id='word_1_946' title='bbox 2253 5270 2451 5340; x_wconf 88' lang='lat' dir='ltr'><strong>aliquid</strong></span> <span class='ocrx_word' id='word_1_947' title='bbox 2483 5278 2765 5339; x_wconf 87' lang='lat' dir='ltr'><strong>operatus;</strong></span> <span class='ocrx_word' id='word_1_948' title='bbox 2800 5278 2855 5324; x_wconf 91' lang='lat' dir='ltr'><strong>et</strong></span> <span class='ocrx_word' id='word_1_949' title='bbox 2879 5270 3099 5324; x_wconf 92' lang='lat' dir='ltr'><strong>omnino</strong></span> <span class='ocrx_word' id='word_1_950' title='bbox 3126 5281 3178 5324; x_wconf 91' lang='lat' dir='ltr'><strong>te</strong></span> <span class='ocrx_word' id='word_1_951' title='bbox 3200 5270 3333 5324; x_wconf 88' lang='lat' dir='ltr'><strong>nihil</strong></span> <span class='ocrx_word' id='word_1_952' title='bbox 3358 5271 3666 5340; x_wconf 82' lang='lat' dir='ltr'><strong>adjnvabit,</strong></span> 
     </span>
    </p>
   </div>
   <div class='ocr_carea' id='block_1_112' title="bbox 2085 5362 3670 5435">
    <p class='ocr_par' dir='ltr' id='par_1_112' title="bbox 2085 5362 3670 5435">
     <span class='ocr_line' id='line_1_112' title="bbox 2085 5362 3670 5435; baseline -0.003 -17"><span class='ocrx_word' id='word_1_953' title='bbox 2085 5363 2224 5435; x_wconf 88' lang='lat' dir='ltr'><strong>quod</strong></span> <span class='ocrx_word' id='word_1_954' title='bbox 2258 5362 2492 5416; x_wconf 88' lang='lat' dir='ltr'><strong>nondum</strong></span> <span class='ocrx_word' id='word_1_955' title='bbox 2533 5362 2639 5414; x_wconf 85' lang='lat' dir='ltr'><strong>nati</strong></span> <span class='ocrx_word' id='word_1_956' title='bbox 2685 5369 2858 5423; x_wconf 83' lang='lat' dir='ltr'><strong>erant,</strong></span> <span class='ocrx_word' id='word_1_957' title='bbox 2910 5376 3031 5414; x_wconf 91' lang='lat' dir='ltr'><strong>cum</strong></span> <span class='ocrx_word' id='word_1_958' title='bbox 3060 5362 3257 5415; x_wconf 86' lang='lat' dir='ltr'><strong>dictum</strong></span> <span class='ocrx_word' id='word_1_959' title='bbox 3285 5372 3431 5415; x_wconf 88' lang='lat' dir='ltr'><strong>esset</strong></span> <span class='ocrx_word' id='word_1_960' title='bbox 3456 5382 3471 5415; x_wconf 87' lang='lat'><strong>:</strong></span> <span class='ocrx_word' id='word_1_961' title='bbox 3496 5363 3670 5430; x_wconf 79' lang='lat' dir='ltr'><strong>Major</strong></span> 
     </span>
    </p>
   </div>
   <div class='ocr_carea' id='block_1_113' title="bbox 2086 5449 3667 5519">
    <p class='ocr_par' dir='ltr' id='par_1_113' title="bbox 2086 5449 3667 5519">
     <span class='ocr_line' id='line_1_113' title="bbox 2086 5449 3667 5519; baseline -0.004 -10"><span class='ocrx_word' id='word_1_962' title='bbox 2086 5454 2283 5510; x_wconf 80' lang='lat' dir='ltr'><strong>serviet</strong></span> <span class='ocrx_word' id='word_1_963' title='bbox 2305 5452 2528 5506; x_wconf 91' lang='lat' dir='ltr'><strong>minori:</strong></span> <span class='ocrx_word' id='word_1_964' title='bbox 2562 5460 2620 5505; x_wconf 93' lang='lat' dir='ltr'><strong>ut</strong></span> <span class='ocrx_word' id='word_1_965' title='bbox 2646 5451 2731 5504; x_wconf 90' lang='lat' dir='ltr'><strong>hic</strong></span> <span class='ocrx_word' id='word_1_966' title='bbox 2759 5449 3012 5505; x_wconf 87' lang='lat' dir='ltr'><strong>ostendas</strong></span> <span class='ocrx_word' id='word_1_967' title='bbox 3031 5450 3234 5503; x_wconf 81' lang='lat' dir='ltr'><strong>dictum</strong></span> <span class='ocrx_word' id='word_1_968' title='bbox 3258 5466 3363 5503; x_wconf 89' lang='lat' dir='ltr'><strong>non</strong></span> <span class='ocrx_word' id='word_1_969' title='bbox 3392 5467 3460 5506; x_wconf 71' lang='lat' dir='ltr'><strong>ex</strong></span> <span class='ocrx_word' id='word_1_970' title='bbox 3485 5453 3667 5519; x_wconf 82' lang='lat' dir='ltr'><strong>operi-</strong></span> 
     </span>
    </p>
   </div>
   <div class='ocr_carea' id='block_1_114' title="bbox 2086 5538 3664 5615">
    <p class='ocr_par' dir='ltr' id='par_1_114' title="bbox 2086 5538 3664 5615">
     <span class='ocr_line' id='line_1_114' title="bbox 2086 5538 3664 5615; baseline -0.004 -13"><span class='ocrx_word' id='word_1_971' title='bbox 2086 5548 2208 5615; x_wconf 88' lang='lat' dir='ltr'><strong>bus,</strong></span> <span class='ocrx_word' id='word_1_972' title='bbox 2232 5538 2353 5614; x_wconf 87' lang='lat' dir='ltr'><strong>quia</strong></span> <span class='ocrx_word' id='word_1_973' title='bbox 2378 5544 2612 5598; x_wconf 77' lang='lat' dir='ltr'><strong>noadnm</strong></span> <span class='ocrx_word' id='word_1_974' title='bbox 2636 5544 2915 5612; x_wconf 87' lang='lat' dir='ltr'><strong>quisquam</strong></span> <span class='ocrx_word' id='word_1_975' title='bbox 2939 5552 3054 5598; x_wconf 84' lang='lat' dir='ltr'><strong>erat</strong></span> <span class='ocrx_word' id='word_1_976' title='bbox 3078 5554 3350 5612; x_wconf 83' lang='lat' dir='ltr'><strong>operatus.</strong></span> <span class='ocrx_word' id='word_1_977' title='bbox 3377 5545 3472 5599; x_wconf 88' lang='lat' dir='ltr'><strong>Illa</strong></span> <span class='ocrx_word' id='word_1_978' title='bbox 3499 5548 3664 5599; x_wconf 83' lang='lat' dir='ltr'><strong>etiam</strong></span> 
     </span>
    </p>
   </div>
   <div class='ocr_carea' id='block_1_115' title="bbox 2090 5632 3661 5705">
    <p class='ocr_par' dir='ltr' id='par_1_115' title="bbox 2090 5632 3661 5705">
     <span class='ocr_line' id='line_1_115' title="bbox 2090 5632 3661 5705; baseline -0.001 -13"><span class='ocrx_word' id='word_1_979' title='bbox 2090 5639 2252 5692; x_wconf 83' lang='lat' dir='ltr'><strong>verba</strong></span> <span class='ocrx_word' id='word_1_980' title='bbox 2279 5636 2326 5691; x_wconf 87' lang='lat' dir='ltr'><strong>si</strong></span> <span class='ocrx_word' id='word_1_981' title='bbox 2360 5635 2645 5705; x_wconf 77' lang='lat' dir='ltr'><strong>diligenter</strong></span> <span class='ocrx_word' id='word_1_982' title='bbox 2671 5632 2935 5701; x_wconf 83' lang='lat' dir='ltr'><strong>attendas,</strong></span> <span class='ocrx_word' id='word_1_983' title='bbox 2967 5633 3123 5704; x_wconf 75' lang='lat' dir='ltr'><strong>igitur</strong></span> <span class='ocrx_word' id='word_1_984' title='bbox 3150 5650 3257 5691; x_wconf 90' lang='lat' dir='ltr'><strong>non</strong></span> <span class='ocrx_word' id='word_1_985' title='bbox 3285 5635 3538 5703; x_wconf 85' lang='lat' dir='ltr'><strong>volentis,</strong></span> <span class='ocrx_word' id='word_1_986' title='bbox 3568 5652 3661 5691; x_wconf 86' lang='lat' dir='ltr'><strong>ne-</strong></span> 
     </span>
    </p>
   </div>
  </div>
