3968 6166
292 296 395 350 485
1419 287 1577 341 Pillld
1598 286 1710 343 \Sll
1753 288 1881 341 ADl’.

1991 290 2188 345 ETAN‘I
2233 287 2442 345 EPISC.
3448 294 3549 348 585

288 420 454 475 terra,
482 409 660 477 utique
701 406 783 460 hic
827 404 1133 468 ostendens,
1162 404 1304 473 quod
1346 419 1449 458 non
1479 404 1722 466 volentis,
1772 417 1864 456 ne-
1894 408 1943 465 Α
1975 406 2135 471 μυὼο
2161 405 2396 472 judicaut
2418 404 2709 458 debitores.
2739 403 3196 470 Quemadmodum
3220 406 3472 460 conducti
3492 408 3555 459 ad

292 515 394 567 que
464 499 766 561 currentis,
812 497 903 551 sed
980 497 1279 549 misereutis
1323 505 1401 548 cst
1445 495 1559 548 Dei.
1591 493 1874 548 Concludit

294 591 499 657 itaque:
530 589 667 657 Ergo
698 588 847 656 cujus
878 588 984 641 vult
1014 588 1317 649 miseretur,
1348 596 1402 639 et.
1436 594 1592 653 quem
1630 585 1740 638 vult
1775 585 1874 637 ob-

293 681 448 732 durat
478 697 489 731 :
520 695 639 732 cum
680 679 921 746 superius
950 693 1053 731 non
1087 689 1369 743 utrumque
1399 677 1487 729 sit.
1524 675 1704 743 Neque
1729 676 1871 729 enim

296 768 559 835 quomodo
608 767 805 821 dictum
845 776 966 820 est:
1003 768 1113 820 Non
1148 767 1387 831 volentis,
1430 766 1522 819 sed
1571 766 1873 820 miscrentis

297 873 376 913 est
409 861 519 923 Dei,
568 861 645 913 sic
689 860 845 913 etiam
874 860 1071 912 dictum
1102 870 1183 913 est
1216 876 1228 910 :
1262 859 1373 911 Non
1413 859 1667 924 volentis,
1701 874 1870 927 neque

298 951 575 1015 cuirentis,
624 948 717 1003 sed
763 949 1073 1003 nbdurantis
1108 959 1192 1004 est
1229 948 1343 1004 Dei.
1394 949 1543 1004 Unde
1597 949 1753 1003 datur
1793 949 1875 1002 in-

304 1042 463 1109 telligi
506 1043 645 1109 quod
680 1041 815 1093 infra
857 1050 1136 1109 utrumque
1177 1043 1391 1110 posuit:
1427 1042 1562 1110 Ergo
1587 1042 1735 1109 cujus
1770 1040 1879 1094 vull

304 1133 378 1184 nil
411 1138 608 1192 eretur.
635 1144 688 1187 et
711 1148 866 1199 quem
894 1134 1005 1185 vult
1029 1133 1274 1198 obdurat,
1300 1134 1368 1185 ita
1402 1133 1677 1187 sententia:
1722 1147 1879 1201 supe-

309 1222 432 1274 riori
463 1234 752 1290 congruere
777 1236 951 1289 posse,
985 1231 1042 1276 ut
1070 1222 1346 1275 obduratio
1379 1223 1466 1276 Dei
1493 1222 1562 1276 sit
1600 1222 1736 1276 velle
1787 1223 1880 1275 mi-

308 1311 477 1364 sereri
504 1328 514 1361 :
546 1320 602 1364 ut
629 1327 731 1364 non
762 1311 828 1363 ab
859 1311 952 1363 illo
975 1311 1235 1377 irrogetur
1261 1311 1453 1378 aliquid
1485 1325 1589 1379 quo
1622 1310 1690 1363 sit
1719 1309 1879 1363 homo

308 1402 539 1453 deterior
574 1418 587 1452 :
623 1400 714 1454 sed
756 1408 1105 1465 tantttmtjuo
1149 1404 1216 1454 sit
1263 1403 1469 1465 melior,
1508 1417 1610 1455 non
1661 1400 1855 1468 derogo

310 1502 412 1545 tur.
447 1491 601 1558 Quod
651 1492 695 1544 si
732 1492 789 1543 fit
836 1493 975 1545 nulla
1019 1491 1356 1546 distinctione
1390 1494 1720 1561 meritorum,
1762 1494 1882 1563 quis

313 1600 415 1635 non
444 1584 698 1650 irrumpat
742 1583 794 1634 in
826 1597 940 1635 cam
974 1597 1185 1647 vocem,
1227 1599 1381 1652 quam
1419 1584 1519 1638 sibi
1550 1584 1661 1653 ipse
1688 1585 1883 1654 objecit

314 1675 600 1740 Apostolus
628 1692 639 1725 :
678 1673 817 1727 Dicis
843 1674 1020 1742 itaque
1048 1676 1195 1737 mihi,
1230 1677 1351 1744 quid
1402 1678 1571 1729 adhuc
1604 1678 1882 1746 cenqueri-

1983 498 2124 549 illam
2157 498 2362 549 vineam
2395 497 2591 563 injuste
2628 496 2878 564 indignati
2910 508 3051 559 sunt,
3078 512 3195 549 cum
3227 499 3555 551 tantumdem

1980 587 2097 639 alis
2141 586 2448 649 donaretur,
2496 593 2749 654 quantum
2782 588 2910 654 ipsis
2955 590 3286 645 redderetur.
3330 590 3559 660 Ideoque

1983 678 2134 741 huius
2173 678 2512 743 impudentiae
2562 679 2881 745 qumstiottes
2913 680 2983 732 ita
3032 683 3265 735 r-tundit
3322 685 3557 750 Aposto-

1982 766 2098 819 lus:
2142 770 2183 820 υ
2216 771 2394 829 homo,
2440 779 2515 833 tu,
2574 771 2692 839 quis
2721 786 2801 835 es,
2834 773 2922 840 qui
2948 774 3275 839 respondeas
3306 775 3452 828 Deo"
3482 776 3558 828 sic

1980 863 2119 914 enim
2149 876 2270 927 ri-sp
2292 860 2564 925 unlitheo,
2595 878 2718 915 cum
2746 867 2844 916 hoc
2876 864 3139 931 displicet,
3172 867 3311 934 quod
3344 869 3408 920 de
3428 881 3558 935 pec-

1980 952 2254 1004 eatoribns
2281 958 2618 1020 conqueritur
2648 953 2783 1006 Deus
2816 973 2827 1005 :
2857 956 3007 1020 quasi
3050 972 3377 1024 quemquam
3414 957 3556 1009 Deus

1982 1056 2201 1109 precare
2242 1058 2414 1109 roga',
2441 1043 2532 1096 sed
2567 1046 2930 1099 tantummodo
2950 1047 3259 1115 quibusdam
3288 1047 3557 1115 peccanti-

1984 1134 2078 1184 bus
2109 1133 2522 1186 misericordiam
2561 1135 2953 1203 justilieationis
2983 1152 3093 1190 sua:
3132 1151 3231 1189 non
3278 1138 3551 1205 largiatur,

1982 1232 2033 1275 et
2064 1224 2132 1275 ob
2166 1223 2266 1275 hoc
2294 1224 2502 1276 dicatur
2530 1224 2792 1279 obdurare
2818 1238 3093 1293 peccantes
3117 1226 3396 1291 quosdam,
3430 1228 3553 1292 quia

1980 1326 2086 1363 non
2109 1326 2295 1364 eorum
2327 1311 2659 1373 miscrratur.
2688 1326 2791 1371 non
2818 1315 2935 1381 quia
2961 1315 3184 1377 impellit
3207 1324 3264 1369 ut
3292 1328 3550 1384 parcent:

1981 1417 2169 1454 eorum
2201 1412 2376 1456 atttcm
2406 1418 2509 1456 non
2560 1418 2861 1469 miseretur,
2897 1406 3087 1473 quibus
3130 1406 3552 1460 misericordiam

1986 1502 2088 1544 non
2115 1509 2233 1546 cs.~e
2264 1496 2594 1562 prmbrndam
2624 1498 2874 1563 asquitate
2903 1497 3259 1550 occultissima
3285 1507 3339 1549 et
3360 1500 3428 1548 ab
3457 1499 3554 1549 bu-

1995 1586 2165 1641 matiis
2222 1590 2465 1643 sensibus
2518 1593 2864 1644 remotissima
2911 1591 3133 1655 jndicat.
3191 1591 3554 1644 Inscr-nabilia

1984 1677 2123 1728 cnim
2156 1691 2273 1729 sunt
2295 1678 2489 1745 judicia
2514 1679 2646 1747 tjus,
2663 1690 2714 1732 et
2731 1679 2900 1733 invest
2923 1679 3123 1747 gabiles
3147 1680 3241 1732 viae
3264 1680 3398 1746 ejus.
3417 1680 3555 1733 Con-

310 1764 434 1817 tur?
482 1778 601 1817 nam
627 1765 882 1818 voluntati
935 1766 1049 1833 ejus
1104 1767 1222 1834 quis
1259 1767 1450 1820 resistit
1475 1766 1497 1818 ?
1525 1766 1880 1834 Conqueritur
1916 1768 1955 1825 B
1986 1769 2224 1836 queritur
2248 1784 2427 1823 autem
2452 1772 2519 1824 de
2550 1773 2937 1837 peccatoribus.
2960 1783 3207 1841 tanquam
3233 1773 3300 1828 de
3331 1774 3396 1826 iis
3421 1787 3555 1840 quos

311 1856 453 1907 enim
483 1855 714 1924 Spiritus
744 1871 884 1924 saepe
912 1858 976 1911 de
1007 1858 1331 1922 hominibus,
1366 1859 1501 1911 siut
1530 1872 1622 1927 per
1645 1859 1883 1914 innume-

314 1947 509 2000 rabiles
536 1959 755 2015 apparet
779 1949 1174 2017 Scripturarum
1201 1950 1368 2011 locos,
1391 1950 1527 2018 quol
1572 1950 1742 2003 nolint
1768 1966 1881 2005 cre-

315 2036 443 2088 dere
488 2044 542 2089 et
587 2047 730 2091 recte
762 2038 960 2090 vivere.
1002 2036 1152 2091 Unde
1183 2038 1383 2102 ﬁdeles,
1418 2050 1465 2093 et
1512 2039 1763 2095 facientes
1791 2057 1882 2093 vn-

314 2126 569 2179 luntatetu
596 2127 711 2191 Dei,
737 2130 1038 2181 conversari
1067 2129 1314 2183 dictintur
1341 2133 1455 2185 sine
1479 2133 1714 2199 queri-la,
1743 2133 1879 2201 quod

315 2218 381 2270 de
432 2218 536 2270 illis
575 2232 679 2270 non
722 2230 973 2286 queratur
1004 2218 1297 2287 Scriptura.
1339 2222 1440 2275 Sed
1487 2223 1610 2288 quid
1655 2238 1883 2292 conque-

314 2308 471 2372 ritur,
499 2310 610 2363 ait:
645 2311 773 2363 Nam
805 2312 1060 2365 voluntati
1100 2313 1213 2379 ejus
1242 2313 1358 2381 quis
1389 2313 1626 2366 resistit?
1670 2314 1882 2381 quando

319 2401 474 2467 cujus
510 2400 615 2453 vult
646 2400 949 2463 miseretur,
983 2412 1036 2454 et
1060 2417 1216 2470 quem
1247 2402 1356 2454 vult
1401 2403 1648 2457 obdurat.
1694 2405 1757 2456 Et
1805 2414 1885 2456 ta-

319 2509 439 2545 men
467 2494 763 2547 intueamur
783 2495 1153 2565 superiora,'et
1189 2495 1310 2549 inde
1334 2504 1591 2563 nostram,
1617 2504 1871 2562 quantum

318 2583 430 2649 ipse
474 2583 725 2634 Dominus
763 2582 994 2649 adjuvat,
1035 2583 1352 2636 sententiam
1406 2584 1718 2652 dirigamus.
1792 2584 1877 2640 Ait

314 2676 455 2727 enim
485 2674 640 2741 paulo
667 2688 788 2727 ante
820 2691 831 2724 :
866 2673 1000 2738 Quid
1041 2689 1168 2742 ergo
1201 2676 1434 2728 dicemus
1459 2693 1473 2729 :
1503 2676 1744 2741 Nunptid
1782 2678 1886 2731 ini-

318 2764 492 2829 quitas
532 2770 614 2816 est
639 2762 776 2830 apud
812 2762 1020 2815 Deum?
1062 2764 1236 2818 Absit.
1271 2767 1346 2818 Sit
1397 2766 1553 2834 igitur
1588 2767 1688 2819 hoc
1720 2766 1881 2819 ﬁxum

317 2863 478 2911 atque
527 2854 795 2906 immobile
842 2852 893 2906 in
927 2861 1103 2907 mente
1138 2856 1314 2908 sobria
1341 2857 1535 2923 pietate
1578 2866 1736 2925 atque
1776 2868 1886 2909 sta.

322 2948 411 2998 bili
445 2944 565 3009 ﬁde,
614 2944 755 3013 quod
804 2944 940 3015 nulla
972 2958 1051 2997 eat
1105 2945 1351 3013 iniquitas
1380 2947 1516 3015 apud
1551 2947 1732 3001 Deum.
1790 2950 1885 3000 At-

321 3054 423 3105 que
453 3040 524 3089 ita
560 3039 894 3091 tenacissime
924 3036 1331 3106 ﬁrmissimcque
1361 3038 1624 3104 crrdalur,
1660 3040 1884 3107 idipsum

1985 1864 2097 1931 ipse
2121 1878 2343 1931 peccare
2382 1881 2483 1916 nun
2528 1866 2666 1928 cogit
2693 1883 2707 1917 :
2731 1865 2891 1919 simul
2932 1869 3090 1919 etiam
3144 1876 3198 1918 ut
3240 1867 3294 1930 ii,
3328 1881 3553 1932 quorum

1984 1958 2283 2022 miseretur,
2322 1957 2684 2024 hancquoque
2708 1958 2932 2011 habeant
2956 1958 3312 2016 vocationem,
3340 1968 3395 2009 ut
3426 1957 3552 2009 dum

1982 2049 2324 2115 Conqueritur
2372 2049 2509 2101 Deus
2554 2046 2622 2101 de
2673 2047 3062 2115 peccatoribus,
3119 2058 3552 2114 cetnpungantur

1983 2142 2168 2202 corde,
2199 2147 2359 2206 atque
2401 2139 2467 2192 ad
2504 2139 2618 2206 ejus
2665 2141 2888 2207 gratiam
2945 2147 3345 2191 convertantur.
3397 2138 3555 2191 Juste

1983 2238 2111 2298 ergo
2132 2231 2476 2298 conqueritur
2495 2239 2547 2283 et
2570 2229 3008 2283 misericorditer.
3031 2229 3134 2283 Sed
3158 2231 3200 2281 si
3228 2229 3328 2282 hoc
3354 2239 3555 2293 movet,

1984 2322 2124 2389 quod
2174 2322 2433 2374 voluntati
2483 2321 2601 2390 ejus
2646 2320 2835 2373 nullus.
2874 2319 3098 2381 resistit,
3147 2319 3267 2388 quia
3299 2320 3380 2371 cui
3421 2320 3556 2382 νιιιι,

1985 2414 2255 2475 subvenit,
2287 2420 2339 2466 ct
2364 2427 2518 2479 quem
2555 2414 2687 2474 vult,
2710 2411 2939 2465 deserit:
2964 2426 3084 2466 cum
3113 2421 3166 2464 et
3204 2411 3293 2464 il-Ie
3313 2412 3395 2463 cui
3426 2412 3559 2463 sub-

1984 2507 2150 2568 venit,
2182 2514 2239 2559 et
2264 2505 2351 2559 ille
2368 2521 2521 2572 quem
2545 2504 2765 2569 deserit,
2792 2519 2853 2558 ev
2880 2506 3065 2558 eadem
3094 2519 3266 2558 massa
3298 2505 3403 2556 sint
3434 2518 3560 2571 pec-

1985 2606 2248 2659 catorum,
2296 2606 2351 2649 et
2387 2597 2631 2665 quamvis
2669 2596 2896 2649 debeant
2945 2604 3164 2665 uterque
3210 2596 3555 2663 supplicium,

1987 2686 2055 2739 ab
2084 2701 2187 2741 uno
2218 2698 2390 2739 tamen
2421 2687 2668 2755 exigitur,
2701 2685 2849 2738 alteri
2899 2684 3125 2737 donatur
3153 2701 3166 2748 ;
3212 2685 3254 2737 si
3288 2685 3387 2737 hoc
3427 2698 3557 2751 ergo

1988 2789 2158 2833 movet
2191 2796 2202 2830 :
2238 2779 2338 2843 Tu,
2371 2779 2488 2846 quis
2518 2793 2595 2838 es,
2624 2779 2709 2847 qui
2756 2778 3077 2844 respondeas
3109 2778 3246 2832 Deo?
3274 2776 3404 2831 Illud
3438 2787 3556 2829 tan-

1994 2870 2265 2923 tummodo
2304 2872 2614 2924 inconcussa
2662 2870 2768 2923 fide
2820 2878 3077 2929 teneatur,
3130 2869 3269 2937 quod
3318 2883 3419 2921 non
3484 2870 3559 2920 sit

1992 2963 2240 3030 iniquitas
2280 2962 2415 3030 apud
2462 2962 2669 3025 Deum,
2716 2962 2802 3029 qui
2835 2961 2947 3015 sive
2989 2962 3166 3023 donet,
3219 2962 3328 3014 sive
3379 2961 3561 3027 exigat

1990 3056 2224 3109 debitum
2254 3094 2270 3119 ,
2324 3070 2422 3109 nec
2476 3056 2562 3109 ille
2598 3069 2627 3107 a
2678 3070 2780 3122 quo
2822 3056 3023 3125 exigit,
3076 3064 3219 3109 recte
3258 3064 3436 3123 potest
3488 3056 3559 3110 de

318 3127 459 3195 quod
487 3128 625 3181 Deus
651 3129 734 3180 cui
777 3128 889 3182 vult
918 3130 1197 3182 miseretur
1217 3138 1456 3198 et,qucm
1487 3132 1594 3183 vult
1618 3131 1841 3185 obdurat
1872 3151 1886 3187 :
1915 3130 1961 3192 C
1996 3148 2266 3215 εηοηυίιαιθ
2311 3147 2427 3212 ejus
2467 3147 2717 3215 conqueri
2746 3163 2760 3210 ;
2811 3162 2907 3200 nec
2952 3147 3038 3199 ille
3074 3147 3159 3201 cui
3184 3148 3368 3210 donat,
3397 3148 3559 3201 debet

322 3220 420 3274 hoc
451 3227 552 3279 est,
598 3219 749 3286 cujus
798 3220 912 3273 vult
964 3218 1382 3284 miseretur,,et
1423 3222 1574 3290 cujus
1629 3238 1732 3278 non
1778 3225 1889 3279 vult

323 3324 425 3363 non
462 3308 764 3372 miseretur,
796 3323 914 3362 esse
937 3308 1163 3377 alicujus
1207 3310 1446 3372 occultte,
1477 3324 1637 3380 atque
1676 3314 1744 3366 ab
1785 3312 1886 3367 hu-

326 3403 485 3453 ινιτιηο
535 3400 746 3453 modulo
796 3400 1293 3470 imperve-tigabilis
1333 3403 1614 3471 :cquitatis,
1664 3419 1781 3472 qua:
1830 3415 1881 3459 et

330 3496 382 3548 in
452 3494 583 3563 ipsis
648 3494 803 3547 rebus
856 3494 1096 3548 humanis
1145 3496 1473 3563 terrenisque
1522 3497 1882 3552 contractibus

321 3584 785 3639 animadvertenda
814 3594 912 3645 est,
940 3586 989 3638 in
1032 3585 1225 3653 quibus
1266 3586 1364 3639 nisi
1395 3601 1638 3654 supernae
1668 3578 1885 3655 justitia:

322 3679 561 3746 quaedam
594 3678 848 3745 impressa
888 3678 1110 3747 vestigia
1145 3687 1464 3743 teneremus,
1513 3695 1779 3748 nunquam
1835 3681 1886 3735 in

326 3771 496 3835 ipsum
528 3768 701 3821 cubile
727 3782 788 3821 ac
812 3769 1081 3836 penetrale
1104 3768 1461 3821 castissimum
1485 3778 1643 3837 atque
1670 3771 1889 3824 sanczis-

322 3862 511 3913 simum
542 3859 857 3927 spiritalium
906 3871 1288 3927 praceptorum
1330 3870 1523 3914 nostra:
1565 3861 1888 3917 inlirmitatis

326 3949 614 4015 suspiceret
646 3958 801 4015 atque
830 3947 1057 4003 inhiaret
1079 3949 1319 4003 intentio.
1347 3951 1490 4005 Beati
1516 3952 1604 4021 qui
1644 3954 1887 4006 esuriunt

321 4040 565 4092 etsitinnt
588 4036 870 4106 justitiam,
887 4040 1131 4107 quoniam
1157 4038 1256 4108 ipsi
1280 4042 1677 4097 saturabuntur.
1711 4045 1764 4098 In
1788 4045 1885 4101 ista

331 4129 489 4197 igitur
510 4129 746 4182 siccitate
771 4130 893 4182 vita:
922 4129 1343 4197 eruditionisque
1369 4134 1603 4186 morta'is
1624 4174 1639 4199 ,
1665 4135 1764 4189 nisi
1796 4150 1878 4190 as-

327 4228 635 4286 pergeretur
662 4218 892 4286 desuper
938 4220 1078 4293 velut
1110 4220 1413 4274 tenuissima
1460 4224 1697 4290 qumdam
1744 4242 1876 4281 aura

322 4308 554 4377 justitiaz.
580 4309 734 4361 citius
764 4321 1149 4361 aresceremus.
1182 4308 1518 4379 Quapropter
1558 4329 1677 4366 cutn
1710 4315 1889 4370 dando

329 4411 377 4453 να
405 4400 710 4466 accipit-udo
731 4402 866 4452 inter
891 4414 948 4453 se
969 4401 1237 4454 hominum
1266 4404 1490 4456 societas
1513 4418 1882 4473 connectatur,

1991 3241 2057 3295 de
2081 3241 2189 3294 suis
2229 3241 2428 3295 meritis
2456 3240 2686 3309 gloriari.
2740 3242 2803 3295 Et
2840 3242 2927 3295 ille
2971 3243 3112 3295 enim
3144 3242 3244 3295 nisi
3284 3242 3421 3311 quod
3455 3242 3556 3295 deo

1989 3332 2143 3386 betur
2195 3348 2298 3386 non
2348 3333 2575 3387 reddet:
2607 3342 2659 3387 et
2699 3333 2784 3387 il'e
2824 3349 2925 3388 ﬂO‘I
2958 3335 3116 3387 habet
3169 3334 3266 3388 nisi
3296 3334 3435 3402 quod
3468 3349 3561 3387 ac.—

1989 3424 2147 3490 cepit.
2195 3424 2401 3478 Etenim
2449 3425 2727 3480 obduratio
2785 3425 2870 3478 illa
2924 3425 3207 3492 impiorum
3276 3435 3561 3496 utrumque

1989 3516 2349 3580 demonsrrat,
2380 3526 2431 3570 et
2472 3517 2595 3584 qu’d
2642 3518 2929 3571 timendum
2959 3519 3047 3581 sit,
3079 3528 3135 3573 ut
3178 3520 3396 3587 qui-que
3441 3521 3557 3585 pie-

1989 3614 2095 3659 tate
2136 3615 2478 3660 coovertatur
2516 3607 2577 3659 ad
2613 3607 2804 3669 Deum,
2849 3616 2901 3661 et
2942 3619 3151 3678 quanta:
3194 3610 3410 3678 agenda:
3451 3610 3562 3662 sint

1990 3697 2175 3765 gratiae
2208 3696 2586 3750 misericordia:
2616 3698 2729 3757 Dei.
2773 3698 2861 3764 qui
2894 3698 2944 3751 in
2973 3699 3194 3752 aliorum
3228 3713 3380 3767 poena
3430 3700 3557 3766 quid

1989 3790 2106 3842 aliis
2138 3789 2299 3842 donet
2332 3789 2582 3842 ostendit.
2613 3789 2666 3844 Si
2690 3806 2865 3843 auem
2894 3791 2906 3843 i
2934 3791 2978 3843 la
3006 3805 3162 3858 quam
3193 3791 3260 3844 de
3286 3791 3407 3843 aliis
3446 3794 3556 3844 exi-

1989 3883 2061 3949 git
2091 3898 2191 3935 non
2223 3892 2303 3935 ρει
2326 3882 2465 3949 justa
2490 3895 2668 3950 paena,
2694 3883 2829 3936 nihil
2852 3886 3010 3936 donat
3034 3884 3151 3937 aliis
3177 3898 3205 3936 a
3228 3885 3415 3950 quibus
3438 3897 3559 3935 eam

1991 3988 2092 4024 non
2116 3973 2299 4039 exigit.
2329 3972 2460 4036 Quia
2490 3987 2616 4025 vero
2643 3972 2883 4040 illajusta
2906 3984 3006 4034 est,
3032 3984 3081 4026 et
3107 3974 3249 4025 nulla
3267 3982 3345 4025 cst
3368 3973 3561 4039 iniqui-

1992 4074 2071 4118 tas
2100 4063 2235 4130 apud
2266 4063 2618 4118 vindicantem
2654 4063 2840 4129 Deum,
2864 4064 2981 4132 quis
3002 4065 3225 4119 sufficiat
3249 4078 3406 4129 agerc
3434 4080 3557 4127 gra-

1992 4155 2090 4206 tias
2113 4155 2184 4208 ei.
2215 4153 2307 4221 qui
2340 4154 2437 4206 hoc
2464 4153 2705 4208 remittit.
2738 4155 2878 4220 quod
2903 4155 2944 4207 si
2971 4156 3097 4207 Veli!
3136 4157 3370 4219 exigere.
3403 4171 3562 4209 remo

1992 4259 2049 4297 se
2083 4252 2225 4298 recte
2255 4244 2453 4297 diceret
2483 4258 2585 4296 non
2617 4245 2855 4298 debere?
2886 4247 3028 4310 Quos
3055 4254 3107 4297 et
3152 4245 3403 4312 vocavit.
3431 4242 3559 4308 Nos,

1994 4333 2182 4399 inquit,
2211 4346 2313 4384 non
2342 4332 2514 4385 Solum
2541 4347 2607 4386 ex
2639 4333 2855 4395 Jndasis,
2883 4334 2976 4387 sed
3001 4334 3159 4386 etiam
3189 4348 3253 4387 ex
3289 4335 3561 4400 gentibus,

1993 4424 2042 4476 id
2068 4433 2167 4483 est,
2194 4438 2314 4475 vasa
2342 4422 2721 4476 misericordia:
2742 4439 2860 4492 quae
2901 4438 3043 4490 pratp
3079 4426 3210 4475 ravit
3240 4424 3291 4475 in
3312 4424 3559 4490 gloriam.

326 4493 515 4544 dctttut‘
545 4499 717 4541 autem
743 4500 796 4543 et
832 4490 1154 4558 accipiantur
1185 4493 1263 4545 vel
1315 4493 1486 4547 debita
1520 4498 1599 4548 vel
1634 4514 1734 4550 uou
1780 4498 1877 4553 de-
1918 4489 1964 4547 D
1993 4511 2105 4563 Non
2135 4510 2276 4562 enim
2306 4526 2488 4564 (naues
2515 4489 2863 4575 Jud:ros,’sed
2887 4527 2950 4566 ex
2977 4512 3207 4576 ludzcis;
3250 4489 3349 4567 nec
3372 4528 3565 4568 nmuvs

322 4584 463 4643 bita,
504 4580 621 4650 quis
677 4595 779 4632 non
841 4579 1016 4633 videat
1082 4580 1368 4647 iniquitatis
1418 4584 1567 4650 argui
1611 4586 1879 4641 neminem

325 4689 499 4741 posse,
531 4673 617 4741 qui
645 4671 783 4739 quod
815 4670 912 4724 sibi
936 4670 1157 4723 debetur
1181 4672 1434 4739 exegerit.
1478 4688 1575 4727 nec
1604 4690 1724 4728 eum
1768 4692 1888 4729 cer-

322 4776 394 4827 te,
426 4762 511 4831 qtti
542 4759 679 4830 quod
707 4760 754 4814 ei
795 4759 1015 4813 debetur
1030 4758 1230 4813 donare
1264 4762 1484 4813 \olttcrit
1510 4764 1531 4815 'I
1577 4763 1677 4818 hoc
1706 4777 1885 4835 autem

326 4868 433 4905 non
464 4865 582 4905 esse
611 4850 661 4902 in
694 4864 876 4903 eorum
922 4849 1010 4916 qui
1042 4847 1308 4903 debitores
1346 4862 1489 4914 sunt,
1528 4852 1619 4905 sed
1669 4856 1717 4905 in
1745 4856 1883 4921 ejus,

322 4946 408 4999 cui
440 4946 682 5005 debetur,
707 4941 947 4995 arbitrio.
974 4939 1097 4994 "me
1125 4941 1317 5007 imago,
1338 4942 1445 5005 vel,
1474 4952 1529 4996 ut
1558 4960 1712 5013 supra
1744 4948 1877 5013 dixi,

325 5036 600 5102 vestigium
634 5033 850 5098 negotiis
870 5032 1138 5085 hominum
1162 5030 1226 5085 de
1258 5033 1461 5101 fastigio
1488 5050 1696 5090 summo
1723 5044 1887 5110 aequi-

320 5124 447 5180 tatis
497 5124 809 5189 impressum
864 5134 965 5176 est.
1001 5123 1135 5178 Sunt
1175 5124 1330 5192 igitur
1384 5142 1569 5181 omnes
1621 5129 1883 5202 homines,

316 5210 769 5283 quandoquidem,
794 5218 849 5263 ut
878 5211 1154 5279 Apostolus
1177 5217 1279 5269 alt:
1300 5216 1354 5269 In
1378 5216 1546 5272 Adam
1567 5236 1750 5279 onmes
1772 5241 1886 5280 Ino-

320 5309 547 5368 rinntur,
579 5318 607 5355 a
652 5316 756 5370 quo
783 5301 833 5353 in
880 5302 1178 5355 universum
1218 5320 1384 5373 genus
1424 5309 1707 5366 humanum
1740 5316 1889 5384 origo

327 5397 534 5450 ducitur
565 5392 873 5447 offensionis
905 5392 1016 5455 Dei,
1060 5408 1159 5446 una
1190 5398 1425 5463 qutcdam
1459 5416 1630 5455 massa
1662 5408 1884 5473 peccati,

323 5488 638 5556 supplicium
662 5485 862 5540 deberis
886 5484 1075 5538 divina:
1106 5501 1429 5558 summmque
1450 5490 1671 5560 justitiaa
1700 5514 1714 5550 :
1745 5501 1885 5567 quod

321 5580 445 5631 sive
480 5580 738 5647 exigatur,
788 5578 901 5633 sive
942 5579 1185 5645 donetur,
1221 5582 1359 5635 nulla
1406 5595 1486 5638 est
1529 5589 1796 5657 iniquitas.
1840 5594 1886 5649 A

318 5668 511 5735 quibus
530 5679 705 5721 autent
733 5669 1044 5738 exigendum
1070 5680 1120 5725 et
1141 5672 1330 5741 quibus
1354 5673 1655 5735 donandum
1680 5684 1875 5750 sit,su-

1990 4599 2209 4652 omnino
2237 4598 2479 4653 homines
2510 4601 2767 4668 gentium,
2796 4601 2891 4654 sed
2925 4617 2987 4654 ex
3018 4611 3142 4666 gent
3168 4604 3281 4655 bus.
3335 4601 3448 4655 Una
3477 4613 3564 4655 est

1991 4690 2131 4741 enim
2162 4704 2225 4743 ex
2254 4688 2422 4742 Adam
2456 4704 2630 4743 massa
2664 4700 2999 4758 peccatorum
3056 4701 3109 4745 et
3163 4692 3469 4760 impiorum,
3504 4693 3563 4745 in

1990 4793 2088 4846 qua
2120 4778 2286 4833 Judaei
2312 4791 2585 4847 etgentes,
2611 4790 2809 4834 remota
2833 4785 2996 4846 gratia
3026 4783 3137 4846 Dei,
3165 4785 3227 4835 ad
3258 4798 3415 4836 uuam
3439 4798 3562 4850 per-

1996 4871 2161 4923 tinent
2184 4871 2641 4938 conspersionem.
2672 4872 2727 4926 Si
2749 4874 2890 4927 enim
2921 4874 3109 4941 figulus
3134 4876 3184 4927 lu
3215 4877 3228 4928 i
3257 4893 3319 4929 cx
3367 4878 3560 4931 eadem

1994 4962 2371 5026 conspersione
2402 4961 2523 5015 facit
2569 4963 2710 5016 aliud
2762 4979 2854 5019 vas
2902 4965 2955 5019 in
3002 4967 3279 5030 honorem,
3311 4968 3454 5020 aliud
3506 4970 3560 5021 in

1993 5050 2394 5113 etmtutnclimt,
2441 5054 2778 5107 manifestum
2831 5064 2913 5109 est
2967 5067 3141 5108 autem
3190 5057 3328 5122 quod
3351 5074 3414 5111 ex
3466 5057 3563 5111 Ju-

1992 5143 2120 5195 da-is
2151 5142 2250 5195 alia
2305 5156 2427 5195 vasa
2476 5153 2597 5197 sunt
2629 5145 2680 5198 in
2738 5145 3015 5213 honorent,
3056 5149 3154 5199 alia
3188 5149 3239 5199 in
3288 5160 3567 5201 contume-

1995 5238 2141 5301 liam,
2159 5240 2294 5294 sicut
2320 5256 2383 5295 ex
2407 5244 2651 5310 gentibus
2675 5246 2945 5312 :sequitur
2966 5254 3016 5297 ut
3040 5245 3105 5297 ad
3127 5260 3282 5296 unam
3307 5259 3565 5312 consper-

1993 5331 2195 5384 sionem
2229 5347 2413 5385 omnes
2460 5334 2723 5399 pertinere
2764 5335 3140 5402 intelligantur.
3175 5334 3231 5387 Si
3269 5335 3446 5399 fuerit,
3479 5335 3567 5387 iu-

1989 5422 2123 5488 quit,
2145 5438 2399 5476 numerus
2422 5423 2651 5477 filiorum
2684 5424 2838 5477 Israel
2868 5426 3015 5492 quasi
3044 5439 3203 5478 arena
3233 5441 3347 5477 mar
3372 5441 3417 5487 s,
3438 5426 3567 5479 reli-

1990 5512 2126 5577 quite
2148 5513 2310 5565 saltue
2337 5511 2485 5566 (ient.
2513 5512 2717 5568 Caetera
2733 5530 2859 5583 ergo
2889 5515 3063 5579 turba,
3094 5532 3137 5568 v.
3158 5531 3214 5569 sa
3239 5521 3470 5583 perfecta
3492 5519 3563 5572 ad

1994 5600 2367 5666 perditionem.
2392 5602 2629 5657 Verbum
2653 5606 2795 5658 enim
2823 5620 3194 5660 consummans
3218 5617 3268 5661 ct
3285 5608 3556 5675 breviatis,

1992 5690 2179 5760 inquit,
2219 5692 2371 5749 faciet
2400 5694 2653 5750 Dominus
2672 5712 2832 5765 super
2859 5705 3090 5752 terram:
3117 5697 3167 5751 id
3198 5708 3297 5763 et,
3329 5709 3383 5753 ut
3407 5715 3567 5755 cont-

3912 2850 3927 3181 ἓ

3916 3204 3931 3847 ἒ
