3904 6176
277 292 354 347 18"}
844 328 872 356 ο

1061 299 1132 354 ιΝ
1174 292 1557 349 EPISTULA.“
1601 291 1690 345 AD
1730 244 2052 347 RDMANOS
2091 291 2608 349 COMMENTARIA.

3397 299 3500 354 436

275 406 428 475 pendio
456 405 578 460 ﬁdei
603 419 696 475 per
720 404 942 474 gratiam
971 405 1147 460 salvos
1180 406 1334 461 faciat
1365 409 1646 460 credentes
1673 423 1684 458 :
1712 421 1815 458 non
1851 410 1894 467 Λ
1925 406 2080 461 ritate
2110 408 2390 476 ferventia,
2423 413 2512 469 ille
2559 411 2761 476 tribuit,
2797 410 2882 464 ille
2922 410 3160 480 largitur.
3193 412 3388 467 Petrre
3421 415 3506 482 ju-

275 513 345 565 pcr
378 497 788 550 innumerabiles
825 495 1250 561 observationes,
1281 500 1474 566 quibus
1515 497 1600 550 illa
1635 496 1816 549 multi-

273 591 370 644 tuilo
415 587 684 642 serviliter
736 595 959 640 onerata
1016 588 1375 655 premebatur.
1439 588 1538 642 Per
1597 588 1816 658 gratiam

271 683 428 749 quippe
458 680 617 733 nobis
650 677 868 732 verbum
910 692 1290 733 consummans
1332 690 1383 733 et
1421 679 1667 734 breviatis
1696 679 1822 733 fecit

271 788 397 840 ειιιιθτ
423 782 646 834 terram,
675 771 860 826 dicens
881 790 891 825 ε
910 771 1100 842 Jugum
1132 788 1306 827 meum
1332 788 1494 826 suave
1523 782 1605 827 est
1632 787 1679 827 et
1707 789 1820 826 sar-

271 867 358 916 cina
392 879 501 916 mea
539 863 671 916 levis
712 873 811 916 εει.
859 863 1010 928 Quod
1058 873 1110 917 et
1135 864 1292 934 paulo
1321 876 1433 932 post
1469 863 1554 918 hic
1578 863 1772 917 dicitur
1803 882 1816 917 :

273 954 408 1020 Prope
443 962 526 1007 est
555 953 778 1007 verbum
823 953 873 1005 in
919 968 1013 1006 ore
1049 961 1138 1005 tuo
1167 960 1219 1006 et
1249 953 1301 1006 in
1347 955 1511 1008 corde
1557 963 1686 1008 tuo:
1721 953 1820 1008 hoc

273 1050 562 1101 esti-echino
595 1046 715 1100 lidei
747 1046 884 1115 quod
911 1046 1264 1113 pri-dicamus
1289 1063 1304 1100 :
1334 1047 1456 1110 quia
1489 1047 1530 1102 si
1563 1047 1818 1100 confitea-

273 1139 325 1191 ris
347 1140 389 1190 in
417 1153 508 1191 ore
542 1148 655 1205 tuo,
685 1139 805 1206 quia
839 1137 978 1191 Deus
1008 1137 1155 1190 illum
1196 1139 1480 1192 suscitavit
1509 1154 1536 1191 a
1570 1139 1817 1203 mortuis,

271 1229 416 1282 salvus
457 1231 587 1282 eris.
631 1228 806 1281 Corde
853 1228 993 1280 enim
1025 1229 1261 1281 creditur
1305 1230 1368 1282 ad
1409 1228 1695 1298 justitiam,
1726 1244 1822 1283 ore

271 1330 412 1374 autem
441 1319 710 1373 confessio
738 1319 796 1371 ﬁt
820 1323 883 1372 ad
914 1319 1161 1373 salutem.
1195 1321 1306 1373 lluc
1333 1334 1410 1375 rst
1444 1322 1662 1374 verbum
1693 1335 1822 1374 con-

269 1425 504 1466 sutnmans
533 1420 584 1464 et
601 1411 883 1477 breviatis,
917 1411 1056 1478 quod
1087 1411 1210 1464 ﬁcit
1233 1410 1372 1464 Deus
1393 1426 1556 1480 super
1590 1420 1817 1465 terram:

271 1518 349 1582 ῳ
375 1502 830 1556 consummatione
869 1510 1027 1570 atque
1053 1503 1312 1556 brevitate
1344 1504 1476 1556 la'ro
1497 1503 1820 1572 jnstiﬁcatus

272 1607 351 1663 est,
375 1596 454 1664 qui
483 1593 674 1648 deﬁxis
705 1594 756 1648 in
783 1606 940 1648 cruce
964 1610 1088 1648 onm
1115 1595 1211 1649 bus
1234 1597 1509 1660 membris,
1536 1605 1588 1648 et
1621 1595 1820 1650 habens
1861 1587 1864 1590 ’

273 1686 404 1739 libera
435 1684 548 1738 hme
577 1684 706 1749 duo,
735 1683 898 1738 corde
917 1685 1145 1739 credidit
1176 1687 1237 1737 ad
1261 1685 1538 1753 justitiam,
1571 1701 1662 1739 ore
1695 1701 1821 1740 con-

1922 498 2131 566 bcmur,
2169 509 2226 554 ut
2271 503 2629 572 accipiamus:
2658 518 2920 571 qius-rere,
2955 513 3011 555 ut
3041 504 3376 558 invenianms
3405 523 3418 558 :
3453 515 3508 560 et

1926 589 2159 656 pulsare,
2210 603 2266 647 ut
2308 597 2578 664 aperiatur
2619 597 2790 650 nobis.
2831 593 3016 647 Nonne
3061 595 3344 663 aliquando
3391 598 3503 665 ipsa

1919 683 2090 734 oratio
2122 695 2300 741 nostra
2331 690 2404 740 sic
2431 689 2603 758 tepida
2627 700 2730 753 est,
2765 688 2846 740 vel
2875 687 3049 756 potius
3073 687 3257 757 frigida
3289 703 3341 744 et
3368 706 3504 757 pene

1922 773 2082 836 nulla,
2125 785 2176 828 ut
2211 793 2387 844 neque
2442 779 2540 834 hoc
2585 781 2636 833 in
2690 778 2844 832 nobis
2881 793 3000 832 cmn
3032 777 3216 832 dolore
3259 780 3506 835 adverta-

1921 864 2073 916 ιιι.ιεῖ
2113 866 2234 932 quia
2281 868 2327 921 si
2361 869 2440 922 vel
2477 869 2578 924 hoc
2623 868 2887 933 dolemus,
2929 869 3037 937 jam
3088 884 3325 924 oramus.
3365 873 3504 938 Quid

1919 971 2047 1025 ergo
2075 958 2220 1014 aliud
2249 963 2438 1016 osteud
2465 974 2549 1018 tur
2597 961 2770 1028 nobis,
2818 961 2920 1017 nisi
2953 965 3075 1034 quia
3115 973 3170 1020 et
3211 978 3415 1035 petere,
3452 971 3508 1022 et

1929 1067 2173 1120 qttwrere
2201 1093 2214 1114 ,
2245 1061 2298 1105 et
2326 1055 2540 1120 pulsare
2571 1055 2660 1108 ille
2685 1056 2925 1107 Ctltlt‘fCtlll
2957 1095 2970 1115 ,
3003 1070 3092 1121 qui
3126 1058 3236 1106 ha-c
3265 1070 3316 1106 ut
3348 1059 3508 1108 taeta—

1932 1143 2240 1211 musjubet.
2277 1143 2444 1214 Igitur
2467 1161 2572 1198 non
2602 1144 2828 1197 volentis
2851 1184 2864 1204 ,
2901 1158 3073 1210 neque
3103 1145 3388 1204 currentis.
3411 1145 3505 1199 sed

1933 1233 2236 1286 ntiserentis
2277 1241 2358 1285 est
2399 1233 2532 1286 Dei:
2577 1233 3003 1302 quandoquidem
3052 1247 3150 1286 nec
3180 1233 3318 1286 velle
3351 1275 3364 1296 ,
3411 1249 3513 1287 nec

1934 1337 2151 1376 enrrere
2186 1365 2199 1386 ,
2252 1325 2351 1377 nisi
2383 1339 2448 1379 eo
2479 1337 2728 1378 monente
2770 1336 2929 1392 atque
2964 1326 3228 1378 excitante
3253 1365 3268 1388 ,
3314 1327 3513 1393 poteri-

1936 1426 2072 1464 mus.
2109 1411 2257 1476 Quod
2307 1413 2349 1464 si
2392 1413 2584 1466 electio
2619 1415 2672 1465 lit
2701 1410 2918 1481 aliqum",
2951 1423 3004 1466 ut
3034 1414 3110 1466 sic
3151 1414 3509 1481 intelligamus

1930 1501 2070 1568 quod
2107 1501 2304 1554 dictum
2355 1511 2437 1556 est
2485 1501 2791 1570 :Reliquia:
2842 1518 2934 1571 per
2973 1503 3284 1556 electionem
3329 1505 3515 1573 gratiae

1935 1593 2094 1644 saltue
2127 1592 2278 1646 facta:
2310 1600 2455 1657 sunt,
2485 1609 2588 1646 non
2615 1603 2671 1646 ut
2695 1594 2878 1662 justiﬁt
2899 1605 3106 1648 atorum
3130 1595 3320 1649 electio
3345 1595 3514 1649 liatad

1933 1685 2094 1736 vitam
2125 1693 2381 1738 aeternam
2414 1727 2427 1749 ,
2474 1686 2566 1740 sed
2601 1695 2657 1740 ut
2692 1688 2954 1755 eligantur
2981 1689 3068 1756 qui
3107 1687 3464 1755 justﬁcentnr
3489 1727 3506 1750 ,
3548 1732 3554 1738 .

272 1779 410 1832 fessus
438 1789 517 1832 est
547 1779 612 1830 ad
643 1777 895 1840 salutem,
926 1777 1213 1845 statimque
1243 1777 1426 1830 audire
1452 1780 1645 1832 meruit
1675 1797 1686 1831 :
1718 1777 1819 1830 llo-
1853 1780 1899 1838 Β
1931 1789 2075 1830 certe
2109 1779 2180 1830 ita
2207 1781 2414 1832 occulta
2453 1787 2535 1834 est
2576 1779 2766 1833 electio
2801 1821 2814 1844 ,
2859 1790 2919 1834 ut
2964 1781 3014 1834 in
3049 1781 3234 1835 eadem
3263 1793 3514 1848 comper-

273 1871 339 1925 die
363 1881 560 1924 mecum
610 1867 719 1924 eris
759 1870 812 1924 in
857 1870 1126 1940 paradiso.
1170 1868 1640 1938 Conscqttercntttr
1680 1871 1820 1924 enim

275 1962 380 2015 bona
406 1977 565 2031 opera
596 1961 735 2031 ejus,
778 1963 821 2016 si
875 1977 969 2031 per
1002 1970 1120 2031 ept-t
1153 1962 1322 2032 gratia
1355 1961 1446 2014 diu
1479 1961 1616 2016 inter
1643 1961 1821 2016 lto-mi-

275 2069 348 2107 ttas
371 2055 581 2110 viveret.
615 2051 725 2108 Nec
757 2061 931 2107 tamen
959 2068 1020 2108 ea
1051 2067 1177 2122 praet
1197 2061 1462 2117 esseraot,
1498 2063 1552 2106 ttt
1577 2052 1818 2106 eamdem

277 2147 459 2213 gratiam
489 2155 807 2212 mereretur,
840 2162 904 2198 ex
930 2145 1212 2200 latrocinio
1244 2144 1377 2198 ﬁxus
1409 2146 1460 2197 in
1493 2159 1730 2208 crucem,
1757 2159 1822 2198 ex

277 2253 400 2292 cruce
428 2239 477 2292 in
505 2239 810 2308 paradisum
836 2237 1146 2292 translatus.
1191 2236 1258 2291 Et
1285 2237 1422 2290 sicut
1454 2237 1715 2303 praedixit,
1744 2238 1824 2288 in-

275 2330 378 2398 quit,
406 2329 562 2383 Isaias
588 2349 600 2382 :
633 2330 743 2384 Nisi
777 2329 1036 2383 Dominus
1059 2328 1296 2384 Sabaoth
1333 2327 1635 2397 reliquisset
1665 2327 1823 2382 nobis

284 2436 453 2486 semen,
485 2424 619 2478 sicut
646 2423 877 2477 Sodoma
912 2417 1033 2478 facti
1067 2437 1328 2487 essemus,
1353 2433 1406 2478 et
1429 2423 1568 2477 sicut
1596 2421 1824 2477 Gomor-

280 2515 351 2564 rlta
377 2514 567 2568 similes
598 2511 907 2569 fuissemus.
947 2515 1096 2581 Quod
1131 2515 1214 2570 hic
1243 2515 1336 2580 ait,
1369 2514 1692 2585 Reliquissct
1725 2529 1820 2568 no-

282 2604 342 2657 bis
367 2620 535 2658 semen
566 2624 577 2656 :
611 2605 715 2658 hoc
746 2604 1124 2674 ibizlieliqnite
1144 2605 1305 2660 salvze
1335 2606 1480 2659 lieni.
1517 2605 1705 2660 Cceteri
1729 2621 1822 2660 au-

280 2709 361 2752 lem
398 2695 703 2768 perditionis
739 2715 862 2754 vasa
905 2700 1086 2754 debito
1124 2700 1385 2769 supplicio
1417 2701 1705 2768 perierunt.
1756 2691 1823 2754 Et

274 2805 353 2842 non
384 2807 559 2846 omnes
593 2794 799 2861 perisse
838 2793 975 2847 sicut
1007 2792 1237 2847 Sodoma
1265 2801 1319 2846 et
1349 2791 1668 2855 Gornorrha,
1713 2807 1818 2846 non

272 2883 479 2934 meritum
507 2898 693 2936 eorum
727 2881 869 2946 fecit,
900 2883 996 2937 sed
1029 2884 1194 2952 gra'ia
1225 2883 1318 2938 Dei
1360 2884 1711 2963 relittqttetrtis
1735 2898 1818 2936 se-

271 2989 386 3035 men,
418 2975 551 3028 unde
582 2977 682 3028 alia
721 2976 911 3030 messis
937 2985 1049 3029 toto
1080 2976 1212 3032 orbe
1234 2983 1602 3044 consurgeret.
1637 2975 1744 3028 lloc
1766 2983 1821 3030 et

271 3067 397 3132 ptulo
426 3081 531 3137 post
563 3085 576 3120 :
611 3069 700 3122 Sic
731 3084 880 3138 ergo,
911 3070 1102 3137 inquit,
1128 3081 1180 3124 et
1209 3070 1262 3122 in
1296 3071 1397 3123 hoc
1431 3078 1670 3137 tempore
1696 3069 1791 3123 reli

1929 1871 2082 1924 sione
2112 1871 2269 1924 nobis
2303 1887 2520 1940 prorsus
2555 1887 2814 1940 apparere
2846 1888 2948 1926 non
2984 1872 3184 1941 possit,
3219 1882 3310 1926 aut
3347 1872 3389 1924 si
3421 1887 3514 1940 ap-

1931 1971 2080 2029 paret
2111 1961 2430 2031 quibusdam
2459 2003 2475 2028 ,
2509 1978 2607 2032 ego
2638 1965 2688 2016 in
2718 1962 2817 2018 hac
2853 1977 2908 2017 re
2942 1963 3306 2016 infirmitatem
3340 1977 3512 2015 meam

1931 2052 2119 2107 fateor.
2151 2053 2265 2107 Non
2295 2055 2437 2107 enim
2472 2053 2642 2109 habeo
2670 2055 2808 2124 quod
2836 2056 3045 2109 intuear
3073 2055 3123 2106 in
3149 2054 3406 2122 eligendis
3427 2053 3516 2107 lto-

1935 2143 2168 2198 minihus
2199 2145 2263 2198 ad
2304 2146 2527 2214 gratiam
2559 2146 2892 2214 salutarcm_,
2925 2147 2968 2199 si
2999 2145 3064 2199 ad
3097 2160 3326 2198 examen
3355 2142 3512 2212 hujus

1927 2235 2206 2289 electionis
2235 2235 2409 2305 aliqua
2436 2235 2761 2304 cogitatione
2790 2235 3073 2305 permittor
3099 2280 3110 2302 ,
3148 2233 3249 2288 nisi
3277 2234 3360 2288 vel
3393 2248 3508 2287 ma-

1922 2321 2012 2392 jus
2038 2326 2307 2396 ingenium
2335 2366 2350 2392 ,
2393 2325 2477 2381 vel
2512 2326 2718 2380 minora
2751 2336 2964 2396 peccata
2995 2367 3010 2391 ,
3061 2326 3145 2379 vel
3179 2335 3461 2392 utrumque
3486 2365 3503 2392 .

1928 2417 2185 2469 addamus
2217 2418 2400 2481 etiam,
2427 2415 2472 2471 si
2504 2419 2692 2486 placet,
2726 2417 2975 2472 honestas
3009 2417 3270 2485 milesque
3312 2417 3513 2468 declin-

1928 2522 2042 2560 nas.
2090 2508 2340 2574 Quisquis
2371 2524 2498 2576 ergo
2529 2505 2688 2562 fuerit
2727 2523 2882 2578 quam
2918 2509 3151 2562 minimis
3183 2507 3413 2576 peccatis
3439 2509 3512 2560 ir-

1929 2599 2118 2651 retitus
2155 2609 2316 2666 atque
2347 2599 2640 2653 maculatus
2671 2599 2816 2669 (nam
2845 2600 3006 2652 nullis
3035 2601 3156 2668 quis
3183 2597 3434 2666 potestl},
3456 2607 3510 2652 et

1926 2703 2048 2744 aei-r
2073 2691 2306 2758 ingenio,
2341 2699 2394 2745 et
2424 2691 2732 2746 liberalibus
2755 2693 2961 2747 artibus
2990 2693 3278 2762 expolitus,
3303 2693 3508 2762 eligen-

1926 2783 2026 2838 dus
2069 2785 2278 2840 videtur
2308 2784 2370 2839 ad
2412 2790 2656 2857 gratiam.
2712 2788 2814 2845 Sed
2844 2805 2962 2843 cum
3012 2791 3113 2843 hoc
3142 2801 3403 2856 Statuero,
3439 2800 3507 2845 tta

1935 2893 2020 2930 me
2051 2875 2244 2930 ridebit
2272 2877 2361 2932 ille
2393 2880 2478 2946 qui
2514 2877 2722 2932 inﬁrma
2771 2881 2954 2932 mundi
2983 2881 3162 2949 elegit,
3197 2892 3250 2934 ttt
3285 2881 3512 2937 confun-

1938 2970 2028 3023 dat
2065 2969 2246 3036 fortia,
2273 2981 2322 3023 et
2356 2970 2513 3024 stulta
2555 2973 2756 3035 mundi,
2784 2982 2839 3026 ut
2867 2975 3154 3027 confundat
3197 2976 3466 3045 sapientes
3494 2995 3508 3031 :

1936 3077 1991 3119 ut
2026 3082 2144 3120 cum
2192 3065 2407 3120 intuens
2451 3075 2504 3118 et
2540 3067 2744 3134 pudore
2788 3079 3085 3132 correctus,
3127 3083 3225 3138 ego
3264 3069 3515 3124 irrideant

269 3160 382 3223 quia:
411 3175 496 3227 per
519 3160 838 3213 eleCtionem
872 3161 1056 3228 gratiae
1085 3159 1250 3212 salva:
1277 3158 1428 3212 facta:
1457 3169 1598 3212 sunt.
1639 3158 1694 3213 Si
1727 3175 1817 3210 au-
1847 3161 1893 3227 ο
1929 3158 2148 3221 multos,
2177 3167 2228 3210 et
2263 3172 2369 3224 pra:
2396 3157 2710 3226 quibu~dam
2748 3160 3113 3226 peccatoribus
3137 3161 3425 3228 castiorcs,
3459 3173 3515 3216 et

269 3258 354 3302 tem
383 3252 561 3317 gratia,
583 3252 694 3319 jam
721 3266 825 3304 non
850 3265 914 3304 ex
936 3251 1186 3320 operibus
1207 3251 1484 3331 :3lioquin
1513 3251 1682 3320 gratia
1708 3251 1818 3318 jam

268 3355 354 3394 Itan
375 3352 448 3395 cst
476 3347 665 3411 gratia.
703 3342 836 3408 Quid
863 3343 1023 3410 ergo?
1053 3342 1193 3410 quod
1220 3345 1489 3411 qumrebat
1512 3344 1694 3407 Israel,
1723 3344 1822 3398 hoc

265 3447 351 3486 non
374 3445 451 3488 est
475 3445 814 3501 consecutus,
846 3437 1035 3489 electio
1071 3445 1246 3489 autem
1270 3444 1556 3490 consecuta
1587 3446 1688 3498 est,
1715 3451 1820 3489 cm-

263 3527 346 3578 ter-i
372 3543 490 3581 vero
521 3530 774 3582 excit-cati
800 3539 944 3582 sunt.
975 3527 1272 3582 Coasecuta
1305 3539 1429 3581 sunt
1458 3543 1578 3582 vasa
1609 3527 1820 3582 miseri-

260 3618 456 3685 cordim,
496 3630 760 3674 exearcata
805 3630 930 3674 sunt
970 3633 1094 3673 vasa
1146 3622 1237 3674 ir.e
1263 3637 1274 3670 :
1301 3637 1366 3676 ex
1408 3621 1593 3675 eadem
1643 3629 1820 3676 tamen

260 3711 636 3774 Conspersione.
681 3711 808 3776 Quis
838 3711 981 3765 enim
1011 3710 1260 3764 discutiet
1308 3726 1468 3779 opera
1503 3711 1712 3764 Domini
1754 3727 1820 3766 ex

257 3797 429 3851 cadem
457 3803 836 3872 cmispersione
867 3817 1029 3854 unum
1060 3801 1386 3866 damnantis,
1413 3802 1638 3856 alterum
1665 3814 1821 3870 just.-

259 3886 487 3944 fit-antis?
543 3892 795 3946 Liberum
847 3893 1136 3946 voluntatis
1191 3892 1470 3946 arbitrium
1530 3893 1819 3961 plurimum

258 3980 385 4034 Valet
411 4001 424 4036 :
449 3984 548 4038 imo
567 3999 764 4038 verum
789 3994 871 4038 est
893 3984 1135 4053 quidem,
1169 3985 1263 4040 sed
1290 3986 1342 4038 in
1376 3986 1694 4040 venundatis
1723 3987 1823 4040 sub

257 4087 460 4136 peccato
484 4077 604 4145 quid
633 4078 812 4131 valet?
839 4076 995 4142 Caro,
1032 4077 1225 4148 inquit,
1262 4080 1593 4148 concupiscit
1629 4079 1820 4133 adier-

253 4174 337 4215 stis
377 4167 636 4232 Spiritum,
684 4169 905 4237 spiritus
935 4171 1192 4224 adversus
1239 4187 1453 4225 carnem
1485 4189 1496 4224 :
1526 4181 1581 4224 ut
1625 4189 1728 4225 non
1759 4189 1821 4226 ea

254 4269 364 4322 qua:
387 4261 546 4332 vultis,
571 4260 800 4315 faciatis.
829 4262 1143 4331 Praecipitur
1177 4272 1234 4316 ut
1259 4273 1402 4339 recte
1433 4263 1690 4329 vivamus,
1724 4264 1823 4319 hac

169 4366 184 4374 ’
255 4351 431 4418 utique
463 4355 709 4410 mercede
750 4356 1044 4422 proposita,
1080 4365 1136 4408 ttt
1178 4357 1230 4410 in
1273 4366 1532 4411 aeternum
1567 4361 1718 4412 beate
1747 4361 1823 4413 vi-

247 4454 368 4497 vere
399 4461 718 4503 mereamur.
744 4447 850 4504 Sed
876 4449 993 4518 quis
1022 4459 1195 4517 potest
1219 4461 1360 4504 recte
1385 4452 1585 4516 vivere,
1609 4462 1661 4507 et
1685 4453 1821 4506 bene

1929 3264 2036 3318 pra:
2066 3248 2383 3317 quibusdam
2420 3249 2770 3318 piscatoribus
2798 3261 3057 3307 oratores.
3093 3253 3279 3308 Nonne
3321 3254 3514 3308 adver-

1926 3341 2088 3393 timus
2130 3341 2325 3394 mnltos
2378 3341 2564 3396 ﬁdeles
2592 3355 2804 3396 nostros
2849 3345 3185 3400 ambulantes
3217 3347 3350 3400 viam
3393 3347 3512 3413 Dei,

1923 3443 1988 3482 ex
2033 3427 2178 3482 nulla
2210 3441 2362 3497 parte
2411 3430 2624 3501 ingenio
2657 3433 2961 3499 comparari
2991 3450 3009 3488 τ’
3040 3449 3146 3489 non
3177 3435 3350 3491 dicam
3379 3453 3512 3506 quo-

1926 3523 2170 3575 rumdam
2215 3521 2622 3586 haereticorum,
2672 3525 2767 3578 sed
2810 3530 2973 3580 etiam
3019 3527 3337 3583 mimorum?
3379 3531 3509 3586 Item

1925 3627 2102 3666 nanne
2128 3613 2370 3668 videmus
2391 3615 2648 3683 quosdam
2679 3617 2922 3672 homines
2951 3619 3224 3688 utriusque
3253 3637 3432 3691 sexus,
3457 3625 3507 3678 in

1924 3705 2188 3774 conjugali
2223 3707 2466 3759 castitate
2517 3707 2764 3762 viventes
2795 3709 2911 3763 sine
2956 3712 3195 3778 qu.-rela,
3243 3723 3297 3766 et
3331 3722 3509 3769 tamen

1927 3797 2005 3850 vel
2030 3795 2331 3864 ltxreticos,
2365 3797 2448 3851 vel
2480 3811 2739 3867 paganos,
2771 3799 2852 3853 vel
2885 3803 3044 3854 etiam
3085 3802 3134 3854 in
3164 3817 3289 3856 vera
3324 3804 3426 3858 ﬁde
3461 3817 3515 3859 et

1927 3902 2048 3940 vera
2083 3887 2319 3940 Ecclesia
2365 3888 2444 3941 sic
2487 3889 2718 3956 tepidos,
2755 3899 2812 3943 ut
2853 3905 2947 3943 eos
2977 3891 3232 3948 miremur
3263 3898 3512 3950 meretri-

1924 3993 2044 4032 cum
2077 3988 2130 4032 et
2169 3978 2493 4032 histrionum
2533 3979 2715 4034 subito
2759 3995 3142 4037 conversurum
3185 4000 3289 4039 non
3337 3991 3511 4041 solum

1929 4071 2184 4140 pat'emia
2235 4081 2288 4124 et
2342 4071 2718 4139 temperantia,
2765 4075 2858 4128 sed
2903 4076 3065 4131 etiam
3113 4078 3235 4145 ﬁde,
3289 4094 3404 4148 spe,
3457 4091 3512 4136 et

1925 4163 2184 4217 cbaritate
2223 4163 2502 4230 superari?
2553 4164 2739 4218 llestat
2781 4181 2933 4236 ergo,
2982 4176 3037 4220 ut
3085 4168 3382 4224 voluntates
3415 4175 3515 4225 eli-

1925 4263 2158 4326 gantur:
2189 4251 2284 4308 sed
2324 4255 2574 4310 voluntas
2616 4255 2750 4326 ipsa,
2801 4258 2905 4314 nisi
2946 4259 3148 4330 aliquid
3191 4253 3509 4332 occurrerit,

1923 4345 2063 4414 quod
2104 4343 2332 4400 delectet
2374 4354 2533 4415 atque
2575 4347 2763 4400 invitet
2816 4349 3077 4414 animum,
3120 4357 3319 4406 moveri
3366 4357 3512 4408 nullo

1926 4438 2084 4490 tnodo
2120 4446 2309 4506 potest.
2348 4431 2459 4490 lloe
2489 4447 2664 4490 autem
2698 4447 2756 4492 ut
2785 4450 3050 4505 occurrat,
3081 4457 3186 4496 non
3225 4455 3308 4497 est
3341 4447 3392 4498 in
3427 4445 3520 4498 ltu-

246 4540 474 4603 «ψει-πί.
503 4541 600 4594 nisi
634 4541 958 4610 jusqgcams
989 4557 1054 4594 εχ
1089 4541 1230 4594 ηιιεῖ
1265 4542 1576 4611 princ;er
1606 4552 1663 4595 ,η
1697 4559 1816 4596 πε,
1848 4543 1900 4604 D
1928 4529 2084 4580 minis
2117 4537 2402 4596 potestate.
2435 4527 2570 4595 Quid
2599 4527 2811 4582 volebat
2846 4529 3058 4597 Saulus,
3089 4532 3194 4586 nisi
3232 4534 3508 4602 invadere,

245 4623 450 4692 damus,
479 4641 530 4682 ut
554 4631 697 4684 dono
728 4641 948 4700 accepto
973 4631 1202 4698 Spiritus
1225 4635 1416 4693 sancti,
1450 4649 1544 4700 per
1575 4633 1659 4685 dil.
1681 4633 1819 4687 ctio-

244 4727 362 4769 nem
409 4719 538 4774 bene
582 4721 794 4789 operari
837 4723 1128 4789 possimus.
1184 4723 1293 4776 Sed
1336 4723 1452 4784 quis
1492 4733 1665 4792 potest
1703 4740 1817 4778 cre-

242 4805 390 4873 dere,
439 4813 532 4866 nisi
580 4814 756 4882 aliqua
788 4815 1092 4878 vocatione,
1125 4815 1226 4868 hac
1269 4825 1373 4880 eSt,
1421 4817 1596 4885 aliqua
1640 4832 1816 4872 rerum

241 4903 292 4948 te
324 4899 611 4957 tiliuatiane
655 4907 941 4974 tangatur?
983 4904 1114 4971 Quis
1143 4905 1301 4959 habet
1335 4907 1387 4960 in
1423 4916 1684 4974 potestate
1727 4908 1817 4961 tali

243 4986 363 5040 visu
413 4995 591 5064 attingi
642 5004 875 5048 mentem
924 5009 1098 5061 suam,
1143 5012 1247 5064 quo
1277 5000 1392 5064 ejus
1431 4998 1676 5052 voluntas
1704 5014 1818 5052 mo—
1861 5053 1863 5055 .

237 5087 431 5134 veatur
456 5083 516 5137 ad
548 5085 733 5140 tidem?
774 5086 904 5153 Quis
933 5099 1108 5142 autem
1138 5091 1318 5144 animo
1344 5091 1686 5158 amplectitur
1724 5093 1821 5145 ali-

235 5171 392 5236 ίςυὶιι.
424 5177 557 5244 quod
589 5197 709 5235 eum
741 5196 845 5234 non
878 5177 1140 5234 delectat?
1173 5185 1277 5236 Aut
1306 5183 1424 5251 quis
1451 5181 1609 5238 habet
1643 5185 1691 5237 in
1728 5200 1821 5253 po-

237 5265 458 5331 testate,
491 5280 544 5324 ut
572 5273 655 5326 vel
685 5281 956 5335 occurrat,
995 5274 1133 5340 quod
1164 5289 1283 5327 eum
1326 5273 1592 5328 delectare
1633 5275 1818 5343 possit,

233 5355 318 5406 Vel
345 5357 571 5418 delectet
601 5379 721 5418 cum
755 5365 1084 5420 occurrerit?
1117 5365 1250 5419 Cum
1297 5380 1424 5434 ergo
1452 5380 1549 5418 nos
1579 5381 1640 5418 ea
1669 5365 1817 5420 dele-

230 5453 384 5499 ctam
418 5453 601 5520 quibus
643 5455 989 5524 proﬁciamus
1040 5455 1104 5508 ad
1145 5455 1332 5516 Deum,
1375 5456 1662 5524 inSpir..tur
1694 5455 1813 5521 hoc,

228 5547 282 5587 ει
315 5543 586 5608 [trahetur
605 5547 774 5616 gratia
803 5546 920 5610 Dei,
949 5561 1052 5601 non
1089 5557 1222 5601 nutu
1253 5555 1509 5600 nostraet
1537 5546 1813 5611 industria,

230 5640 329 5681 aut
377 5646 593 5701 operum
625 5639 832 5692 meritis
877 5649 1254 5705 comparatur:
1289 5640 1408 5706 quia
1445 5647 1496 5691 ut
1530 5637 1596 5691 sit
1639 5649 1814 5692 motus

224 5721 544 5794 voluntatis,
578 5738 632 5784 ut
661 5730 730 5783 sit
759 5728 1020 5782 industria
1050 5729 1232 5796 studii,
1278 5739 1334 5784 ut
1362 5731 1469 5784 sint
1498 5743 1657 5799 opera
1686 5730 1811 5783 cha-

1929 4621 2159 4688 trahcre,
2214 4622 2438 4686 vincire,
2485 4637 2678 4676 nccare
2718 4624 3084 4678 ChriStianos?
3115 4641 3272 4695 quam
3322 4630 3509 4682 rabida

1929 4714 2196 4781 voluntas,
2229 4730 2388 4784 quam
2414 4713 2636 4781 furiosa,
2665 4731 2824 4784 quam
2854 4717 3026 4770 casca!
3061 4719 3160 4782 Qui
3194 4727 3368 4771 tanien
3405 4735 3505 4773 una

1925 4807 2156 4874 desuper
2187 4822 2320 4862 voce
2346 4816 2666 4876 prostratus,
2692 4818 3008 4862 occurrente
3039 4812 3220 4876 utique
3249 4810 3340 4862 tali
3367 4812 3509 4874 visu,

1925 4913 1955 4965 q
1984 4915 2029 4949 io
2058 4914 2210 4952 ικρηε
2243 4900 2328 4951 illa
2358 4908 2410 4952 et
2438 4899 2702 4964 voluntas,
2734 4895 2956 4950 refracta
2985 4899 3206 4960 swvitia,
3231 4909 3513 4971 retorque-

1927 4999 2072 5041 retttr
2095 4999 2158 5054 ,et
2189 4991 2554 5058 corrige-retur
2592 4990 2656 5041 ad
2691 4989 2871 5053 ﬁdem,
2919 4999 3135 5056 repente
3169 5004 3230 5042 ex
3267 4989 3513 5059 Evange-

1930 5081 1982 5133 lii
2031 5082 2261 5134 mirabili
2294 5093 2661 5149 persecutore,
2709 5081 3004 5134 tnirab.|ii.r
3036 5085 3353 5150 praedicator
3383 5087 3512 5141 elle-

1925 5166 2044 5228 c'tus
2073 5185 2173 5227 est.
2200 5175 2263 5228 Et
2295 5186 2473 5229 tamen
2505 5175 2628 5244 quid
2672 5175 2938 5232 dicimus?
2979 5178 3224 5244 Nunquid
3257 5180 3510 5249 iniquitas

1925 5278 2006 5320 est
2033 5253 2170 5334 apud
2204 5267 2405 5322 Deum?
2445 5269 2748 5338 exigentem
2780 5283 2810 5322 a
2849 5285 2954 5338 quo
2985 5271 3181 5339 placet,
3217 5273 3506 5326 donantem

1926 5359 2008 5411 cui
2037 5361 2210 5426 placet
2236 5375 2249 5412 :
2289 5361 2375 5428 qui
2408 5376 2745 5430 nequaquam
2776 5362 2939 5431 exigit
2964 5364 3279 5426 itnlebitum,
3308 5379 3510 5432 nequa-

1926 5464 2082 5514 qnint
2126 5449 2289 5502 tiOliai.
2333 5451 2589 5505 alienum.
2647 5451 2896 5521 Nunquid
2945 5452 3196 5521 iniquitas
3245 5462 3325 5504 est
3369 5452 3510 5518 apud

1932 5538 2140 5592 Deum?
2175 5541 2346 5594 Absit.
2374 5541 2549 5608 Quare
2576 5554 2750 5596 tamen
2787 5545 2904 5596 huic
2931 5544 3022 5608 ita,
3055 5555 3106 5596 et
3131 5542 3250 5594 huic
3275 5559 3378 5594 non
3407 5543 3510 5597 ita?

1925 5635 1966 5685 υ
1997 5633 2175 5698 homo,
2218 5646 2269 5687 tu
2305 5636 2422 5703 quis
2466 5636 2560 5690 es?
2592 5637 2826 5690 debitum
2859 5635 2903 5688 si
2948 5651 3049 5689 non
3097 5636 3296 5698 reddis,
3343 5637 3511 5693 habes

1923 5727 2061 5795 quod
2091 5703 2374 5796 gratularis
2396 5744 2410 5784 :
2436 5729 2480 5783 si
2512 5729 2715 5798 real-lis,
2743 5745 2848 5783 non
2878 5729 3043 5784 habes
3075 5730 3210 5799 quod
3237 5746 3508 5803 queraris,
