3904 6176
395 312 496 364 487

1442 312 1741 369 Ρῐιιλιλειι
1783 312 1966 368 ADBU
1979 313 2233 369 ΜΕΤΛΝΙ
2279 316 2489 372 EPISC.

3534 322 3624 380 188

386 424 680 478 Credamus
725 431 948 483 tantum.
972 424 1075 478 etsi
1118 438 1308 499 capere
1345 440 1447 478 non
1491 428 1763 480 valeamus
1791 470 1806 493 ,
1836 442 1965 495 quo-
2001 430 2043 489 Α
2074 428 2186 481 dico
2209 446 2228 482 :
2262 429 2513 499 Nunquid
2560 429 2724 484 Israel
2770 447 2871 483 non
2903 433 3169 501 cognouit?
3198 430 3444 502 Nunquid
3481 432 3629 488 Israel

396 518 535 570 niam
562 518 649 586 qui
684 518 987 571 universam
1028 528 1350 583 creaturam,
1380 529 1427 572 et
1453 520 1743 587 spiritalem
1774 532 1820 572 ct
1850 534 1967 571 cor-

390 609 652 676 poralem,
697 609 817 662 fecit
849 618 904 663 et
925 608 1179 669 condidit,
1203 611 1377 662 omnia
1405 611 1454 663 in
1494 626 1736 675 numero,
1763 621 1816 664 et
1840 626 1969 680 pou-

324 682 335 705 ’
386 700 541 763 tlerc,
583 710 632 755 et
674 716 921 755 mensura
971 701 1207 769 disponit
1248 702 1386 756 :scd
1427 704 1789 757 inscrutabilia
1846 713 1969 756 sunt

396 791 593 858 judicia
624 792 763 861 ejus,
789 801 841 845 et
879 792 1277 861 investigabiles
1320 793 1416 846 vite
1448 793 1581 863 t-jus.
1622 794 1868 847 Dicamus
1902 793 1973 846 al-

404 883 579 948 Icluia,
630 892 683 937 et
727 883 1093 936 collaudcmus
1140 884 1424 945 canticum,
1466 896 1519 939 et
1559 900 1663 939 nan
1707 886 1968 949 dicamus,

399 973 525 1043 quid
559 974 691 1027 hoc?
721 983 809 1027 aut
844 974 968 1043 quid
1010 975 1126 1029 hic?
1152 974 1341 1029 Omnia
1372 975 1511 1030 enim
1533 975 1584 1028 in
1611 984 1847 1045 tempore
1875 989 1972 1029 suo

396 1075 575 1120 creata
603 1075 747 1120 sunt.

388 1222 555 1292 (Item
594 1226 657 1277 de
695 1225 825 1278 libro
860 1226 1084 1279 secundo
1116 1228 1388 1297 Augustini
1417 1230 1485 1280 ad
1527 1226 1972 1299 Simplicianum.)

464 1335 719 1391 Diabo’us
762 1338 921 1391 etiam
956 1340 1143 1393 volens
1184 1354 1379 1394 nocere
1404 1342 1546 1407 justo
1582 1343 1698 1395 viro
1722 1341 1841 1407 Job,
1878 1358 1972 1396 no-

393 1428 546 1480 cendi
577 1428 786 1496 quidem
819 1430 1094 1513 voluntate
1135 1431 1380 1483 diabolus
1417 1440 1555 1495 erat,
1601 1425 1693 1485 sed
1729 1443 1907 1486 tamen
1941 1449 1972 1488 a

399 1518 625 1573 Domino
659 1520 766 1573 Deo
794 1529 1108 1589 potestatem
1154 1523 1390 1589 petebat,
1433 1523 1617 1577 dicens
1644 1539 1658 1576 :
1685 1525 1829 1579 Mitte
1865 1542 1975 1579 rna-

400 1628 525 1664 num
552 1620 717 1677 tuam,
741 1623 794 1666 et
832 1624 989 1684 tange
1013 1631 1227 1669 carnem
1251 1617 1387 1685 ejus,
1416 1619 1657 1686 quamvis
1682 1620 1783 1674 hoc
1808 1630 1971 1687 esset,

395 1704 438 1757 si
471 1705 882 1769 permitteretur,
915 1707 1027 1774 ipse
1071 1706 1307 1760 facturus
1330 1723 1345 1761 :
1372 1707 1539 1776 ipsam
1570 1709 1710 1761 enim
1750 1711 1973 1778 permiso

2075 532 2176 569 non
2202 522 2449 589 cognovit
2474 529 2662 588 gentes
2696 534 2817 573 esse
2845 520 3157 575 salvantlas?
3196 523 3287 576 sed
3325 525 3534 591 quando
3564 525 3631 576 le-

2072 610 2265 676 gebant
2300 610 2624 675 testimonia,
2651 613 2716 666 de
2741 613 3026 683 Proselytis
3058 613 3165 667 dici
3196 614 3509 679 credebam,
3534 630 3628 667 non

2072 700 2139 753 de
2180 701 2429 754 universo
2478 702 2694 755 mundo.
2743 702 2948 756 Primus
2988 701 3189 772 Moyses
3229 704 3350 755 dicit
3379 720 3397 756 :
3432 704 3536 775 Ego
3572 704 3631 754 ad

2072 791 2446 844 mutilationem
2477 808 2560 845 vos
2583 793 2860 847 adducam.
2895 793 3027 860 Quia
3058 794 3314 847 debuistis
3343 798 3633 863 exempturo

2075 884 2334 952 praebere,
2361 895 2417 936 ut
2442 894 2628 953 gentes
2659 900 2753 938 vos
2781 885 3137 949 imitarentur,
3173 896 3229 937 ut
3259 887 3455 939 relictis
3488 887 3637 939 idolis

2075 986 2256 1026 verum
2288 972 2451 1026 Deum
2475 975 2736 1028 colerem.
2766 973 2915 1028 Nunc
2942 976 3021 1028 vel
3050 976 3169 1029 illos
3200 975 3496 1043 imitamini,
3522 976 3638 1045 quia

2068 1060 2177 1130 jam
2210 1063 2282 1117 illi
2316 1065 2453 1117 idola
2486 1081 2587 1118 non
2625 1066 2826 1118 colunt.
2858 1065 2923 1117 In
2949 1083 3048 1119 non
3086 1077 3303 1136 gentem.
3347 1070 3635 1136 Antequam

2073 1156 2353 1210 crederent
2385 1156 2514 1224 Deo,
2545 1172 2648 1212 non
2694 1168 2811 1212 erat
2839 1173 2968 1227 gens
3004 1159 3113 1213 Dei.
3145 1159 3304 1225 Quasi
3346 1160 3504 1221 dicat,
3552 1175 3640 1214 eos

2075 1248 2162 1316 qui
2212 1265 2257 1301 ne
2283 1266 2313 1302 n
2354 1259 2507 1303 erant
2538 1264 2665 1318 gens
2704 1265 2817 1305 mea
2853 1266 3008 1316 voco,
3050 1260 3105 1305 et
3150 1251 3371 1306 credent
3422 1255 3546 1305 mihi
3577 1254 3640 1307 ad

2075 1349 2306 1391 vestram
2353 1338 2825 1394 irritationem:ut
2870 1342 3061 1409 quibus
3109 1342 3366 1395 debuistis
3415 1344 3643 1410 majores

2074 1442 2214 1491 esse,
2245 1429 2522 1501 gaudeatis
2558 1431 2601 1483 si
2634 1433 2711 1485 cis
2740 1431 3047 1501 mquamini.
3079 1431 3226 1487 Sicut
3265 1432 3309 1485 si
3338 1432 3527 1501 aliquis
3556 1436 3643 1486 ha.

2076 1516 2201 1573 beat
2232 1518 2397 1573 lilium
2442 1519 2861 1585 inobedicntem,
2904 1530 2957 1575 t-t
3003 1522 3068 1575 ad
3113 1510 3482 1591 corrigendum
3526 1539 3643 1578 eum

2075 1610 2354 1665 dimidium
2380 1613 2755 1680 patrimottium
2787 1615 2877 1669 det
2898 1630 3072 1682 servo,
3110 1625 3164 1670 et
3190 1626 3372 1684 postea
3404 1618 3490 1671 ille
3520 1600 3667 1671 con?

2077 1716 2262 1757 versus
2285 1704 2512 1770 gaudeat
2540 1705 2585 1759 si
2621 1706 2765 1759 aliud
2795 1707 3068 1760 dimidium
3094 1709 3351 1762 meruerit
3381 1710 3640 1777 accipere.

392 1796 602 1849 sionem
633 1797 845 1864 petebat.
872 1796 971 1850 boc
997 1797 1179 1861 modo,
1215 1807 1270 1852 et
1301 1812 1513 1851 manum
1549 1799 1757 1852 Domini
1798 1802 1974 1868 appel-
2006 1793 2050 1852 Β
2078 1794 2141 1847 1η
2163 1808 2361 1866 gentem
2390 1795 2709 1866 insipientem
2738 1800 2790 1851 in
2828 1800 2958 1852 iram
2989 1816 3074 1853 vos
3105 1802 3320 1855 mittam.
3354 1801 3493 1857 Gens
3522 1803 3642 1857 insi-

398 1886 558 1950 labat,
597 1889 908 1955 permissam
958 1902 986 1940 a
1034 1887 1265 1941 Domino
1306 1903 1518 1942 manum
1560 1905 1731 1954 suam,
1773 1889 1821 1942 id
1869 1898 1969 1954 est,

396 1977 563 2044 ipsam
600 1987 913 2046 potestatem
955 1993 1111 2047 quam
1161 1979 1374 2033 volebat
1414 1979 1679 2047 accipere.
1714 1979 1809 2035 Cui
1848 1995 1975 2034 Clit:-

392 2069 537 2136 gruit
572 2068 697 2123 illud
740 2070 793 2123 in
844 2070 1164 2138 Evangelia,
1222 2071 1365 2138 quod
1415 2072 1669 2126 Dominus
1700 2072 1975 2142 discipulis

394 2159 469 2211 ait
499 2174 514 2212 :
546 2158 654 2213 llac
692 2169 847 2214 nocte
888 2161 1174 2228 postulavit
1217 2160 1446 2215 Satanas
1473 2177 1667 2217 vexare
1706 2178 1799 2217 vos
1839 2162 1977 2217 sit-ut

396 2254 647 2308 triticum.
696 2254 873 2308 Dictus
921 2270 1049 2324 ergo
1087 2255 1304 2325 spiritus
1346 2256 1440 2310 Dei
1490 2257 1686 2324 malus,
1735 2256 1833 2311 hoc
1870 2265 1974 2321 est,

393 2345 638 2399 minister
664 2344 753 2399 Dei
780 2346 845 2398 ad
876 2345 1173 2399 faciendum
1207 2346 1403 2399 malum
1429 2347 1479 2399 in
1504 2348 1650 2409 Saul,
1689 2346 1829 2415 quod
1853 2362 1973 2400 eum

392 2437 500 2505 pati
552 2435 715 2503 judex
766 2436 1317 2505 omnipotentissimus
1357 2438 1665 2506 judicabat,
1722 2437 1972 2506 quoniam

390 2524 613 2592 Spiritus
652 2525 740 2579 illc
765 2526 1038 2580 voluntate
1066 2540 1166 2594 qua
1200 2526 1368 2579 malus
1393 2536 1531 2589 erat,
1563 2542 1668 2580 non
1704 2535 1817 2581 erat
1847 2526 1969 2579 Dei:

386 2628 632 2671 ereatura
662 2631 811 2679 vero,
836 2631 939 2687 qua
966 2618 1212 2671 conditus
1257 2631 1395 2685 erat,
1429 2628 1483 2672 et
1521 2628 1782 2686 potestate
1814 2633 1970 2688 quam

389 2722 496 2761 non
527 2721 644 2773 sua,
696 2706 789 2761 sed
836 2708 1041 2761 Domini
1097 2710 1334 2762 tmnium
1378 2710 1626 2778 aequitate
1671 2719 1968 2779 acceperat,

391 2803 482 2857 Dei
510 2811 643 2856 erat.
677 2804 824 2866 Item,
860 2802 937 2857 ira
982 2804 1213 2857 hominis
1244 2803 1442 2857 fervida
1486 2814 1588 2870 ρει,
1620 2812 1674 2858 et
1708 2818 1811 2857 non
1856 2803 1974 2858 sine

388 2895 626 2947 cruciatu
658 2894 818 2947 animi
853 2893 969 2947 :ira
1000 2908 1127 2946 vero
1149 2894 1240 2947 Dei
1270 2893 1336 2947 de
1359 2908 1460 2963 qua
1490 2893 1685 2947 dicitur
1715 2894 1765 2947 iu
1794 2894 1968 2947 Evan-

389 2984 568 3053 gelio:
614 2982 716 3037 Sed
754 2983 827 3037 ira
872 2982 963 3036 Dei
1003 2992 1180 3036 manet
1218 2996 1381 3051 super
1419 2997 1565 3046 eum,
1601 2982 1691 3037 illo
1722 2983 1773 3036 in
1821 2993 1967 3036 tran-

388 3077 651 3146 quillitate
674 3076 875 3144 jugiter
906 3085 1273 3141 permanente,
1311 3089 1431 3127 cum
1471 3084 1714 3129 creatura
1756 3074 1965 3130 subdita

384 3178 602 3222 exercet
631 3164 937 3220 admirabili
977 3164 1227 3234 aequitate
1257 3164 1564 3219 vindictam.

460 3259 554 3312 llic
578 3258 684 3326 jam
713 3257 899 3311 ordine
921 3256 985 3310 ad
1014 3264 1295 3310 tractatum
1333 3271 1581 3312 reversus
1602 3257 1840 3327 Apostoli
1865 3267 1965 3315 est.

394 3350 529 3406 Nam
558 3349 688 3401 idtm
724 3346 968 3400 Dominus
1010 3346 1237 3400 omnium
1265 3361 1283 3400 :
1313 3348 1449 3400 dives
1489 3348 1542 3401 in
1579 3364 1749 3402 omnes
1783 3351 1872 3417 qui
1898 3349 1972 3403 in-

384 3451 562 3496 vocant
600 3440 766 3493 illunt.
806 3438 984 3492 Omnis
1018 3438 1174 3504 enim,
1210 3441 1494 3509 quicunque
1538 3440 1841 3494 invocaret-it
1881 3457 1971 3494 no-

387 3551 501 3586 nun
530 3533 757 3595 Domini,
797 3535 964 3586 salvus
1002 3533 1115 3587 erit.
1149 3533 1295 3588 Unus
1340 3533 1479 3587 Deus
1505 3533 1769 3599 omnium,
1807 3543 1859 3588 ct
1893 3534 1972 3589 di-

387 3640 483 3679 ves
521 3625 571 3677 in
624 3624 693 3678 mi
726 3624 1024 3689 cricordia,
1069 3624 1294 3679 salutem
1341 3623 1528 3686 habet,
1580 3624 1720 3677 unde
1764 3623 1972 3691 utrique

387 3717 602 3772 tribuat.
638 3716 903 3782 Quomodo
931 3731 1049 3785 ergo
1080 3716 1380 3768 invocabant
1406 3714 1459 3767 in
1492 3730 1640 3783 quem
1668 3730 1769 3767 non
1799 3704 1964 3767 credi-

386 3810 606 3862 derunt?
634 3819 722 3860 aut
746 3806 1000 3876 quomodo
1022 3807 1224 3859 credent
1257 3805 1325 3871 ei,
1355 3821 1500 3870 quem
1529 3820 1628 3858 non
1662 3805 1973 3857 audierunt?

394 3908 711 3975 lntcrrogat,
749 3912 802 3959 et
831 3902 1165 3974 postmodum
1208 3903 1320 3972 ipse
1348 3900 1636 3971 respondet
1662 3918 1677 3955 :
1709 3901 1970 3965 Quomodo

390 4009 561 4050 autem
592 3999 799 4051 audient
827 3999 936 4051 sine
966 3997 1309 4066 pra’dicante?
1356 3995 1619 4061 Quomodo
1647 4008 1760 4046 vero
1787 3993 1973 4060 pra’di—

398 4093 602 4155 cabunt,
636 4091 731 4144 tisi
770 4090 1078 4143 mittantur?
1107 4090 1238 4157 Quia
1271 4104 1537 4156 nunquam
1578 4087 1643 4140 ad
1684 4087 1804 4140 illos
1851 4102 1972 4154 pro-

388 4183 567 4251 phetae
606 4182 753 4236 missi
794 4191 937 4236 sunt.
972 4182 1118 4236 Sicut
1147 4182 1391 4250 scriptum
1418 4189 1528 4233 est:
1555 4178 1721 4245 Quam
1758 4177 1972 4247 speciosi

387 4277 539 4341 pedes
575 4274 1028 4344 euangelizandum
1066 4289 1272 4343 pacem,
1316 4272 1774 4341 euangelizantium
1802 4270 1930 4323 bona
1952 4270 1971 4322 !

386 4364 613 4418 Istorum
646 4365 807 4433 pedes
849 4369 985 4417 bene
1015 4372 1257 4431 currunt,
1292 4370 1347 4417 et.
1390 4363 1621 4431 speciosi
1665 4370 1812 4428 sunt,
1880 4362 1968 4429 qui

384 4456 720 4508 annuntiant.
756 4453 971 4508 Illorum
1012 4462 1189 4507 autem
1231 4454 1318 4521 qui
1372 4453 1439 4507 ad
1482 4453 1744 4506 vanitates
1786 4451 1967 4505 sreculi

384 4553 626 4608 currunt,
660 4552 839 4610 turpes
878 4551 1005 4597 sunt
1030 4543 1211 4610 pedes.
1250 4520 1357 4598 Sed
1394 4559 1495 4595 non
1525 4558 1697 4595 omnes
1728 4542 1964 4595 obediunt
1996 4520 2044 4577 υ

388 4631 688 4702 Evangelia.
736 4630 791 4686 Si
838 4647 906 4686 ne
950 4631 1025 4685 illi
1060 4632 1275 4701 quidem
1319 4632 1676 4699 obedierunt,
1726 4633 1789 4686 ad
1829 4647 1965 4700 quos

386 4725 471 4780 isti
504 4724 870 4789 mittebantur,
897 4724 1165 4795 quomodo
1203 4724 1275 4778 illi
1302 4725 1578 4787 obediunt,
1604 4726 1693 4793 qui
1727 4741 1829 4778 non
1865 4740 1964 4779 au-

384 4819 630 4873 dierum?
666 4819 834 4873 Isaias
861 4818 995 4872 enim
1025 4819 1169 4884 dicit,
1206 4818 1442 4883 Domine,
1470 4819 1584 4888 quis
1623 4818 1836 4893 credidit
1865 4836 1963 4872 au-

384 4909 516 4962 ditui
554 4911 763 4965 nostra?
791 4909 957 4977 Quis?
988 4926 1082 4978 pro
1115 4903 1429 4963 difﬁcultate
1470 4909 1615 4963 dicit.
1663 4907 1799 4978 Ergo
1837 4910 1964 4978 ﬁds

383 5014 445 5051 ex
488 5002 689 5066 auditu,
742 5000 948 5052 auditus
992 5008 1162 5053 autem
1216 5014 1305 5068 per
1348 4997 1551 5051 verbum
1597 4995 1807 5051 Christi.
1861 4996 1963 5052 Rc-

382 5089 600 5154 Sponsio
649 5090 886 5156 Apostoli
929 5090 1031 5144 hoc
1084 5090 1250 5160 magis
1300 5098 1486 5143 contra
1539 5086 1753 5143 Judaaos
1810 5087 1958 5155 dicit,

383 5176 577 5243 quibus
606 5186 658 5231 et
685 5193 777 5245 per
806 5179 975 5247 legem
1009 5189 1064 5234 et
1106 5196 1198 5249 per
1228 5181 1515 5249 prephetas
1551 5179 1844 5245 promissus
1879 5188 1961 5232 est

381 5269 649 5333 Christus,
686 5278 741 5322 et
774 5270 983 5323 venisse
1022 5274 1243 5326 cretere
1282 5273 1489 5326 nolunt.
1538 5271 1600 5323 Et
1626 5271 1783 5325 docet
1814 5270 1960 5324 tes1i—

384 5362 580 5416 moniis
626 5360 972 5427 sequentibus
1012 5363 1129 5429 quia
1185 5364 1254 5415 ita
1301 5374 1407 5426 est,
1460 5371 1514 5417 et
1560 5362 1957 5416 excusationem

383 5453 577 5507 nullam
607 5451 892 5505 habebunt.
929 5448 1033 5505 Sed
1063 5451 1174 5503 dico
1200 5467 1218 5504 :
1244 5452 1489 5520 Nunquid
1520 5469 1617 5505 non
1657 5450 1960 5504 audierunt?

381 5550 431 5595 et
460 5543 737 5610 quidcmin
778 5558 974 5596 onmem
1008 5553 1190 5594 terram
1218 5546 1366 5594 exivit
1407 5559 1559 5596 sonus
1597 5558 1791 5602 eorum.
1830 5542 1957 5593 etin

383 5634 510 5701 ﬁnes
545 5636 677 5690 orbis
706 5646 853 5690 terra:
884 5636 1030 5689 verba
1075 5652 1269 5689 eorum.
1301 5637 1422 5689 Vult
1465 5638 1563 5690 hoc
1596 5637 1954 5690 testimonium

384 5738 479 5790 per
501 5725 802 5794 allegoriam
825 5727 892 5783 de
921 5728 1136 5785 vocibus
1163 5728 1541 5797 prophetarum
1577 5727 1820 5795 intelligi.
1850 5726 1955 5781 Sed

2082 1886 2254 1955 piens,
2300 1901 2422 1956 qua:
2466 1887 2637 1958 legem
2672 1889 2763 1944 Dei
2799 1905 2903 1945 non
2955 1891 3204 1956 habebat,
3253 1894 3365 1947 sive
3394 1908 3496 1947 non
3532 1904 3645 1949 erat

2080 1990 2231 2045 gens,
2274 1978 2396 2045 quia
2431 1980 2626 2033 mortui
2678 1988 2832 2033 crant
2879 1981 3110 2050 peccatis
3140 1997 3234 2050 per
3272 1983 3643 2053 idololatriam,

2080 2069 2216 2121 sicut
2238 2068 2269 2122 tl
2294 2070 2366 2123 cit
2394 2070 2461 2125 de
2491 2087 2594 2123 non
2627 2072 2912 2127 credente:
2933 2071 3333 2142 Jamjudicatus
3353 2083 3452 2127 est.
3482 2076 3645 2127 Isaias

2078 2169 2243 2211 autem
2268 2159 2443 2225 audet,
2472 2169 2517 2213 et
2545 2161 2688 2213 dicit.
2723 2163 2917 2227 Audet,
2941 2163 3060 2230 quia
3085 2178 3188 2216 non
3219 2163 3366 2215 timet
3396 2164 3644 2233 populum

2076 2249 2404 2305 Judteorum.
2441 2251 2680 2306 Inventus
2714 2269 2829 2307 sum
2868 2269 2967 2306 non
2995 2253 3332 2323 qttwrentibus
3377 2271 3471 2309 me.
3508 2255 3645 2309 Gen-

2079 2350 2157 2394 tes
2185 2356 2303 2409 quac
2330 2358 2435 2396 non
2469 2343 2776 2411 qumrebant
2820 2342 2985 2398 Deum
3015 2343 3167 2412 cujus
3212 2358 3311 2397 nec
3356 2344 3522 2413 legem
3556 2346 3647 2396 ha-

2077 2431 2290 2497 bebant,
2339 2448 2433 2513 per
2471 2449 2629 2503 quam
2670 2449 2789 2487 eum
2832 2443 3149 2502 quererent.
3205 2432 3387 2485 Palam
3430 2435 3646 2503 apparui
3680 2464 3683 2465 ν

2076 2523 2138 2575 iis
2174 2523 2261 2592 qui
2313 2539 2388 2575 me
2420 2539 2520 2576 non
2566 2522 2965 2593 interrogabant.
3012 2520 3209 2575 Gentes
3241 2536 3342 2574 non
3375 2521 3539 2574 Deum
3569 2523 3644 2573 in-

2076 2614 2438 2683 terrogabanl,
2487 2614 2582 2668 sed
2615 2612 2755 2667 ido'a
2800 2621 2854 2665 et
2902 2611 3322 2666 mathematicos.
3371 2610 3450 2663 Ad
3480 2608 3642 2663 Israel

2073 2713 2237 2757 autem
2278 2704 2423 2757 dicit.
2452 2704 2550 2769 Qui
2585 2715 2689 2758 tam
2722 2703 2859 2759 bene
2904 2703 3075 2757 sensit
3109 2701 3176 2755 de
3217 2702 3484 2771 gentibus,
3518 2717 3640 2755 ecce

2073 2794 2197 2864 quid
2222 2794 2350 2849 dicit
2384 2794 2451 2849 de
2477 2792 2695 2849 Jud:eis.
2729 2793 2841 2846 Non
2874 2793 3045 2846 solum
3072 2806 3200 2861 ergo
3228 2799 3412 2858 gentes
3442 2792 3641 2861 eligen-

2073 2886 2191 2951 das,
2222 2885 2316 2941 sed
2338 2886 2497 2941 etiam
2524 2901 2588 2940 ex
2618 2885 2778 2940 Israel
2809 2885 3108 2940 incredulos
3139 2883 3493 2953 repellendos,
3521 2898 3641 2939 ante

2075 2977 2387 3048 prtedictum
2434 2986 2535 3031 est.
2588 2977 2691 3031 Per
2735 2976 3043 3045 allegoriam
3090 2976 3337 3030 extensio
3393 2992 3642 3029 manuum

2078 3084 2291 3125 crucem
2338 3068 2619 3139 signiﬁcat.
2659 3067 2788 3121 Tota
2833 3069 2915 3120 die
2944 3068 3163 3137 expendi
3194 3084 3372 3119 manus
3415 3084 3549 3120 meas
3575 3069 3643 3120 ad

1999 3153 2046 3216 C
2077 3162 2323 3231 populum
2359 3177 2459 3215 non
2491 3160 2768 3214 credenth
2800 3169 2845 3213 et
2874 3160 3316 3213 contradicentem.
3346 3159 3483 3214 Toto
3509 3169 3640 3215 tem-

2075 3266 2205 3321 pore
2250 3252 2513 3307 mirabilia
2560 3252 2872 3316 ostendens,
2930 3261 2985 3306 et
3029 3267 3127 3306 nec
3177 3254 3255 3306 sic
3303 3253 3642 3317 credidistis,

2077 3352 2272 3409 quanta
2324 3342 2393 3395 sit
2437 3342 2603 3410 pietas
2646 3341 2735 3394 Dei
2767 3352 2863 3396 :ut
2911 3343 2963 3395 iu
2996 3343 3209 3396 modum
3253 3344 3495 3407 nutricis,
3529 3359 3643 3413 quze

2079 3434 2186 3487 vult
2226 3433 2496 3502 parvulum
2548 3431 2805 3502 prolicere
2852 3444 2909 3486 ut
2964 3436 3238 3497 ambulet,
3279 3436 3366 3502 qui
3421 3437 3641 3487 necdum

2074 3527 2327 3591 ambulat,
2350 3527 2607 3593 expandit
2625 3541 2832 3592 manus,
2868 3537 2925 3579 ut
2949 3527 3013 3580 ad
3037 3526 3178 3581 illam
3203 3526 3380 3580 veniat
3406 3543 3420 3579 :
3444 3539 3497 3580 et
3520 3528 3642 3579 dum

2075 3618 2139 3670 ad
2170 3618 2314 3671 i'lam
2346 3618 2488 3687 cupit
2524 3620 2824 3686 pervenire,
2855 3618 3026 3673 discat
3062 3619 3355 3673 ambulare.
3389 3619 3480 3673 Sic
3507 3620 3645 3674 Deus

2078 3707 2348 3762 beneliciis
2373 3709 2485 3761 suis
2525 3722 2739 3776 semper
2774 3708 2841 3762 ad
2869 3723 2927 3762 se
2963 3708 3247 3762 colendum
3282 3709 3498 3763 Judteos
3527 3725 3647 3777 pro-

2076 3802 2302 3866 vocavit,
2349 3800 2441 3852 sed
2484 3800 2557 3852 illi
2589 3799 2640 3853 in
2689 3813 2784 3853 sua
2828 3799 3222 3854 claudicatione
3252 3810 3646 3855 remanserunt.

2143 3888 2271 3943 CAP.
2304 3904 2376 3943 λι.
2420 3888 2549 3941 Dico
2584 3905 2702 3958 ergo
2729 3904 2747 3942 :
2770 3889 3021 3959 Nunquid
3050 3891 3230 3960 repulit
3275 3891 3524 3943 Dominus
3553 3906 3649 3956 po-

2074 3980 2251 4050 pulum
2274 3981 2459 4033 suum?
2480 3979 2612 4045 Quia
2641 3982 2770 4033 satis
2802 3980 2922 4033 illos
2955 3980 3267 4044 humiliatit,
3301 3980 3459 4033 modo
3496 3980 3649 4047 quasi

2075 4069 2243 4124 bonus
2274 4071 2461 4123 doctor
2495 4079 2548 4123 et
2583 4084 2649 4123 ne
2690 4070 3012 4124 exacerbare
3045 4069 3163 4123 illos
3195 4070 3368 4137 potius
3407 4068 3651 4123 videatur

2074 4162 2199 4214 dum
2226 4171 2556 4230 provocaret,
2580 4161 2728 4229 quasi
2762 4163 3066 4215 consolatur
3093 4175 3207 4215 eos.
3240 4160 3403 4213 Absit.
3436 4160 3549 4213 Non
3573 4162 3655 4213 sic

2074 4268 2168 4307 eos
2213 4254 2422 4321 repulit,
2473 4264 2528 4307 ut
2555 4252 2661 4321 jam
2692 4267 2795 4306 neu
2826 4252 3052 4319 recipiat
3088 4267 3203 4316 eos,
3235 4253 3279 4305 si
3321 4251 3656 4306 crediderint

2074 4344 2215 4397 dono
2267 4344 2493 4398 Domini.
2542 4343 2684 4398 Nam
2716 4354 2761 4399 ct
2791 4360 2882 4414 ego
2920 4344 3163 4398 Israelita
3198 4359 3332 4397 sum.
3364 4344 3420 4399 Si
3459 4356 3658 4398 omnes

2074 4439 2283 4505 penitus
2315 4436 2615 4505 repulisset,
2650 4452 2748 4491 nec
2790 4452 2876 4492 me
2907 4437 3089 4507 utique
3131 4438 3475 4490 attraxisset:
3506 4435 3659 4505 quod

2071 4530 2114 4582 si
2145 4530 2325 4594 etiam,
2357 4536 2415 4582 ut
2446 4531 2514 4582 ita
2547 4530 2741 4594 dicam,
2783 4543 2847 4583 ex
2891 4529 2969 4583 eis
2994 4530 3131 4582 alius
3159 4544 3262 4581 non
3305 4527 3656 4594 credidisset,

2072 4620 2173 4673 nisi
2202 4636 2320 4691 ego,
2355 4620 2526 4675 fuerat
2548 4621 2597 4673 in
2624 4635 2707 4673 me
2734 4621 2997 4690 completa
3033 4619 3316 4690 promissio
3344 4620 3457 4683 Dei,
3487 4633 3661 4689 quam

2072 4712 2300 4765 Abraha:
2332 4713 2538 4765 locutus
2588 4720 2668 4764 est
2695 4728 2707 4762 :
2735 4726 2840 4763 non
2883 4711 3055 4765 dicam
3086 4709 3226 4779 quod
3268 4709 3390 4764 inde
3419 4720 3497 4763 tot
3528 4710 3667 4763 mil—

2071 4803 2138 4856 lia
2178 4801 2523 4856 credidcrunt
2565 4801 2704 4855 dono
2746 4799 2882 4868 ejus.
2935 4801 3014 4854 Ex.
3054 4802 3243 4854 semine
3284 4800 3540 4853 Abraham
3591 4801 3670 4852 de

2071 4894 2202 4947 tribu
2230 4893 2515 4961 Benjamin.
2547 4892 2660 4946 Non
2689 4908 2751 4945 cx
2787 4891 3089 4961 prosclytis.
3130 4890 3246 4944 Non
3281 4894 3467 4960 repulit
3505 4890 3670 4943 Deus

2070 4986 2260 5056 plebem
2286 5002 2430 5039 suam
2452 5001 2605 5055 quam
2636 4985 2908 5054 pra’scivit.
2935 4984 3102 5049 Quam
3128 4983 3392 5051 praescivit
3416 4998 3430 5035 :
3464 4982 3514 5034 id
3544 4990 3666 5044 est,

2072 5077 2468 5146 praedestinavit
2488 5075 2796 5131 salvandam
2817 5093 2827 5126 :
2845 5075 2967 5143 quia
2985 5089 3047 5128 ex
3068 5075 3178 5142 ipsa
3195 5071 3351 5140 plebe
3369 5071 3519 5127 multi
3532 5086 3668 5124 cre-

2052 5170 2310 5236 diderunt
2330 5169 2663 5238 donogratiae
2686 5167 3014 5235 Christizqui
3041 5164 3135 5239 [Ρ.
3167 5160 3312 5232 quia]
3343 5163 3480 5231 apud
3500 5162 3665 5215 illum

2069 5266 2239 5317 lutura
2264 5261 2373 5330 jam
2405 5260 2541 5314 facta
2570 5268 2734 5314 sunt:
2765 5260 2880 5314 siue
2911 5259 3073 5312 dubio
3103 5274 3228 5327 ergo
3260 5257 3566 5324 prtescivit:
3603 5264 3669 5308 et

2068 5357 2188 5422 quia
2211 5352 2499 5423 pra-scivit,
2533 5351 2930 5419 prtedestinavit
2955 5366 2970 5402 :
2995 5349 3090 5403 sed
3129 5349 3540 5418 prtedeStinasse
3566 5353 3667 5398 est.

2068 5444 2418 5513 disposuisse,
2452 5443 2591 5510 quod
2624 5442 2794 5495 luerat
2824 5442 2937 5508 ipse
2966 5441 3219 5493 facturus.
3254 5440 3331 5489 An
3358 5439 3564 5490 nescitis
3599 5434 3662 5487 in

2076 5541 2193 5592 lilia
2224 5540 2342 5605 quid
2378 5538 2499 5590 dicit
2533 5536 2841 5601 Scriptura?
2868 5535 2966 5588 Ubi
3009 5533 3263 5600 scriptum
3297 5539 3380 5584 est
3409 5530 3477 5583 de
3510 5530 3656 5583 Elia.

2071 5629 2514 5695 Quemadmodum
2577 5627 2864 5697 interpellat
2918 5625 3078 5679 Deum
3133 5625 3374 5677 adversus
3442 5618 3660 5675 lsracl.’

2068 5721 2300 5788 Domine,
2336 5718 2608 5790 prapltetas
2640 5727 2754 5772 tuos
2786 5717 3074 5772 occiderunt
3108 5716 3333 5770 :altaria
3360 5724 3448 5767 tua
3479 5709 3657 5779 sullae
