3968 6166
377 330 490 384 {SD
866 336 874 343 '
1250 325 1317 380 IN
1359 322 1738 381 EPISTULAM
1783 322 1870 378 AD
1908 317 2228 378 ROMANOS
2265 318 2778 377 COMMENTARIA.
3520 330 3622 386 £50

372 444 568 495 derunt
594 453 612 493 :
635 444 682 493 et
719 452 812 509 ego
849 437 1055 494 relictus
1083 454 1194 493 sum
1222 439 1447 502 solus,et
1469 446 1698 505 quaerunt
1725 438 1948 491 animam
1978 435 2033 496 Α
2056 432 2232 503 Elegit
2258 446 2356 487 nos
2397 416 2453 487 in
2481 433 2599 502 ipso
2640 440 2766 487 ante
2804 433 3233 492 constitutionem
3265 439 3467 495 mundi.
3502 442 3623 499 Haec

375 546 565 583 meant,
610 530 720 583 Hoc
755 529 907 592 dicit,
936 544 1004 583 ne
1042 528 1382 596 superhireut
1410 528 1604 583 itentm
1644 534 1855 596 gentes,
1886 541 1952 582 eo
2053 523 2576 595 estillaelectio.qua
2593 539 2687 581 eos
2704 539 2840 595 quos
2863 526 3625 596 voluitelegitinCltristuaute

373 620 527 690 quod
558 634 626 675 ex
653 619 781 687 ipsis
806 618 958 674 multi
985 619 1348 686 crediderunt,
1379 633 1445 675 ex
1486 619 1594 674 illis
1621 633 1748 675 vero
1779 619 1951 689 pauci,
2054 615 2484 669 constitutionem
2521 616 2724 684 mundi,
2757 625 2813 670 ut
2845 626 3025 671 essent
3074 619 3266 672 sancti.
3297 620 3480 676 Ceteri
3507 640 3623 678 vero

376 712 455 766 ad
497 713 949 781 comparationem
994 711 1347 766 multitudinis
1394 711 1652 780 gentium.
1699 710 1805 766 Sed
1828 712 1955 782 quid
2053 704 2943 774 amentisunt,sicutscriplumest.
2970 706 3229 761 Excalcati
3249 718 3376 763 sunt
3392 727 3484 779 per
3503 710 3626 767 inll-

380 804 507 856 clicit
546 802 628 856 illi
669 816 969 870 responsum
1008 801 1275 855 divinum?
1318 800 1599 869 Propheta
1642 800 1774 855 illud
1813 801 1954 856 θεῖο-
2028 793 2782 870 _dclitatem:sicutscriptum
2800 799 3624 870 est:Nisicredideritis,nonin-

378 893 533 956 bant,
564 891 707 961 quod
755 866 862 945 illis
902 890 1200 947 dicebatur.
1233 889 1364 944 Nam
1403 866 1449 946 si
1493 891 1671 945 omnia
1712 899 1954 957 nossent,
2005 866 2041 901 λ
2056 883 2323 953 telligetis.
2359 883 2512 938 Dedit
2535 887 2639 940 illis
2664 889 2895 957 spiritum
2923 892 3349 958 eompunctionis,
3377 866 3547 949 oculos
3570 905 3626 949 ut

382 980 551 1037 divini
580 981 758 1050 potius
784 979 1111 1035 dicerentur.
1144 979 1290 1033 Dixit
1317 990 1370 1035 et
1400 994 1492 1035 rex
1531 980 1598 1035 ad
1639 979 1951 1045 Jeremiam,

380 1072 441 1127 Si
471 1079 553 1126 est
578 1071 796 1124 verbum
843 1071 934 1126 Dei
964 1070 1119 1125 inte.
1166 1069 1371 1140 Reliqui
1408 1069 1533 1124 mihi
1552 1079 1745 1140 septem
1785 1068 1956 1124 millia

380 1162 627 1214 uirorum.
657 1160 715 1214 Si
749 1158 1064 1229 prophetam
1099 1162 1230 1213 tanti
1271 1160 1564 1226 latuerunt,
1604 1173 1701 1215 vos
1727 1167 1956 1229 quantos

380 1259 540 1318 putas
566 1263 729 1319 posse
757 1250 923 1304 latere
947 1249 1036 1318 qui
1057 1249 1295 1303 salvandi
1321 1249 1475 1305 sunt?
1502 1248 1803 1305 Notandum
1833 1250 1954 1321 quia

381 1356 492 1394 non
521 1340 677 1403 dixit,
718 1338 920 1394 Relicta
954 1348 1115 1394 sunt:
1151 1339 1267 1406 sed,
1283 1337 1495 1410 Reliqui
1525 1339 1678 1396 mihi.
1712 1340 1813 1407 Qui
1851 1352 1955 1397 itan

374 1438 723 1483 curvaverant
752 1444 918 1499 genua
946 1440 1064 1483 ante
1084 1428 1242 1483 Baal.
1281 1431 1562 1497 Quomodo
1590 1432 1746 1487 malis
1779 1435 1956 1502 operi-

381 1522 487 1575 bus
518 1521 658 1575 Deus
687 1529 929 1592 negatur,
958 1522 1031 1577 ita
1059 1532 1114 1577 et
1143 1521 1342 1577 idolum
1370 1523 1643 1579 adorator.
1674 1523 1787 1579 Non
1808 1526 1953 1580 enim

378 1622 590 1665 tantum
627 1612 720 1666 ille
744 1612 793 1666 ei
822 1613 1011 1679 servit,
1049 1613 1141 1683 qui
1170 1613 1248 1668 illi
1278 1612 1541 1678 immolat,
1569 1614 1707 1669 sicut
1731 1613 1797 1669 de
1823 1628 1953 1670 ava-

382 1701 508 1755 ritia
534 1701 683 1764 dicit,
723 1716 840 1770 qua:
874 1708 959 1756 est
981 1702 1385 1758 simulacrorum
1427 1703 1677 1759 servitus.
1718 1701 1810 1758 Sic
1836 1719 1953 1775 ergo

2054 988 2157 1027 non
2170 975 2389 1040 uideant,
2404 985 2451 1029 et
2463 992 2609 1030 aures
2622 987 2789 1031 utnon
2802 979 3034 1033 audiant.
3052 981 3109 1033 Et
3122 981 3191 1035 ibi
3208 984 3461 1052 propheta
3476 984 3542 1040 de
3556 988 3627 1039 in-

2057 1062 2302 1119 ﬁdelibus
2325 1067 2518 1131 aiebat,
2553 1076 2608 1122 et
2631 1070 2991 1137 peccantibus.
3022 1071 3173 1126 Dedit
3206 1072 3312 1127 illis
3336 1074 3626 1130 Deus:boe

2053 1162 2155 1220 est,
2173 1156 2386 1210 tradidit
2406 1156 2525 1212 illos
2538 1156 2677 1212 Deus
2698 1158 2749 1212 in
2764 1157 3027 1215 desiderio
3040 1174 3157 1215 suo.
3182 1161 3278 1216 Dei
3293 1164 3522 1231 tradere,
3544 1180 3628 1219 re-

2056 1242 2297 1313 linquere
2308 1255 2411 1301 est.
2430 1247 2683 1316 Spiritum
2708 1251 3152 1317 compunctionis,
3179 1265 3335 1319 quem
3349 1253 3621 1317 volebant,

2056 1335 2201 1391 dedit
2224 1336 2330 1391 illis
2350 1337 2489 1393 Deus
2516 1356 2528 1390 :
2549 1341 2672 1408 quia
2696 1352 2909 1409 semper
2929 1342 3186 1395 increduli
3216 1342 3427 1397 luerunt
3451 1344 3627 1397 verbis

2057 1424 2240 1490 Dei,et
2257 1426 2583 1496 difﬁdentes,
2604 1440 2657 1484 ct
2674 1428 2796 1483 ideo
2811 1429 2959 1499 justo
2970 1441 3092 1483 sunt
3109 1430 3202 1484 Dei
3221 1431 3423 1499 judicio
3442 1433 3629 1488 dereli-

2056 1517 2128 1571 eti
2144 1534 2157 1569 :
2172 1517 2242 1571 ita
2254 1526 2309 1571 et
2322 1519 2874 1590 nuucChristiani,qui
2888 1520 3127 1575 dubitant
3139 1521 3205 1574 de
3216 1522 3625 1589 resurrectione,

2056 1612 2111 1659 et
2136 1608 2358 1674 praemio
2377 1645 2392 1671 ,
2419 1616 2473 1661 et
2501 1607 2744 1676 gehenna
2768 1648 2783 1674 ,
2808 1608 3049 1677 spiritum
3079 1610 3508 1678 compunetionis
3536 1612 3630 1667 ha-

2057 1694 2455 1752 bentadiaholo
2482 1698 2733 1753 infusum.
2762 1699 2931 1768 Usque
2953 1700 3005 1751 in
3032 1699 3333 1754 hodiernum
3352 1701 3507 1756 diem.
3534 1702 3630 1757 Us-

378 1804 431 1848 et
454 1795 508 1846 in
535 1794 628 1847 hoc
649 1803 868 1861 tempore
894 1794 1124 1861 reliquiis
1153 1794 1430 1848 secundum
1451 1794 1749 1849 electionem
1776 1797 1956 1867 gratia

2059 1798 2268 1855 quaquo
2283 1796 2661 1842 convertantur
2677 1788 2742 1841 ad
2765 1788 2931 1843 Deum
2956 1806 2970 1840 :
2996 1790 3260 1857 quomodo
3282 1789 3349 1845 de
3370 1792 3629 1846 velamine

378 1884 541 1939 salva:
566 1884 716 1954 facta
738 1891 879 1939 sunt.
919 1880 1071 1940 Sicut
1105 1897 1234 1951 ergo
1269 1892 1395 1939 tunc
1421 1897 1531 1939 non
1568 1897 1753 1942 omnes
1784 1887 1956 1956 perie-

382 1984 535 2041 runt,
571 1977 642 2029 ita
683 1984 737 2029 et
773 1990 914 2031 nunc
956 1972 1214 2048 aliquanti
1253 1974 1565 2034 salvantur:
1594 1981 1802 2049 tempus
1839 1977 1954 2033 ele-

382 2067 582 2121 ctionis
627 2070 788 2123 modo
827 2076 910 2123 est
946 2086 960 2121 :
992 2079 1246 2124 caeterum
1282 2070 1375 2141 qui
1416 2071 1587 2127 credit
1631 2084 1795 2139 nunc,
1825 2076 1953 2126 tune

383 2154 687 2209 mercedem
714 2156 957 2225 accipiet.
991 2156 1052 2213 Si
1072 2167 1239 2211 autem
1272 2158 1577 2227 gratia,non
1603 2175 1664 2214 ea:
1693 2159 1952 2230 operibus.

384 2247 531 2303 Inter
544 2249 770 2318 gratiam
792 2259 848 2305 et
872 2249 1391 2318 praedestinationem
1419 2251 1520 2306 hoc
1540 2252 1785 2318 interest,
1813 2254 1954 2323 quod

382 2339 789 2407 praedestinatio
815 2347 898 2394 est
920 2342 1102 2409 gratia:
1132 2340 1668 2410 pmparatiozgratia
1697 2356 1824 2397 vero
1846 2343 1952 2412 iam

381 2430 506 2497 ipsa
545 2429 782 2485 donatio.
821 2428 972 2497 Quod
1011 2429 1087 2484 ait
1126 2429 1412 2499 Apostolus
1438 2446 1451 2482 :
1477 2431 1650 2500 Ipsius
1690 2433 1833 2487 enim
1862 2446 1953 2487 su-

381 2535 510 2573 mus
551 2520 855 2590 ﬁgmentum
893 2520 1059 2575 creati
1098 2520 1152 2575 in
1191 2520 1405 2576 Christo
1438 2520 1567 2577 Jesu
1604 2523 1657 2578 in
1701 2523 1955 2591 operibus

384 2613 545 2666 bonis
570 2630 581 2667 :
606 2615 771 2683 gratia
801 2620 903 2669 est.
931 2612 1082 2680 Quod
1126 2621 1304 2670 autem
1347 2615 1627 2684 sequitur:
1652 2616 1780 2683 Qum
1819 2630 1956 2685 prte—

378 2704 599 2772 paravit
630 2703 767 2759 Deus
808 2712 870 2760 ut
910 2705 964 2760 in
1012 2705 1117 2762 illis
1155 2707 1511 2773 ambulemus,
1555 2708 1955 2777 prmdestinatio

378 2805 496 2847 est.
523 2794 587 2848 Et
611 2810 676 2849 ne
692 2794 930 2851 dicerent
952 2795 1030 2850 illi
1055 2812 1069 2849 :
1089 2796 1201 2852 Sub
1222 2797 1334 2851 Elia
1353 2796 1482 2866 justi
1510 2806 1682 2864 erant,
1716 2798 1804 2852 isti
1826 2812 1954 2853 vero

378 2892 696 2948 peccatores
731 2884 1179 2954 suntzquomodo
1224 2899 1352 2954 ergo
1398 2899 1491 2940 eos
1543 2885 1672 2941 dicit
1717 2885 1953 2941 electos?

376 2973 611 3042 subjecit
637 2991 651 3027 :
678 2974 808 3041 Quia
838 2989 931 3030 eos
974 2975 1143 3045 gratia
1173 2974 1298 3032 fecit
1333 2991 1455 3033 esse
1482 2977 1788 3047 credentes,
1835 2976 1959 3034 ideo

378 3074 519 3118 sunt
553 3064 716 3133 gratis
756 3066 965 3121 salvati.
1014 3064 1194 3121 Gratia
1242 3068 1387 3124 enim
1432 3068 1556 3124 ideo
1587 3069 1800 3137 dicitur,
1832 3070 1954 3141 quia

2058 1877 2234 1931 carnis
2257 1875 2325 1931 ad
2351 1876 2657 1933 Corinthios
2684 1887 2906 1934 tractat:
2933 1879 3063 1934 Cum
3090 1880 3542 1936 conversil‘uerint
3560 1884 3624 1936 ad

2060 1968 2250 2037 Deum,
2275 1967 2542 2024 auferetur
2559 1969 2820 2025 velamen.
2844 1968 2912 2021 Et
2937 1970 3101 2024 Dauid
3128 1970 3259 2025 dixit
3277 1988 3296 2025 :
3312 1971 3434 2025 Fiat
3459 1989 3632 2028 ntensa

2056 2072 2232 2111 eorum
2251 2058 2304 2110 in
2324 2055 2580 2125 laqueum,
2604 2068 2651 2112 et
2675 2059 2729 2111 in
2748 2058 3056 2127 captionem,
3080 2069 3126 2113 et
3155 2060 3208 2114 in
3228 2062 3550 2131 scandalum,
3580 2075 3630 2118 et

2058 2149 2111 2201 in
2134 2147 2515 2205 retributionem
2543 2149 2688 2222 ipsis.
2722 2148 2831 2208 lloc
2852 2150 2918 2207 de
2952 2151 3057 2208 illis
3080 2151 3207 2209 dicit
3226 2194 3243 2218 ,
3280 2155 3368 2224 qui
3396 2154 3633 2212 Salvato-

2057 2253 2169 2296 rem
2199 2246 2352 2297 aceto
2378 2252 2432 2295 et
2477 2242 2600 2297 lelle
2628 2251 2943 2311 potavesunt
2986 2261 2999 2297 :
3041 2254 3097 2299 et
3139 2254 3315 2301 tamen
3344 2246 3473 2314 ipsis
3501 2247 3633 2304 dicit

2058 2332 2248 2389 Petrus
2276 2347 2293 2386 :
2325 2333 2391 2388 Et
2412 2347 2582 2403 nunc,
2616 2333 2840 2403 fratres,
2870 2335 2984 2391 scio
3011 2337 3130 2407 quia
3161 2353 3255 2406 per
3276 2339 3625 2409 ignorantiam

2057 2422 2255 2478 fecistis
2280 2424 2381 2478 hoc
2422 2440 2437 2475 :
2470 2422 2798 2493 pmnitemini
2837 2440 3005 2494 ergo,
3038 2435 3097 2483 et
3134 2429 3429 2497 baptizetur
3466 2447 3632 2487 unus-

2055 2511 2280 2581 quisque
2309 2523 2569 2567 vestrum.
2600 2513 2667 2568 Et
2707 2513 2823 2583 ipse
2864 2514 3058 2571 Paulus
3080 2525 3203 2587 post
3223 2521 3526 2578 modicum:
3559 2524 3632 2580 Et

2056 2600 2156 2667 illi,
2179 2600 2224 2655 si
2249 2615 2352 2656 non
2382 2603 2770 2671 permanserint
2794 2605 2848 2658 in
2878 2605 3266 2678 incredulitate,
3298 2610 3624 2671 inserantur.

2060 2690 2403 2745 Obscurentur
2430 2693 2563 2747 oculi
2588 2708 2765 2748 eorum
2786 2734 2803 2761 ,
2831 2710 2894 2750 ne
2919 2696 3121 2751 videant
3149 2714 3168 2752 :
3197 2708 3243 2753 et
3274 2700 3483 2757 dorsum
3508 2704 3632 2759 illo-

2055 2797 2170 2835 rum
2196 2797 2395 2851 semper
2435 2783 2662 2837 incurva.
2692 2785 2934 2849 Quandiu
2976 2787 3107 2842 tales
3142 2796 3288 2843 sunt.
3318 2790 3444 2845 Dico
3472 2808 3627 2862 ergo,

2058 2873 2309 2944 Nunquid
2332 2875 2408 2929 sic
2433 2873 2777 2941 o/fenderuut,
2806 2884 2864 2929 ut
2892 2877 3169 2932 caderent?
3191 2878 3352 2934 Absit.
3384 2881 3497 2938 Hoc
3522 2895 3627 2950 est,

2057 2970 2117 3018 ut
2151 2964 2408 3020 caderent
2448 2964 2503 3018 in
2551 2966 2852 3019 aeternum?
2897 2967 3069 3021 Absit.
3126 2968 3357 3025 Possunt
3410 2980 3626 3040 tamen,

2058 3055 2297 3122 quamvis
2335 3069 2429 3110 sua
2476 3055 2751 3110 voluntate
2789 3057 3118 3127 ceciderint,
3162 3060 3492 3117 illumitxante
3534 3064 3629 3119 Dei

376 3155 554 3225 gratis
577 3155 752 3222 datur,
791 3155 951 3211 nullis
980 3156 1400 3226 prtecedentibus
1437 3159 1663 3215 meritis.
1699 3160 1956 3217 Praecedit

2061 3144 2247 3215 gratia,
2281 3157 2519 3213 surgere.
2545 3142 2649 3199 Sed
2676 3145 2882 3198 illorum
2911 3146 3094 3201 delicto
3114 3148 3251 3203 salus
3279 3157 3351 3204 est
3380 3153 3630 3221 gentibus,

378 3261 623 3316 namque
644 3260 752 3301 non
780 3245 981 3313 debita,
1012 3247 1105 3302 sed
1130 3248 1357 3318 gratuita
1387 3251 1579 3319 gratia,
1610 3257 1665 3304 ut
1694 3264 1790 3321 per
1811 3250 1959 3307 illam

379 3337 525 3391 [iant
569 3336 706 3392 bona
752 3351 936 3406 opera.
966 3336 1046 3393 Ne
1079 3338 1125 3392 si
1172 3349 1560 3408 praecesserunt
1600 3340 1738 3399 bona
1770 3356 1958 3412 opera,

379 3440 638 3497 tanquam
668 3428 918 3497 operibus
948 3428 1203 3484 reddatur
1232 3429 1425 3499 gratia,
1456 3444 1521 3485 ae
1551 3432 1629 3486 sic
1656 3432 1825 3502 gratia
1848 3435 1958 3500 jam

380 3534 499 3573 non
532 3519 598 3572 sit
626 3520 813 3589 gratia.
865 3518 1118 3590 Quisquis
1146 3534 1272 3575 vero
1311 3520 1454 3584 dicit,
1503 3521 1723 3591 gratiam
1756 3521 1848 3577 Dei
1891 3522 1961 3576 ab

381 3618 694 3673 hominibus
742 3619 999 3673 bonorum
1044 3618 1238 3674 merito
1289 3617 1593 3688 praeveniri,
1639 3628 1695 3675 et
1732 3619 1958 3689 gratiam

382 3709 487 3764 Dei
519 3709 723 3763 meritis
750 3708 887 3772 dari,
918 3707 1235 3778 Pelagianus
1274 3717 1357 3763 est
1384 3724 1397 3761 :
1422 3723 1545 3763 nam
1577 3723 1681 3763 non
1719 3718 1804 3764 est
1833 3723 1957 3778 gra-

381 3803 487 3863 tia,
518 3803 561 3854 si
593 3814 697 3853 non
726 3800 891 3869 gratis
916 3799 1070 3854 datur
1096 3816 1110 3853 :
1138 3800 1182 3853 si
1212 3798 1389 3854 debita
1420 3799 1754 3855 merentibus
1781 3799 1961 3855 ι·εὰἀί-

379 3899 516 3944 tur:
544 3890 681 3959 quod
704 3889 859 3944 absit.
891 3889 1024 3956 Quia
1062 3904 1158 3944 nos
1188 3888 1331 3944 Deus
1363 3889 1617 3958 praevenit
1658 3897 1715 3945 et
1755 3904 1955 3958 praece-

379 3982 507 4035 dit:
535 3995 637 4035 non
668 3995 763 4036 nos
794 3980 981 4035 Deum.
1011 3979 1069 4034 In
1113 3980 1293 4035 multis
1314 3978 1448 4035 locis
1472 3980 1573 4034 hoc
1618 3994 1760 4049 stupe
1794 3989 1959 4035 testa-

381 4081 502 4135 tur,
528 4071 647 4126 ﬁdei
678 4071 901 4140 gratiam
935 4066 1249 4140 przeponeris
1276 4070 1526 4140 operibus
1547 4087 1558 4123 :
1578 4086 1681 4125 non
1710 4078 1768 4123 ut
1795 4084 1955 4139 opera

382 4167 715 4235 exstinguat,
746 4165 839 4221 sed
871 4174 928 4219 ιιι
953 4164 1199 4220 ostendat
1248 4178 1357 4219 non
1399 4178 1520 4219 esse
1549 4178 1709 4228 opera
1746 4177 1953 4231 praece-

380 4259 567 4312 dentia
594 4258 837 4327 gratiam,
875 4257 968 4312 sed
998 4257 1375 4326 consequentia
1401 4272 1415 4310 :
1443 4263 1503 4310 ut
1531 4254 1738 4310 scilicet
1767 4266 1872 4308 non
1896 4268 1954 4309 se

380 4351 618 4421 quisque
672 4350 957 4404 arbitretur
1011 4347 1132 4404 ideo
1174 4348 1474 4418 percepisse
1527 4348 1775 4417 gratiam,
1832 4347 1953 4417 quia

388 4442 532 4496 bene
558 4450 805 4511 operatus
830 4450 912 4495 est
939 4459 952 4494 :
980 4439 1074 4496 sed
1103 4438 1243 4496 bene
1272 4440 1480 4510 operari
1510 4454 1615 4494 non
1644 4453 1824 4508 posse,
1851 4438 1951 4493 nisi

2061 3244 2117 3291 ut
2139 3238 2257 3291 illos
2281 3236 2603 3292 cumulentur.
2637 3236 2813 3306 Usque
2857 3238 2992 3293 adeo
3038 3239 3265 3307 dilexit,
3313 3250 3371 3295 ut
3416 3253 3633 3312 propter

2061 3326 2271 3381 illorum
2303 3326 2527 3380 salutem
2554 3337 2738 3395 gentes
2766 3328 3104 3382 salvarentur
3133 3346 3148 3386 :
3183 3342 3242 3384 ut
3285 3330 3362 3385 illi
3389 3332 3632 3390 videntes

2057 3425 2247 3486 gentes
2274 3416 2340 3471 ad
2372 3430 2590 3486 regnum
2622 3416 2717 3472 Dei
2743 3416 2954 3484 vocari,
2985 3426 3039 3472 et
3061 3418 3541 3489 conl‘umlerentur,
3575 3434 3632 3478 et

2058 3514 2520 3563 converterentur.
2554 3507 2702 3575 Quod
2727 3508 2771 3562 si
2797 3508 3036 3563 delictum
3064 3509 3269 3563 illorum
3299 3512 3487 3565 divitia:
3510 3524 3630 3569 sunt

2060 3596 2258 3651 mundi.
2291 3596 2351 3652 Si
2371 3584 2620 3652 delictum
2650 3612 2835 3653 eorum
2879 3597 3031 3652 vobis
3066 3607 3280 3661 tantum
3324 3600 3541 3668 proluit,
3572 3613 3633 3657 ut

2061 3704 2158 3745 vos
2187 3689 2293 3744 illis
2331 3698 2566 3760 aequmst
2590 3730 2609 3755 ,
2646 3698 2844 3757 quanto
2884 3692 3050 3759 magis
3086 3691 3132 3745 si
3177 3690 3339 3745 velint
3368 3693 3519 3748 multi
3561 3709 3628 3749 ex

2061 3780 2167 3836 illis
2195 3780 2432 3845 credere,
2466 3781 2549 3835 vel
2580 3795 2801 3847 omnes,
2834 3781 3087 3848 prodesse
3116 3781 3265 3835 vobis
3290 3794 3533 3851 poterant
3560 3786 3629 3839 ad

2060 3870 2398 3924 doctrinam?
2441 3871 2698 3925 Delictum
2743 3869 3044 3924 Judaeorum
3090 3870 3278 3925 ditavit
3321 3881 3540 3941 gentes,
3568 3884 3629 3929 ut

2061 3973 2244 4015 eorum
2276 3960 2391 4014 sine
2410 3959 2590 4013 labore
2610 3958 2740 4026 legis
2766 3959 2952 4014 tierent
2979 3960 3304 4027 coliteredes,
3328 3972 3383 4019 et
3406 3979 3631 4022 concor-

2063 4049 2289 4119 porales,
2317 4050 2454 4105 sicut
2479 4049 2545 4104 ad
2577 4050 2835 4119 Ephesios
2863 4051 2978 4120 ipse
3022 4065 3423 4110 commemorat.
3453 4058 3521 4111 Et
3548 4061 3631 4113 di-

2058 4138 2274 4192 minutio
2295 4153 2468 4192 eorum
2490 4139 2679 4192 diuitiae
2699 4140 2919 4208 gentium
2939 4152 2958 4193 :
2978 4150 3166 4210 quanto
3193 4146 3353 4213 magis
3373 4148 3631 4217 plenitudo

2059 4226 2276 4278 eorum!
2303 4224 2357 4281 Si
2397 4225 2549 4294 pauci
2576 4240 2759 4279 eorum
2790 4226 3067 4283 credentes
3096 4236 3298 4286 tantum
3329 4234 3478 4289 vobis
3506 4252 3632 4305 pro-

2060 4312 2296 4384 luerunt,
2348 4323 2545 4383 quanto
2572 4314 2737 4384 magis
2756 4317 2799 4369 si
2822 4316 3031 4386 plurimi
3053 4321 3436 4379 credidissent!
3476 4325 3628 4382 Vobis

2062 4406 2192 4460 enim
2221 4406 2334 4460 dico
2363 4408 2613 4476 gentibus.
2645 4408 2743 4474 Qui
2770 4423 2835 4462 ex
2869 4410 3113 4479 gentibus
3153 4415 3475 4471 credidistis.
3506 4417 3632 4474 Vult

386 4546 488 4601 per
525 4498 680 4587 ﬁdem
730 4531 1025 4600 perceperit
1066 4498 1324 4601 gratiam:
1351 4529 1591 4599 Alioquin
1636 4498 1821 4601 praua,
1852 4544 1953 4581 ηοη
1986 4518 2036 4577 ι)
2061 4498 2342 4554 ostendere
2460 4499 2697 4601 per-illos
2720 4500 3021 4601 ludaeorum
3052 4505 3276 4562 salutem
3308 4524 3630 4582 magnopere

385 4633 464 4676 est
491 4624 674 4692 gratia.
707 4622 763 4679 Si
784 4621 983 4691 aliquid
1008 4632 1131 4676 ante
1158 4619 1411 4691 praecedit
1432 4618 1661 4675 hominis
1688 4618 1829 4673 unde
1852 4618 1959 4672 sal-

386 4728 423 4767 v
462 4721 566 4777 tur,
590 4711 700 4782 jam
730 4727 834 4767 non
861 4712 1046 4782 gratis.
1092 4710 1277 4767 Gratia
1304 4720 1507 4776 autem,
1536 4718 1593 4764 ut
1641 4710 1795 4776 dixit,
1837 4709 1959 4764 ideo

384 4804 605 4871 dicitur,
642 4804 762 4873 quia
794 4804 952 4867 nullis
994 4800 1416 4871 praecedentibus
1456 4800 1660 4855 meritis
1689 4800 1864 4868 datur,
1906 4808 1960 4855 et

383 4894 510 4961 quia
540 4895 701 4962 gratis
731 4900 945 4963 peccata
969 4891 1205 4945 dimittit.
1243 4890 1376 4955 Quid
1407 4888 1569 4960 ergo?
1596 4889 1731 4958 quod
1758 4905 1956 4956 quave-

384 4988 473 5039 bat
503 4984 684 5054 Israel,
726 4985 820 5039 hoc
859 5001 961 5039 non
990 4993 1066 5038 est
1089 4991 1403 5037 consecutus.
1441 4981 1609 5035 Totus
1639 4980 1801 5043 Israel
1832 4981 1955 5036 ideo

384 5090 493 5130 non
524 5086 604 5131 est
631 5084 969 5139 consecutus,
999 5072 1121 5144 quia
1150 5087 1257 5127 non
1286 5086 1353 5127 ex
1391 5070 1496 5126 fide
1535 5070 1828 5141 qumrehat,
1860 5072 1954 5125 sed

386 5180 484 5234 per
512 5166 789 5220 sabbatum
830 5172 1037 5218 tantum
1066 5170 1123 5218 et
1159 5161 1622 5217 circumeisionem
1650 5174 1710 5216 se
1742 5161 1958 5230 putabat

379 5256 685 5326 iustiﬁcari,
734 5272 855 5311 cum
902 5264 1095 5311 caetera
1145 5252 1395 5308 mandata
1437 5260 1847 5309 contemneret:
1881 5255 1959 5308 sic

382 5360 507 5400 cum
537 5347 792 5415 juStitiam
821 5354 1106 5400 consecuta
1128 5352 1252 5398 sunt
1273 5357 1400 5397 vasa
1424 5344 1829 5410 misericordiae,
1863 5360 1955 5400 cx-

384 5449 582 5492 ctecata
627 5446 750 5493 sunt
778 5453 901 5491 vasa
948 5438 1059 5492 irte.
1108 5434 1304 5489 Electio
1344 5444 1517 5489 autem
1554 5445 1826 5491 consecuta
1854 5445 1950 5490 est.
1984 5450 1987 5451 '

387 5529 617 5593 Electio,
650 5529 876 5598 populus
907 5528 1101 5594 lldelis,
1124 5528 1211 5595 qui
1244 5525 1664 5582 misericordiam
1693 5540 1953 5582 consecu-

386 5629 476 5674 tus
507 5630 608 5684 est,
640 5634 794 5689 quem
838 5621 975 5673 Deus
1021 5618 1199 5685 elegit.
1250 5615 1383 5685 Ego,
1414 5615 1603 5686 inquit,
1646 5616 1780 5686 elegi
1814 5632 1910 5672 vos
1941 5635 1955 5673 :

384 5725 496 5767 non
527 5724 621 5767 vos
643 5725 748 5766 me.
778 5710 1034 5779 Cognovit
1071 5707 1208 5763 Deus
1234 5708 1322 5778 qui
1355 5717 1478 5765 sunt
1511 5709 1647 5779 ejus.
1692 5709 1758 5766 Et
1784 5709 1912 5767 illud
1940 5729 1955 5769 :

836 5822 1105 5884 Parant.
1139 5818 1407 5880 LXVIII.

2063 4602 2323 4657 quaerere.
2374 4589 2616 4655 Quandiu
2654 4592 2859 4661 quidem
2887 4609 2977 4664 ego
3012 4602 3125 4648 sum
3154 4601 3379 4667 gentium
3417 4603 3632 4671 Aposto-

2065 4675 2164 4731 lus.
2192 4678 2435 4743 QtIantlitt
2461 4679 2579 4733 Sum
2605 4680 2659 4734 itt
2687 4695 2934 4751 corpore.
2974 4683 3314 4740 Ministeriuut
3348 4704 3512 4743 meum
3537 4693 3631 4744 lto-

2062 4766 2357 4835 noriﬁcabo.
2377 4768 2668 4835 Illustrabo,
2686 4771 3050 4828 honoriﬁcaho
3061 4773 3411 4830 ministerium
3427 4793 3628 4844 meum,

2061 4857 2106 4911 si
2136 4873 2241 4912 non
2262 4858 2434 4914 solum
2461 4870 2670 4928 gentes,
2696 4861 2762 4917 ad
2791 4876 2924 4930 quas
2948 4864 3141 4918 missus
3164 4878 3281 4918 sum
3300 4905 3313 4929 ,
3347 4868 3440 4921 sed
3468 4870 3628 4923 etiam

2060 4944 2274 5002 Judaaos
2300 4948 2537 5004 lucratus
2559 4949 2711 5006 fuero
2738 4952 2987 5019 exemplo
3013 4966 3151 5007 meo.
3182 4953 3242 5007 Si
3267 4970 3367 5022 quo
3389 4960 3537 5010 modo
3565 4964 3633 5012 ad

2056 5048 2403 5102 aemulandum
2453 5064 2722 5120 provocent
2774 5064 2974 5103 carnem
3028 5065 3210 5105 meam.
3266 5053 3362 5107 IIic
3415 5069 3629 5113 carnem

2059 5151 2208 5191 suam
2235 5136 2448 5192 Iudaeos
2477 5138 2643 5206 dicit,
2667 5154 2729 5194 ex
2759 5153 2984 5208 quorum
3026 5154 3225 5210 genere
3268 5146 3530 5200 veniebat.
3575 5150 3631 5207 Si

2058 5242 2376 5298 quocunque
2405 5229 2565 5284 modo
2590 5230 2670 5285 sic
2694 5245 2780 5287 me
2815 5230 3120 5297 exhibeam,
3146 5243 3207 5288 ut
3245 5250 3329 5291 me
3361 5237 3433 5291 illi
3461 5254 3631 5295 aemu-

2062 5328 2278 5393 lentur,
2323 5336 2379 5383 et
2416 5327 2725 5385 desiderent
2766 5329 2899 5386 tales
2944 5344 3082 5387 esse.
3133 5331 3200 5386 Et
3243 5336 3411 5388 salvos
3448 5340 3633 5406 faciam

2059 5427 2256 5495 aliquos
2297 5442 2361 5481 ex
2401 5425 2526 5483 illis.
2572 5428 2707 5496 Quia
2746 5430 2925 5486 volunt
2956 5446 3164 5498 omnes,
3219 5434 3298 5489 vel
3326 5436 3549 5503 aliquos,
3578 5450 3635 5494 ut

2060 5525 2360 5596 impleatur,
2391 5524 2648 5597 Reliquit:
2685 5530 2848 5585 salva:
2886 5531 3030 5587 flent.
3068 5532 3129 5588 Si
3149 5535 3284 5587 enim
3319 5537 3527 5591 amissio
3550 5557 3636 5593 eo-

2062 5620 2175 5678 rum
2221 5625 2562 5680 reconciliatio
2606 5638 2677 5681 est
2721 5630 2921 5683 mundi.
2974 5631 3179 5699 Repetit
3224 5634 3362 5702 quod
3402 5635 3632 5696 dixerat.

2062 5713 2194 5780 ‘Qua:
2220 5716 2519 5786 assumptio,
2551 5717 2650 5772 nisi
2678 5721 2780 5774 rita
2810 5721 3103 5776 exmortuis
3128 5723 3150 5775 Ρ
3194 5720 3343 5780 Unde
3388 5727 3636 5799 gentibus

3003 5829 3079 5891 16
