3968 6166
395 270 487 321 ιεὲι

1504 263 1799 320 ΓΒΙΜᾹΞΗ
1834 262 1966 317 ADR
1979 263 2012 317 L'
2025 261 2280 316 METANI
2322 260 2530 316 EPISC.

3530 260 3554 308 4
3565 257 3631 311 SH

392 378 700 446 assumptio,
735 378 835 432 nisi
863 393 927 432 ex
960 377 1168 430 illorum
1187 375 1395 429 morte?
1423 375 1497 429 Es
1521 375 1719 429 Judaeis
1743 374 1963 428 mortuis
1991 377 2041 435 Α
2071 382 2244 426 turam
2271 383 2373 438 est,
2398 373 2536 427 sicut
2556 372 2754 427 dictum
2775 382 2874 439 est,
2894 372 3178 428 oleastrum
3203 371 3356 425 olive
3379 371 3633 424 inserere:

391 486 456 532 ap
495 469 613 521 stoli
658 471 759 522 vita
815 469 1026 521 fuerunt
1045 467 1412 531 'assumptioni
1451 465 1709 534 gentium.
1743 466 1891 531 Quod
1920 466 1963 518 si

390 560 630 612 delibatio
653 569 824 612 sancta
853 569 945 622 est,
971 568 1017 611 et
1040 574 1224 611 massa.
1254 557 1410 611 Pauci
1442 556 1726 610 credentes
1752 556 1919 610 sancti
1945 571 1960 609 :

389 662 443 703 et
467 665 673 712 otnoes,
699 651 740 702 si
770 649 1012 712 credant,
1045 649 1156 702 ﬁeri
1182 655 1421 715 possunt.
1451 645 1504 699 Si
1527 646 1672 700 rivus
1697 646 1884 708 bonus,
1909 653 1964 700 et

389 743 525 794 fons.
562 742 693 794 Etsi
726 742 879 794 radix
916 754 1090 795 sancta
1111 780 1126 805 ,
1155 751 1200 792 et
1227 721 1376 792 rami.
1421 739 1587 792 Radix
1639 738 1963 806 patriarcha-

390 850 531 899 Iunt,
556 834 654 885 hoe
675 842 778 900 est,
811 831 965 900 primi
996 841 1046 884 t-t
1073 831 1365 895 novissimi,
1391 831 1476 897 qui
1509 844 1572 883 es
1597 830 1701 882 illis
1722 828 1962 883 credide-

388 935 528 986 runt,
565 924 728 974 sincli
759 933 899 974 sunt.
934 921 1082 986 Quod
1123 924 1161 973 s'
1191 919 1350 986 aliqui
1379 935 1441 972 ea:
1470 919 1625 970 ramis
1652 918 1801 986 fracti
1820 925 1957 969 sunt.

387 1014 485 1076 Qui
517 1013 567 1065 in
590 1011 801 1065 Christo
822 1011 1041 1065 credere
1070 1011 1372 1064 noluerunt.
1401 1008 1474 1061 Tu
1498 1019 1682 1062 autem.
1712 1009 1821 1060 Non
1843 1007 1960 1061 ideo

389 1102 462 1156 illi
495 1103 646 1156 tracti
687 1111 836 1165 sunt,
869 1111 927 1155 ut
957 1113 1009 1154 tu
1053 1101 1307 1155 inseraris
1339 1117 1351 1152 :
1385 1102 1477 1155 sed
1513 1100 1633 1154 ideo
1661 1108 1957 1167 cottsertus,

390 1196 507 1262 quia
541 1194 614 1248 illi
645 1193 792 1247 fracti
816 1208 958 1247 sunt.
989 1193 1116 1246 Cum
1147 1193 1358 1246 olraster
1387 1207 1550 1255 esses,
1580 1192 1795 1244 insertus
1828 1206 1878 1242 es
1907 1192 1961 1243 in

389 1286 511 1339 illis.
539 1285 664 1338 Olea
687 1285 923 1353 quidem,
955 1283 1048 1338 sed
1083 1284 1276 1336 inculta
1297 1324 1311 1347 ,
1346 1282 1610 1336 silvestris
1635 1323 1648 1344 ,
1677 1281 1744 1334 de.
1767 1295 1961 1348 genere

389 1379 503 1430 sine
529 1378 643 1443 lege
665 1387 713 1428 et
742 1375 1040 1442 promissis.
1063 1374 1258 1428 Contra
1292 1382 1532 1426 naturam
1558 1381 1638 1426 est
1659 1379 1715 1424 ut
1735 1373 1961 1424 oleaster

391 1468 442 1520 in
466 1467 610 1518 oliva
640 1467 903 1519 inseratur
927 1485 938 1517 :
962 1465 1054 1518 sed
1080 1464 1314 1533 potentia
1342 1464 1620 1518 Deiomnia
1647 1464 1914 1532 possibilia
1946 1481 1957 1514 :

391 1570 489 1609 nec
517 1555 829 1608 contradict
870 1555 1069 1607 lat-tura
1101 1555 1308 1607 laetari.
1344 1553 1408 1605 Et
1453 1555 1618 1605 socius
1664 1553 1849 1604 radicis
1873 1592 1887 1616 ,
1916 1561 1961 1606 et

391 1646 712 1714 pinguedinis
744 1646 887 1697 oliva:
911 1645 1071 1708 [actus
1096 1661 1167 1698 es.
1198 1645 1432 1710 Radieis,
1466 1643 1706 1708 Patrum;
1736 1645 1962 1712 pingue-

2067 464 2184 533 quia
2214 466 2378 532 magis
2410 466 2556 518 radis
2587 480 2737 518 ramo
2769 465 2906 520 solet
2929 466 3252 529 cooseutire,
3278 480 3432 532 quam
3457 479 3637 516 ramus

2065 556 2252 611 radici.
2287 556 2427 609 Nolo
2472 557 2604 610 cnim
2652 573 2736 610 vos
2783 559 3056 626 ignorare,
3089 560 3289 626 fratres.
3338 554 3402 609 Et
3432 555 3534 609 hoc
3571 570 3638 607 ne

2066 646 2400 716 superbirent
2427 660 2610 717 genus
2633 661 2816 703 con'ra
2845 663 2958 702 eos.
2986 648 3283 717 Mysterium
3308 647 3425 699 hoc.
3450 645 3638 700 Secre-

2066 746 2196 793 tum.
2233 737 2300 792 Ut
2331 754 2430 792 non
2459 739 2570 792 sitis
2600 727 2734 792 vobis
2765 739 2887 807 ipsis
2918 740 3189 808 sapientes.
3222 737 3290 792 Ut
3316 753 3419 790 non
3449 750 3640 788 secun-

2062 829 2185 884 dum
2228 829 2496 884 carnaletn
2547 839 2776 884 vestram
2808 829 3124 898 sap‘emiam
3153 829 3340 883 dicatis
3384 847 3395 880 :
3439 828 3638 881 Meritis

2064 923 2258 975 nostris
2286 937 2382 976 nos
2407 922 2546 976 Deus
2573 922 2749 990 elegit,
2780 922 2896 976 illos
2919 933 3095 976 autem
3123 922 3315 990 abjectt
3339 939 3352 974 :
3375 932 3428 975 et
3451 932 3502 974 ut
3539 936 3639 973 nos

2062 1012 2305 1078 eligeret,
2337 1011 2454 1065 ideo
2478 1012 2597 1066 illos
2628 1013 2841 1080 repulit.
2863 1012 2995 1077 Quia
3022 1014 3222 1066 ctecitas
3247 1028 3308 1064 ea:
3346 1023 3487 1077 parte
3513 1028 3638 1063 con-

2061 1103 2173 1172 tigit
2195 1103 2247 1156 in
2277 1102 2462 1157 Israel.
2493 1103 2548 1158 in
2577 1104 2657 1157 his
2680 1105 2892 1159 caecitas
2921 1107 3140 1170 contigit
3165 1145 3178 1167 ,
3212 1104 3332 1172 quia
3372 1121 3475 1156 non
3517 1119 3638 1156 ere-

2061 1193 2308 1247 diderunt
2336 1210 2352 1247 :
2384 1209 2517 1262 quos
2546 1205 2600 1248 et
2627 1194 2790 1248 Jacob
2817 1195 3132 1249 claudicatio
3147 1195 3420 1264 ‘ﬁguravit.
3457 1195 3631 1247 Donec

2061 1282 2322 1350 plenitudo
2351 1285 2578 1353 gentium
2607 1284 2838 1349 intraret,
2863 1293 2909 1336 et
2957 1285 3029 1337 sic
3072 1286 3236 1337 omnis
3268 1283 3428 1337 Israel
3470 1286 3639 1336 saluus

2061 1372 2228 1439 ﬁeret.
2265 1373 2394 1426 Cum
2428 1373 2697 1440 plenitudo
2739 1381 2976 1443 geutum
3026 1374 3344 1438 crediderit,
3381 1374 3459 1426 sic
3494 1375 3637 1427 msti-

2064 1473 2275 1514 mantur
2297 1463 2347 1514 in
2374 1462 2478 1515 ﬁne
2505 1463 2688 1516 saeculi
2712 1463 2914 1528 Judaei,
2947 1464 3037 1530 qui
3069 1463 3266 1518 inventi
3299 1463 3492 1518 fuerint
3519 1479 3634 1518 ωδ

2062 1549 2243 1612 dituri,
2281 1551 2560 1606 Plenitudo
2589 1555 2846 1621 gentium,
2877 1551 3154 1606 multitudo
3178 1553 3502 1606 credentium
3532 1563 3636 1615 est,

2064 1655 2131 1693 ex
2157 1641 2300 1694 omni
2331 1657 2529 1709 genere
2566 1660 2579 1696 :
2614 1658 2718 1697 non
2755 1658 2940 1696 omnes
2988 1644 3205 1696 omnino
3237 1652 3421 1710 gentes
3445 1683 3459 1706 ,
3483 1643 3635 1711 juxta

391 1737 556 1802 diuis,
581 1737 798 1792 Christi.
835 1735 957 1789 Noli
983 1737 1191 1802 gloriari
1214 1737 1451 1790 adversus
1479 1753 1664 1789 ramos.
1696 1736 1810 1789 Noli
1838 1750 1963 1804 gau-
1997 1741 2037 1798 Β
2067 1731 2282 1800 ﬁgurata
2310 1732 2700 1802 synecdochen.
2733 1733 2876 1787 Sicut
2906 1735 3148 1800 scriptum
3169 1742 3260 1796 est,
3290 1733 3343 1786 itt
3367 1735 3490 1786 lsaia
3515 1749 3639 1800 pru-

393 1827 543 1889 dere,
570 1842 638 1895 qu
679 1827 710 1880 d
744 1827 816 1880 illi
849 1827 998 1881 fracti
1031 1835 1171 1880 sunt.
1207 1827 1356 1890 Quod
1397 1827 1438 1879 si
1467 1826 1729 1897 gloriaris,
1773 1843 1872 1879 non
1914 1837 1966 1880 tu

392 1916 509 1969 radi
539 1933 618 1968 em
647 1926 836 1983 portas,
861 1918 948 1970 sed
975 1918 1125 1970 radix
1152 1917 1288 1970 te.Si
1320 1917 1502 1986 gloria:
1521 1920 1563 1967 is
1584 1956 1596 1976 ,
1630 1919 1727 1970 hoc
1754 1917 1964 1980 audies,

395 2011 517 2079 quia
541 2027 644 2066 non
678 2012 753 2066 illi
780 2027 871 2079 per
894 2020 944 2065 te
967 2021 1128 2075 stant,
1183 2011 1274 2064 sed
1303 2021 1354 2064 tu
1380 2024 1471 2078 per
1491 2010 1628 2062 illos.
1655 2010 1759 2063 Nec
1789 2018 1840 2062 tu
1865 2010 1967 2064 illis

397 2104 554 2156 vitam
586 2102 897 2170 praestitisti,
947 2102 1040 2155 sed
1070 2102 1142 2154 illi
1169 2101 1277 2154 tibi.
1309 2101 1445 2154 Dicis
1470 2117 1583 2169 ergo
1615 2115 1634 2153 :
1664 2101 1968 2156 Fractisnnt

397 2194 563 2260 rami,
602 2202 658 2244 ut
693 2204 738 2246 et
780 2209 870 2262 ego
912 2195 1124 2246 inserar.
1160 2192 1315 2255 Bene,
1340 2202 1541 2259 prapter
1569 2193 1970 2247 incredulitatem
2005 2226 2007 2228 -

400 2285 547 2354 fracti
577 2294 713 2337 sunt.
742 2283 818 2336 Tu
843 2294 1006 2336 autent
1023 2283 1060 2351 ﬁ
1092 2288 1128 2336 'e
1151 2293 1274 2336 stas.
1301 2283 1440 2336 Dicis
1465 2297 1591 2350 ergo
1613 2282 1730 2336 illos
1757 2282 1968 2346 fractos,

401 2387 458 2428 ut
489 2385 541 2428 tu
566 2375 838 2430 inseraris.
879 2374 1160 2428 Videamus
1182 2414 1196 2438 ,
1241 2374 1283 2427 si
1329 2383 1546 2442 propter
1578 2373 1678 2426 hoe
1711 2392 1724 2426 :
1757 2373 1848 2428 sed
1895 2372 1970 2425 illi

402 2481 496 2534 per
533 2465 954 2520 incredulitatem
987 2464 1136 2518 fracti
1179 2471 1340 2528 sunt,
1377 2473 1432 2516 tu
1469 2474 1644 2517 autem
1675 2464 1830 2518 nullis
1870 2464 1974 2519 tuis

400 2560 608 2612 merit's
641 2557 742 2612 ﬁde
771 2558 1002 2611 insertus
1032 2570 1090 2610 es
1121 2557 1280 2625 gratis
1314 2572 1328 2609 :
1361 2571 1425 2611 ne
1456 2568 1634 2626 putes.
1665 2557 1804 2626 quod
1856 2571 1973 2625 per-

401 2662 588 2702 sonam
632 2655 774 2700 tuam
821 2649 1083 2714 acceperit
1110 2687 1124 2711 ,
1167 2647 1285 2701 illos
1323 2647 1438 2702 sine
1482 2662 1638 2702 causa
1670 2649 1970 2718 proiecerit.

404 2736 531 2790 Noli
560 2736 721 2790 altum
751 2753 944 2805 sapere,
976 2738 1066 2791 sed
1090 2739 1227 2791 time.
1254 2737 1367 2792 Noli
1392 2738 1617 2807 superbe
1640 2754 1827 2808 sapere
1849 2753 1977 2793 con-

403 2839 484 2881 tra
508 2843 634 2891 eos;
665 2827 759 2881 sed
786 2828 951 2895 magis
978 2827 1116 2891 dole,
1141 2839 1194 2882 et
1217 2843 1307 2880 ora
1339 2844 1433 2896 pro
1457 2829 1576 2882 illis.
1606 2829 1664 2884 Si
1684 2830 1817 2882 enim
1841 2830 1976 2883 Deus

403 2919 721 2971 naturalibus
751 2919 905 2970 ramis
928 2934 1025 2971 non
1053 2919 1294 2989 pepercit,
1324 2935 1383 2972 ne
1405 2922 1534 2988 fat-te
1561 2935 1646 2972 me
1668 2918 1753 2972 tibi
1781 2927 1974 2988 μανι-αι.

407 3008 465 3062 Si
507 3007 610 3060 illis
657 3021 760 3060 non
804 3007 1072 3074 pepercit,
1119 3007 1239 3075 quin
1275 3007 1527 3060 increduli
1561 3006 1770 3060 fuerunt
1795 3008 1881 3076 qui
1911 3023 1975 3062 ex

2068 1823 2222 1891 pheta
2254 1840 2266 1875 :
2304 1823 2482 1876 Veniet
2510 1840 2572 1878 ea:
2599 1823 2746 1888 Sion,
2788 1826 2876 1894 qui
2902 1826 3080 1892 eripiat
3111 1834 3158 1877 et
3187 1835 3374 1878 avertat
3403 1827 3636 1892 impieta-

2068 1922 2139 1966 tes
2166 1913 2228 1967 ab
2259 1915 2440 1968 Jacab.
2469 1915 2618 1981 Quod
2650 1923 2772 1970 ante
2799 1931 2957 1970 nemo
2987 1915 3162 1969 facere
3200 1915 3536 1983 prazvalcbat.
3572 1916 3637 1968 Et

2070 2006 2162 2057 hoc
2185 2006 2288 2059 illis
2305 2023 2337 2058 a
2354 2023 2429 2060 me
2450 2017 2816 2061 testamentum.
2837 2005 3233 2061 Testamentum
3261 2022 3472 2071 novum,
3494 2009 3634 2073 quod

2069 2097 2328 2152 Jeremias
2358 2099 2635 2167 promittit.
2669 2100 2795 2154 Cum
2822 2100 3076 2154 abstulero
3114 2111 3317 2168 peccata
3343 2116 3536 2152 eorum.
3572 2099 3641 2154 lit

2071 2204 2165 2258 per
2193 2190 2510 2258 baptismum
2545 2192 2778 2245 mundati
2811 2206 3002 2246 novum
3043 2192 3307 2260 accipiant
3352 2200 3639 2244 testamen-

2071 2289 2202 2334 tum.
2234 2281 2525 2336 Secundum
2577 2281 2911 2352 Evangelium
2953 2284 3151 2350 quidem
3195 2283 3385 2335 inimici
3435 2293 3640 2350 propttr

2070 2389 2174 2427 eos.
2210 2372 2435 2440 Inimici,
2464 2375 2584 2442 quia
2616 2389 2709 2428 vos
2733 2373 2839 2426 illis
2861 2375 3087 2442 arquavi,
3112 2383 3163 2426 et
3191 2375 3310 2442 quia
3343 2375 3490 2426 vobis
3512 2390 3639 2441 pra:-

2071 2464 2192 2520 dleo
2215 2506 2227 2526 ,
2259 2463 2598 2533 prohibentes
2628 2481 2722 2519 nos
2753 2465 2995 2534 gentibus
3027 2466 3188 2534 loqui.
3217 2465 3350 2531 Quid
3382 2476 3466 2519 est
3489 2508 3502 2529 ,
3542 2466 3641 2520 Se-

2071 2555 2302 2609 cundum
2327 2555 2668 2623 Evangelium
2708 2556 2906 2610 inimici
2943 2566 3156 2624 propter
3199 2572 3314 2622 vos,
3362 2557 3461 2610 nisi
3499 2557 3641 2625 quod

2072 2659 2256 2698 eor-um
2290 2645 2582 2709 inimicitia,
2616 2660 2717 2714 qua
2744 2646 3056 2700 occiderunt
3089 2645 3378 2709 Christum,
3408 2647 3646 2716 Etangs-

2075 2737 2144 2792 lio
2173 2737 2417 2807 proﬁcit?
2455 2747 2509 2792 et
2549 2739 2647 2793 hoc
2676 2739 2910 2796 ostendit
2939 2754 3003 2794 es
3049 2739 3139 2793 Dei
3169 2738 3516 2805 dispositione
3548 2754 3641 2794 ve-

2075 2829 2236 2892 nisse,
2264 2829 2352 2895 qui
2381 2829 2514 2883 bene
2537 2830 2609 2882 uti
2634 2829 2956 2884 noritetiam
2987 2829 3139 2884 malis
3165 2849 3176 2882 :
3200 2829 3319 2898 quia
3347 2830 3648 2896 persecutio

2075 2917 2374 2971 Judzeorum
2423 2917 2709 2986 Evangelia
2755 2918 3019 2972 militavit.
3066 2918 3230 2971 Tanta
3275 2918 3343 2972 ab
3388 2918 3491 2971 illis
3532 2919 3647 2972 ﬁeri

2079 3000 2550 3076 pernrisitfquanta
2576 3009 2867 3062 necessaria
2896 3009 3102 3062 luerunt
3129 3009 3430 3077 Evangelia.
3453 3009 3654 3062 Secun-

406 3097 610 3151 setuine
649 3095 877 3149 Abrahae
909 3105 1032 3149 sunt
1063 3115 1075 3149 :
1120 3111 1217 3149 nec
1264 3095 1355 3149 tibi
1387 3106 1599 3163 parcet,
1631 3096 1673 3149 si
1716 3097 1765 3150 in
1796 3097 1974 3167 aliquo
2002 3090 2045 3151 C
2076 3097 2196 3148 dum
2237 3098 2522 3150 electionem
2570 3106 2770 3159 autem,
2793 3099 3098 3162 citatissimi,
3126 3110 3331 3165 propter
3370 3109 3558 3163 patres.
3591 3099 3654 3154 Si

408 3187 713 3242 incredulus
756 3187 917 3241 fueris
953 3205 964 3239 :
998 3188 1118 3254 quia
1167 3187 1400 3242 oleaster
1442 3203 1582 3242 eras.
1634 3189 1977 3244 incredulitas

409 3292 512 3331 non
535 3284 620 3332 est
648 3277 802 3331 unius
826 3277 1039 3346 generis
1066 3295 1076 3328 :
1099 3277 1269 3332 Omne
1293 3287 1563 3345 peccatum
1587 3293 1652 3332 ex
1675 3280 1980 3336 inﬁdelitate

410 3369 722 3436 descendit,
755 3367 892 3422 sicut
931 3368 1228 3424 05tenditur
1267 3369 1316 3422 iu
1350 3369 1640 3439 Scripturis
1676 3389 1686 3423 :
1719 3372 1847 3437 Quia
1876 3388 1978 3427 non

411 3458 752 3513 crediderunt
803 3457 979 3513 Verbis
1034 3458 1164 3525 Dei,
1212 3459 1420 3513 etiamsi
1475 3460 1585 3515 Dea
1641 3462 1982 3516 crediderunt

411 3558 738 3618 peceatores.
799 3547 924 3602 Vide
966 3565 1085 3619 ergo
1128 3548 1397 3603 bonitatem
1435 3559 1481 3603 et
1517 3551 1824 3606 severitatem
1866 3551 1978 3606 Dei.

408 3640 606 3694 Contra
661 3652 754 3693 eos
787 3638 876 3707 qui
917 3638 1073 3692 alium
1106 3638 1268 3692 Deum
1306 3638 1525 3707 justum,
1554 3639 1712 3693 altum
1741 3651 1984 3694 asserunt

411 3729 605 3782 bonum
631 3744 643 3780 :
667 3735 721 3781 et
749 3740 932 3782 con'ra
961 3741 1056 3781 eos
1106 3726 1192 3793 qui
1225 3737 1414 3795 negant
1439 3727 1600 3781 Deum
1631 3729 1683 3782 in
1716 3730 1982 3797 peccanti~

412 3822 508 3874 bus
535 3818 824 3873 vindicare.
856 3815 918 3870 1η
948 3833 1029 3870 cos
1051 3817 1258 3885 quidem
1286 3817 1372 3884 qui
1398 3817 1705 3885 reciderunt,
1745 3819 1983 3872 severita-

411 3919 512 3961 tem
538 3924 556 3962 :
581 3910 633 3961 in
663 3917 710 3960 te
740 3918 924 3971 autem,
955 3906 1225 3960 bonitatem
1256 3906 1368 3960 Dei.
1395 3908 1526 3974 Quia
1548 3909 1694 3962 etilli
1715 3909 1985 3975 iustiﬁcati

416 4007 560 4061 sunt,
583 4006 637 4053 et
660 3998 732 4051 tui
764 3997 1176 4052 misericorditer
1208 4006 1261 4051 et
1297 3997 1587 4052 clementer
1615 3999 1862 4053 misertus
1883 4009 1983 4064 est,

414 4099 467 4143 et
494 4088 654 4143 nullis
698 4087 801 4142 tuis
847 4087 1051 4141 meritis
1094 4105 1106 4140 :
1141 4088 1281 4142 unde
1325 4090 1543 4141 omnino
1589 4089 1743 4144 debet
1777 4105 1987 4146 cessare

414 4177 771 4247 prmsumptio.
811 4177 870 4231 Si
895 4178 1230 4247 permanseris
1258 4177 1311 4229 in
1339 4178 1580 4232 bonitate.
1616 4181 1669 4233 ln
1701 4180 1836 4245 ﬁde,
1870 4196 1986 4249 qua:

415 4269 507 4322 tibi
537 4283 629 4335 per
659 4270 773 4335 ejus
827 4267 1114 4319 bonitatem
1163 4268 1356 4320 collata
1399 4278 1499 4322 est.
1549 4270 1790 4340 Alioquin
1841 4281 1886 4324 et
1933 4283 1986 4324 tu

414 4358 678 4411 excideris.
716 4357 776 4408 l-.t
799 4366 850 4408 tu
880 4356 924 4408 si
947 4354 1253 4409 incredulus
1280 4355 1473 4422 l'ueris,
1497 4360 1834 4414 severitatem
1865 4375 1985 4414 sen-

2079 3196 2252 3240 autcm
2279 3187 2520 3252 credant,
2545 3187 2842 3242 chariss'mi
2868 3197 3008 3242 sunt.
3039 3187 3164 3242 Item
3183 3188 3337 3242 aliter
3363 3205 3376 3240 ε
3404 3188 3505 3254 Qui
3529 3190 3654 3244 inde

2081 3277 2546 3345 prmdestinatione
2585 3279 2737 3332 electi
2782 3287 2939 3344 sunt,
2985 3294 3080 3348 per
3123 3280 3343 3349 gratiam
3375 3281 3603 3349 diligunt
3636 3299 3652 3333 :

2079 3367 2166 3435 qui
2205 3367 2257 3420 in
2301 3382 2398 3421 suo
2438 3381 2622 3422 errore
2663 3369 2868 3423 dimissi
2904 3379 3046 3436 sunt,
3077 3370 3378 3425 inimicitias
3402 3382 3657 3425 exercent

2084 3449 2296 3525 propter
2327 3456 2672 3526 Erangelium
2709 3475 2721 3510 :
2754 3473 2889 3527 quos
2918 3468 2972 3514 et
2997 3459 3158 3513 Jacob
3186 3460 3491 3515 claudicans
3523 3459 3658 3530 ligu-

2082 3549 2240 3603 ravit.
2270 3548 2394 3603 Sine
2419 3551 2710 3619 pcenitentia
2735 3551 2863 3603 enim
2893 3561 3007 3604 sunt
3056 3553 3191 3605 dona
3236 3562 3283 3606 et
3311 3555 3502 3606 vacatio
3539 3553 3657 3606 Dei.

2087 3638 2138 3692 ld
2169 3647 2282 3701 est,
2310 3639 2427 3694 sine
2455 3639 2743 3694 mutatione
2784 3641 3043 3695 stabiliter
3074 3641 3182 3695 ﬁsa
3219 3651 3362 3696 sunt.
3394 3643 3476 3696 Ad
3521 3643 3660 3695 hanc

2085 3728 2414 3781 vocationem
2442 3729 2529 3796 qui
2562 3729 2849 3797 pertinent,
2877 3745 3060 3786 omnes
3082 3743 3201 3784 sunt
3228 3732 3482 3786 docibiles
3513 3733 3610 3786 Dei
3641 3749 3657 3786 :

2085 3833 2182 3872 nec
2210 3827 2430 3884 possunt
2477 3818 2658 3874 dicere
2690 3837 2701 3871 :
2736 3820 2972 3888 Credidi,
3017 3832 3073 3875 ut
3117 3823 3196 3876 sic
3235 3833 3450 3877 voearet
3482 3840 3494 3876 :
3531 3824 3660 3892 quia

2088 3907 2366 3961 Dominum
2390 3923 2493 3962 non
2521 3911 2740 3977 panitet
2761 3911 2951 3965 semini
2974 3912 3200 3966 Abrahte
3228 3914 3559 3980 promisisse.
3594 3915 3662 3970 Et

2087 3999 2237 4053 aliter
2263 4016 2276 4052 :
2307 4000 2431 4054 Sine
2460 4001 2636 4070 aliquo
2659 4002 2974 4072 prtecedenti
3000 4005 3189 4058 merito
3219 4005 3296 4058 vel
3333 4005 3507 4060 labore
3537 4008 3659 4060 data

2089 4099 2169 4144 est
2201 4091 2330 4144 lides
2359 4107 2450 4160 per
2471 4093 2695 4162 gratiam
2726 4093 2946 4147 Christi.
2979 4094 3244 4148 Pmnitere
3281 4094 3411 4160 Dei,
3449 4106 3661 4151 mutare

2089 4189 2190 4247 est,
2223 4181 2361 4236 sicut
2390 4184 2610 4250 legimus
2645 4200 2658 4236 :
2688 4184 2912 4238 Pmnitet
2937 4199 3022 4237 me
3052 4184 3172 4237 Saul
3203 4199 3380 4253 regem
3417 4186 3614 4239 fecisse
3647 4205 3656 4238 :

2090 4272 2173 4326 vel
2205 4273 2331 4327 illud
2366 4289 2379 4325 :
2413 4274 2546 4327 Jura'
2575 4274 2613 4327 it
2652 4274 2936 4337 Dominus,
2970 4291 3066 4328 nec
3113 4275 3378 4343 ptenitebit
3414 4292 3535 4330 eum
3566 4295 3579 4328 :
3613 4287 3660 4330 et

2092 4365 2289 4434 reliqua
2326 4383 2337 4418 :
2369 4366 2468 4420 hoc
2506 4375 2614 4432 est,
2647 4366 3008 4421 Sacerdotium
3042 4366 3177 4420 istud
3221 4383 3323 4420 non
3373 4367 3653 4422 mutabitur

416 4449 518 4503 ties
550 4465 561 4499 :
589 4457 642 4500 et
672 4446 746 4498 illi
778 4446 1089 4509 bonitatem,
1117 4446 1158 4500 si
1206 4448 1550 4503 crediderint.
1586 4449 1690 4503 Sed
1726 4461 1773 4503 et
1821 4452 1917 4516 illi,
1945 4455 1988 4504 si
2017 4446 2066 4505 D
2093 4456 2228 4510 sicut
2259 4465 2516 4510 mutatum
2546 4466 2626 4511 est
2655 4457 2958 4511 Judasorum
2992 4475 3003 4510 :
3044 4459 3113 4510 ita
3143 4468 3196 4511 et
3231 4458 3316 4512 hic
3344 4459 3462 4513 sine
3490 4461 3661 4528 ρωηξ.

415 4555 518 4593 non
550 4539 913 4608 permanserint
944 4538 995 4588 in
1021 4537 1394 4605 incredulitate,
1409 4541 1710 4594 inserentur.
1735 4542 1788 4595 Si
1813 4554 1989 4597 autem

420 4631 476 4685 in
504 4629 813 4684 inﬁdelitate
837 4627 1246 4696 permanserint,
1271 4645 1374 4682 non
1399 4629 1720 4685 inserentur.
1743 4632 1989 4689 Ostendit

415 4735 512 4776 eos
539 4720 681 4775 dono
713 4717 804 4773 Dei
852 4731 1006 4786 posse
1053 4720 1272 4772 reverti.
1324 4719 1511 4774 Potens
1552 4729 1624 4774 est
1669 4723 1800 4775 enim
1851 4723 1987 4778 Deus

414 4814 596 4866 iterum
620 4811 841 4864 inserere
862 4809 1000 4863 illos.
1033 4809 1186 4879 Apud
1222 4810 1464 4867 homines
1490 4813 1704 4882 quidem
1743 4815 1988 4885 impossi-

415 4903 524 4958 bile
554 4911 637 4956 est
666 4901 846 4958 aridos
867 4900 1112 4955 surculos
1133 4900 1426 4958 reformare
1448 4922 1461 4956 :
1483 4905 1589 4960 Deo
1611 4916 1788 4961 autem
1809 4910 1989 4964 omnia

418 4993 687 5059 possibilia
716 5001 859 5046 sunt.
888 4991 1024 5045 Nam
1049 4992 1094 5046 si
1120 5002 1171 5044 tu
1193 5009 1257 5047 es:
1281 4995 1506 5048 naturali
1530 4997 1726 5050 excisus
1749 5013 1801 5051 es
1828 4999 1991 5051 oleas-

419 5093 520 5136 tro.
547 5081 646 5146 Qui
674 5081 787 5150 jam
816 5083 942 5136 olim
971 5084 1021 5137 in
1053 5085 1292 5153 patribus
1323 5087 1448 5153 tuis,
1477 5088 1567 5157 qui
1603 5089 1751 5143 obliti
1779 5100 1989 5144 natura-

419 5176 522 5229 lem
549 5174 743 5240 legem,
771 5173 1230 5241 degeneraverunt
1261 5191 1288 5228 a
1319 5187 1528 5242 natura,
1559 5180 1720 5232 etiam
1747 5194 1841 5248 per
1866 5196 1988 5234 HIC-

419 5263 691 5318 cessiones
719 5262 968 5329 peccandi
992 5265 1322 5320 consuetudo
1351 5269 1645 5323 crescendo
1676 5272 1986 5336 permansit,

418 5357 567 5427 quasi
592 5353 900 5410 naturaliter
921 5355 1090 5408 amari
1131 5356 1341 5412 fuerunt
1375 5378 1386 5412 :
1421 5375 1525 5415 non
1555 5361 1724 5415 solum
1772 5376 1868 5429 per
1891 5364 1990 5416 ori-

420 5449 595 5517 ginale
624 5455 930 5516 peccatum,
973 5445 1067 5500 sed
1110 5448 1267 5500 etiam
1314 5465 1405 5517 per
1442 5451 1667 5505 actuale.
1717 5451 1779 5504 lt‘t
1820 5465 1994 5507 contra

423 5550 656 5592 naturam
682 5541 898 5592 insertus
923 5553 971 5591 es
1001 5538 1052 5590 in
1082 5539 1259 5591 bonam
1287 5541 1490 5607 olivam,
1540 5553 1728 5609 quanto
1758 5545 1918 5610 magis
1943 5546 1992 5596 Iri

419 5630 696 5681 secundum
742 5641 980 5684 naturam
1021 5631 1300 5684 inserentur
1326 5647 1431 5684 sure
1474 5633 1656 5688 olim?
1680 5633 1873 5687 Contra
1905 5649 1994 5686 na-

2093 4547 2252 4600 tentia
2275 4559 2394 4601 sunt
2417 4547 2556 4600 dona
2590 4547 2679 4600 Dei
2699 4587 2712 4612 ,
2742 4557 2794 4601 et
2817 4547 3025 4602 vocatio
3059 4565 3071 4602 :
3101 4549 3199 4602 hoe
3228 4561 3338 4614 est,
3364 4564 3496 4616 quos
3529 4566 3660 4618 prm—

2090 4635 2406 4699 destinavit,
2456 4637 2552 4690 hos
2598 4644 2652 4690 et
2696 4639 2923 4691 vocavit.
2953 4638 3082 4704 Quia
3124 4638 3262 4692 Deus
3292 4654 3394 4692 non
3439 4642 3658 4694 mutabit

2091 4725 2380 4779 vocationis
2429 4739 2539 4779 sua:
2585 4728 2945 4792 sententiam;
2977 4729 3070 4782 sed
3120 4744 3253 4798 quos
3302 4743 3427 4784 ante
3479 4731 3656 4784 mundi

2089 4813 2520 4869 co:.stitutibncm
2554 4815 2604 4870 in
2637 4818 2969 4886 prmscientia
2998 4831 3090 4870 sua
3115 4819 3301 4887 e'egit,
3335 4819 3463 4886 ipsis
3491 4820 3656 4874 dictu-

2089 4919 2181 4960 rus
2223 4916 2303 4960 cst
2345 4923 2355 4957 :
2390 4905 2599 4972 Venite,
2628 4907 2890 4962 benedicti
2937 4909 3103 4962 Patris
3133 4908 3237 4963 mei
3267 4951 3282 4975 ,
3353 4921 3404 4964 et
3434 4911 3654 4980 reliqua.

2091 4996 2233 5051 Sicut
2259 4998 2386 5048 enim
2407 4997 2682 5065 aliquando
2703 5007 2749 5052 et
2771 5015 2852 5051 ros
2873 5015 2972 5051 non
2991 5000 3276 5052 credidistis
3299 4998 3420 5053 Deo.
3440 5000 3653 5066 Quando

2089 5088 2263 5142 adhuc
2295 5089 2367 5141 illi
2398 5089 2704 5143 credebant.
2743 5089 2894 5142 Nunc
2922 5101 3088 5144 autem
3110 5092 3505 5144 misericordiam
3532 5107 3656 5143 cort-

2090 5181 2244 5232 secuti
2265 5181 2383 5233 estis
2413 5191 2616 5248 prapter
2648 5180 2853 5233 illorum
2880 5182 3299 5234 incredulitatem.
3330 5182 3444 5234 Non
3475 5182 3655 5235 merito

2093 5279 2289 5324 vestro.
2326 5269 2409 5323 Ita
2436 5280 2482 5322 et
2512 5271 2595 5322 isti
2625 5287 2757 5323 nunc
2785 5287 2886 5324 non
2914 5271 3233 5323 crediderunt
3263 5272 3314 5324 in
3354 5282 3513 5324 ucstra
3556 5271 3654 5321 mi-

2092 5360 2386 5415 scricordia‘.
2439 5361 2795 5416 Misericordia
2847 5363 3086 5430 gentium
3148 5361 3394 5416 Christus
3434 5371 3512 5415 est
3550 5379 3561 5411 :
3601 5370 3654 5411 ut

2094 5461 2139 5503 et
2158 5451 2253 5517 ipsi
2275 5449 2672 5503 miscricordiam
2695 5460 3082 5518 consequantur.
3108 5450 3160 5503 lu
3186 5458 3387 5502 tantum
3412 5466 3510 5502 non
3540 5463 3652 5501 cre-

2093 5540 2357 5604 diderunt,
2381 5548 2436 5592 ut
2464 5547 2518 5593 et
2545 5540 2640 5609 ipsi
2673 5554 2774 5593 non
2806 5554 2869 5593 ex
2899 5540 3149 5609 operibus
3170 5541 3542 5608 justiﬁeentur,
3564 5537 3651 5590 St‘tl

2096 5633 2454 5688 misericordia
2475 5675 2490 5703 ,
2534 5636 2672 5691 sicut
2717 5651 2841 5702 vos,
2871 5635 3290 5706 quandocunque
3322 5631 3649 5688 crediderint.
