  <div class='ocr_page' id='page_1' title='image "/cluster/home/n/w/nwhite01/storage/ocr_20150623/68/hvd.32044054758719/254.png"; bbox 0 0 3904 6176; ppageno 0'>
   <div class='ocr_carea' id='block_1_1' title="bbox 215 367 2576 435">
    <p class='ocr_par' dir='ltr' id='par_1_1' title="bbox 215 367 2576 435">
     <span class='ocr_line' id='line_1_1' title="bbox 215 367 2576 435; baseline -0.005 -1"><span class='ocrx_word' id='word_1_1' title='bbox 215 378 296 435; x_wconf 67' lang='lat'><strong>193</strong></span> <span class='ocrx_word' id='word_1_2' title='bbox 1031 376 1105 431; x_wconf 77' lang='lat' dir='ltr'><strong>1N</strong></span> <span class='ocrx_word' id='word_1_3' title='bbox 1147 374 1530 432; x_wconf 65' lang='lat' dir='ltr'><strong>EPISTOLMI</strong></span> <span class='ocrx_word' id='word_1_4' title='bbox 1573 376 1661 430; x_wconf 80' lang='lat' dir='ltr'><strong>AD</strong></span> <span class='ocrx_word' id='word_1_5' title='bbox 1704 370 2024 430; x_wconf 73' lang='lat' dir='ltr'><strong>ROMANOS</strong></span> <span class='ocrx_word' id='word_1_6' title='bbox 2061 367 2576 427; x_wconf 72' lang='lat' dir='ltr'><strong>COMMENTARIA.</strong></span> 
     </span>
    </p>
   </div>
   <div class='ocr_carea' id='block_1_2' title="bbox 3335 372 3438 427">
    <p class='ocr_par' dir='ltr' id='par_1_2' title="bbox 3335 372 3438 427">
     <span class='ocr_line' id='line_1_2' title="bbox 3335 372 3438 427; baseline -0.029 0"><span class='ocrx_word' id='word_1_7' title='bbox 3335 372 3438 427; x_wconf 72' lang='grc' dir='ltr'>ιεῖι</span> 
     </span>
    </p>
   </div>
   <div class='ocr_carea' id='block_1_3' title="bbox 206 476 3433 556">
    <p class='ocr_par' dir='ltr' id='par_1_3' title="bbox 206 476 3433 556">
     <span class='ocr_line' id='line_1_3' title="bbox 206 476 3433 556; baseline -0.006 -8"><span class='ocrx_word' id='word_1_8' title='bbox 206 491 439 548; x_wconf 69' lang='lat' dir='ltr'><strong>Conclusit</strong></span> <span class='ocrx_word' id='word_1_9' title='bbox 469 490 603 543; x_wconf 81' lang='lat' dir='ltr'><strong>enim</strong></span> <span class='ocrx_word' id='word_1_10' title='bbox 643 487 777 542; x_wconf 86' lang='lat' dir='ltr'><strong>Deus</strong></span> <span class='ocrx_word' id='word_1_11' title='bbox 808 488 978 543; x_wconf 82' lang='lat' dir='ltr'><strong>omnia</strong></span> <span class='ocrx_word' id='word_1_12' title='bbox 1014 488 1068 540; x_wconf 89' lang='lat' dir='ltr'><strong>in</strong></span> <span class='ocrx_word' id='word_1_13' title='bbox 1098 488 1471 542; x_wconf 76' lang='lat' dir='ltr'><strong>incredulitate.</strong></span> <span class='ocrx_word' id='word_1_14' title='bbox 1504 486 1651 556; x_wconf 83' lang='lat' dir='ltr'><strong>Quos</strong></span> <span class='ocrx_word' id='word_1_15' title='bbox 1678 487 1759 541; x_wconf 80' lang='lat' dir='ltr'><strong>in-</strong></span> <span class='ocrx_word' id='word_1_16' title='bbox 1788 490 1835 547; x_wconf 87' lang='lat' dir='ltr'><strong>B</strong></span> <span class='ocrx_word' id='word_1_17' title='bbox 1860 498 2021 540; x_wconf 80' lang='lat' dir='ltr'><strong>sensu</strong></span> <span class='ocrx_word' id='word_1_18' title='bbox 2045 482 2310 539; x_wconf 85' lang='lat' dir='ltr'><strong>revelatur</strong></span> <span class='ocrx_word' id='word_1_19' title='bbox 2332 481 2538 535; x_wconf 84' lang='lat' dir='ltr'><strong>renatis</strong></span> <span class='ocrx_word' id='word_1_20' title='bbox 2560 492 2654 550; x_wconf 88' lang='lat' dir='ltr'><strong>per</strong></span> <span class='ocrx_word' id='word_1_21' title='bbox 2669 476 2913 549; x_wconf 81' lang='lat' dir='ltr'><strong>gratiam.</strong></span> <span class='ocrx_word' id='word_1_22' title='bbox 2937 477 3099 543; x_wconf 83' lang='lat' dir='ltr'><strong>Bona,</strong></span> <span class='ocrx_word' id='word_1_23' title='bbox 3129 487 3175 532; x_wconf 89' lang='lat' dir='ltr'><strong>el</strong></span> <span class='ocrx_word' id='word_1_24' title='bbox 3193 478 3433 545; x_wconf 76' lang='lat' dir='ltr'><strong>benepla-</strong></span> 
     </span>
    </p>
   </div>
   <div class='ocr_carea' id='block_1_4' title="bbox 212 576 1758 644">
    <p class='ocr_par' dir='ltr' id='par_1_4' title="bbox 212 576 1758 644">
     <span class='ocr_line' id='line_1_4' title="bbox 212 576 1758 644; baseline -0.003 -9"><span class='ocrx_word' id='word_1_25' title='bbox 212 584 331 637; x_wconf 78' lang='lat' dir='ltr'><strong>veuit</strong></span> <span class='ocrx_word' id='word_1_26' title='bbox 372 582 425 637; x_wconf 93' lang='lat' dir='ltr'><strong>in</strong></span> <span class='ocrx_word' id='word_1_27' title='bbox 468 578 839 634; x_wconf 74' lang='lat' dir='ltr'><strong>incredulitate</strong></span> <span class='ocrx_word' id='word_1_28' title='bbox 871 594 886 631; x_wconf 86' lang='lat'><strong>:</strong></span> <span class='ocrx_word' id='word_1_29' title='bbox 915 578 1016 632; x_wconf 91' lang='lat' dir='ltr'><strong>hoc</strong></span> <span class='ocrx_word' id='word_1_30' title='bbox 1040 585 1155 641; x_wconf 73' lang='lat' dir='ltr'><strong>est,</strong></span> <span class='ocrx_word' id='word_1_31' title='bbox 1197 576 1411 634; x_wconf 63' lang='lat' dir='ltr'><strong>Judzeos</strong></span> <span class='ocrx_word' id='word_1_32' title='bbox 1448 592 1667 644; x_wconf 88' lang='lat' dir='ltr'><strong>omnes,</strong></span> <span class='ocrx_word' id='word_1_33' title='bbox 1704 579 1758 631; x_wconf 72' lang='lat' dir='ltr'><strong>et</strong></span> 
     </span>
    </p>
   </div>
   <div class='ocr_carea' id='block_1_5' title="bbox 208 666 1757 742">
    <p class='ocr_par' dir='ltr' id='par_1_5' title="bbox 208 666 1757 742">
     <span class='ocr_line' id='line_1_5' title="bbox 208 666 1757 742; baseline -0.003 -16"><span class='ocrx_word' id='word_1_34' title='bbox 208 681 388 742; x_wconf 78' lang='lat' dir='ltr'><strong>gentes,</strong></span> <span class='ocrx_word' id='word_1_35' title='bbox 438 673 535 723; x_wconf 89' lang='lat' dir='ltr'><strong>hos</strong></span> <span class='ocrx_word' id='word_1_36' title='bbox 574 667 858 734; x_wconf 75' lang='lat' dir='ltr'><strong>conclusit,</strong></span> <span class='ocrx_word' id='word_1_37' title='bbox 907 669 1030 736; x_wconf 86' lang='lat' dir='ltr'><strong>quia</strong></span> <span class='ocrx_word' id='word_1_38' title='bbox 1070 676 1194 722; x_wconf 90' lang='lat' dir='ltr'><strong>ante</strong></span> <span class='ocrx_word' id='word_1_39' title='bbox 1242 666 1407 723; x_wconf 67' lang='lat' dir='ltr'><strong>Judaii</strong></span> <span class='ocrx_word' id='word_1_40' title='bbox 1449 679 1757 737; x_wconf 85' lang='lat' dir='ltr'><strong>peccatores</strong></span> 
     </span>
    </p>
   </div>
   <div class='ocr_carea' id='block_1_6' title="bbox 211 757 1757 827">
    <p class='ocr_par' dir='ltr' id='par_1_6' title="bbox 211 757 1757 827">
     <span class='ocr_line' id='line_1_6' title="bbox 211 757 1757 827; baseline -0.001 -13"><span class='ocrx_word' id='word_1_41' title='bbox 211 771 356 824; x_wconf 82' lang='lat' dir='ltr'><strong>erant,</strong></span> <span class='ocrx_word' id='word_1_42' title='bbox 402 774 507 811; x_wconf 86' lang='lat' dir='ltr'><strong>non</strong></span> <span class='ocrx_word' id='word_1_43' title='bbox 561 757 752 827; x_wconf 73' lang='lat' dir='ltr'><strong>perfidi</strong></span> <span class='ocrx_word' id='word_1_44' title='bbox 802 773 814 807; x_wconf 89' lang='lat'><strong>:</strong></span> <span class='ocrx_word' id='word_1_45' title='bbox 869 765 1144 825; x_wconf 86' lang='lat' dir='ltr'><strong>postquam</strong></span> <span class='ocrx_word' id='word_1_46' title='bbox 1177 767 1352 811; x_wconf 91' lang='lat' dir='ltr'><strong>autem</strong></span> <span class='ocrx_word' id='word_1_47' title='bbox 1389 757 1606 813; x_wconf 82' lang='lat' dir='ltr'><strong>Christo</strong></span> <span class='ocrx_word' id='word_1_48' title='bbox 1648 771 1757 812; x_wconf 92' lang='lat' dir='ltr'><strong>non</strong></span> 
     </span>
    </p>
   </div>
   <div class='ocr_carea' id='block_1_7' title="bbox 212 846 1759 915">
    <p class='ocr_par' dir='ltr' id='par_1_7' title="bbox 212 846 1759 915">
     <span class='ocr_line' id='line_1_7' title="bbox 212 846 1759 915; baseline -0.001 -13"><span class='ocrx_word' id='word_1_49' title='bbox 212 849 546 911; x_wconf 86' lang='lat' dir='ltr'><strong>crediderunt,</strong></span> <span class='ocrx_word' id='word_1_50' title='bbox 579 846 811 915; x_wconf 69' lang='lat' dir='ltr'><strong>aequales</strong></span> <span class='ocrx_word' id='word_1_51' title='bbox 831 856 952 899; x_wconf 89' lang='lat' dir='ltr'><strong>sunt</strong></span> <span class='ocrx_word' id='word_1_52' title='bbox 978 846 1242 914; x_wconf 85' lang='lat' dir='ltr'><strong>gentibus,</strong></span> <span class='ocrx_word' id='word_1_53' title='bbox 1273 856 1325 902; x_wconf 91' lang='lat' dir='ltr'><strong>et</strong></span> <span class='ocrx_word' id='word_1_54' title='bbox 1354 847 1423 901; x_wconf 84' lang='lat' dir='ltr'><strong>ita</strong></span> <span class='ocrx_word' id='word_1_55' title='bbox 1456 848 1759 903; x_wconf 83' lang='lat' dir='ltr'><strong>misericor-</strong></span> 
     </span>
    </p>
   </div>
   <div class='ocr_carea' id='block_1_8' title="bbox 208 935 1761 1006">
    <p class='ocr_par' dir='ltr' id='par_1_8' title="bbox 208 935 1761 1006">
     <span class='ocr_line' id='line_1_8' title="bbox 208 935 1761 1006; baseline -0.001 -13"><span class='ocrx_word' id='word_1_56' title='bbox 208 937 282 992; x_wconf 84' lang='lat' dir='ltr'><strong>dia</strong></span> <span class='ocrx_word' id='word_1_57' title='bbox 306 937 534 1006; x_wconf 81' lang='lat' dir='ltr'><strong>indigent</strong></span> <span class='ocrx_word' id='word_1_58' title='bbox 561 950 748 989; x_wconf 88' lang='lat' dir='ltr'><strong>omnes</strong></span> <span class='ocrx_word' id='word_1_59' title='bbox 776 944 831 989; x_wconf 90' lang='lat' dir='ltr'><strong>et</strong></span> <span class='ocrx_word' id='word_1_60' title='bbox 852 944 1279 1004; x_wconf 84' lang='lat' dir='ltr'><strong>consequuntur.</strong></span> <span class='ocrx_word' id='word_1_61' title='bbox 1316 935 1383 991; x_wconf 89' lang='lat' dir='ltr'><strong>Ut</strong></span> <span class='ocrx_word' id='word_1_62' title='bbox 1412 938 1634 991; x_wconf 87' lang='lat' dir='ltr'><strong>omnium</strong></span> <span class='ocrx_word' id='word_1_63' title='bbox 1663 939 1761 992; x_wconf 89' lang='lat' dir='ltr'><strong>mi-</strong></span> 
     </span>
    </p>
   </div>
   <div class='ocr_carea' id='block_1_9' title="bbox 211 1025 1755 1093">
    <p class='ocr_par' dir='ltr' id='par_1_9' title="bbox 211 1025 1755 1093">
     <span class='ocr_line' id='line_1_9' title="bbox 211 1025 1755 1093; baseline 0.001 -12"><span class='ocrx_word' id='word_1_64' title='bbox 211 1037 431 1081; x_wconf 78' lang='lat' dir='ltr'><strong>sereatur.</strong></span> <span class='ocrx_word' id='word_1_65' title='bbox 464 1026 590 1081; x_wconf 66' lang='lat' dir='ltr'><strong>Haec</strong></span> <span class='ocrx_word' id='word_1_66' title='bbox 626 1025 755 1079; x_wconf 84' lang='lat' dir='ltr'><strong>fecit</strong></span> <span class='ocrx_word' id='word_1_67' title='bbox 784 1040 940 1079; x_wconf 83' lang='lat' dir='ltr'><strong>causa</strong></span> <span class='ocrx_word' id='word_1_68' title='bbox 980 1034 1040 1079; x_wconf 93' lang='lat' dir='ltr'><strong>ut</strong></span> <span class='ocrx_word' id='word_1_69' title='bbox 1087 1026 1336 1081; x_wconf 88' lang='lat' dir='ltr'><strong>omnibus</strong></span> <span class='ocrx_word' id='word_1_70' title='bbox 1398 1027 1715 1082; x_wconf 80' lang='lat' dir='ltr'><strong>misereatur</strong></span> <span class='ocrx_word' id='word_1_71' title='bbox 1740 1068 1755 1093; x_wconf 96' lang='lat'><strong>,</strong></span> 
     </span>
    </p>
   </div>
   <div class='ocr_carea' id='block_1_10' title="bbox 212 1114 1761 1184">
    <p class='ocr_par' dir='ltr' id='par_1_10' title="bbox 212 1114 1761 1184">
     <span class='ocr_line' id='line_1_10' title="bbox 212 1114 1761 1184; baseline 0.001 -16"><span class='ocrx_word' id='word_1_72' title='bbox 212 1116 310 1184; x_wconf 73' lang='lat' dir='ltr'><strong>qu’a</strong></span> <span class='ocrx_word' id='word_1_73' title='bbox 357 1129 549 1169; x_wconf 88' lang='lat' dir='ltr'><strong>omnes</strong></span> <span class='ocrx_word' id='word_1_74' title='bbox 596 1114 875 1183; x_wconf 66' lang='lat' dir='ltr'><strong>arqualiter</strong></span> <span class='ocrx_word' id='word_1_75' title='bbox 927 1114 1233 1168; x_wconf 88' lang='lat' dir='ltr'><strong>incredulos</strong></span> <span class='ocrx_word' id='word_1_76' title='bbox 1283 1114 1685 1183; x_wconf 61' lang='lat' dir='ltr'><strong>deprehendit-</strong></span> <span class='ocrx_word' id='word_1_77' title='bbox 1715 1117 1761 1169; x_wconf 83' lang='grc'>0</span> 
     </span>
    </p>
   </div>
   <div class='ocr_carea' id='block_1_11' title="bbox 203 1195 1761 1274">
    <p class='ocr_par' dir='ltr' id='par_1_11' title="bbox 203 1195 1761 1274">
     <span class='ocr_line' id='line_1_11' title="bbox 203 1195 1761 1274; baseline 0.001 -16"><span class='ocrx_word' id='word_1_78' title='bbox 203 1206 402 1260; x_wconf 73' lang='lat' dir='ltr'><strong>altitudo</strong></span> <span class='ocrx_word' id='word_1_79' title='bbox 428 1203 717 1256; x_wconf 75' lang='lat' dir='ltr'><strong>divitiarum</strong></span> <span class='ocrx_word' id='word_1_80' title='bbox 740 1204 1024 1268; x_wconf 66' lang='lat' dir='ltr'><strong>sapientiae.</strong></span> <span class='ocrx_word' id='word_1_81' title='bbox 1053 1203 1256 1258; x_wconf 80' lang='lat' dir='ltr'><strong>Laudat</strong></span> <span class='ocrx_word' id='word_1_82' title='bbox 1287 1219 1414 1273; x_wconf 80' lang='lat' dir='ltr'><strong>ergo</strong></span> <span class='ocrx_word' id='word_1_83' title='bbox 1445 1195 1761 1274; x_wconf 65' lang='lat' dir='ltr'><strong>sapientiam</strong></span> 
     </span>
    </p>
   </div>
   <div class='ocr_carea' id='block_1_12' title="bbox 211 1294 1760 1366">
    <p class='ocr_par' dir='ltr' id='par_1_12' title="bbox 211 1294 1760 1366">
     <span class='ocr_line' id='line_1_12' title="bbox 211 1294 1760 1366; baseline 0 -16"><span class='ocrx_word' id='word_1_84' title='bbox 211 1297 320 1359; x_wconf 87' lang='lat' dir='ltr'><strong>Dei,</strong></span> <span class='ocrx_word' id='word_1_85' title='bbox 349 1296 439 1366; x_wconf 89' lang='lat' dir='ltr'><strong>qui</strong></span> <span class='ocrx_word' id='word_1_86' title='bbox 466 1294 646 1349; x_wconf 88' lang='lat' dir='ltr'><strong>tandiu</strong></span> <span class='ocrx_word' id='word_1_87' title='bbox 673 1296 1004 1361; x_wconf 77' lang='lat' dir='ltr'><strong>exspectavit</strong></span> <span class='ocrx_word' id='word_1_88' title='bbox 1031 1295 1321 1349; x_wconf 85' lang='lat' dir='ltr'><strong>secundum</strong></span> <span class='ocrx_word' id='word_1_89' title='bbox 1352 1297 1760 1364; x_wconf 62' lang='lat' dir='ltr'><strong>prmscientiam,</strong></span> 
     </span>
    </p>
   </div>
   <div class='ocr_carea' id='block_1_13' title="bbox 208 1386 1764 1457">
    <p class='ocr_par' dir='ltr' id='par_1_13' title="bbox 208 1386 1764 1457">
     <span class='ocr_line' id='line_1_13' title="bbox 208 1386 1764 1457; baseline 0.001 -16"><span class='ocrx_word' id='word_1_90' title='bbox 208 1389 357 1443; x_wconf 88' lang='lat' dir='ltr'><strong>donec</strong></span> <span class='ocrx_word' id='word_1_91' title='bbox 384 1402 573 1441; x_wconf 84' lang='lat' dir='ltr'><strong>omnes</strong></span> <span class='ocrx_word' id='word_1_92' title='bbox 598 1386 875 1455; x_wconf 71' lang='lat' dir='ltr'><strong>aequaliter</strong></span> <span class='ocrx_word' id='word_1_93' title='bbox 902 1387 1212 1457; x_wconf 72' lang='lat' dir='ltr'><strong>indigerent</strong></span> <span class='ocrx_word' id='word_1_94' title='bbox 1249 1386 1614 1443; x_wconf 77' lang='lat' dir='ltr'><strong>misericordia</strong></span> <span class='ocrx_word' id='word_1_95' title='bbox 1638 1430 1655 1454; x_wconf 92' lang='lat'><strong>,</strong></span> <span class='ocrx_word' id='word_1_96' title='bbox 1707 1398 1764 1443; x_wconf 88' lang='lat' dir='ltr'><strong>ut</strong></span> 
     </span>
    </p>
   </div>
   <div class='ocr_carea' id='block_1_14' title="bbox 207 1478 1764 1549">
    <p class='ocr_par' dir='ltr' id='par_1_14' title="bbox 207 1478 1764 1549">
     <span class='ocr_line' id='line_1_14' title="bbox 207 1478 1764 1549; baseline 0.002 -18"><span class='ocrx_word' id='word_1_97' title='bbox 207 1494 348 1533; x_wconf 84' lang='lat' dir='ltr'><strong>nemo</strong></span> <span class='ocrx_word' id='word_1_98' title='bbox 374 1478 592 1535; x_wconf 83' lang='lat' dir='ltr'><strong>haberet</strong></span> <span class='ocrx_word' id='word_1_99' title='bbox 628 1478 769 1533; x_wconf 86' lang='lat' dir='ltr'><strong>unde</strong></span> <span class='ocrx_word' id='word_1_100' title='bbox 814 1478 1028 1548; x_wconf 84' lang='lat' dir='ltr'><strong>gloriari</strong></span> <span class='ocrx_word' id='word_1_101' title='bbox 1063 1488 1271 1547; x_wconf 82' lang='lat' dir='ltr'><strong>posset,</strong></span> <span class='ocrx_word' id='word_1_102' title='bbox 1312 1494 1371 1534; x_wconf 91' lang='lat' dir='ltr'><strong>se</strong></span> <span class='ocrx_word' id='word_1_103' title='bbox 1413 1494 1477 1534; x_wconf 82' lang='lat' dir='ltr'><strong>es</strong></span> <span class='ocrx_word' id='word_1_104' title='bbox 1514 1482 1764 1549; x_wconf 81' lang='lat' dir='ltr'><strong>operibus</strong></span> 
     </span>
    </p>
   </div>
   <div class='ocr_carea' id='block_1_15' title="bbox 201 1570 1765 1641">
    <p class='ocr_par' dir='ltr' id='par_1_15' title="bbox 201 1570 1765 1641">
     <span class='ocr_line' id='line_1_15' title="bbox 201 1570 1765 1641; baseline 0.001 -17"><span class='ocrx_word' id='word_1_105' title='bbox 201 1570 552 1641; x_wconf 81' lang='lat' dir='ltr'><strong>justiﬁeatum,</strong></span> <span class='ocrx_word' id='word_1_106' title='bbox 581 1586 698 1640; x_wconf 64' lang='lat' dir='ltr'><strong>qua</strong></span> <span class='ocrx_word' id='word_1_107' title='bbox 725 1586 823 1626; x_wconf 82' lang='lat' dir='ltr'><strong>me</strong></span> <span class='ocrx_word' id='word_1_108' title='bbox 852 1570 995 1625; x_wconf 85' lang='lat' dir='ltr'><strong>fecit.</strong></span> <span class='ocrx_word' id='word_1_109' title='bbox 1038 1570 1150 1626; x_wconf 84' lang='lat' dir='ltr'><strong>[loc</strong></span> <span class='ocrx_word' id='word_1_110' title='bbox 1187 1570 1363 1625; x_wconf 68' lang='lat' dir='ltr'><strong>autem</strong></span> <span class='ocrx_word' id='word_1_111' title='bbox 1410 1586 1570 1626; x_wconf 89' lang='lat' dir='ltr'><strong>nemo</strong></span> <span class='ocrx_word' id='word_1_112' title='bbox 1609 1573 1765 1626; x_wconf 85' lang='lat' dir='ltr'><strong>intel-</strong></span> 
     </span>
    </p>
   </div>
   <div class='ocr_carea' id='block_1_16' title="bbox 207 1661 1765 1731">
    <p class='ocr_par' dir='ltr' id='par_1_16' title="bbox 207 1661 1765 1731">
     <span class='ocr_line' id='line_1_16' title="bbox 207 1661 1765 1731; baseline 0.003 -16"><span class='ocrx_word' id='word_1_113' title='bbox 207 1661 511 1729; x_wconf 84' lang='lat' dir='ltr'><strong>lexit,justo</strong></span> <span class='ocrx_word' id='word_1_114' title='bbox 563 1662 652 1715; x_wconf 89' lang='lat' dir='ltr'><strong>Dei</strong></span> <span class='ocrx_word' id='word_1_115' title='bbox 698 1661 930 1731; x_wconf 86' lang='lat' dir='ltr'><strong>judicio,</strong></span> <span class='ocrx_word' id='word_1_116' title='bbox 980 1662 1120 1717; x_wconf 78' lang='lat' dir='ltr'><strong>unde</strong></span> <span class='ocrx_word' id='word_1_117' title='bbox 1166 1663 1434 1716; x_wconf 83' lang='lat' dir='ltr'><strong>admirans</strong></span> <span class='ocrx_word' id='word_1_118' title='bbox 1480 1663 1765 1731; x_wconf 85' lang='lat' dir='ltr'><strong>Apostolus</strong></span> 
     </span>
    </p>
   </div>
   <div class='ocr_carea' id='block_1_17' title="bbox 204 1749 1765 1825">
    <p class='ocr_par' dir='ltr' id='par_1_17' title="bbox 204 1749 1765 1825">
     <span class='ocr_line' id='line_1_17' title="bbox 204 1749 1765 1825; baseline 0.003 -21"><span class='ocrx_word' id='word_1_119' title='bbox 204 1759 393 1825; x_wconf 65' lang='lat' dir='ltr'><strong>tantum</strong></span> <span class='ocrx_word' id='word_1_120' title='bbox 448 1749 767 1821; x_wconf 88' lang='lat' dir='ltr'><strong>profundum</strong></span> <span class='ocrx_word' id='word_1_121' title='bbox 803 1792 817 1817; x_wconf 91' lang='lat'><strong>,</strong></span> <span class='ocrx_word' id='word_1_122' title='bbox 866 1752 1030 1806; x_wconf 86' lang='lat' dir='ltr'><strong>nullis</strong></span> <span class='ocrx_word' id='word_1_123' title='bbox 1084 1752 1287 1806; x_wconf 89' lang='lat' dir='ltr'><strong>meritis</strong></span> <span class='ocrx_word' id='word_1_124' title='bbox 1343 1753 1765 1821; x_wconf 69' lang='lat' dir='ltr'><strong>praecedentibus</strong></span> 
     </span>
    </p>
   </div>
   <div class='ocr_carea' id='block_1_18' title="bbox 1859 570 3435 645">
    <p class='ocr_par' dir='ltr' id='par_1_18' title="bbox 1859 570 3435 645">
     <span class='ocr_line' id='line_1_18' title="bbox 1859 570 3435 645; baseline -0.004 -16"><span class='ocrx_word' id='word_1_125' title='bbox 1859 592 1994 641; x_wconf 73' lang='lat' dir='ltr'><strong>rens,</strong></span> <span class='ocrx_word' id='word_1_126' title='bbox 2022 582 2067 627; x_wconf 88' lang='lat' dir='ltr'><strong>et</strong></span> <span class='ocrx_word' id='word_1_127' title='bbox 2099 574 2340 645; x_wconf 80' lang='lat' dir='ltr'><strong>perfecta.</strong></span> <span class='ocrx_word' id='word_1_128' title='bbox 2374 573 2518 627; x_wconf 80' lang='lat' dir='ltr'><strong>Dona</strong></span> <span class='ocrx_word' id='word_1_129' title='bbox 2537 614 2551 638; x_wconf 92' lang='lat'><strong>,</strong></span> <span class='ocrx_word' id='word_1_130' title='bbox 2585 570 2776 625; x_wconf 85' lang='lat' dir='ltr'><strong>melior</strong></span> <span class='ocrx_word' id='word_1_131' title='bbox 2804 580 2859 625; x_wconf 90' lang='lat' dir='ltr'><strong>ct</strong></span> <span class='ocrx_word' id='word_1_132' title='bbox 2897 571 3116 640; x_wconf 86' lang='lat' dir='ltr'><strong>optima.</strong></span> <span class='ocrx_word' id='word_1_133' title='bbox 3144 571 3274 624; x_wconf 85' lang='lat' dir='ltr'><strong>Dico</strong></span> <span class='ocrx_word' id='word_1_134' title='bbox 3300 573 3435 624; x_wconf 78' lang='lat' dir='ltr'><strong>enim</strong></span> 
     </span>
    </p>
   </div>
   <div class='ocr_carea' id='block_1_19' title="bbox 1858 660 3428 736">
    <p class='ocr_par' dir='ltr' id='par_1_19' title="bbox 1858 660 3428 736">
     <span class='ocr_line' id='line_1_19' title="bbox 1858 660 3428 736; baseline -0.002 -18"><span class='ocrx_word' id='word_1_135' title='bbox 1858 678 1949 735; x_wconf 81' lang='lat' dir='ltr'><strong>per</strong></span> <span class='ocrx_word' id='word_1_136' title='bbox 1975 665 2192 736; x_wconf 86' lang='lat' dir='ltr'><strong>gratiam</strong></span> <span class='ocrx_word' id='word_1_137' title='bbox 2218 679 2334 733; x_wconf 77' lang='lat' dir='ltr'><strong>quae</strong></span> <span class='ocrx_word' id='word_1_138' title='bbox 2354 664 2475 716; x_wconf 89' lang='lat' dir='ltr'><strong>data</strong></span> <span class='ocrx_word' id='word_1_139' title='bbox 2506 672 2579 716; x_wconf 84' lang='lat' dir='ltr'><strong>est</strong></span> <span class='ocrx_word' id='word_1_140' title='bbox 2600 661 2751 715; x_wconf 83' lang='lat' dir='ltr'><strong>mihi.</strong></span> <span class='ocrx_word' id='word_1_141' title='bbox 2782 660 2896 715; x_wconf 85' lang='lat' dir='ltr'><strong>Non</strong></span> <span class='ocrx_word' id='word_1_142' title='bbox 2923 675 3082 715; x_wconf 88' lang='lat' dir='ltr'><strong>sensu</strong></span> <span class='ocrx_word' id='word_1_143' title='bbox 3113 663 3326 731; x_wconf 84' lang='lat' dir='ltr'><strong>proprio</strong></span> <span class='ocrx_word' id='word_1_144' title='bbox 3354 664 3428 715; x_wconf 82' lang='lat' dir='ltr'><strong>lo-</strong></span> 
     </span>
    </p>
   </div>
   <div class='ocr_carea' id='block_1_20' title="bbox 1858 753 3430 824">
    <p class='ocr_par' dir='ltr' id='par_1_20' title="bbox 1858 753 3430 824">
     <span class='ocr_line' id='line_1_20' title="bbox 1858 753 3430 824; baseline 0.001 -16"><span class='ocrx_word' id='word_1_145' title='bbox 1858 770 1994 824; x_wconf 90' lang='lat' dir='ltr'><strong>quor</strong></span> <span class='ocrx_word' id='word_1_146' title='bbox 2022 772 2037 811; x_wconf 86' lang='lat'><strong>:</strong></span> <span class='ocrx_word' id='word_1_147' title='bbox 2066 754 2160 809; x_wconf 88' lang='lat' dir='ltr'><strong>sed</strong></span> <span class='ocrx_word' id='word_1_148' title='bbox 2188 754 2355 823; x_wconf 82' lang='lat' dir='ltr'><strong>gratia</strong></span> <span class='ocrx_word' id='word_1_149' title='bbox 2387 754 2583 809; x_wconf 90' lang='lat' dir='ltr'><strong>Christi</strong></span> <span class='ocrx_word' id='word_1_150' title='bbox 2617 753 2847 824; x_wconf 76' lang='lat' dir='ltr'><strong>loquitur</strong></span> <span class='ocrx_word' id='word_1_151' title='bbox 2883 753 2936 806; x_wconf 90' lang='lat' dir='ltr'><strong>in</strong></span> <span class='ocrx_word' id='word_1_152' title='bbox 2967 766 3053 808; x_wconf 88' lang='lat' dir='ltr'><strong>me</strong></span> <span class='ocrx_word' id='word_1_153' title='bbox 3081 771 3096 806; x_wconf 91' lang='lat'><strong>:</strong></span> <span class='ocrx_word' id='word_1_154' title='bbox 3123 755 3274 823; x_wconf 90' lang='lat' dir='ltr'><strong>quasi</strong></span> <span class='ocrx_word' id='word_1_155' title='bbox 3304 769 3430 824; x_wconf 82' lang='lat' dir='ltr'><strong>pro-</strong></span> 
     </span>
    </p>
   </div>
   <div class='ocr_carea' id='block_1_21' title="bbox 1860 843 3437 915">
    <p class='ocr_par' dir='ltr' id='par_1_21' title="bbox 1860 843 3437 915">
     <span class='ocr_line' id='line_1_21' title="bbox 1860 843 3437 915; baseline 0 -17"><span class='ocrx_word' id='word_1_156' title='bbox 1860 844 2049 901; x_wconf 86' lang='lat' dir='ltr'><strong>hibens</strong></span> <span class='ocrx_word' id='word_1_157' title='bbox 2071 843 2223 900; x_wconf 84' lang='lat' dir='ltr'><strong>aliter</strong></span> <span class='ocrx_word' id='word_1_158' title='bbox 2252 858 2442 912; x_wconf 82' lang='lat' dir='ltr'><strong>sapere</strong></span> <span class='ocrx_word' id='word_1_159' title='bbox 2460 859 2623 915; x_wconf 87' lang='lat' dir='ltr'><strong>quam</strong></span> <span class='ocrx_word' id='word_1_160' title='bbox 2656 845 2892 913; x_wconf 64' lang='lat' dir='ltr'><strong>praecipit</strong></span> <span class='ocrx_word' id='word_1_161' title='bbox 2920 844 3001 898; x_wconf 82' lang='lat' dir='ltr'><strong>lex</strong></span> <span class='ocrx_word' id='word_1_162' title='bbox 3033 844 3229 899; x_wconf 80' lang='lat' dir='ltr'><strong>divina.</strong></span> <span class='ocrx_word' id='word_1_163' title='bbox 3261 845 3437 899; x_wconf 75' lang='lat' dir='ltr'><strong>Omni-</strong></span> 
     </span>
    </p>
   </div>
   <div class='ocr_carea' id='block_1_22' title="bbox 1860 934 3437 1003">
    <p class='ocr_par' dir='ltr' id='par_1_22' title="bbox 1860 934 3437 1003">
     <span class='ocr_line' id='line_1_22' title="bbox 1860 934 3437 1003; baseline -0.001 -15"><span class='ocrx_word' id='word_1_164' title='bbox 1860 935 1953 988; x_wconf 79' lang='lat' dir='ltr'><strong>bus</strong></span> <span class='ocrx_word' id='word_1_165' title='bbox 1983 935 2071 1003; x_wconf 96' lang='lat' dir='ltr'><strong>qui</strong></span> <span class='ocrx_word' id='word_1_166' title='bbox 2121 943 2240 988; x_wconf 87' lang='lat' dir='ltr'><strong>sunt</strong></span> <span class='ocrx_word' id='word_1_167' title='bbox 2291 935 2425 989; x_wconf 85' lang='lat' dir='ltr'><strong>inter</strong></span> <span class='ocrx_word' id='word_1_168' title='bbox 2459 950 2564 989; x_wconf 79' lang='lat' dir='ltr'><strong>ros.</strong></span> <span class='ocrx_word' id='word_1_169' title='bbox 2596 934 2976 991; x_wconf 87' lang='lat' dir='ltr'><strong>Sacerdotibus</strong></span> <span class='ocrx_word' id='word_1_170' title='bbox 3009 944 3063 989; x_wconf 90' lang='lat' dir='ltr'><strong>et</strong></span> <span class='ocrx_word' id='word_1_171' title='bbox 3097 934 3437 999; x_wconf 71' lang='lat' dir='ltr'><strong>doctoribus,</strong></span> 
     </span>
    </p>
   </div>
   <div class='ocr_carea' id='block_1_23' title="bbox 1861 1025 3440 1096">
    <p class='ocr_par' dir='ltr' id='par_1_23' title="bbox 1861 1025 3440 1096">
     <span class='ocr_line' id='line_1_23' title="bbox 1861 1025 3440 1096; baseline 0.001 -18"><span class='ocrx_word' id='word_1_172' title='bbox 1861 1039 2085 1095; x_wconf 90' lang='lat' dir='ltr'><strong>quorum</strong></span> <span class='ocrx_word' id='word_1_173' title='bbox 2135 1027 2439 1095; x_wconf 81' lang='lat' dir='ltr'><strong>exemplum</strong></span> <span class='ocrx_word' id='word_1_174' title='bbox 2490 1028 2667 1080; x_wconf 76' lang='lat' dir='ltr'><strong>caeteri</strong></span> <span class='ocrx_word' id='word_1_175' title='bbox 2717 1036 3086 1094; x_wconf 83' lang='lat' dir='ltr'><strong>sequerentur.</strong></span> <span class='ocrx_word' id='word_1_176' title='bbox 3148 1025 3266 1079; x_wconf 83' lang='lat' dir='ltr'><strong>Nan</strong></span> <span class='ocrx_word' id='word_1_177' title='bbox 3325 1028 3440 1096; x_wconf 56' lang='lat' dir='ltr'><strong>plus</strong></span> 
     </span>
    </p>
   </div>
   <div class='ocr_carea' id='block_1_24' title="bbox 1859 1116 3440 1187">
    <p class='ocr_par' dir='ltr' id='par_1_24' title="bbox 1859 1116 3440 1187">
     <span class='ocr_line' id='line_1_24' title="bbox 1859 1116 3440 1187; baseline -0.001 -18"><span class='ocrx_word' id='word_1_178' title='bbox 1859 1132 2052 1185; x_wconf 78' lang='lat' dir='ltr'><strong>sapere,</strong></span> <span class='ocrx_word' id='word_1_179' title='bbox 2071 1132 2221 1186; x_wconf 82' lang='lat' dir='ltr'><strong>quam</strong></span> <span class='ocrx_word' id='word_1_180' title='bbox 2237 1125 2433 1187; x_wconf 79' lang='lat' dir='ltr'><strong>oportet</strong></span> <span class='ocrx_word' id='word_1_181' title='bbox 2458 1133 2633 1184; x_wconf 85' lang='lat' dir='ltr'><strong>sapere</strong></span> <span class='ocrx_word' id='word_1_182' title='bbox 2660 1130 2678 1169; x_wconf 89' lang='lat'><strong><em>:</em></strong></span> <span class='ocrx_word' id='word_1_183' title='bbox 2700 1116 2787 1170; x_wconf 84' lang='lat' dir='ltr'><strong>sed</strong></span> <span class='ocrx_word' id='word_1_184' title='bbox 2809 1132 2986 1183; x_wconf 79' lang='lat' dir='ltr'><strong>sapere</strong></span> <span class='ocrx_word' id='word_1_185' title='bbox 3010 1117 3079 1168; x_wconf 85' lang='lat' dir='ltr'><strong>ad</strong></span> <span class='ocrx_word' id='word_1_186' title='bbox 3101 1117 3440 1173; x_wconf 74' lang='lat' dir='ltr'><strong>sobrietatem.</strong></span> 
     </span>
    </p>
   </div>
   <div class='ocr_carea' id='block_1_25' title="bbox 1864 1205 3442 1278">
    <p class='ocr_par' dir='ltr' id='par_1_25' title="bbox 1864 1205 3442 1278">
     <span class='ocr_line' id='line_1_25' title="bbox 1864 1205 3442 1278; baseline 0.001 -19"><span class='ocrx_word' id='word_1_187' title='bbox 1864 1206 1993 1261; x_wconf 87' lang='lat' dir='ltr'><strong>Plus</strong></span> <span class='ocrx_word' id='word_1_188' title='bbox 2024 1208 2184 1275; x_wconf 86' lang='lat' dir='ltr'><strong>sapit,</strong></span> <span class='ocrx_word' id='word_1_189' title='bbox 2216 1205 2305 1275; x_wconf 89' lang='lat' dir='ltr'><strong>qui</strong></span> <span class='ocrx_word' id='word_1_190' title='bbox 2336 1206 2442 1272; x_wconf 90' lang='lat' dir='ltr'><strong>illa,</strong></span> <span class='ocrx_word' id='word_1_191' title='bbox 2473 1222 2590 1276; x_wconf 60' lang='lat' dir='ltr'><strong>qua</strong></span> <span class='ocrx_word' id='word_1_192' title='bbox 2621 1207 2704 1263; x_wconf 80' lang='lat' dir='ltr'><strong>les</strong></span> <span class='ocrx_word' id='word_1_193' title='bbox 2736 1222 2842 1260; x_wconf 90' lang='lat' dir='ltr'><strong>non</strong></span> <span class='ocrx_word' id='word_1_194' title='bbox 2874 1207 3002 1261; x_wconf 80' lang='lat' dir='ltr'><strong>dicit</strong></span> <span class='ocrx_word' id='word_1_195' title='bbox 3033 1208 3272 1278; x_wconf 87' lang='lat' dir='ltr'><strong>inquirit,</strong></span> <span class='ocrx_word' id='word_1_196' title='bbox 3302 1207 3442 1262; x_wconf 90' lang='lat' dir='ltr'><strong>sicut</strong></span> 
     </span>
    </p>
   </div>
   <div class='ocr_carea' id='block_1_26' title="bbox 1860 1295 3442 1365">
    <p class='ocr_par' dir='ltr' id='par_1_26' title="bbox 1860 1295 3442 1365">
     <span class='ocr_line' id='line_1_26' title="bbox 1860 1295 3442 1365; baseline 0.001 -17"><span class='ocrx_word' id='word_1_197' title='bbox 1860 1295 1992 1349; x_wconf 87' lang='lat' dir='ltr'><strong>dicit</strong></span> <span class='ocrx_word' id='word_1_198' title='bbox 2016 1296 2269 1349; x_wconf 83' lang='lat' dir='ltr'><strong>Salomon</strong></span> <span class='ocrx_word' id='word_1_199' title='bbox 2314 1312 2328 1348; x_wconf 92' lang='lat'><strong>:</strong></span> <span class='ocrx_word' id='word_1_200' title='bbox 2372 1295 2577 1350; x_wconf 79' lang='lat' dir='ltr'><strong>Altiora</strong></span> <span class='ocrx_word' id='word_1_201' title='bbox 2619 1305 2669 1350; x_wconf 87' lang='lat' dir='ltr'><strong>te</strong></span> <span class='ocrx_word' id='word_1_202' title='bbox 2709 1312 2775 1351; x_wconf 90' lang='lat' dir='ltr'><strong>ne</strong></span> <span class='ocrx_word' id='word_1_203' title='bbox 2822 1299 3113 1365; x_wconf 70' lang='lat' dir='ltr'><strong>qmierls.</strong></span> <span class='ocrx_word' id='word_1_204' title='bbox 3159 1297 3442 1365; x_wconf 77' lang='lat' dir='ltr'><strong>Unicuique</strong></span> 
     </span>
    </p>
   </div>
   <div class='ocr_carea' id='block_1_27' title="bbox 1860 1385 3438 1456">
    <p class='ocr_par' dir='ltr' id='par_1_27' title="bbox 1860 1385 3438 1456">
     <span class='ocr_line' id='line_1_27' title="bbox 1860 1385 3438 1456; baseline -0.001 -18"><span class='ocrx_word' id='word_1_205' title='bbox 1860 1386 1989 1439; x_wconf 83' lang='lat' dir='ltr'><strong>sicut</strong></span> <span class='ocrx_word' id='word_1_206' title='bbox 2014 1385 2155 1439; x_wconf 85' lang='lat' dir='ltr'><strong>Deus</strong></span> <span class='ocrx_word' id='word_1_207' title='bbox 2185 1387 2377 1439; x_wconf 84' lang='lat' dir='ltr'><strong>divisit.</strong></span> <span class='ocrx_word' id='word_1_208' title='bbox 2402 1386 2702 1440; x_wconf 79' lang='lat' dir='ltr'><strong>Notandum</strong></span> <span class='ocrx_word' id='word_1_209' title='bbox 2726 1389 2868 1456; x_wconf 85' lang='lat' dir='ltr'><strong>quod</strong></span> <span class='ocrx_word' id='word_1_210' title='bbox 2894 1388 3152 1456; x_wconf 82' lang='lat' dir='ltr'><strong>Spiritum</strong></span> <span class='ocrx_word' id='word_1_211' title='bbox 3195 1396 3438 1441; x_wconf 80' lang='lat' dir='ltr'><strong>sanctum</strong></span> 
     </span>
    </p>
   </div>
   <div class='ocr_carea' id='block_1_28' title="bbox 1862 1475 3436 1544">
    <p class='ocr_par' dir='ltr' id='par_1_28' title="bbox 1862 1475 3436 1544">
     <span class='ocr_line' id='line_1_28' title="bbox 1862 1475 3436 1544; baseline 0.001 -14"><span class='ocrx_word' id='word_1_212' title='bbox 1862 1475 2003 1530; x_wconf 88' lang='lat' dir='ltr'><strong>dicat</strong></span> <span class='ocrx_word' id='word_1_213' title='bbox 2029 1475 2193 1530; x_wconf 85' lang='lat' dir='ltr'><strong>Deum</strong></span> <span class='ocrx_word' id='word_1_214' title='bbox 2226 1493 2239 1528; x_wconf 88' lang='lat'><strong>:</strong></span> <span class='ocrx_word' id='word_1_215' title='bbox 2270 1492 2427 1544; x_wconf 89' lang='lat' dir='ltr'><strong>quem</strong></span> <span class='ocrx_word' id='word_1_216' title='bbox 2451 1478 2517 1531; x_wconf 91' lang='lat' dir='ltr'><strong>ad</strong></span> <span class='ocrx_word' id='word_1_217' title='bbox 2539 1478 2871 1542; x_wconf 83' lang='lat' dir='ltr'><strong>Corinthios,</strong></span> <span class='ocrx_word' id='word_1_218' title='bbox 2898 1478 3133 1532; x_wconf 73' lang='lat' dir='ltr'><strong>dividere</strong></span> <span class='ocrx_word' id='word_1_219' title='bbox 3154 1478 3279 1531; x_wconf 87' lang='lat' dir='ltr'><strong>dicit</strong></span> <span class='ocrx_word' id='word_1_220' title='bbox 3299 1480 3436 1531; x_wconf 84' lang='lat' dir='ltr'><strong>dona</strong></span> 
     </span>
    </p>
   </div>
   <div class='ocr_carea' id='block_1_29' title="bbox 1862 1567 3439 1637">
    <p class='ocr_par' dir='ltr' id='par_1_29' title="bbox 1862 1567 3439 1637">
     <span class='ocr_line' id='line_1_29' title="bbox 1862 1567 3439 1637; baseline 0.001 -16"><span class='ocrx_word' id='word_1_221' title='bbox 1862 1567 2084 1636; x_wconf 74' lang='lat' dir='ltr'><strong>singulis</strong></span> <span class='ocrx_word' id='word_1_222' title='bbox 2107 1576 2264 1635; x_wconf 80' lang='lat' dir='ltr'><strong>prout</strong></span> <span class='ocrx_word' id='word_1_223' title='bbox 2289 1569 2421 1624; x_wconf 84' lang='lat' dir='ltr'><strong>vult.</strong></span> <span class='ocrx_word' id='word_1_224' title='bbox 2450 1568 2745 1623; x_wconf 73' lang='lat' dir='ltr'><strong>Mensarum</strong></span> <span class='ocrx_word' id='word_1_225' title='bbox 2769 1570 2913 1637; x_wconf 80' lang='lat' dir='ltr'><strong>ﬁdei.</strong></span> <span class='ocrx_word' id='word_1_226' title='bbox 2939 1568 3081 1623; x_wconf 80' lang='lat' dir='ltr'><strong>Sicut</strong></span> <span class='ocrx_word' id='word_1_227' title='bbox 3101 1572 3236 1623; x_wconf 85' lang='lat' dir='ltr'><strong>enim</strong></span> <span class='ocrx_word' id='word_1_228' title='bbox 3258 1572 3311 1622; x_wconf 86' lang='lat' dir='ltr'><strong>in</strong></span> <span class='ocrx_word' id='word_1_229' title='bbox 3339 1586 3439 1623; x_wconf 87' lang='lat' dir='ltr'><strong>uno</strong></span> 
     </span>
    </p>
   </div>
   <div class='ocr_carea' id='block_1_30' title="bbox 1862 1658 3440 1729">
    <p class='ocr_par' dir='ltr' id='par_1_30' title="bbox 1862 1658 3440 1729">
     <span class='ocr_line' id='line_1_30' title="bbox 1862 1658 3440 1729; baseline 0.003 -21"><span class='ocrx_word' id='word_1_230' title='bbox 1862 1671 2071 1723; x_wconf 88' lang='lat' dir='ltr'><strong>corpore</strong></span> <span class='ocrx_word' id='word_1_231' title='bbox 2111 1658 2271 1711; x_wconf 83' lang='lat' dir='ltr'><strong>multa</strong></span> <span class='ocrx_word' id='word_1_232' title='bbox 2306 1659 2529 1711; x_wconf 86' lang='lat' dir='ltr'><strong>membra</strong></span> <span class='ocrx_word' id='word_1_233' title='bbox 2572 1660 2840 1712; x_wconf 84' lang='lat' dir='ltr'><strong>habemus.</strong></span> <span class='ocrx_word' id='word_1_234' title='bbox 2892 1658 2961 1714; x_wconf 86' lang='lat' dir='ltr'><strong>Ut</strong></span> <span class='ocrx_word' id='word_1_235' title='bbox 3007 1673 3359 1729; x_wconf 68' lang='lat' dir='ltr'><strong>agnoscztmus</strong></span> <span class='ocrx_word' id='word_1_236' title='bbox 3411 1676 3440 1712; x_wconf 70' lang='grc' dir='ltr'>τι</span> 
     </span>
    </p>
   </div>
   <div class='ocr_carea' id='block_1_31' title="bbox 1866 1746 3443 1825">
    <p class='ocr_par' dir='ltr' id='par_1_31' title="bbox 1866 1746 3443 1825">
     <span class='ocr_line' id='line_1_31' title="bbox 1866 1746 3443 1825; baseline 0.002 -25"><span class='ocrx_word' id='word_1_237' title='bbox 1866 1746 1977 1801; x_wconf 91' lang='lat' dir='ltr'><strong>Deo</strong></span> <span class='ocrx_word' id='word_1_238' title='bbox 2012 1747 2165 1825; x_wconf 80' lang='lat' dir='ltr'><strong>nobis</strong></span> <span class='ocrx_word' id='word_1_239' title='bbox 2201 1748 2364 1802; x_wconf 84' lang='lat' dir='ltr'><strong>etiam</strong></span> <span class='ocrx_word' id='word_1_240' title='bbox 2405 1749 2572 1815; x_wconf 84' lang='lat' dir='ltr'><strong>ipsam</strong></span> <span class='ocrx_word' id='word_1_241' title='bbox 2614 1748 2769 1803; x_wconf 80' lang='lat' dir='ltr'><strong>ﬁdem</strong></span> <span class='ocrx_word' id='word_1_242' title='bbox 2812 1749 3020 1804; x_wconf 86' lang='lat' dir='ltr'><strong>donari.</strong></span> <span class='ocrx_word' id='word_1_243' title='bbox 3048 1750 3233 1803; x_wconf 81' lang='lat' dir='ltr'><strong>Omnia</strong></span> <span class='ocrx_word' id='word_1_244' title='bbox 3273 1761 3443 1803; x_wconf 84' lang='lat' dir='ltr'><strong>autem</strong></span> 
     </span>
    </p>
   </div>
   <div class='ocr_carea' id='block_1_32' title="bbox 204 1838 3443 1912">
    <p class='ocr_par' dir='ltr' id='par_1_32' title="bbox 204 1838 3443 1912">
     <span class='ocr_line' id='line_1_32' title="bbox 204 1838 3443 1912; baseline 0.001 -18"><span class='ocrx_word' id='word_1_245' title='bbox 204 1848 376 1910; x_wconf 82' lang='lat' dir='ltr'><strong>gentes</strong></span> <span class='ocrx_word' id='word_1_246' title='bbox 417 1842 753 1895; x_wconf 82' lang='lat' dir='ltr'><strong>intromissas</strong></span> <span class='ocrx_word' id='word_1_247' title='bbox 780 1880 793 1905; x_wconf 95' lang='lat'><strong>,</strong></span> <span class='ocrx_word' id='word_1_248' title='bbox 849 1850 901 1895; x_wconf 92' lang='lat' dir='ltr'><strong>ct</strong></span> <span class='ocrx_word' id='word_1_249' title='bbox 948 1841 1114 1895; x_wconf 89' lang='lat' dir='ltr'><strong>multa</strong></span> <span class='ocrx_word' id='word_1_250' title='bbox 1164 1841 1381 1910; x_wconf 83' lang='lat' dir='ltr'><strong>perfidia</strong></span> <span class='ocrx_word' id='word_1_251' title='bbox 1432 1843 1766 1912; x_wconf 76' lang='lat' dir='ltr'><strong>prmcedente</strong></span> <span class='ocrx_word' id='word_1_252' title='bbox 1797 1840 1840 1898; x_wconf 85' lang='lat' dir='ltr'><strong>B</strong></span> <span class='ocrx_word' id='word_1_253' title='bbox 1868 1838 2087 1892; x_wconf 83' lang='lat' dir='ltr'><strong>membra</strong></span> <span class='ocrx_word' id='word_1_254' title='bbox 2114 1854 2221 1892; x_wconf 90' lang='lat' dir='ltr'><strong>non</strong></span> <span class='ocrx_word' id='word_1_255' title='bbox 2248 1841 2482 1893; x_wconf 87' lang='lat' dir='ltr'><strong>eumdem</strong></span> <span class='ocrx_word' id='word_1_256' title='bbox 2509 1848 2674 1894; x_wconf 88' lang='lat' dir='ltr'><strong>actum</strong></span> <span class='ocrx_word' id='word_1_257' title='bbox 2699 1842 2900 1897; x_wconf 80' lang='lat' dir='ltr'><strong>habent.</strong></span> <span class='ocrx_word' id='word_1_258' title='bbox 2926 1842 3039 1896; x_wconf 86' lang='lat' dir='ltr'><strong>Non</strong></span> <span class='ocrx_word' id='word_1_259' title='bbox 3067 1853 3238 1911; x_wconf 85' lang='lat' dir='ltr'><strong>potest</strong></span> <span class='ocrx_word' id='word_1_260' title='bbox 3261 1845 3443 1898; x_wconf 87' lang='lat' dir='ltr'><strong>oculus</strong></span> 
     </span>
    </p>
   </div>
   <div class='ocr_carea' id='block_1_33' title="bbox 208 1930 1765 2003">
    <p class='ocr_par' dir='ltr' id='par_1_33' title="bbox 208 1930 1765 2003">
     <span class='ocr_line' id='line_1_33' title="bbox 208 1930 1765 2003; baseline 0.004 -21"><span class='ocrx_word' id='word_1_261' title='bbox 208 1930 472 1984; x_wconf 83' lang='lat' dir='ltr'><strong>derelictos</strong></span> <span class='ocrx_word' id='word_1_262' title='bbox 498 1930 732 1993; x_wconf 71' lang='lat' dir='ltr'><strong>J&#39;udmos,</strong></span> <span class='ocrx_word' id='word_1_263' title='bbox 762 1931 1062 1985; x_wconf 81' lang='lat' dir='ltr'><strong>exclamat:</strong></span> <span class='ocrx_word' id='word_1_264' title='bbox 1089 1932 1134 1985; x_wconf 89' lang='grc' dir='ltr'>υ</span> <span class='ocrx_word' id='word_1_265' title='bbox 1158 1931 1381 1986; x_wconf 90' lang='lat' dir='ltr'><strong>altitudo</strong></span> <span class='ocrx_word' id='word_1_266' title='bbox 1408 1933 1422 1986; x_wconf 73' lang='grc' dir='ltr'>Ξ</span> <span class='ocrx_word' id='word_1_267' title='bbox 1456 1934 1521 1987; x_wconf 88' lang='lat' dir='ltr'><strong>Et</strong></span> <span class='ocrx_word' id='word_1_268' title='bbox 1548 1934 1594 1987; x_wconf 91' lang='lat' dir='ltr'><strong>si</strong></span> <span class='ocrx_word' id='word_1_269' title='bbox 1611 1937 1765 2003; x_wconf 81' lang='lat' dir='ltr'><strong>Apo-</strong></span> 
     </span>
    </p>
   </div>
   <div class='ocr_carea' id='block_1_34' title="bbox 210 2022 1767 2094">
    <p class='ocr_par' dir='ltr' id='par_1_34' title="bbox 210 2022 1767 2094">
     <span class='ocr_line' id='line_1_34' title="bbox 210 2022 1767 2094; baseline 0.004 -20"><span class='ocrx_word' id='word_1_270' title='bbox 210 2024 371 2076; x_wconf 88' lang='lat' dir='ltr'><strong>stolus</strong></span> <span class='ocrx_word' id='word_1_271' title='bbox 395 2022 498 2078; x_wconf 81' lang='lat' dir='ltr'><strong>hoc</strong></span> <span class='ocrx_word' id='word_1_272' title='bbox 522 2023 673 2089; x_wconf 84' lang='lat' dir='ltr'><strong>dicit,</strong></span> <span class='ocrx_word' id='word_1_273' title='bbox 695 2032 894 2093; x_wconf 83' lang='lat' dir='ltr'><strong>quanto</strong></span> <span class='ocrx_word' id='word_1_274' title='bbox 917 2023 1084 2094; x_wconf 85' lang='lat' dir='ltr'><strong>magis</strong></span> <span class='ocrx_word' id='word_1_275' title='bbox 1108 2038 1204 2078; x_wconf 91' lang='lat' dir='ltr'><strong>nos</strong></span> <span class='ocrx_word' id='word_1_276' title='bbox 1225 2023 1403 2078; x_wconf 84' lang='lat' dir='ltr'><strong>dicere</strong></span> <span class='ocrx_word' id='word_1_277' title='bbox 1422 2024 1767 2089; x_wconf 80' lang='lat' dir='ltr'><strong>debemus,et</strong></span> 
     </span>
    </p>
   </div>
   <div class='ocr_carea' id='block_1_35' title="bbox 208 2114 1761 2183">
    <p class='ocr_par' dir='ltr' id='par_1_35' title="bbox 208 2114 1761 2183">
     <span class='ocr_line' id='line_1_35' title="bbox 208 2114 1761 2183; baseline 0.002 -17"><span class='ocrx_word' id='word_1_278' title='bbox 208 2129 304 2167; x_wconf 88' lang='lat' dir='ltr'><strong>non</strong></span> <span class='ocrx_word' id='word_1_279' title='bbox 326 2114 588 2169; x_wconf 72' lang='lat' dir='ltr'><strong>discutere</strong></span> <span class='ocrx_word' id='word_1_280' title='bbox 618 2114 712 2169; x_wconf 83' lang='lat' dir='ltr'><strong>Dei</strong></span> <span class='ocrx_word' id='word_1_281' title='bbox 733 2114 930 2183; x_wconf 87' lang='lat' dir='ltr'><strong>judicia</strong></span> <span class='ocrx_word' id='word_1_282' title='bbox 961 2131 974 2169; x_wconf 92' lang='lat'><strong>:</strong></span> <span class='ocrx_word' id='word_1_283' title='bbox 1002 2114 1096 2169; x_wconf 88' lang='lat' dir='ltr'><strong>sed</strong></span> <span class='ocrx_word' id='word_1_284' title='bbox 1122 2115 1187 2168; x_wconf 89' lang='lat' dir='ltr'><strong>ad</strong></span> <span class='ocrx_word' id='word_1_285' title='bbox 1215 2114 1353 2169; x_wconf 86' lang='lat' dir='ltr'><strong>istud</strong></span> <span class='ocrx_word' id='word_1_286' title='bbox 1383 2116 1761 2182; x_wconf 87' lang='lat' dir='ltr'><strong>testimonium,</strong></span> 
     </span>
    </p>
   </div>
   <div class='ocr_carea' id='block_1_36' title="bbox 213 2203 1764 2273">
    <p class='ocr_par' dir='ltr' id='par_1_36' title="bbox 213 2203 1764 2273">
     <span class='ocr_line' id='line_1_36' title="bbox 213 2203 1764 2273; baseline 0.003 -18"><span class='ocrx_word' id='word_1_287' title='bbox 213 2203 340 2258; x_wconf 78' lang='lat' dir='ltr'><strong>velut</strong></span> <span class='ocrx_word' id='word_1_288' title='bbox 362 2204 424 2258; x_wconf 88' lang='lat' dir='ltr'><strong>ad</strong></span> <span class='ocrx_word' id='word_1_289' title='bbox 453 2213 661 2273; x_wconf 87' lang='lat' dir='ltr'><strong>portum</strong></span> <span class='ocrx_word' id='word_1_290' title='bbox 692 2203 998 2273; x_wconf 82' lang='lat' dir='ltr'><strong>confugere,</strong></span> <span class='ocrx_word' id='word_1_291' title='bbox 1032 2213 1088 2259; x_wconf 85' lang='lat' dir='ltr'><strong>et</strong></span> <span class='ocrx_word' id='word_1_292' title='bbox 1114 2204 1256 2260; x_wconf 90' lang='lat' dir='ltr'><strong>velut</strong></span> <span class='ocrx_word' id='word_1_293' title='bbox 1282 2205 1349 2259; x_wconf 87' lang='lat' dir='ltr'><strong>ad</strong></span> <span class='ocrx_word' id='word_1_294' title='bbox 1383 2205 1764 2260; x_wconf 81' lang='lat' dir='ltr'><strong>validissimam</strong></span> 
     </span>
    </p>
   </div>
   <div class='ocr_carea' id='block_1_37' title="bbox 217 2295 1766 2365">
    <p class='ocr_par' dir='ltr' id='par_1_37' title="bbox 217 2295 1766 2365">
     <span class='ocr_line' id='line_1_37' title="bbox 217 2295 1766 2365; baseline 0.003 -19"><span class='ocrx_word' id='word_1_295' title='bbox 217 2297 477 2349; x_wconf 86' lang='lat' dir='ltr'><strong>auchoram</strong></span> <span class='ocrx_word' id='word_1_296' title='bbox 507 2311 606 2351; x_wconf 89' lang='lat' dir='ltr'><strong>nos</strong></span> <span class='ocrx_word' id='word_1_297' title='bbox 638 2297 851 2351; x_wconf 80' lang='lat' dir='ltr'><strong>tenere!</strong></span> <span class='ocrx_word' id='word_1_298' title='bbox 876 2295 941 2349; x_wconf 85' lang='lat' dir='ltr'><strong>Et</strong></span> <span class='ocrx_word' id='word_1_299' title='bbox 977 2297 1197 2351; x_wconf 71' lang='lat' dir='ltr'><strong>scientia</strong></span> <span class='ocrx_word' id='word_1_300' title='bbox 1227 2296 1323 2350; x_wconf 88' lang='lat' dir='ltr'><strong>Dei</strong></span> <span class='ocrx_word' id='word_1_301' title='bbox 1353 2312 1375 2351; x_wconf 85' lang='lat'><strong><em>:</em></strong></span> <span class='ocrx_word' id='word_1_302' title='bbox 1397 2312 1548 2365; x_wconf 85' lang='lat' dir='ltr'><strong>quam</strong></span> <span class='ocrx_word' id='word_1_303' title='bbox 1575 2300 1766 2351; x_wconf 77' lang='lat' dir='ltr'><strong>incom—</strong></span> 
     </span>
    </p>
   </div>
   <div class='ocr_carea' id='block_1_38' title="bbox 222 2386 1769 2459">
    <p class='ocr_par' dir='ltr' id='par_1_38' title="bbox 222 2386 1769 2459">
     <span class='ocr_line' id='line_1_38' title="bbox 222 2386 1769 2459; baseline 0.002 -19"><span class='ocrx_word' id='word_1_304' title='bbox 222 2386 546 2454; x_wconf 72' lang='lat' dir='ltr'><strong>prehensibilia</strong></span> <span class='ocrx_word' id='word_1_305' title='bbox 568 2398 683 2443; x_wconf 85' lang='lat' dir='ltr'><strong>sunt</strong></span> <span class='ocrx_word' id='word_1_306' title='bbox 689 2388 890 2459; x_wconf 85' lang='lat' dir='ltr'><strong>judicia</strong></span> <span class='ocrx_word' id='word_1_307' title='bbox 910 2390 1041 2458; x_wconf 89' lang='lat' dir='ltr'><strong>ejus,</strong></span> <span class='ocrx_word' id='word_1_308' title='bbox 1064 2398 1112 2443; x_wconf 89' lang='lat' dir='ltr'><strong>el</strong></span> <span class='ocrx_word' id='word_1_309' title='bbox 1134 2390 1499 2459; x_wconf 81' lang='lat' dir='ltr'><strong>investigabiles</strong></span> <span class='ocrx_word' id='word_1_310' title='bbox 1518 2390 1610 2443; x_wconf 73' lang='lat' dir='ltr'><strong>via:</strong></span> <span class='ocrx_word' id='word_1_311' title='bbox 1628 2389 1769 2459; x_wconf 83' lang='lat' dir='ltr'><strong>ejus!</strong></span> 
     </span>
    </p>
   </div>
   <div class='ocr_carea' id='block_1_39' title="bbox 221 2475 1767 2549">
    <p class='ocr_par' dir='ltr' id='par_1_39' title="bbox 221 2475 1767 2549">
     <span class='ocr_line' id='line_1_39' title="bbox 221 2475 1767 2549; baseline 0.003 -18"><span class='ocrx_word' id='word_1_312' title='bbox 221 2475 642 2533; x_wconf 80' lang='lat' dir='ltr'><strong>Considerandum</strong></span> <span class='ocrx_word' id='word_1_313' title='bbox 688 2479 829 2549; x_wconf 88' lang='lat' dir='ltr'><strong>quod</strong></span> <span class='ocrx_word' id='word_1_314' title='bbox 882 2479 974 2534; x_wconf 88' lang='lat' dir='ltr'><strong>Dei</strong></span> <span class='ocrx_word' id='word_1_315' title='bbox 1012 2480 1234 2534; x_wconf 85' lang='lat' dir='ltr'><strong>scientia</strong></span> <span class='ocrx_word' id='word_1_316' title='bbox 1280 2479 1528 2534; x_wconf 86' lang='lat' dir='ltr'><strong>omnibus</strong></span> <span class='ocrx_word' id='word_1_317' title='bbox 1568 2478 1767 2535; x_wconf 81' lang='lat' dir='ltr'><strong>divitiis</strong></span> 
     </span>
    </p>
   </div>
   <div class='ocr_carea' id='block_1_40' title="bbox 227 2571 1766 2642">
    <p class='ocr_par' dir='ltr' id='par_1_40' title="bbox 227 2571 1766 2642">
     <span class='ocr_line' id='line_1_40' title="bbox 227 2571 1766 2642; baseline 0 -19"><span class='ocrx_word' id='word_1_318' title='bbox 227 2572 537 2639; x_wconf 66' lang='lat' dir='ltr'><strong>praeponitur.</strong></span> <span class='ocrx_word' id='word_1_319' title='bbox 572 2571 699 2637; x_wconf 81' lang='lat' dir='ltr'><strong>Quis</strong></span> <span class='ocrx_word' id='word_1_320' title='bbox 725 2571 857 2624; x_wconf 88' lang='lat' dir='ltr'><strong>enim</strong></span> <span class='ocrx_word' id='word_1_321' title='bbox 896 2571 1126 2642; x_wconf 76' lang='lat' dir='ltr'><strong>cOgnovit</strong></span> <span class='ocrx_word' id='word_1_322' title='bbox 1158 2586 1363 2625; x_wconf 89' lang='lat' dir='ltr'><strong>sensum</strong></span> <span class='ocrx_word' id='word_1_323' title='bbox 1393 2571 1599 2625; x_wconf 84' lang='lat' dir='ltr'><strong>Domini</strong></span> <span class='ocrx_word' id='word_1_324' title='bbox 1620 2572 1646 2625; x_wconf 73' lang='lat'><em>7</em></span> <span class='ocrx_word' id='word_1_325' title='bbox 1678 2578 1766 2624; x_wconf 86' lang='lat' dir='ltr'><strong>aut</strong></span> 
     </span>
    </p>
   </div>
   <div class='ocr_carea' id='block_1_41' title="bbox 226 2661 1767 2731">
    <p class='ocr_par' dir='ltr' id='par_1_41' title="bbox 226 2661 1767 2731">
     <span class='ocr_line' id='line_1_41' title="bbox 226 2661 1767 2731; baseline 0.001 -17"><span class='ocrx_word' id='word_1_326' title='bbox 226 2661 317 2728; x_wconf 81' lang='lat' dir='ltr'><strong>quis</strong></span> <span class='ocrx_word' id='word_1_327' title='bbox 339 2662 652 2717; x_wconf 76' lang='lat' dir='ltr'><strong>consi.&#39;iarius</strong></span> <span class='ocrx_word' id='word_1_328' title='bbox 679 2664 787 2731; x_wconf 83' lang='lat' dir='ltr'><strong>ejus</strong></span> <span class='ocrx_word' id='word_1_329' title='bbox 813 2662 951 2731; x_wconf 69' lang='lat' dir='ltr'><strong>fuit!</strong></span> <span class='ocrx_word' id='word_1_330' title='bbox 977 2662 1107 2729; x_wconf 73' lang='lat' dir='ltr'><strong>Quis</strong></span> <span class='ocrx_word' id='word_1_331' title='bbox 1136 2676 1232 2728; x_wconf 84' lang='lat' dir='ltr'><strong>pro</strong></span> <span class='ocrx_word' id='word_1_332' title='bbox 1264 2661 1585 2721; x_wconf 77' lang='lat' dir='ltr'><strong>difﬁcultate</strong></span> <span class='ocrx_word' id='word_1_333' title='bbox 1621 2662 1767 2731; x_wconf 86' lang='lat' dir='ltr'><strong>posi-</strong></span> 
     </span>
    </p>
   </div>
   <div class='ocr_carea' id='block_1_42' title="bbox 219 2749 1767 2821">
    <p class='ocr_par' dir='ltr' id='par_1_42' title="bbox 219 2749 1767 2821">
     <span class='ocr_line' id='line_1_42' title="bbox 219 2749 1767 2821; baseline 0.001 -18"><span class='ocrx_word' id='word_1_334' title='bbox 219 2759 314 2805; x_wconf 80' lang='lat' dir='ltr'><strong>tum</strong></span> <span class='ocrx_word' id='word_1_335' title='bbox 336 2763 427 2805; x_wconf 88' lang='lat' dir='ltr'><strong>est.</strong></span> <span class='ocrx_word' id='word_1_336' title='bbox 459 2753 558 2807; x_wconf 80' lang='lat' dir='ltr'><strong>Aut</strong></span> <span class='ocrx_word' id='word_1_337' title='bbox 584 2756 694 2818; x_wconf 84' lang='lat' dir='ltr'><strong>quis</strong></span> <span class='ocrx_word' id='word_1_338' title='bbox 726 2754 864 2821; x_wconf 84' lang='lat' dir='ltr'><strong>prior</strong></span> <span class='ocrx_word' id='word_1_339' title='bbox 900 2751 1040 2805; x_wconf 81' lang='lat' dir='ltr'><strong>dedit</strong></span> <span class='ocrx_word' id='word_1_340' title='bbox 1068 2752 1185 2818; x_wconf 80' lang='lat' dir='ltr'><strong>illi,</strong></span> <span class='ocrx_word' id='word_1_341' title='bbox 1238 2760 1286 2805; x_wconf 90' lang='lat' dir='ltr'><strong>et</strong></span> <span class='ocrx_word' id='word_1_342' title='bbox 1331 2752 1636 2806; x_wconf 75' lang='lat' dir='ltr'><strong>retribuelur</strong></span> <span class='ocrx_word' id='word_1_343' title='bbox 1682 2749 1767 2805; x_wconf 79' lang='lat' dir='ltr'><strong>ei.‘</strong></span> 
     </span>
    </p>
   </div>
   <div class='ocr_carea' id='block_1_43' title="bbox 218 2839 1765 2911">
    <p class='ocr_par' dir='ltr' id='par_1_43' title="bbox 218 2839 1765 2911">
     <span class='ocr_line' id='line_1_43' title="bbox 218 2839 1765 2911; baseline 0.001 -17"><span class='ocrx_word' id='word_1_344' title='bbox 218 2839 333 2906; x_wconf 72' lang='lat' dir='ltr'><strong>Quis</strong></span> <span class='ocrx_word' id='word_1_345' title='bbox 370 2842 509 2911; x_wconf 80' lang='lat' dir='ltr'><strong>prior</strong></span> <span class='ocrx_word' id='word_1_346' title='bbox 550 2840 680 2897; x_wconf 81' lang='lat' dir='ltr'><strong>fecit</strong></span> <span class='ocrx_word' id='word_1_347' title='bbox 714 2841 911 2911; x_wconf 86' lang='lat' dir='ltr'><strong>aliquid</strong></span> <span class='ocrx_word' id='word_1_348' title='bbox 953 2842 1075 2896; x_wconf 72' lang='lat' dir='ltr'><strong>lieni</strong></span> <span class='ocrx_word' id='word_1_349' title='bbox 1118 2842 1234 2896; x_wconf 89' lang='lat' dir='ltr'><strong>sine</strong></span> <span class='ocrx_word' id='word_1_350' title='bbox 1263 2841 1408 2908; x_wconf 88' lang='lat' dir='ltr'><strong>Deo,</strong></span> <span class='ocrx_word' id='word_1_351' title='bbox 1452 2851 1508 2896; x_wconf 93' lang='lat' dir='ltr'><strong>ut</strong></span> <span class='ocrx_word' id='word_1_352' title='bbox 1536 2856 1640 2896; x_wconf 92' lang='lat' dir='ltr'><strong>non</strong></span> <span class='ocrx_word' id='word_1_353' title='bbox 1672 2842 1765 2896; x_wconf 84' lang='lat' dir='ltr'><strong>Dei</strong></span> 
     </span>
    </p>
   </div>
   <div class='ocr_carea' id='block_1_44' title="bbox 218 2930 1766 3001">
    <p class='ocr_par' dir='ltr' id='par_1_44' title="bbox 218 2930 1766 3001">
     <span class='ocr_line' id='line_1_44' title="bbox 218 2930 1766 3001; baseline 0.003 -19"><span class='ocrx_word' id='word_1_354' title='bbox 218 2931 612 2985; x_wconf 85' lang='lat' dir='ltr'><strong>misericordiam</strong></span> <span class='ocrx_word' id='word_1_355' title='bbox 630 2931 915 3001; x_wconf 71' lang='lat' dir='ltr'><strong>gloriﬁoet,</strong></span> <span class='ocrx_word' id='word_1_356' title='bbox 943 2930 1036 2985; x_wconf 86' lang='lat' dir='ltr'><strong>sed</strong></span> <span class='ocrx_word' id='word_1_357' title='bbox 1062 2944 1159 2986; x_wconf 85' lang='lat' dir='ltr'><strong>suo</strong></span> <span class='ocrx_word' id='word_1_358' title='bbox 1189 2932 1381 2985; x_wconf 82' lang='lat' dir='ltr'><strong>merito</strong></span> <span class='ocrx_word' id='word_1_359' title='bbox 1410 2943 1470 2985; x_wconf 87' lang='lat' dir='ltr'><strong>se</strong></span> <span class='ocrx_word' id='word_1_360' title='bbox 1496 2930 1766 2999; x_wconf 84' lang='lat' dir='ltr'><strong>recepisse</strong></span> 
     </span>
    </p>
   </div>
   <div class='ocr_carea' id='block_1_45' title="bbox 213 3020 1766 3090">
    <p class='ocr_par' dir='ltr' id='par_1_45' title="bbox 213 3020 1766 3090">
     <span class='ocr_line' id='line_1_45' title="bbox 213 3020 1766 3090; baseline 0.005 -20"><span class='ocrx_word' id='word_1_361' title='bbox 213 3020 486 3085; x_wconf 77' lang='lat' dir='ltr'><strong>glorietur?</strong></span> <span class='ocrx_word' id='word_1_362' title='bbox 511 3021 669 3089; x_wconf 86' lang='lat' dir='ltr'><strong>cujus</strong></span> <span class='ocrx_word' id='word_1_363' title='bbox 704 3029 790 3076; x_wconf 90' lang='lat' dir='ltr'><strong>est</strong></span> <span class='ocrx_word' id='word_1_364' title='bbox 826 3020 1075 3075; x_wconf 83' lang='lat' dir='ltr'><strong>bonitatis</strong></span> <span class='ocrx_word' id='word_1_365' title='bbox 1101 3020 1263 3076; x_wconf 85' lang='lat' dir='ltr'><strong>etiam</strong></span> <span class='ocrx_word' id='word_1_366' title='bbox 1307 3020 1446 3090; x_wconf 83' lang='lat' dir='ltr'><strong>quod</strong></span> <span class='ocrx_word' id='word_1_367' title='bbox 1480 3035 1663 3078; x_wconf 87' lang='lat' dir='ltr'><strong>sumus</strong></span> <span class='ocrx_word' id='word_1_368' title='bbox 1710 3031 1766 3077; x_wconf 88' lang='lat' dir='ltr'><strong>et</strong></span> 
     </span>
    </p>
   </div>
   <div class='ocr_carea' id='block_1_46' title="bbox 216 3111 1766 3183">
    <p class='ocr_par' dir='ltr' id='par_1_46' title="bbox 216 3111 1766 3183">
     <span class='ocr_line' id='line_1_46' title="bbox 216 3111 1766 3183; baseline 0.005 -20"><span class='ocrx_word' id='word_1_369' title='bbox 216 3111 448 3176; x_wconf 77' lang='lat' dir='ltr'><strong>vivimus,</strong></span> <span class='ocrx_word' id='word_1_370' title='bbox 482 3127 588 3167; x_wconf 91' lang='lat' dir='ltr'><strong>non</strong></span> <span class='ocrx_word' id='word_1_371' title='bbox 617 3125 819 3167; x_wconf 86' lang='lat' dir='ltr'><strong>tantum</strong></span> <span class='ocrx_word' id='word_1_372' title='bbox 848 3112 987 3183; x_wconf 92' lang='lat' dir='ltr'><strong>quod</strong></span> <span class='ocrx_word' id='word_1_373' title='bbox 1022 3112 1289 3168; x_wconf 80' lang='lat' dir='ltr'><strong>credimus</strong></span> <span class='ocrx_word' id='word_1_374' title='bbox 1314 3132 1328 3167; x_wconf 92' lang='lat'><strong>:</strong></span> <span class='ocrx_word' id='word_1_375' title='bbox 1357 3112 1480 3183; x_wconf 85' lang='lat' dir='ltr'><strong>quia</strong></span> <span class='ocrx_word' id='word_1_376' title='bbox 1510 3114 1564 3168; x_wconf 92' lang='lat' dir='ltr'><strong>in</strong></span> <span class='ocrx_word' id='word_1_377' title='bbox 1593 3116 1766 3171; x_wconf 82' lang='lat' dir='ltr'><strong>omni-</strong></span> 
     </span>
    </p>
   </div>
   <div class='ocr_carea' id='block_1_47' title="bbox 1867 1928 3443 2005">
    <p class='ocr_par' dir='ltr' id='par_1_47' title="bbox 1867 1928 3443 2005">
     <span class='ocr_line' id='line_1_47' title="bbox 1867 1928 3443 2005; baseline 0.004 -23"><span class='ocrx_word' id='word_1_378' title='bbox 1867 1928 2070 1995; x_wconf 87' lang='lat' dir='ltr'><strong>audire,</strong></span> <span class='ocrx_word' id='word_1_379' title='bbox 2095 1944 2194 1985; x_wconf 89' lang='lat' dir='ltr'><strong>nec</strong></span> <span class='ocrx_word' id='word_1_380' title='bbox 2218 1931 2363 1986; x_wconf 84' lang='lat' dir='ltr'><strong>auris</strong></span> <span class='ocrx_word' id='word_1_381' title='bbox 2384 1932 2586 1986; x_wconf 86' lang='lat' dir='ltr'><strong>videre.</strong></span> <span class='ocrx_word' id='word_1_382' title='bbox 2605 1931 2689 1985; x_wconf 76' lang='lat' dir='ltr'><strong>Ite</strong></span> <span class='ocrx_word' id='word_1_383' title='bbox 2713 1933 2863 1985; x_wconf 79' lang='lat' dir='ltr'><strong>multi</strong></span> <span class='ocrx_word' id='word_1_384' title='bbox 2881 1949 3037 1987; x_wconf 85' lang='lat' dir='ltr'><strong>unum</strong></span> <span class='ocrx_word' id='word_1_385' title='bbox 3065 1949 3245 2005; x_wconf 83' lang='lat' dir='ltr'><strong>corpus</strong></span> <span class='ocrx_word' id='word_1_386' title='bbox 3268 1950 3443 1989; x_wconf 84' lang='lat' dir='ltr'><strong>sumus</strong></span> 
     </span>
    </p>
   </div>
   <div class='ocr_carea' id='block_1_48' title="bbox 1867 2019 3443 2094">
    <p class='ocr_par' dir='ltr' id='par_1_48' title="bbox 1867 2019 3443 2094">
     <span class='ocr_line' id='line_1_48' title="bbox 1867 2019 3443 2094; baseline 0.004 -22"><span class='ocrx_word' id='word_1_387' title='bbox 1867 2019 1922 2072; x_wconf 92' lang='lat' dir='ltr'><strong>in</strong></span> <span class='ocrx_word' id='word_1_388' title='bbox 1953 2019 2172 2074; x_wconf 77' lang='lat' dir='ltr'><strong>Christo.</strong></span> <span class='ocrx_word' id='word_1_389' title='bbox 2201 2021 2281 2076; x_wconf 86' lang='lat' dir='ltr'><strong>Ad</strong></span> <span class='ocrx_word' id='word_1_390' title='bbox 2302 2022 2565 2077; x_wconf 84' lang='lat' dir='ltr'><strong>unitatem</strong></span> <span class='ocrx_word' id='word_1_391' title='bbox 2595 2033 2650 2078; x_wconf 91' lang='lat' dir='ltr'><strong>et</strong></span> <span class='ocrx_word' id='word_1_392' title='bbox 2676 2039 2860 2093; x_wconf 85' lang='lat' dir='ltr'><strong>pacem</strong></span> <span class='ocrx_word' id='word_1_393' title='bbox 2887 2024 3166 2078; x_wconf 84' lang='lat' dir='ltr'><strong>hortatur:</strong></span> <span class='ocrx_word' id='word_1_394' title='bbox 3201 2041 3306 2079; x_wconf 91' lang='lat' dir='ltr'><strong>non</strong></span> <span class='ocrx_word' id='word_1_395' title='bbox 3337 2041 3443 2094; x_wconf 86' lang='lat' dir='ltr'><strong>pc—</strong></span> 
     </span>
    </p>
   </div>
   <div class='ocr_carea' id='block_1_49' title="bbox 1869 2112 3442 2183">
    <p class='ocr_par' dir='ltr' id='par_1_49' title="bbox 1869 2112 3442 2183">
     <span class='ocr_line' id='line_1_49' title="bbox 1869 2112 3442 2183; baseline 0.005 -19"><span class='ocrx_word' id='word_1_396' title='bbox 1869 2116 1974 2165; x_wconf 86' lang='lat' dir='ltr'><strong>test</strong></span> <span class='ocrx_word' id='word_1_397' title='bbox 1994 2125 2131 2165; x_wconf 93' lang='lat' dir='ltr'><strong>unus</strong></span> <span class='ocrx_word' id='word_1_398' title='bbox 2145 2113 2331 2167; x_wconf 86' lang='lat' dir='ltr'><strong>omnia</strong></span> <span class='ocrx_word' id='word_1_399' title='bbox 2355 2112 2573 2181; x_wconf 85' lang='lat' dir='ltr'><strong>habere,</strong></span> <span class='ocrx_word' id='word_1_400' title='bbox 2603 2129 2670 2169; x_wconf 90' lang='lat' dir='ltr'><strong>ne</strong></span> <span class='ocrx_word' id='word_1_401' title='bbox 2714 2116 2985 2183; x_wconf 88' lang='lat' dir='ltr'><strong>superbiat</strong></span> <span class='ocrx_word' id='word_1_402' title='bbox 3005 2117 3049 2170; x_wconf 89' lang='lat' dir='ltr'><strong>si</strong></span> <span class='ocrx_word' id='word_1_403' title='bbox 3071 2117 3266 2172; x_wconf 86' lang='lat' dir='ltr'><strong>nullius</strong></span> <span class='ocrx_word' id='word_1_404' title='bbox 3292 2119 3442 2172; x_wconf 89' lang='lat' dir='ltr'><strong>indi-</strong></span> 
     </span>
    </p>
   </div>
   <div class='ocr_carea' id='block_1_50' title="bbox 1866 2204 3438 2283">
    <p class='ocr_par' dir='ltr' id='par_1_50' title="bbox 1866 2204 3438 2283">
     <span class='ocr_line' id='line_1_50' title="bbox 1866 2204 3438 2283; baseline 0.006 -26"><span class='ocrx_word' id='word_1_405' title='bbox 1866 2214 2005 2272; x_wconf 85' lang='lat' dir='ltr'><strong>geat.</strong></span> <span class='ocrx_word' id='word_1_406' title='bbox 2039 2204 2215 2259; x_wconf 85' lang='lat' dir='ltr'><strong>Nolite</strong></span> <span class='ocrx_word' id='word_1_407' title='bbox 2240 2221 2368 2283; x_wconf 72' lang='lat' dir='ltr'><strong>ergo</strong></span> <span class='ocrx_word' id='word_1_408' title='bbox 2406 2208 2746 2272; x_wconf 88' lang='lat' dir='ltr'><strong>contristari,</strong></span> <span class='ocrx_word' id='word_1_409' title='bbox 2776 2210 2897 2277; x_wconf 89' lang='lat' dir='ltr'><strong>quia</strong></span> <span class='ocrx_word' id='word_1_410' title='bbox 2951 2224 3053 2263; x_wconf 89' lang='lat' dir='ltr'><strong>non</strong></span> <span class='ocrx_word' id='word_1_411' title='bbox 3106 2209 3264 2265; x_wconf 87' lang='lat' dir='ltr'><strong>habet</strong></span> <span class='ocrx_word' id='word_1_412' title='bbox 3301 2226 3438 2266; x_wconf 88' lang='lat' dir='ltr'><strong>unus</strong></span> 
     </span>
    </p>
   </div>
   <div class='ocr_carea' id='block_1_51' title="bbox 1866 2292 3444 2383">
    <p class='ocr_par' dir='ltr' id='par_1_51' title="bbox 1866 2292 3444 2383">
     <span class='ocr_line' id='line_1_51' title="bbox 1866 2292 3444 2383; baseline 0.004 -34"><span class='ocrx_word' id='word_1_413' title='bbox 1866 2292 2006 2364; x_wconf 87' lang='lat' dir='ltr'><strong>quod</strong></span> <span class='ocrx_word' id='word_1_414' title='bbox 2032 2294 2197 2349; x_wconf 90' lang='lat' dir='ltr'><strong>alium</strong></span> <span class='ocrx_word' id='word_1_415' title='bbox 2221 2294 2419 2352; x_wconf 85' lang='lat' dir='ltr'><strong>habere</strong></span> <span class='ocrx_word' id='word_1_416' title='bbox 2438 2298 2724 2365; x_wconf 78' lang='lat' dir='ltr'><strong>perspexit.</strong></span> <span class='ocrx_word' id='word_1_417' title='bbox 2748 2299 2953 2383; x_wconf 67' lang='lat' dir='ltr'><strong>Singuli</strong></span> <span class='ocrx_word' id='word_1_418' title='bbox 2976 2308 3143 2354; x_wconf 85' lang='lat' dir='ltr'><strong>autem</strong></span> <span class='ocrx_word' id='word_1_419' title='bbox 3168 2300 3295 2353; x_wconf 86' lang='lat' dir='ltr'><strong>alter</strong></span> <span class='ocrx_word' id='word_1_420' title='bbox 3318 2302 3444 2355; x_wconf 83' lang='lat' dir='ltr'><strong>alte-</strong></span> 
     </span>
    </p>
   </div>
   <div class='ocr_carea' id='block_1_52' title="bbox 1866 2384 3443 2460">
    <p class='ocr_par' dir='ltr' id='par_1_52' title="bbox 1866 2384 3443 2460">
     <span class='ocr_line' id='line_1_52' title="bbox 1866 2384 3443 2460; baseline 0.006 -23"><span class='ocrx_word' id='word_1_421' title='bbox 1866 2384 1974 2438; x_wconf 87' lang='lat' dir='ltr'><strong>rius</strong></span> <span class='ocrx_word' id='word_1_422' title='bbox 2002 2385 2242 2439; x_wconf 83' lang='lat' dir='ltr'><strong>membra.</strong></span> <span class='ocrx_word' id='word_1_423' title='bbox 2271 2389 2543 2443; x_wconf 80' lang='lat' dir='ltr'><strong>Alterutro</strong></span> <span class='ocrx_word' id='word_1_424' title='bbox 2563 2399 2876 2458; x_wconf 62' lang='lat' dir='ltr'><strong>praesumus</strong></span> <span class='ocrx_word' id='word_1_425' title='bbox 2899 2391 3037 2460; x_wconf 84' lang='lat' dir='ltr'><strong>quod</strong></span> <span class='ocrx_word' id='word_1_426' title='bbox 3066 2390 3345 2458; x_wconf 87' lang='lat' dir='ltr'><strong>habemus,</strong></span> <span class='ocrx_word' id='word_1_427' title='bbox 3386 2403 3443 2447; x_wconf 90' lang='lat' dir='ltr'><strong>ut</strong></span> 
     </span>
    </p>
   </div>
   <div class='ocr_carea' id='block_1_53' title="bbox 1867 2477 3443 2552">
    <p class='ocr_par' dir='ltr' id='par_1_53' title="bbox 1867 2477 3443 2552">
     <span class='ocr_line' id='line_1_53' title="bbox 1867 2477 3443 2552; baseline 0.005 -22"><span class='ocrx_word' id='word_1_428' title='bbox 1867 2477 2169 2544; x_wconf 68' lang='lat' dir='ltr'><strong>prmtando</strong></span> <span class='ocrx_word' id='word_1_429' title='bbox 2196 2479 2252 2533; x_wconf 90' lang='lat' dir='ltr'><strong>in</strong></span> <span class='ocrx_word' id='word_1_430' title='bbox 2280 2479 2594 2535; x_wconf 86' lang='lat' dir='ltr'><strong>alterutrum</strong></span> <span class='ocrx_word' id='word_1_431' title='bbox 2637 2482 2778 2551; x_wconf 88' lang='lat' dir='ltr'><strong>quod</strong></span> <span class='ocrx_word' id='word_1_432' title='bbox 2824 2483 3117 2548; x_wconf 81' lang='lat' dir='ltr'><strong>habemus,</strong></span> <span class='ocrx_word' id='word_1_433' title='bbox 3163 2486 3331 2552; x_wconf 85' lang='lat' dir='ltr'><strong>magis</strong></span> <span class='ocrx_word' id='word_1_434' title='bbox 3380 2500 3443 2538; x_wconf 87' lang='lat' dir='ltr'><strong>ac</strong></span> 
     </span>
    </p>
   </div>
   <div class='ocr_carea' id='block_1_54' title="bbox 1865 2570 3436 2644">
    <p class='ocr_par' dir='ltr' id='par_1_54' title="bbox 1865 2570 3436 2644">
     <span class='ocr_line' id='line_1_54' title="bbox 1865 2570 3436 2644; baseline 0.001 -20"><span class='ocrx_word' id='word_1_435' title='bbox 1865 2570 2036 2639; x_wconf 87' lang='lat' dir='ltr'><strong>magis</strong></span> <span class='ocrx_word' id='word_1_436' title='bbox 2046 2570 2191 2626; x_wconf 90' lang='lat' dir='ltr'><strong>chari</strong></span> <span class='ocrx_word' id='word_1_437' title='bbox 2199 2580 2276 2627; x_wconf 87' lang='lat' dir='ltr'><strong>tas</strong></span> <span class='ocrx_word' id='word_1_438' title='bbox 2288 2572 2655 2629; x_wconf 83' lang='lat' dir='ltr'><strong>confirmetur.</strong></span> <span class='ocrx_word' id='word_1_439' title='bbox 2665 2573 2924 2630; x_wconf 83' lang='lat' dir='ltr'><strong>Habentes</strong></span> <span class='ocrx_word' id='word_1_440' title='bbox 2940 2586 3104 2631; x_wconf 87' lang='lat' dir='ltr'><strong>autem</strong></span> <span class='ocrx_word' id='word_1_441' title='bbox 3119 2578 3436 2644; x_wconf 70' lang='lat' dir='ltr'><strong>donationes,</strong></span> 
     </span>
    </p>
   </div>
   <div class='ocr_carea' id='block_1_55' title="bbox 1866 2661 3439 2734">
    <p class='ocr_par' dir='ltr' id='par_1_55' title="bbox 1866 2661 3439 2734">
     <span class='ocr_line' id='line_1_55' title="bbox 1866 2661 3439 2734; baseline 0.007 -23"><span class='ocrx_word' id='word_1_442' title='bbox 1866 2661 2146 2714; x_wconf 85' lang='lat' dir='ltr'><strong>secundum</strong></span> <span class='ocrx_word' id='word_1_443' title='bbox 2177 2663 2416 2732; x_wconf 77' lang='lat' dir='ltr'><strong>gratiora,</strong></span> <span class='ocrx_word' id='word_1_444' title='bbox 2459 2679 2571 2733; x_wconf 72' lang='lat' dir='ltr'><strong>qua:</strong></span> <span class='ocrx_word' id='word_1_445' title='bbox 2618 2667 2739 2718; x_wconf 86' lang='lat' dir='ltr'><strong>data</strong></span> <span class='ocrx_word' id='word_1_446' title='bbox 2778 2677 2851 2719; x_wconf 89' lang='lat' dir='ltr'><strong>est</strong></span> <span class='ocrx_word' id='word_1_447' title='bbox 2895 2667 3071 2732; x_wconf 80' lang='lat' dir='ltr'><strong>nobis,</strong></span> <span class='ocrx_word' id='word_1_448' title='bbox 3130 2667 3439 2734; x_wconf 71' lang='lat' dir='ltr'><strong>differentes.</strong></span> 
     </span>
    </p>
   </div>
   <div class='ocr_carea' id='block_1_56' title="bbox 1865 2749 3439 2820">
    <p class='ocr_par' dir='ltr' id='par_1_56' title="bbox 1865 2749 3439 2820">
     <span class='ocr_line' id='line_1_56' title="bbox 1865 2749 3439 2820; baseline 0.005 -17"><span class='ocrx_word' id='word_1_449' title='bbox 1865 2750 2003 2803; x_wconf 83' lang='lat' dir='ltr'><strong>Audi</strong></span> <span class='ocrx_word' id='word_1_450' title='bbox 2023 2749 2359 2820; x_wconf 85' lang='lat' dir='ltr'><strong>donationes,</strong></span> <span class='ocrx_word' id='word_1_451' title='bbox 2388 2762 2443 2809; x_wconf 89' lang='lat' dir='ltr'><strong>et</strong></span> <span class='ocrx_word' id='word_1_452' title='bbox 2472 2766 2589 2810; x_wconf 84' lang='lat' dir='ltr'><strong>tace</strong></span> <span class='ocrx_word' id='word_1_453' title='bbox 2614 2756 2679 2810; x_wconf 92' lang='lat' dir='ltr'><strong>de</strong></span> <span class='ocrx_word' id='word_1_454' title='bbox 2707 2757 2929 2811; x_wconf 79' lang='lat' dir='ltr'><strong>meritis.</strong></span> <span class='ocrx_word' id='word_1_455' title='bbox 2961 2758 3091 2812; x_wconf 81' lang='lat' dir='ltr'><strong>Novi</strong></span> <span class='ocrx_word' id='word_1_456' title='bbox 3113 2759 3439 2813; x_wconf 82' lang='lat' dir='ltr'><strong>Testamenti</strong></span> 
     </span>
    </p>
   </div>
   <div class='ocr_carea' id='block_1_57' title="bbox 1866 2839 3441 2913">
    <p class='ocr_par' dir='ltr' id='par_1_57' title="bbox 1866 2839 3441 2913">
     <span class='ocr_line' id='line_1_57' title="bbox 1866 2839 3441 2913; baseline 0.006 -20"><span class='ocrx_word' id='word_1_457' title='bbox 1866 2839 2063 2896; x_wconf 88' lang='lat' dir='ltr'><strong>donum</strong></span> <span class='ocrx_word' id='word_1_458' title='bbox 2087 2852 2188 2907; x_wconf 88' lang='lat' dir='ltr'><strong>est,</strong></span> <span class='ocrx_word' id='word_1_459' title='bbox 2217 2846 2355 2913; x_wconf 90' lang='lat' dir='ltr'><strong>quod</strong></span> <span class='ocrx_word' id='word_1_460' title='bbox 2381 2860 2448 2901; x_wconf 73' lang='lat' dir='ltr'><strong>ex</strong></span> <span class='ocrx_word' id='word_1_461' title='bbox 2475 2847 2630 2902; x_wconf 89' lang='lat' dir='ltr'><strong>nobis</strong></span> <span class='ocrx_word' id='word_1_462' title='bbox 2662 2861 2765 2902; x_wconf 90' lang='lat' dir='ltr'><strong>non</strong></span> <span class='ocrx_word' id='word_1_463' title='bbox 2790 2858 2870 2903; x_wconf 89' lang='lat' dir='ltr'><strong>est</strong></span> <span class='ocrx_word' id='word_1_464' title='bbox 2903 2867 2914 2901; x_wconf 91' lang='lat'><strong>:</strong></span> <span class='ocrx_word' id='word_1_465' title='bbox 2946 2849 3191 2904; x_wconf 88' lang='lat' dir='ltr'><strong>omnibus</strong></span> <span class='ocrx_word' id='word_1_466' title='bbox 3218 2851 3441 2905; x_wconf 79' lang='lat' dir='ltr'><strong>creden-</strong></span> 
     </span>
    </p>
   </div>
   <div class='ocr_carea' id='block_1_58' title="bbox 1866 2933 3437 3011">
    <p class='ocr_par' dir='ltr' id='par_1_58' title="bbox 1866 2933 3437 3011">
     <span class='ocr_line' id='line_1_58' title="bbox 1866 2933 3437 3011; baseline 0.005 -23"><span class='ocrx_word' id='word_1_467' title='bbox 1866 2933 2008 2989; x_wconf 85' lang='lat' dir='ltr'><strong>tibus</strong></span> <span class='ocrx_word' id='word_1_468' title='bbox 2029 2936 2194 3003; x_wconf 75' lang='lat' dir='ltr'><strong>gloria</strong></span> <span class='ocrx_word' id='word_1_469' title='bbox 2223 2938 2396 2992; x_wconf 91' lang='lat' dir='ltr'><strong>futura</strong></span> <span class='ocrx_word' id='word_1_470' title='bbox 2424 2940 2772 3008; x_wconf 87' lang='lat' dir='ltr'><strong>promittitur.</strong></span> <span class='ocrx_word' id='word_1_471' title='bbox 2796 2943 2902 2997; x_wconf 86' lang='lat' dir='ltr'><strong>Sed</strong></span> <span class='ocrx_word' id='word_1_472' title='bbox 2938 2942 3044 3011; x_wconf 87' lang='lat' dir='ltr'><strong>jam</strong></span> <span class='ocrx_word' id='word_1_473' title='bbox 3085 2943 3136 2996; x_wconf 89' lang='lat' dir='ltr'><strong>in</strong></span> <span class='ocrx_word' id='word_1_474' title='bbox 3190 2943 3437 3011; x_wconf 71' lang='lat' dir='ltr'><strong>ptmseuti</strong></span> 
     </span>
    </p>
   </div>
   <div class='ocr_carea' id='block_1_59' title="bbox 1866 3026 3435 3102">
    <p class='ocr_par' dir='ltr' id='par_1_59' title="bbox 1866 3026 3435 3102">
     <span class='ocr_line' id='line_1_59' title="bbox 1866 3026 3435 3102; baseline 0.005 -24"><span class='ocrx_word' id='word_1_475' title='bbox 1866 3027 2065 3080; x_wconf 86' lang='lat' dir='ltr'><strong>renatis</strong></span> <span class='ocrx_word' id='word_1_476' title='bbox 2095 3026 2351 3083; x_wconf 85' lang='lat' dir='ltr'><strong>Dominus</strong></span> <span class='ocrx_word' id='word_1_477' title='bbox 2379 3029 2706 3086; x_wconf 79' lang='lat' dir='ltr'><strong>differentias</strong></span> <span class='ocrx_word' id='word_1_478' title='bbox 2735 3034 3009 3097; x_wconf 88' lang='lat' dir='ltr'><strong>virtutum,</strong></span> <span class='ocrx_word' id='word_1_479' title='bbox 3046 3035 3210 3102; x_wconf 79' lang='lat' dir='ltr'><strong>gratia</strong></span> <span class='ocrx_word' id='word_1_480' title='bbox 3250 3035 3435 3088; x_wconf 73' lang='lat' dir='ltr'><strong>distri-</strong></span> 
     </span>
    </p>
   </div>
   <div class='ocr_carea' id='block_1_60' title="bbox 1865 3114 3437 3190">
    <p class='ocr_par' dir='ltr' id='par_1_60' title="bbox 1865 3114 3437 3190">
     <span class='ocr_line' id='line_1_60' title="bbox 1865 3114 3437 3190; baseline 0.007 -23"><span class='ocrx_word' id='word_1_481' title='bbox 1865 3114 2083 3178; x_wconf 82' lang='lat' dir='ltr'><strong>buente,</strong></span> <span class='ocrx_word' id='word_1_482' title='bbox 2116 3114 2354 3186; x_wconf 79' lang='lat' dir='ltr'><strong>largitur.</strong></span> <span class='ocrx_word' id='word_1_483' title='bbox 2387 3117 2506 3172; x_wconf 87' lang='lat' dir='ltr'><strong>Sive</strong></span> <span class='ocrx_word' id='word_1_484' title='bbox 2527 3121 3169 3190; x_wconf 83' lang='lat' dir='ltr'><strong>prophetiam:secundum</strong></span> <span class='ocrx_word' id='word_1_485' title='bbox 3193 3126 3437 3178; x_wconf 84' lang='lat' dir='ltr'><strong>rationem</strong></span> 
     </span>
    </p>
   </div>
   <div class='ocr_carea' id='block_1_61' title="bbox 214 3197 3437 3283">
    <p class='ocr_par' dir='ltr' id='par_1_61' title="bbox 214 3197 3437 3283">
     <span class='ocr_line' id='line_1_61' title="bbox 214 3197 3437 3283; baseline 0.005 -31"><span class='ocrx_word' id='word_1_486' title='bbox 214 3197 305 3253; x_wconf 68' lang='lat' dir='ltr'><strong>lius</strong></span> <span class='ocrx_word' id='word_1_487' title='bbox 321 3201 477 3269; x_wconf 83' lang='lat' dir='ltr'><strong>ipsius</strong></span> <span class='ocrx_word' id='word_1_488' title='bbox 501 3202 862 3257; x_wconf 82' lang='lat' dir='ltr'><strong>misericordia</strong></span> <span class='ocrx_word' id='word_1_489' title='bbox 889 3203 1348 3272; x_wconf 70' lang='lat' dir='ltr'><strong>praivenimur.Et</strong></span> <span class='ocrx_word' id='word_1_490' title='bbox 1371 3205 1600 3259; x_wconf 87' lang='lat' dir='ltr'><strong>sciamus</strong></span> <span class='ocrx_word' id='word_1_491' title='bbox 1615 3208 1762 3276; x_wconf 85' lang='lat' dir='ltr'><strong>quia,</strong></span> <span class='ocrx_word' id='word_1_492' title='bbox 1791 3204 1834 3265; x_wconf 88' lang='lat' dir='ltr'>C</span> <span class='ocrx_word' id='word_1_493' title='bbox 1867 3204 2009 3274; x_wconf 76' lang='lat' dir='ltr'><strong>ﬁdei.</strong></span> <span class='ocrx_word' id='word_1_494' title='bbox 2042 3203 2231 3271; x_wconf 76' lang='lat' dir='ltr'><strong>Fidei,</strong></span> <span class='ocrx_word' id='word_1_495' title='bbox 2260 3222 2365 3261; x_wconf 91' lang='lat' dir='ltr'><strong>non</strong></span> <span class='ocrx_word' id='word_1_496' title='bbox 2398 3207 2531 3278; x_wconf 83' lang='lat' dir='ltr'><strong>legis</strong></span> <span class='ocrx_word' id='word_1_497' title='bbox 2562 3225 2577 3264; x_wconf 87' lang='lat'><strong>:</strong></span> <span class='ocrx_word' id='word_1_498' title='bbox 2606 3210 2699 3264; x_wconf 90' lang='lat' dir='ltr'><strong>sed</strong></span> <span class='ocrx_word' id='word_1_499' title='bbox 2732 3210 2871 3266; x_wconf 89' lang='lat' dir='ltr'><strong>illius</strong></span> <span class='ocrx_word' id='word_1_500' title='bbox 2912 3212 2979 3267; x_wconf 77' lang='lat' dir='ltr'><strong>(id</strong></span> <span class='ocrx_word' id='word_1_501' title='bbox 3016 3213 3031 3267; x_wconf 92' lang='lat' dir='ltr'><strong>i</strong></span> <span class='ocrx_word' id='word_1_502' title='bbox 3072 3229 3189 3283; x_wconf 74' lang='lat' dir='ltr'><strong>qua:</strong></span> <span class='ocrx_word' id='word_1_503' title='bbox 3233 3230 3328 3283; x_wconf 90' lang='lat' dir='ltr'><strong>per</strong></span> <span class='ocrx_word' id='word_1_504' title='bbox 3353 3216 3437 3268; x_wconf 59' lang='lat' dir='ltr'><strong>dt—</strong></span> 
     </span>
    </p>
   </div>
   <div class='ocr_carea' id='block_1_62' title="bbox 214 3290 1766 3365">
    <p class='ocr_par' dir='ltr' id='par_1_62' title="bbox 214 3290 1766 3365">
     <span class='ocr_line' id='line_1_62' title="bbox 214 3290 1766 3365; baseline 0.005 -22"><span class='ocrx_word' id='word_1_505' title='bbox 214 3290 257 3343; x_wconf 87' lang='lat' dir='ltr'><strong>si</strong></span> <span class='ocrx_word' id='word_1_506' title='bbox 284 3290 397 3345; x_wconf 89' lang='lat' dir='ltr'><strong>boni</strong></span> <span class='ocrx_word' id='word_1_507' title='bbox 422 3293 616 3363; x_wconf 86' lang='lat' dir='ltr'><strong>aliquid</strong></span> <span class='ocrx_word' id='word_1_508' title='bbox 655 3294 898 3359; x_wconf 85' lang='lat' dir='ltr'><strong>facimus,</strong></span> <span class='ocrx_word' id='word_1_509' title='bbox 936 3294 1044 3364; x_wconf 76' lang='lat' dir='ltr'><strong>jam</strong></span> <span class='ocrx_word' id='word_1_510' title='bbox 1082 3294 1151 3349; x_wconf 90' lang='lat' dir='ltr'><strong>ab</strong></span> <span class='ocrx_word' id='word_1_511' title='bbox 1192 3294 1285 3349; x_wconf 87' lang='lat' dir='ltr'><strong>illo</strong></span> <span class='ocrx_word' id='word_1_512' title='bbox 1321 3296 1640 3365; x_wconf 87' lang='lat' dir='ltr'><strong>accipimus,</strong></span> <span class='ocrx_word' id='word_1_513' title='bbox 1680 3298 1766 3351; x_wconf 88' lang='lat' dir='ltr'><strong>cui</strong></span> 
     </span>
    </p>
   </div>
   <div class='ocr_carea' id='block_1_63' title="bbox 209 3382 1767 3453">
    <p class='ocr_par' dir='ltr' id='par_1_63' title="bbox 209 3382 1767 3453">
     <span class='ocr_line' id='line_1_63' title="bbox 209 3382 1767 3453; baseline 0.005 -20"><span class='ocrx_word' id='word_1_514' title='bbox 209 3394 359 3434; x_wconf 82' lang='lat' dir='ltr'><strong>nemo</strong></span> <span class='ocrx_word' id='word_1_515' title='bbox 388 3382 526 3449; x_wconf 89' lang='lat' dir='ltr'><strong>prior</strong></span> <span class='ocrx_word' id='word_1_516' title='bbox 554 3382 719 3437; x_wconf 83' lang='lat' dir='ltr'><strong>dedit.</strong></span> <span class='ocrx_word' id='word_1_517' title='bbox 749 3383 1003 3448; x_wconf 74' lang='lat' dir='ltr'><strong>Quoniam</strong></span> <span class='ocrx_word' id='word_1_518' title='bbox 1028 3398 1092 3437; x_wconf 81' lang='lat' dir='ltr'><strong>ea:</strong></span> <span class='ocrx_word' id='word_1_519' title='bbox 1111 3384 1245 3453; x_wconf 80' lang='lat' dir='ltr'><strong>ipso,</strong></span> <span class='ocrx_word' id='word_1_520' title='bbox 1273 3391 1324 3437; x_wconf 89' lang='lat' dir='ltr'><strong>et</strong></span> <span class='ocrx_word' id='word_1_521' title='bbox 1353 3399 1443 3453; x_wconf 80' lang='lat' dir='ltr'><strong>per</strong></span> <span class='ocrx_word' id='word_1_522' title='bbox 1470 3384 1652 3453; x_wconf 72' lang='lat' dir='ltr'><strong>ipsum.</strong></span> <span class='ocrx_word' id='word_1_523' title='bbox 1684 3386 1767 3441; x_wconf 86' lang='lat' dir='ltr'><strong>Ab</strong></span> 
     </span>
    </p>
   </div>
   <div class='ocr_carea' id='block_1_64' title="bbox 210 3469 1765 3541">
    <p class='ocr_par' dir='ltr' id='par_1_64' title="bbox 210 3469 1765 3541">
     <span class='ocr_line' id='line_1_64' title="bbox 210 3469 1765 3541; baseline 0.006 -19"><span class='ocrx_word' id='word_1_524' title='bbox 210 3469 319 3538; x_wconf 84' lang='lat' dir='ltr'><strong>ipso</strong></span> <span class='ocrx_word' id='word_1_525' title='bbox 354 3489 456 3527; x_wconf 88' lang='lat' dir='ltr'><strong>non</strong></span> <span class='ocrx_word' id='word_1_526' title='bbox 485 3477 657 3530; x_wconf 86' lang='lat' dir='ltr'><strong>solum</strong></span> <span class='ocrx_word' id='word_1_527' title='bbox 690 3477 863 3529; x_wconf 89' lang='lat' dir='ltr'><strong>omnis</strong></span> <span class='ocrx_word' id='word_1_528' title='bbox 901 3484 1141 3530; x_wconf 84' lang='lat' dir='ltr'><strong>creatura</strong></span> <span class='ocrx_word' id='word_1_529' title='bbox 1186 3475 1253 3529; x_wconf 88' lang='lat' dir='ltr'><strong>de</strong></span> <span class='ocrx_word' id='word_1_530' title='bbox 1283 3475 1450 3530; x_wconf 86' lang='lat' dir='ltr'><strong>nihilo</strong></span> <span class='ocrx_word' id='word_1_531' title='bbox 1488 3475 1626 3531; x_wconf 89' lang='lat' dir='ltr'><strong>facta</strong></span> <span class='ocrx_word' id='word_1_532' title='bbox 1662 3483 1765 3541; x_wconf 85' lang='lat' dir='ltr'><strong>est,</strong></span> 
     </span>
    </p>
   </div>
   <div class='ocr_carea' id='block_1_65' title="bbox 204 3560 1767 3635">
    <p class='ocr_par' dir='ltr' id='par_1_65' title="bbox 204 3560 1767 3635">
     <span class='ocr_line' id='line_1_65' title="bbox 204 3560 1767 3635; baseline 0.004 -21"><span class='ocrx_word' id='word_1_533' title='bbox 204 3560 298 3614; x_wconf 78' lang='lat' dir='ltr'><strong>sed</strong></span> <span class='ocrx_word' id='word_1_534' title='bbox 321 3578 381 3616; x_wconf 80' lang='lat' dir='ltr'><strong>es</strong></span> <span class='ocrx_word' id='word_1_535' title='bbox 405 3566 515 3633; x_wconf 89' lang='lat' dir='ltr'><strong>ipso</strong></span> <span class='ocrx_word' id='word_1_536' title='bbox 542 3575 627 3619; x_wconf 87' lang='lat' dir='ltr'><strong>est</strong></span> <span class='ocrx_word' id='word_1_537' title='bbox 651 3580 811 3620; x_wconf 90' lang='lat' dir='ltr'><strong>omne</strong></span> <span class='ocrx_word' id='word_1_538' title='bbox 836 3565 1032 3619; x_wconf 89' lang='lat' dir='ltr'><strong>bonum</strong></span> <span class='ocrx_word' id='word_1_539' title='bbox 1053 3607 1067 3630; x_wconf 93' lang='lat'><strong>,</strong></span> <span class='ocrx_word' id='word_1_540' title='bbox 1090 3566 1301 3621; x_wconf 82' lang='lat' dir='ltr'><strong>dicente</strong></span> <span class='ocrx_word' id='word_1_541' title='bbox 1316 3565 1515 3621; x_wconf 85' lang='lat' dir='ltr'><strong>Jacobo</strong></span> <span class='ocrx_word' id='word_1_542' title='bbox 1545 3582 1559 3619; x_wconf 91' lang='lat'><strong>:</strong></span> <span class='ocrx_word' id='word_1_543' title='bbox 1586 3564 1633 3619; x_wconf 78' lang='grc' dir='ltr'>Α</span> <span class='ocrx_word' id='word_1_544' title='bbox 1660 3580 1767 3635; x_wconf 91' lang='lat' dir='ltr'><strong>quo</strong></span> 
     </span>
    </p>
   </div>
   <div class='ocr_carea' id='block_1_66' title="bbox 206 3655 1767 3725">
    <p class='ocr_par' dir='ltr' id='par_1_66' title="bbox 206 3655 1767 3725">
     <span class='ocr_line' id='line_1_66' title="bbox 206 3655 1767 3725; baseline 0.004 -21"><span class='ocrx_word' id='word_1_545' title='bbox 206 3661 289 3704; x_wconf 79' lang='lat' dir='ltr'><strong>est</strong></span> <span class='ocrx_word' id='word_1_546' title='bbox 320 3667 471 3709; x_wconf 85' lang='lat' dir='ltr'><strong>omne</strong></span> <span class='ocrx_word' id='word_1_547' title='bbox 504 3655 702 3710; x_wconf 80' lang='lat' dir='ltr'><strong>donum</strong></span> <span class='ocrx_word' id='word_1_548' title='bbox 733 3656 1010 3725; x_wconf 89' lang='lat' dir='ltr'><strong>optimum.</strong></span> <span class='ocrx_word' id='word_1_549' title='bbox 1052 3656 1119 3710; x_wconf 82' lang='lat' dir='ltr'><strong>Et</strong></span> <span class='ocrx_word' id='word_1_550' title='bbox 1150 3658 1206 3711; x_wconf 90' lang='lat' dir='ltr'><strong>in</strong></span> <span class='ocrx_word' id='word_1_551' title='bbox 1234 3658 1345 3725; x_wconf 82' lang='lat' dir='ltr'><strong>ipso</strong></span> <span class='ocrx_word' id='word_1_552' title='bbox 1385 3666 1524 3711; x_wconf 87' lang='lat' dir='ltr'><strong>sunt.</strong></span> <span class='ocrx_word' id='word_1_553' title='bbox 1555 3656 1612 3711; x_wconf 87' lang='lat' dir='ltr'><strong>In</strong></span> <span class='ocrx_word' id='word_1_554' title='bbox 1651 3657 1767 3724; x_wconf 85' lang='lat' dir='ltr'><strong>ipso</strong></span> 
     </span>
    </p>
   </div>
   <div class='ocr_carea' id='block_1_67' title="bbox 209 3742 1767 3814">
    <p class='ocr_par' dir='ltr' id='par_1_67' title="bbox 209 3742 1767 3814">
     <span class='ocr_line' id='line_1_67' title="bbox 209 3742 1767 3814; baseline 0.004 -21"><span class='ocrx_word' id='word_1_555' title='bbox 209 3742 528 3798; x_wconf 75' lang='lat' dir='ltr'><strong>concluditur</strong></span> <span class='ocrx_word' id='word_1_556' title='bbox 564 3761 577 3798; x_wconf 92' lang='lat'><strong>:</strong></span> <span class='ocrx_word' id='word_1_557' title='bbox 613 3745 728 3814; x_wconf 85' lang='lat' dir='ltr'><strong>ipse</strong></span> <span class='ocrx_word' id='word_1_558' title='bbox 766 3744 1143 3814; x_wconf 79' lang='lat' dir='ltr'><strong>gloriﬁcandus</strong></span> <span class='ocrx_word' id='word_1_559' title='bbox 1186 3760 1216 3799; x_wconf 90' lang='lat' dir='ltr'><strong>a</strong></span> <span class='ocrx_word' id='word_1_560' title='bbox 1262 3746 1417 3801; x_wconf 87' lang='lat' dir='ltr'><strong>nobis</strong></span> <span class='ocrx_word' id='word_1_561' title='bbox 1455 3754 1556 3800; x_wconf 89' lang='lat' dir='ltr'><strong>est.</strong></span> <span class='ocrx_word' id='word_1_562' title='bbox 1584 3744 1767 3800; x_wconf 88' lang='lat' dir='ltr'><strong>Omnia</strong></span> 
     </span>
    </p>
   </div>
   <div class='ocr_carea' id='block_1_68' title="bbox 204 3827 1586 3902">
    <p class='ocr_par' dir='ltr' id='par_1_68' title="bbox 204 3827 1586 3902">
     <span class='ocr_line' id='line_1_68' title="bbox 204 3827 1586 3902; baseline 0.006 -20"><span class='ocrx_word' id='word_1_563' title='bbox 204 3827 303 3896; x_wconf 72' lang='lat' dir='ltr'><strong>ips’</strong></span> <span class='ocrx_word' id='word_1_564' title='bbox 328 3832 488 3902; x_wconf 71' lang='lat' dir='ltr'><strong>gloria</strong></span> <span class='ocrx_word' id='word_1_565' title='bbox 511 3836 564 3889; x_wconf 87' lang='lat' dir='ltr'><strong>in</strong></span> <span class='ocrx_word' id='word_1_566' title='bbox 595 3839 801 3889; x_wconf 65' lang='lat' dir='ltr'><strong>sarcula.</strong></span> <span class='ocrx_word' id='word_1_567' title='bbox 834 3836 1013 3890; x_wconf 77' lang='lat' dir='ltr'><strong>Amen.</strong></span> <span class='ocrx_word' id='word_1_568' title='bbox 1042 3836 1098 3891; x_wconf 90' lang='lat' dir='ltr'><strong>Si</strong></span> <span class='ocrx_word' id='word_1_569' title='bbox 1127 3838 1325 3902; x_wconf 82' lang='lat' dir='ltr'><strong>omnia,</strong></span> <span class='ocrx_word' id='word_1_570' title='bbox 1357 3847 1410 3891; x_wconf 91' lang='lat' dir='ltr'><strong>et</strong></span> <span class='ocrx_word' id='word_1_571' title='bbox 1434 3837 1586 3892; x_wconf 82' lang='lat' dir='ltr'><strong>ﬁdes.</strong></span> 
     </span>
    </p>
   </div>
   <div class='ocr_carea' id='block_1_69' title="bbox 275 3919 1763 3999">
    <p class='ocr_par' dir='ltr' id='par_1_69' title="bbox 275 3919 1763 3999">
     <span class='ocr_line' id='line_1_69' title="bbox 275 3919 1763 3999; baseline 0.009 -26"><span class='ocrx_word' id='word_1_572' title='bbox 275 3919 400 3979; x_wconf 70' lang='grc' dir='ltr'><strong>ευ».</strong></span> <span class='ocrx_word' id='word_1_573' title='bbox 424 3940 512 3979; x_wconf 78' lang='grc' dir='ltr'>ιιι.</span> <span class='ocrx_word' id='word_1_574' title='bbox 536 3924 754 3983; x_wconf 73' lang='grc' dir='ltr'><strong>Οὰδτνο</strong></span> <span class='ocrx_word' id='word_1_575' title='bbox 774 3931 939 3999; x_wconf 75' lang='lat' dir='ltr'><strong>itaque</strong></span> <span class='ocrx_word' id='word_1_576' title='bbox 956 3945 1064 3994; x_wconf 79' lang='lat' dir='ltr'><strong>vos,</strong></span> <span class='ocrx_word' id='word_1_577' title='bbox 1084 3934 1282 3999; x_wconf 77' lang='lat' dir='ltr'><strong>fratres.</strong></span> <span class='ocrx_word' id='word_1_578' title='bbox 1310 3932 1518 3986; x_wconf 89' lang='lat' dir='ltr'><strong>Initium</strong></span> <span class='ocrx_word' id='word_1_579' title='bbox 1547 3945 1720 3987; x_wconf 74' lang='lat' dir='ltr'><strong>causa:</strong></span> <span class='ocrx_word' id='word_1_580' title='bbox 1746 3948 1763 3986; x_wconf 90' lang='lat'><strong>:</strong></span> 
     </span>
    </p>
   </div>
   <div class='ocr_carea' id='block_1_70' title="bbox 207 4005 1766 4091">
    <p class='ocr_par' dir='ltr' id='par_1_70' title="bbox 207 4005 1766 4091">
     <span class='ocr_line' id='line_1_70' title="bbox 207 4005 1766 4091; baseline 0.012 -30"><span class='ocrx_word' id='word_1_581' title='bbox 207 4005 334 4072; x_wconf 80' lang='lat' dir='ltr'><strong>Quia</strong></span> <span class='ocrx_word' id='word_1_582' title='bbox 360 4014 427 4066; x_wconf 86' lang='lat' dir='ltr'><strong>de</strong></span> <span class='ocrx_word' id='word_1_583' title='bbox 452 4030 611 4071; x_wconf 87' lang='lat' dir='ltr'><strong>sensu</strong></span> <span class='ocrx_word' id='word_1_584' title='bbox 634 4019 843 4073; x_wconf 89' lang='lat' dir='ltr'><strong>Domini</strong></span> <span class='ocrx_word' id='word_1_585' title='bbox 874 4019 1109 4085; x_wconf 56' lang='lat' dir='ltr'><strong>dixerat,</strong></span> <span class='ocrx_word' id='word_1_586' title='bbox 1140 4024 1297 4076; x_wconf 89' lang='lat' dir='ltr'><strong>modo</strong></span> <span class='ocrx_word' id='word_1_587' title='bbox 1335 4022 1492 4077; x_wconf 89' lang='lat' dir='ltr'><strong>docet</strong></span> <span class='ocrx_word' id='word_1_588' title='bbox 1530 4024 1617 4091; x_wconf 86' lang='lat' dir='ltr'><strong>qui</strong></span> <span class='ocrx_word' id='word_1_589' title='bbox 1645 4038 1766 4080; x_wconf 87' lang='lat' dir='ltr'><strong>esse</strong></span> 
     </span>
    </p>
   </div>
   <div class='ocr_carea' id='block_1_71' title="bbox 204 4097 1766 4179">
    <p class='ocr_par' dir='ltr' id='par_1_71' title="bbox 204 4097 1766 4179">
     <span class='ocr_line' id='line_1_71' title="bbox 204 4097 1766 4179; baseline 0.013 -25"><span class='ocrx_word' id='word_1_590' title='bbox 204 4097 654 4174; x_wconf 75' lang='lat' dir='ltr'><strong>debeant:quales</strong></span> <span class='ocrx_word' id='word_1_591' title='bbox 678 4122 736 4162; x_wconf 90' lang='lat' dir='ltr'><strong>se</strong></span> <span class='ocrx_word' id='word_1_592' title='bbox 767 4109 861 4164; x_wconf 84' lang='lat' dir='ltr'><strong>Dei</strong></span> <span class='ocrx_word' id='word_1_593' title='bbox 887 4110 1151 4178; x_wconf 78' lang='lat' dir='ltr'><strong>adiutorio</strong></span> <span class='ocrx_word' id='word_1_594' title='bbox 1175 4112 1402 4167; x_wconf 88' lang='lat' dir='ltr'><strong>debeant</strong></span> <span class='ocrx_word' id='word_1_595' title='bbox 1419 4113 1693 4179; x_wconf 75' lang='lat' dir='ltr'><strong>exhibere,</strong></span> <span class='ocrx_word' id='word_1_596' title='bbox 1709 4122 1766 4175; x_wconf 65' lang='lat' dir='ltr'><strong>ut</strong></span> 
     </span>
    </p>
   </div>
   <div class='ocr_carea' id='block_1_72' title="bbox 198 4196 1763 4258">
    <p class='ocr_par' dir='ltr' id='par_1_72' title="bbox 198 4196 1763 4258">
     <span class='ocr_line' id='line_1_72' title="bbox 198 4196 1763 4258; baseline 0.009 -14"><span class='ocrx_word' id='word_1_597' title='bbox 198 4200 410 4248; x_wconf 70' lang='lat' dir='ltr'><strong>sensum</strong></span> <span class='ocrx_word' id='word_1_598' title='bbox 435 4196 641 4251; x_wconf 82' lang='lat' dir='ltr'><strong>Domini</strong></span> <span class='ocrx_word' id='word_1_599' title='bbox 667 4198 862 4254; x_wconf 86' lang='lat' dir='ltr'><strong>habere</strong></span> <span class='ocrx_word' id='word_1_600' title='bbox 888 4210 1211 4255; x_wconf 86' lang='lat' dir='ltr'><strong>mereantur.</strong></span> <span class='ocrx_word' id='word_1_601' title='bbox 1242 4200 1345 4256; x_wconf 86' lang='lat' dir='ltr'><strong>Per</strong></span> <span class='ocrx_word' id='word_1_602' title='bbox 1371 4203 1763 4258; x_wconf 81' lang='lat' dir='ltr'><strong>misericordiam</strong></span> 
     </span>
    </p>
   </div>
   <div class='ocr_carea' id='block_1_73' title="bbox 201 4280 1759 4362">
    <p class='ocr_par' dir='ltr' id='par_1_73' title="bbox 201 4280 1759 4362">
     <span class='ocr_line' id='line_1_73' title="bbox 201 4280 1759 4362; baseline 0.011 -29"><span class='ocrx_word' id='word_1_603' title='bbox 201 4280 314 4338; x_wconf 82' lang='lat' dir='ltr'><strong>Dei.</strong></span> <span class='ocrx_word' id='word_1_604' title='bbox 356 4287 463 4352; x_wconf 88' lang='lat' dir='ltr'><strong>Qua</strong></span> <span class='ocrx_word' id='word_1_605' title='bbox 503 4290 692 4345; x_wconf 70' lang='lat' dir='ltr'><strong>salvati</strong></span> <span class='ocrx_word' id='word_1_606' title='bbox 726 4293 859 4347; x_wconf 88' lang='lat' dir='ltr'><strong>estis</strong></span> <span class='ocrx_word' id='word_1_607' title='bbox 892 4311 904 4345; x_wconf 92' lang='lat'><strong>:</strong></span> <span class='ocrx_word' id='word_1_608' title='bbox 935 4292 1064 4347; x_wconf 88' lang='lat' dir='ltr'><strong>nihil</strong></span> <span class='ocrx_word' id='word_1_609' title='bbox 1103 4294 1243 4349; x_wconf 83' lang='lat' dir='ltr'><strong>enim</strong></span> <span class='ocrx_word' id='word_1_610' title='bbox 1276 4294 1444 4362; x_wconf 86' lang='lat' dir='ltr'><strong>majus</strong></span> <span class='ocrx_word' id='word_1_611' title='bbox 1476 4294 1759 4351; x_wconf 86' lang='lat' dir='ltr'><strong>habebant.</strong></span> 
     </span>
    </p>
   </div>
   <div class='ocr_carea' id='block_1_74' title="bbox 197 4368 1767 4452">
    <p class='ocr_par' dir='ltr' id='par_1_74' title="bbox 197 4368 1767 4452">
     <span class='ocr_line' id='line_1_74' title="bbox 197 4368 1767 4452; baseline 0.011 -29"><span class='ocrx_word' id='word_1_612' title='bbox 197 4368 271 4424; x_wconf 84' lang='lat' dir='ltr'><strong>Ut</strong></span> <span class='ocrx_word' id='word_1_613' title='bbox 302 4376 571 4431; x_wconf 69' lang='lat' dir='ltr'><strong>exhibeatis</strong></span> <span class='ocrx_word' id='word_1_614' title='bbox 600 4394 812 4449; x_wconf 79' lang='lat' dir='ltr'><strong>corpora</strong></span> <span class='ocrx_word' id='word_1_615' title='bbox 859 4394 1040 4435; x_wconf 84' lang='lat' dir='ltr'><strong>vestra.</strong></span> <span class='ocrx_word' id='word_1_616' title='bbox 1086 4384 1295 4449; x_wconf 84' lang='lat' dir='ltr'><strong>Quanto</strong></span> <span class='ocrx_word' id='word_1_617' title='bbox 1347 4384 1514 4452; x_wconf 85' lang='lat' dir='ltr'><strong>magis</strong></span> <span class='ocrx_word' id='word_1_618' title='bbox 1560 4376 1767 4440; x_wconf 72' lang='lat' dir='ltr'><strong>animas</strong></span> 
     </span>
    </p>
   </div>
   <div class='ocr_carea' id='block_1_75' title="bbox 195 4468 1759 4544">
    <p class='ocr_par' dir='ltr' id='par_1_75' title="bbox 195 4468 1759 4544">
     <span class='ocr_line' id='line_1_75' title="bbox 195 4468 1759 4544; baseline 0.01 -28"><span class='ocrx_word' id='word_1_619' title='bbox 195 4468 434 4520; x_wconf 74' lang='lat' dir='ltr'><strong>vestras?</strong></span> <span class='ocrx_word' id='word_1_620' title='bbox 467 4486 572 4524; x_wconf 90' lang='lat' dir='ltr'><strong>non</strong></span> <span class='ocrx_word' id='word_1_621' title='bbox 622 4472 816 4528; x_wconf 81' lang='lat' dir='ltr'><strong>arietes</strong></span> <span class='ocrx_word' id='word_1_622' title='bbox 852 4483 908 4528; x_wconf 89' lang='lat' dir='ltr'><strong>et</strong></span> <span class='ocrx_word' id='word_1_623' title='bbox 945 4474 1169 4530; x_wconf 86' lang='lat' dir='ltr'><strong>hircos:</strong></span> <span class='ocrx_word' id='word_1_624' title='bbox 1213 4475 1303 4544; x_wconf 90' lang='lat' dir='ltr'><strong>qui</strong></span> <span class='ocrx_word' id='word_1_625' title='bbox 1345 4484 1521 4530; x_wconf 85' lang='lat' dir='ltr'><strong>tamen</strong></span> <span class='ocrx_word' id='word_1_626' title='bbox 1561 4476 1664 4530; x_wconf 82' lang='lat' dir='ltr'><strong>vivi</strong></span> <span class='ocrx_word' id='word_1_627' title='bbox 1705 4487 1759 4532; x_wconf 87' lang='lat' dir='ltr'><strong>et</strong></span> 
     </span>
    </p>
   </div>
   <div class='ocr_carea' id='block_1_76' title="bbox 1868 3292 3435 3374">
    <p class='ocr_par' dir='ltr' id='par_1_76' title="bbox 1868 3292 3435 3374">
     <span class='ocr_line' id='line_1_76' title="bbox 1868 3292 3435 3374; baseline 0.008 -27"><span class='ocrx_word' id='word_1_628' title='bbox 1868 3292 2151 3349; x_wconf 78' lang='lat' dir='ltr'><strong>lectionem</strong></span> <span class='ocrx_word' id='word_1_629' title='bbox 2188 3305 2443 3363; x_wconf 84' lang='lat' dir='ltr'><strong>operatur</strong></span> <span class='ocrx_word' id='word_1_630' title='bbox 2469 3313 2483 3363; x_wconf 90' lang='lat'><strong>;</strong></span> <span class='ocrx_word' id='word_1_631' title='bbox 2514 3299 2607 3353; x_wconf 90' lang='lat' dir='ltr'><strong>sed</strong></span> <span class='ocrx_word' id='word_1_632' title='bbox 2645 3300 2744 3354; x_wconf 91' lang='lat' dir='ltr'><strong>ista</strong></span> <span class='ocrx_word' id='word_1_633' title='bbox 2782 3301 2996 3356; x_wconf 86' lang='lat' dir='ltr'><strong>dilectio</strong></span> <span class='ocrx_word' id='word_1_634' title='bbox 3043 3318 3139 3372; x_wconf 91' lang='lat' dir='ltr'><strong>per</strong></span> <span class='ocrx_word' id='word_1_635' title='bbox 3178 3304 3435 3374; x_wconf 87' lang='lat' dir='ltr'><strong>Spiritum</strong></span> 
     </span>
    </p>
   </div>
   <div class='ocr_carea' id='block_1_77' title="bbox 1866 3387 3434 3466">
    <p class='ocr_par' dir='ltr' id='par_1_77' title="bbox 1866 3387 3434 3466">
     <span class='ocr_line' id='line_1_77' title="bbox 1866 3387 3434 3466; baseline 0.008 -28"><span class='ocrx_word' id='word_1_636' title='bbox 1866 3393 2109 3441; x_wconf 83' lang='lat' dir='ltr'><strong>sanctum</strong></span> <span class='ocrx_word' id='word_1_637' title='bbox 2139 3387 2451 3443; x_wconf 78' lang='lat' dir='ltr'><strong>infunditur.</strong></span> <span class='ocrx_word' id='word_1_638' title='bbox 2483 3390 2579 3445; x_wconf 84' lang='lat' dir='ltr'><strong>Vel</strong></span> <span class='ocrx_word' id='word_1_639' title='bbox 2608 3392 2768 3447; x_wconf 87' lang='lat' dir='ltr'><strong>etiam</strong></span> <span class='ocrx_word' id='word_1_640' title='bbox 2809 3394 2949 3448; x_wconf 90' lang='lat' dir='ltr'><strong>illam</strong></span> <span class='ocrx_word' id='word_1_641' title='bbox 2980 3395 3308 3466; x_wconf 80' lang='lat' dir='ltr'><strong>prephetiam</strong></span> <span class='ocrx_word' id='word_1_642' title='bbox 3342 3414 3434 3451; x_wconf 70' lang='lat' dir='ltr'><strong>ve-</strong></span> 
     </span>
    </p>
   </div>
   <div class='ocr_carea' id='block_1_78' title="bbox 1868 3478 3435 3552">
    <p class='ocr_par' dir='ltr' id='par_1_78' title="bbox 1868 3478 3435 3552">
     <span class='ocr_line' id='line_1_78' title="bbox 1868 3478 3435 3552; baseline 0.008 -24"><span class='ocrx_word' id='word_1_643' title='bbox 1868 3490 2001 3541; x_wconf 86' lang='lat' dir='ltr'><strong>ram,</strong></span> <span class='ocrx_word' id='word_1_644' title='bbox 2033 3493 2152 3546; x_wconf 72' lang='lat' dir='ltr'><strong>qute</strong></span> <span class='ocrx_word' id='word_1_645' title='bbox 2180 3478 2470 3534; x_wconf 87' lang='lat' dir='ltr'><strong>secundum</strong></span> <span class='ocrx_word' id='word_1_646' title='bbox 2502 3482 2658 3537; x_wconf 83' lang='lat' dir='ltr'><strong>tidem</strong></span> <span class='ocrx_word' id='word_1_647' title='bbox 2688 3493 2789 3538; x_wconf 90' lang='lat' dir='ltr'><strong>est.</strong></span> <span class='ocrx_word' id='word_1_648' title='bbox 2837 3485 2955 3540; x_wconf 83' lang='lat' dir='ltr'><strong>Sive</strong></span> <span class='ocrx_word' id='word_1_649' title='bbox 2996 3488 3353 3552; x_wconf 83' lang='lat' dir='ltr'><strong>ministerium,</strong></span> <span class='ocrx_word' id='word_1_650' title='bbox 3383 3493 3435 3541; x_wconf 81' lang='lat' dir='ltr'><strong>in</strong></span> 
     </span>
    </p>
   </div>
   <div class='ocr_carea' id='block_1_79' title="bbox 1868 3567 3435 3645">
    <p class='ocr_par' dir='ltr' id='par_1_79' title="bbox 1868 3567 3435 3645">
     <span class='ocr_line' id='line_1_79' title="bbox 1868 3567 3435 3645; baseline 0.009 -27"><span class='ocrx_word' id='word_1_651' title='bbox 1868 3567 2226 3623; x_wconf 86' lang='lat' dir='ltr'><strong>ministrando.</strong></span> <span class='ocrx_word' id='word_1_652' title='bbox 2254 3568 2615 3627; x_wconf 88' lang='lat' dir='ltr'><strong>Saccrdotale.</strong></span> <span class='ocrx_word' id='word_1_653' title='bbox 2646 3574 2765 3629; x_wconf 68' lang='lat' dir='ltr'><strong>Siue</strong></span> <span class='ocrx_word' id='word_1_654' title='bbox 2789 3578 2875 3645; x_wconf 90' lang='lat' dir='ltr'><strong>qui</strong></span> <span class='ocrx_word' id='word_1_655' title='bbox 2896 3577 3057 3643; x_wconf 86' lang='lat' dir='ltr'><strong>docet,</strong></span> <span class='ocrx_word' id='word_1_656' title='bbox 3082 3580 3133 3631; x_wconf 88' lang='lat' dir='ltr'><strong>in</strong></span> <span class='ocrx_word' id='word_1_657' title='bbox 3161 3580 3393 3633; x_wconf 74' lang='lat' dir='ltr'><strong>doctrina</strong></span> <span class='ocrx_word' id='word_1_658' title='bbox 3417 3596 3435 3632; x_wconf 89' lang='lat'><strong>:</strong></span> 
     </span>
    </p>
   </div>
   <div class='ocr_carea' id='block_1_80' title="bbox 1866 3655 3437 3738">
    <p class='ocr_par' dir='ltr' id='par_1_80' title="bbox 1866 3655 3437 3738">
     <span class='ocr_line' id='line_1_80' title="bbox 1866 3655 3437 3738; baseline 0.011 -32"><span class='ocrx_word' id='word_1_659' title='bbox 1866 3655 1955 3724; x_wconf 86' lang='lat' dir='ltr'><strong>qui</strong></span> <span class='ocrx_word' id='word_1_660' title='bbox 1982 3657 2303 3723; x_wconf 69' lang='lat' dir='ltr'><strong>exhortatur,</strong></span> <span class='ocrx_word' id='word_1_661' title='bbox 2336 3661 2389 3714; x_wconf 91' lang='lat' dir='ltr'><strong>in</strong></span> <span class='ocrx_word' id='word_1_662' title='bbox 2417 3661 2750 3717; x_wconf 71' lang='lat' dir='ltr'><strong>exhortando.</strong></span> <span class='ocrx_word' id='word_1_663' title='bbox 2779 3666 2880 3731; x_wconf 89' lang='lat' dir='ltr'><strong>Qui</strong></span> <span class='ocrx_word' id='word_1_664' title='bbox 2924 3664 3078 3720; x_wconf 90' lang='lat' dir='ltr'><strong>docet</strong></span> <span class='ocrx_word' id='word_1_665' title='bbox 3099 3708 3114 3733; x_wconf 95' lang='lat'><strong>,</strong></span> <span class='ocrx_word' id='word_1_666' title='bbox 3158 3669 3327 3738; x_wconf 83' lang='lat' dir='ltr'><strong>major</strong></span> <span class='ocrx_word' id='word_1_667' title='bbox 3354 3681 3437 3724; x_wconf 84' lang='lat' dir='ltr'><strong>est</strong></span> 
     </span>
    </p>
   </div>
   <div class='ocr_carea' id='block_1_81' title="bbox 1867 3750 3432 3827">
    <p class='ocr_par' dir='ltr' id='par_1_81' title="bbox 1867 3750 3432 3827">
     <span class='ocr_line' id='line_1_81' title="bbox 1867 3750 3432 3827; baseline 0.008 -27"><span class='ocrx_word' id='word_1_668' title='bbox 1867 3761 1932 3801; x_wconf 90' lang='lat' dir='ltr'><strong>eo</strong></span> <span class='ocrx_word' id='word_1_669' title='bbox 1959 3750 2049 3817; x_wconf 91' lang='lat' dir='ltr'><strong>qui</strong></span> <span class='ocrx_word' id='word_1_670' title='bbox 2072 3750 2391 3805; x_wconf 80' lang='lat' dir='ltr'><strong>exhortatur</strong></span> <span class='ocrx_word' id='word_1_671' title='bbox 2424 3769 2438 3805; x_wconf 89' lang='lat'><strong>:</strong></span> <span class='ocrx_word' id='word_1_672' title='bbox 2470 3753 2740 3808; x_wconf 78' lang='lat' dir='ltr'><strong>exhortari</strong></span> <span class='ocrx_word' id='word_1_673' title='bbox 2766 3757 2909 3810; x_wconf 88' lang='lat' dir='ltr'><strong>enim</strong></span> <span class='ocrx_word' id='word_1_674' title='bbox 2943 3766 3161 3823; x_wconf 89' lang='lat' dir='ltr'><strong>possunt</strong></span> <span class='ocrx_word' id='word_1_675' title='bbox 3188 3767 3241 3813; x_wconf 89' lang='lat' dir='ltr'><strong>et</strong></span> <span class='ocrx_word' id='word_1_676' title='bbox 3265 3760 3432 3827; x_wconf 87' lang='lat' dir='ltr'><strong>ignari</strong></span> 
     </span>
    </p>
   </div>
   <div class='ocr_carea' id='block_1_82' title="bbox 1869 3842 3435 3908">
    <p class='ocr_par' dir='ltr' id='par_1_82' title="bbox 1869 3842 3435 3908">
     <span class='ocr_line' id='line_1_82' title="bbox 1869 3842 3435 3908; baseline 0.006 -14"><span class='ocrx_word' id='word_1_677' title='bbox 1869 3854 1964 3908; x_wconf 91' lang='lat' dir='ltr'><strong>pro</strong></span> <span class='ocrx_word' id='word_1_678' title='bbox 1991 3842 2194 3898; x_wconf 82' lang='lat' dir='ltr'><strong>viribus</strong></span> <span class='ocrx_word' id='word_1_679' title='bbox 2216 3844 2327 3898; x_wconf 87' lang='lat' dir='ltr'><strong>suis</strong></span> <span class='ocrx_word' id='word_1_680' title='bbox 2361 3860 2374 3897; x_wconf 92' lang='lat'><strong>:</strong></span> <span class='ocrx_word' id='word_1_681' title='bbox 2412 3843 2607 3901; x_wconf 90' lang='lat' dir='ltr'><strong>docere</strong></span> <span class='ocrx_word' id='word_1_682' title='bbox 2646 3856 2820 3901; x_wconf 89' lang='lat' dir='ltr'><strong>autem</strong></span> <span class='ocrx_word' id='word_1_683' title='bbox 2856 3848 3134 3902; x_wconf 86' lang='lat' dir='ltr'><strong>doctorum</strong></span> <span class='ocrx_word' id='word_1_684' title='bbox 3175 3859 3275 3903; x_wconf 83' lang='lat' dir='ltr'><strong>est.</strong></span> <span class='ocrx_word' id='word_1_685' title='bbox 3321 3850 3435 3904; x_wconf 89' lang='lat' dir='ltr'><strong>lluc</strong></span> 
     </span>
    </p>
   </div>
   <div class='ocr_carea' id='block_1_83' title="bbox 1867 3930 3436 4002">
    <p class='ocr_par' dir='ltr' id='par_1_83' title="bbox 1867 3930 3436 4002">
     <span class='ocr_line' id='line_1_83' title="bbox 1867 3930 3436 4002; baseline 0.006 -18"><span class='ocrx_word' id='word_1_686' title='bbox 1867 3945 2032 4000; x_wconf 88' lang='lat' dir='ltr'><strong>usque</strong></span> <span class='ocrx_word' id='word_1_687' title='bbox 2050 3930 2208 3986; x_wconf 87' lang='lat' dir='ltr'><strong>dona.</strong></span> <span class='ocrx_word' id='word_1_688' title='bbox 2235 3933 2368 3988; x_wconf 91' lang='lat' dir='ltr'><strong>llinc</strong></span> <span class='ocrx_word' id='word_1_689' title='bbox 2392 3935 2503 4001; x_wconf 78' lang='lat' dir='ltr'><strong>jam</strong></span> <span class='ocrx_word' id='word_1_690' title='bbox 2533 3935 2718 3999; x_wconf 89' lang='lat' dir='ltr'><strong>docet,</strong></span> <span class='ocrx_word' id='word_1_691' title='bbox 2757 3938 2814 3990; x_wconf 85' lang='lat' dir='ltr'><strong>ut</strong></span> <span class='ocrx_word' id='word_1_692' title='bbox 2854 3936 3039 4002; x_wconf 84' lang='lat' dir='ltr'><strong>decet,</strong></span> <span class='ocrx_word' id='word_1_693' title='bbox 3075 3948 3129 3991; x_wconf 92' lang='lat' dir='ltr'><strong>ut</strong></span> <span class='ocrx_word' id='word_1_694' title='bbox 3165 3937 3321 3993; x_wconf 90' lang='lat' dir='ltr'><strong>donis</strong></span> <span class='ocrx_word' id='word_1_695' title='bbox 3347 3955 3436 3993; x_wconf 83' lang='lat' dir='ltr'><strong>ac-</strong></span> 
     </span>
    </p>
   </div>
   <div class='ocr_carea' id='block_1_84' title="bbox 1865 4023 3434 4097">
    <p class='ocr_par' dir='ltr' id='par_1_84' title="bbox 1865 4023 3434 4097">
     <span class='ocr_line' id='line_1_84' title="bbox 1865 4023 3434 4097; baseline 0.004 -21"><span class='ocrx_word' id='word_1_696' title='bbox 1865 4023 2034 4091; x_wconf 86' lang='lat' dir='ltr'><strong>ceptis</strong></span> <span class='ocrx_word' id='word_1_697' title='bbox 2060 4023 2196 4078; x_wconf 88' lang='lat' dir='ltr'><strong>bene</strong></span> <span class='ocrx_word' id='word_1_698' title='bbox 2225 4034 2450 4079; x_wconf 84' lang='lat' dir='ltr'><strong>utamur.</strong></span> <span class='ocrx_word' id='word_1_699' title='bbox 2487 4026 2589 4092; x_wconf 83' lang='lat' dir='ltr'><strong>Qui</strong></span> <span class='ocrx_word' id='word_1_700' title='bbox 2624 4026 2820 4091; x_wconf 80' lang='lat' dir='ltr'><strong>tribuit,</strong></span> <span class='ocrx_word' id='word_1_701' title='bbox 2852 4027 2905 4080; x_wconf 83' lang='lat' dir='ltr'><strong>in</strong></span> <span class='ocrx_word' id='word_1_702' title='bbox 2935 4029 3277 4097; x_wconf 78' lang='lat' dir='ltr'><strong>simplicitate.</strong></span> <span class='ocrx_word' id='word_1_703' title='bbox 3304 4030 3434 4084; x_wconf 57' lang='lat' dir='ltr'><strong>0m-</strong></span> 
     </span>
    </p>
   </div>
   <div class='ocr_carea' id='block_1_85' title="bbox 1866 4117 3433 4191">
    <p class='ocr_par' dir='ltr' id='par_1_85' title="bbox 1866 4117 3433 4191">
     <span class='ocr_line' id='line_1_85' title="bbox 1866 4117 3433 4191; baseline 0.005 -21"><span class='ocrx_word' id='word_1_704' title='bbox 1866 4117 2022 4171; x_wconf 89' lang='lat' dir='ltr'><strong>nibus</strong></span> <span class='ocrx_word' id='word_1_705' title='bbox 2052 4117 2393 4186; x_wconf 82' lang='lat' dir='ltr'><strong>simpliciter,</strong></span> <span class='ocrx_word' id='word_1_706' title='bbox 2424 4120 2475 4174; x_wconf 92' lang='lat' dir='ltr'><strong>id</strong></span> <span class='ocrx_word' id='word_1_707' title='bbox 2506 4128 2588 4174; x_wconf 91' lang='lat' dir='ltr'><strong>est</strong></span> <span class='ocrx_word' id='word_1_708' title='bbox 2617 4135 2749 4188; x_wconf 89' lang='lat' dir='ltr'><strong>puro</strong></span> <span class='ocrx_word' id='word_1_709' title='bbox 2775 4121 2938 4176; x_wconf 90' lang='lat' dir='ltr'><strong>corde</strong></span> <span class='ocrx_word' id='word_1_710' title='bbox 2966 4123 3124 4178; x_wconf 85' lang='lat' dir='ltr'><strong>debet</strong></span> <span class='ocrx_word' id='word_1_711' title='bbox 3151 4124 3264 4178; x_wconf 88' lang='lat' dir='ltr'><strong>dari</strong></span> <span class='ocrx_word' id='word_1_712' title='bbox 3299 4142 3311 4175; x_wconf 90' lang='lat'><strong>:</strong></span> <span class='ocrx_word' id='word_1_713' title='bbox 3344 4126 3433 4191; x_wconf 88' lang='lat' dir='ltr'><strong>qui</strong></span> 
     </span>
    </p>
   </div>
   <div class='ocr_carea' id='block_1_86' title="bbox 1863 4211 3436 4286">
    <p class='ocr_par' dir='ltr' id='par_1_86' title="bbox 1863 4211 3436 4286">
     <span class='ocr_line' id='line_1_86' title="bbox 1863 4211 3436 4286; baseline 0.004 -21"><span class='ocrx_word' id='word_1_714' title='bbox 1863 4211 2006 4265; x_wconf 86' lang='lat' dir='ltr'><strong>enim</strong></span> <span class='ocrx_word' id='word_1_715' title='bbox 2026 4211 2321 4280; x_wconf 87' lang='lat' dir='ltr'><strong>susceperit</strong></span> <span class='ocrx_word' id='word_1_716' title='bbox 2340 4212 2650 4282; x_wconf 79' lang='lat' dir='ltr'><strong>prophetam</strong></span> <span class='ocrx_word' id='word_1_717' title='bbox 2675 4214 2727 4267; x_wconf 88' lang='lat' dir='ltr'><strong>in</strong></span> <span class='ocrx_word' id='word_1_718' title='bbox 2740 4217 2952 4271; x_wconf 89' lang='lat' dir='ltr'><strong>nomine</strong></span> <span class='ocrx_word' id='word_1_719' title='bbox 2975 4217 3263 4286; x_wconf 64' lang='lat' dir='ltr'><strong>prophetia,</strong></span> <span class='ocrx_word' id='word_1_720' title='bbox 3295 4234 3436 4274; x_wconf 90' lang='lat' dir='ltr'><strong>mer-</strong></span> 
     </span>
    </p>
   </div>
   <div class='ocr_carea' id='block_1_87' title="bbox 1864 4302 3430 4375">
    <p class='ocr_par' dir='ltr' id='par_1_87' title="bbox 1864 4302 3430 4375">
     <span class='ocr_line' id='line_1_87' title="bbox 1864 4302 3430 4375; baseline 0.006 -20"><span class='ocrx_word' id='word_1_721' title='bbox 1864 4302 2046 4356; x_wconf 88' lang='lat' dir='ltr'><strong>cedem</strong></span> <span class='ocrx_word' id='word_1_722' title='bbox 2071 4304 2343 4372; x_wconf 74' lang='lat' dir='ltr'><strong>propheta:</strong></span> <span class='ocrx_word' id='word_1_723' title='bbox 2366 4305 2607 4374; x_wconf 88' lang='lat' dir='ltr'><strong>accipiet.</strong></span> <span class='ocrx_word' id='word_1_724' title='bbox 2644 4304 2745 4372; x_wconf 83' lang='lat' dir='ltr'><strong>Qui</strong></span> <span class='ocrx_word' id='word_1_725' title='bbox 2768 4315 2969 4375; x_wconf 69' lang='lat' dir='ltr'><strong>pra’est,</strong></span> <span class='ocrx_word' id='word_1_726' title='bbox 2993 4308 3044 4362; x_wconf 89' lang='lat' dir='ltr'><strong>in</strong></span> <span class='ocrx_word' id='word_1_727' title='bbox 3070 4310 3430 4364; x_wconf 81' lang='lat' dir='ltr'><strong>sollicitudine.</strong></span> 
     </span>
    </p>
   </div>
   <div class='ocr_carea' id='block_1_88' title="bbox 1865 4391 3437 4462">
    <p class='ocr_par' dir='ltr' id='par_1_88' title="bbox 1865 4391 3437 4462">
     <span class='ocr_line' id='line_1_88' title="bbox 1865 4391 3437 4462; baseline 0.007 -17"><span class='ocrx_word' id='word_1_728' title='bbox 1865 4391 2136 4459; x_wconf 70' lang='lat' dir='ltr'><strong>Ecclesiae,</strong></span> <span class='ocrx_word' id='word_1_729' title='bbox 2159 4392 2241 4447; x_wconf 91' lang='lat' dir='ltr'><strong>vel</strong></span> <span class='ocrx_word' id='word_1_730' title='bbox 2271 4392 2542 4449; x_wconf 83' lang='lat' dir='ltr'><strong>fratribus.</strong></span> <span class='ocrx_word' id='word_1_731' title='bbox 2577 4395 2675 4462; x_wconf 85' lang='lat' dir='ltr'><strong>Qui</strong></span> <span class='ocrx_word' id='word_1_732' title='bbox 2694 4398 2979 4451; x_wconf 80' lang='lat' dir='ltr'><strong>miseretur.</strong></span> <span class='ocrx_word' id='word_1_733' title='bbox 3007 4399 3233 4454; x_wconf 78' lang='lat' dir='ltr'><strong>Maxime</strong></span> <span class='ocrx_word' id='word_1_734' title='bbox 3262 4401 3437 4456; x_wconf 67' lang='lat' dir='ltr'><strong>mise-</strong></span> 
     </span>
    </p>
   </div>
   <div class='ocr_carea' id='block_1_89' title="bbox 1865 4482 3435 4563">
    <p class='ocr_par' dir='ltr' id='par_1_89' title="bbox 1865 4482 3435 4563">
     <span class='ocr_line' id='line_1_89' title="bbox 1865 4482 3435 4563; baseline 0.006 -27"><span class='ocrx_word' id='word_1_735' title='bbox 1865 4482 2093 4537; x_wconf 88' lang='lat' dir='ltr'><strong>ricordia</strong></span> <span class='ocrx_word' id='word_1_736' title='bbox 2133 4484 2274 4538; x_wconf 87' lang='lat' dir='ltr'><strong>circa</strong></span> <span class='ocrx_word' id='word_1_737' title='bbox 2319 4494 2636 4555; x_wconf 68' lang='lat' dir='ltr'><strong>aegrotantes</strong></span> <span class='ocrx_word' id='word_1_738' title='bbox 2676 4488 2976 4543; x_wconf 79' lang='lat' dir='ltr'><strong>exhibenda</strong></span> <span class='ocrx_word' id='word_1_739' title='bbox 3024 4499 3132 4558; x_wconf 89' lang='lat' dir='ltr'><strong>est,</strong></span> <span class='ocrx_word' id='word_1_740' title='bbox 3191 4495 3435 4563; x_wconf 77' lang='lat' dir='ltr'><strong>quamvis</strong></span> 
     </span>
    </p>
   </div>
   <div class='ocr_carea' id='block_1_90' title="bbox 191 4553 3433 4644">
    <p class='ocr_par' dir='ltr' id='par_1_90' title="bbox 191 4553 3433 4644">
     <span class='ocr_line' id='line_1_90' title="bbox 191 4553 3433 4644; baseline 0.012 -40"><span class='ocrx_word' id='word_1_741' title='bbox 191 4553 309 4611; x_wconf 83' lang='lat' dir='ltr'><strong>sine</strong></span> <span class='ocrx_word' id='word_1_742' title='bbox 333 4562 540 4615; x_wconf 85' lang='lat' dir='ltr'><strong>macula</strong></span> <span class='ocrx_word' id='word_1_743' title='bbox 565 4561 938 4619; x_wconf 67' lang='lat' dir='ltr'><strong>oderebantur.</strong></span> <span class='ocrx_word' id='word_1_744' title='bbox 971 4566 1204 4620; x_wconf 77' lang='lat' dir='ltr'><strong>Hostiam</strong></span> <span class='ocrx_word' id='word_1_745' title='bbox 1232 4569 1488 4623; x_wconf 67' lang='lat' dir='ltr'><strong>viventem.</strong></span> <span class='ocrx_word' id='word_1_746' title='bbox 1511 4569 1590 4624; x_wconf 76' lang='lat' dir='ltr'><strong>Ab</strong></span> <span class='ocrx_word' id='word_1_747' title='bbox 1612 4570 1755 4625; x_wconf 88' lang='lat' dir='ltr'><strong>omni</strong></span> <span class='ocrx_word' id='word_1_748' title='bbox 1785 4566 1838 4625; x_wconf 91' lang='lat' dir='ltr'><strong>D</strong></span> <span class='ocrx_word' id='word_1_749' title='bbox 1860 4576 2126 4644; x_wconf 85' lang='lat' dir='ltr'><strong>generalis</strong></span> <span class='ocrx_word' id='word_1_750' title='bbox 2169 4576 2257 4631; x_wconf 86' lang='lat' dir='ltr'><strong>sit.</strong></span> <span class='ocrx_word' id='word_1_751' title='bbox 2299 4553 2387 4632; x_wconf 27' lang='lat' dir='ltr'><strong>Inv</strong></span> <span class='ocrx_word' id='word_1_752' title='bbox 2411 4579 2689 4635; x_wconf 79' lang='lat' dir='ltr'><strong>hilaritate.</strong></span> <span class='ocrx_word' id='word_1_753' title='bbox 2733 4582 2966 4639; x_wconf 86' lang='lat' dir='ltr'><strong>Hilarem</strong></span> <span class='ocrx_word' id='word_1_754' title='bbox 3009 4553 3148 4640; x_wconf 83' lang='lat' dir='ltr'><strong>enim</strong></span> <span class='ocrx_word' id='word_1_755' title='bbox 3192 4553 3433 4644; x_wconf 80' lang='lat' dir='ltr'><strong>datorem</strong></span> 
     </span>
    </p>
   </div>
   <div class='ocr_carea' id='block_1_91' title="bbox 192 4658 1757 4717">
    <p class='ocr_par' dir='ltr' id='par_1_91' title="bbox 192 4658 1757 4717">
     <span class='ocr_line' id='line_1_91' title="bbox 192 4658 1757 4717; baseline 0.009 -16"><span class='ocrx_word' id='word_1_756' title='bbox 192 4658 532 4710; x_wconf 64' lang='lat' dir='ltr'><strong>peccatorum</strong></span> <span class='ocrx_word' id='word_1_757' title='bbox 605 4664 777 4710; x_wconf 88' lang='lat' dir='ltr'><strong>morte</strong></span> <span class='ocrx_word' id='word_1_758' title='bbox 836 4659 1083 4714; x_wconf 84' lang='lat' dir='ltr'><strong>alienam.</strong></span> <span class='ocrx_word' id='word_1_759' title='bbox 1135 4661 1400 4715; x_wconf 81' lang='lat' dir='ltr'><strong>Sanctam.</strong></span> <span class='ocrx_word' id='word_1_760' title='bbox 1457 4662 1649 4716; x_wconf 86' lang='lat' dir='ltr'><strong>Puram</strong></span> <span class='ocrx_word' id='word_1_761' title='bbox 1705 4671 1757 4717; x_wconf 89' lang='lat' dir='ltr'><strong>et</strong></span> 
     </span>
    </p>
   </div>
   <div class='ocr_carea' id='block_1_92' title="bbox 189 4743 1758 4815">
    <p class='ocr_par' dir='ltr' id='par_1_92' title="bbox 189 4743 1758 4815">
     <span class='ocr_line' id='line_1_92' title="bbox 189 4743 1758 4815; baseline 0.011 -26"><span class='ocrx_word' id='word_1_762' title='bbox 189 4748 392 4793; x_wconf 81' lang='lat' dir='ltr'><strong>castam</strong></span> <span class='ocrx_word' id='word_1_763' title='bbox 416 4761 429 4793; x_wconf 91' lang='lat'><strong>:</strong></span> <span class='ocrx_word' id='word_1_764' title='bbox 453 4743 787 4800; x_wconf 79' lang='lat' dir='ltr'><strong>Sanctiﬁcate</strong></span> <span class='ocrx_word' id='word_1_765' title='bbox 809 4750 948 4801; x_wconf 90' lang='lat' dir='ltr'><strong>enim</strong></span> <span class='ocrx_word' id='word_1_766' title='bbox 975 4764 1092 4814; x_wconf 86' lang='lat' dir='ltr'><strong>vos,</strong></span> <span class='ocrx_word' id='word_1_767' title='bbox 1115 4752 1208 4815; x_wconf 92' lang='lat' dir='ltr'><strong>ait,</strong></span> <span class='ocrx_word' id='word_1_768' title='bbox 1231 4766 1261 4803; x_wconf 89' lang='lat' dir='ltr'><strong>a</strong></span> <span class='ocrx_word' id='word_1_769' title='bbox 1288 4750 1617 4807; x_wconf 84' lang='lat' dir='ltr'><strong>mulieribus.</strong></span> <span class='ocrx_word' id='word_1_770' title='bbox 1650 4750 1758 4807; x_wconf 61' lang='lat' dir='ltr'><strong>Dee</strong></span> 
     </span>
    </p>
   </div>
   <div class='ocr_carea' id='block_1_93' title="bbox 186 4832 1755 4901">
    <p class='ocr_par' dir='ltr' id='par_1_93' title="bbox 186 4832 1755 4901">
     <span class='ocr_line' id='line_1_93' title="bbox 186 4832 1755 4901; baseline 0.01 -18"><span class='ocrx_word' id='word_1_771' title='bbox 186 4832 490 4896; x_wconf 72' lang='lat' dir='ltr'><strong>placentem.</strong></span> <span class='ocrx_word' id='word_1_772' title='bbox 522 4836 637 4889; x_wconf 77' lang='lat' dir='ltr'><strong>Non</strong></span> <span class='ocrx_word' id='word_1_773' title='bbox 683 4837 982 4893; x_wconf 76' lang='lat' dir='ltr'><strong>hominibus</strong></span> <span class='ocrx_word' id='word_1_774' title='bbox 1011 4841 1203 4901; x_wconf 84' lang='lat' dir='ltr'><strong>solum.</strong></span> <span class='ocrx_word' id='word_1_775' title='bbox 1248 4843 1571 4897; x_wconf 85' lang='lat' dir='ltr'><strong>Rationabile</strong></span> <span class='ocrx_word' id='word_1_776' title='bbox 1612 4844 1755 4897; x_wconf 83' lang='lat' dir='ltr'><strong>obsc-</strong></span> 
     </span>
    </p>
   </div>
   <div class='ocr_carea' id='block_1_94' title="bbox 183 4922 1757 5001">
    <p class='ocr_par' dir='ltr' id='par_1_94' title="bbox 183 4922 1757 5001">
     <span class='ocr_line' id='line_1_94' title="bbox 183 4922 1757 5001; baseline 0.01 -29"><span class='ocrx_word' id='word_1_777' title='bbox 183 4922 362 4987; x_wconf 70' lang='lat' dir='ltr'><strong>qufum</strong></span> <span class='ocrx_word' id='word_1_778' title='bbox 378 4934 613 4979; x_wconf 77' lang='lat' dir='ltr'><strong>restrain.</strong></span> <span class='ocrx_word' id='word_1_779' title='bbox 628 4927 815 4980; x_wconf 76' lang='lat' dir='ltr'><strong>Omnia</strong></span> <span class='ocrx_word' id='word_1_780' title='bbox 839 4929 1107 4996; x_wconf 79' lang='lat' dir='ltr'><strong>sapienter</strong></span> <span class='ocrx_word' id='word_1_781' title='bbox 1128 4930 1364 4986; x_wconf 85' lang='lat' dir='ltr'><strong>facienda</strong></span> <span class='ocrx_word' id='word_1_782' title='bbox 1381 4950 1397 4985; x_wconf 95' lang='lat'><strong>:</strong></span> <span class='ocrx_word' id='word_1_783' title='bbox 1414 4937 1534 5001; x_wconf 85' lang='lat' dir='ltr'><strong>quia</strong></span> <span class='ocrx_word' id='word_1_784' title='bbox 1550 4934 1757 4989; x_wconf 89' lang='lat' dir='ltr'><strong>etiamsi</strong></span> 
     </span>
    </p>
   </div>
   <div class='ocr_carea' id='block_1_95' title="bbox 183 5002 1761 5085">
    <p class='ocr_par' dir='ltr' id='par_1_95' title="bbox 183 5002 1761 5085">
     <span class='ocr_line' id='line_1_95' title="bbox 183 5002 1761 5085; baseline 0.009 -20"><span class='ocrx_word' id='word_1_785' title='bbox 183 5002 591 5070; x_wconf 73' lang='lat' dir='ltr'><strong>Consummatns</strong></span> <span class='ocrx_word' id='word_1_786' title='bbox 622 5017 738 5082; x_wconf 87' lang='lat' dir='ltr'><strong>quis</strong></span> <span class='ocrx_word' id='word_1_787' title='bbox 771 5018 957 5085; x_wconf 86' lang='lat' dir='ltr'><strong>fuerit,</strong></span> <span class='ocrx_word' id='word_1_788' title='bbox 987 5031 1038 5075; x_wconf 87' lang='lat' dir='ltr'><strong>et</strong></span> <span class='ocrx_word' id='word_1_789' title='bbox 1067 5020 1297 5076; x_wconf 87' lang='lat' dir='ltr'><strong>abfuerit</strong></span> <span class='ocrx_word' id='word_1_790' title='bbox 1320 5023 1389 5077; x_wconf 86' lang='lat' dir='ltr'><strong>ab</strong></span> <span class='ocrx_word' id='word_1_791' title='bbox 1419 5024 1509 5078; x_wconf 90' lang='lat' dir='ltr'><strong>illo</strong></span> <span class='ocrx_word' id='word_1_792' title='bbox 1536 5025 1761 5079; x_wconf 87' lang='lat' dir='ltr'><strong>scicntia</strong></span> 
     </span>
    </p>
   </div>
   <div class='ocr_carea' id='block_1_96' title="bbox 1860 4668 3437 4753">
    <p class='ocr_par' dir='ltr' id='par_1_96' title="bbox 1860 4668 3437 4753">
     <span class='ocr_line' id='line_1_96' title="bbox 1860 4668 3437 4753; baseline 0.007 -31"><span class='ocrx_word' id='word_1_793' title='bbox 1860 4668 2035 4738; x_wconf 85' lang='lat' dir='ltr'><strong>diligit</strong></span> <span class='ocrx_word' id='word_1_794' title='bbox 2071 4671 2208 4725; x_wconf 83' lang='lat' dir='ltr'><strong>lleus</strong></span> <span class='ocrx_word' id='word_1_795' title='bbox 2240 4687 2253 4723; x_wconf 96' lang='lat'><strong>:</strong></span> <span class='ocrx_word' id='word_1_796' title='bbox 2292 4672 2498 4726; x_wconf 91' lang='lat' dir='ltr'><strong>tristem</strong></span> <span class='ocrx_word' id='word_1_797' title='bbox 2538 4673 2654 4728; x_wconf 83' lang='lat' dir='ltr'><strong>sine</strong></span> <span class='ocrx_word' id='word_1_798' title='bbox 2691 4674 2853 4729; x_wconf 89' lang='lat' dir='ltr'><strong>dubio</strong></span> <span class='ocrx_word' id='word_1_799' title='bbox 2895 4677 3284 4753; x_wconf 41' lang='grc' dir='ltr'><strong>οιΙίιηυὶιεειίο</strong></span> <span class='ocrx_word' id='word_1_800' title='bbox 3327 4683 3437 4734; x_wconf 83' lang='lat' dir='ltr'><strong>sine</strong></span> 
     </span>
    </p>
   </div>
   <div class='ocr_carea' id='block_1_97' title="bbox 1859 4759 3434 4837">
    <p class='ocr_par' dir='ltr' id='par_1_97' title="bbox 1859 4759 3434 4837">
     <span class='ocr_line' id='line_1_97' title="bbox 1859 4759 3434 4837; baseline 0.009 -26"><span class='ocrx_word' id='word_1_801' title='bbox 1859 4759 2205 4814; x_wconf 69' lang='lat' dir='ltr'><strong>simulatione.</strong></span> <span class='ocrx_word' id='word_1_802' title='bbox 2236 4760 2336 4827; x_wconf 85' lang='lat' dir='ltr'><strong>Qui</strong></span> <span class='ocrx_word' id='word_1_803' title='bbox 2367 4759 2521 4817; x_wconf 74' lang='lat' dir='ltr'><strong>(ictus</strong></span> <span class='ocrx_word' id='word_1_804' title='bbox 2547 4771 2631 4816; x_wconf 88' lang='lat' dir='ltr'><strong>est</strong></span> <span class='ocrx_word' id='word_1_805' title='bbox 2656 4764 2708 4818; x_wconf 92' lang='lat' dir='ltr'><strong>in</strong></span> <span class='ocrx_word' id='word_1_806' title='bbox 2738 4765 3021 4833; x_wconf 86' lang='lat' dir='ltr'><strong>charitate,</strong></span> <span class='ocrx_word' id='word_1_807' title='bbox 3053 4769 3296 4837; x_wconf 89' lang='lat' dir='ltr'><strong>injuriam</strong></span> <span class='ocrx_word' id='word_1_808' title='bbox 3324 4772 3434 4825; x_wconf 89' lang='lat' dir='ltr'><strong>Deo</strong></span> 
     </span>
    </p>
   </div>
   <div class='ocr_carea' id='block_1_98' title="bbox 1860 4844 3433 4923">
    <p class='ocr_par' dir='ltr' id='par_1_98' title="bbox 1860 4844 3433 4923">
     <span class='ocr_line' id='line_1_98' title="bbox 1860 4844 3433 4923; baseline 0.01 -24"><span class='ocrx_word' id='word_1_809' title='bbox 1860 4844 2001 4913; x_wconf 87' lang='lat' dir='ltr'><strong>facit,</strong></span> <span class='ocrx_word' id='word_1_810' title='bbox 2026 4849 2116 4917; x_wconf 88' lang='lat' dir='ltr'><strong>qui</strong></span> <span class='ocrx_word' id='word_1_811' title='bbox 2145 4850 2382 4905; x_wconf 77' lang='lat' dir='ltr'><strong>charitas</strong></span> <span class='ocrx_word' id='word_1_812' title='bbox 2412 4861 2513 4907; x_wconf 88' lang='lat' dir='ltr'><strong>est.</strong></span> <span class='ocrx_word' id='word_1_813' title='bbox 2544 4854 2729 4923; x_wconf 81' lang='lat' dir='ltr'><strong>Magna</strong></span> <span class='ocrx_word' id='word_1_814' title='bbox 2752 4857 2891 4910; x_wconf 87' lang='lat' dir='ltr'><strong>enim</strong></span> <span class='ocrx_word' id='word_1_815' title='bbox 2923 4858 3067 4913; x_wconf 89' lang='lat' dir='ltr'><strong>fraus</strong></span> <span class='ocrx_word' id='word_1_816' title='bbox 3093 4870 3192 4923; x_wconf 71' lang='grc' dir='ltr'><strong>εει,</strong></span> <span class='ocrx_word' id='word_1_817' title='bbox 3225 4862 3269 4913; x_wconf 93' lang='lat' dir='ltr'><strong>si</strong></span> <span class='ocrx_word' id='word_1_818' title='bbox 3300 4876 3433 4914; x_wconf 85' lang='lat' dir='ltr'><strong>auro</strong></span> 
     </span>
    </p>
   </div>
   <div class='ocr_carea' id='block_1_99' title="bbox 1861 4940 3431 5017">
    <p class='ocr_par' dir='ltr' id='par_1_99' title="bbox 1861 4940 3431 5017">
     <span class='ocr_line' id='line_1_99' title="bbox 1861 4940 3431 5017; baseline 0.01 -25"><span class='ocrx_word' id='word_1_819' title='bbox 1861 4940 2132 5007; x_wconf 76' lang='lat' dir='ltr'><strong>plumbum</strong></span> <span class='ocrx_word' id='word_1_820' title='bbox 2158 4943 2455 4999; x_wconf 84' lang='lat' dir='ltr'><strong>admisceas</strong></span> <span class='ocrx_word' id='word_1_821' title='bbox 2490 4963 2502 4997; x_wconf 92' lang='lat'><strong>:</strong></span> <span class='ocrx_word' id='word_1_822' title='bbox 2533 4956 2731 5014; x_wconf 86' lang='lat' dir='ltr'><strong>quanto</strong></span> <span class='ocrx_word' id='word_1_823' title='bbox 2760 4948 2991 5017; x_wconf 86' lang='lat' dir='ltr'><strong>gravius,</strong></span> <span class='ocrx_word' id='word_1_824' title='bbox 3032 4950 3075 5004; x_wconf 90' lang='lat' dir='ltr'><strong>si</strong></span> <span class='ocrx_word' id='word_1_825' title='bbox 3106 4952 3245 5005; x_wconf 91' lang='lat' dir='ltr'><strong>malo</strong></span> <span class='ocrx_word' id='word_1_826' title='bbox 3266 4954 3431 5008; x_wconf 87' lang='lat' dir='ltr'><strong>simn-</strong></span> 
     </span>
    </p>
   </div>
   <div class='ocr_carea' id='block_1_100' title="bbox 1862 5029 3430 5102">
    <p class='ocr_par' dir='ltr' id='par_1_100' title="bbox 1862 5029 3430 5102">
     <span class='ocr_line' id='line_1_100' title="bbox 1862 5029 3430 5102; baseline 0.01 -20"><span class='ocrx_word' id='word_1_827' title='bbox 1862 5029 2095 5099; x_wconf 87' lang='lat' dir='ltr'><strong>lationis,</strong></span> <span class='ocrx_word' id='word_1_828' title='bbox 2126 5044 2381 5102; x_wconf 87' lang='lat' dir='ltr'><strong>quantutn</strong></span> <span class='ocrx_word' id='word_1_829' title='bbox 2410 5034 2462 5088; x_wconf 91' lang='lat' dir='ltr'><strong>in</strong></span> <span class='ocrx_word' id='word_1_830' title='bbox 2495 5042 2547 5088; x_wconf 92' lang='lat' dir='ltr'><strong>te</strong></span> <span class='ocrx_word' id='word_1_831' title='bbox 2573 5044 2688 5101; x_wconf 85' lang='lat' dir='ltr'><strong>est,</strong></span> <span class='ocrx_word' id='word_1_832' title='bbox 2722 5036 2914 5090; x_wconf 91' lang='lat' dir='ltr'><strong>bonum</strong></span> <span class='ocrx_word' id='word_1_833' title='bbox 2941 5038 3160 5095; x_wconf 76' lang='lat' dir='ltr'><strong>caeleste</strong></span> <span class='ocrx_word' id='word_1_834' title='bbox 3188 5056 3430 5098; x_wconf 87' lang='lat' dir='ltr'><strong>corrum-</strong></span> 
     </span>
    </p>
   </div>
   <div class='ocr_carea' id='block_1_101' title="bbox 188 5102 3430 5194">
    <p class='ocr_par' dir='ltr' id='par_1_101' title="bbox 188 5102 3430 5194">
     <span class='ocr_line' id='line_1_101' title="bbox 188 5102 3430 5194; baseline 0.009 -36"><span class='ocrx_word' id='word_1_835' title='bbox 188 5102 302 5168; x_wconf 70' lang='lat' dir='ltr'><strong>DLi,</strong></span> <span class='ocrx_word' id='word_1_836' title='bbox 325 5107 381 5160; x_wconf 88' lang='lat' dir='ltr'><strong>in</strong></span> <span class='ocrx_word' id='word_1_837' title='bbox 410 5110 633 5163; x_wconf 85' lang='lat' dir='ltr'><strong>nihilum</strong></span> <span class='ocrx_word' id='word_1_838' title='bbox 662 5110 1017 5177; x_wconf 78' lang='lat' dir='ltr'><strong>deputabitur.</strong></span> <span class='ocrx_word' id='word_1_839' title='bbox 1042 5110 1108 5165; x_wconf 88' lang='lat' dir='ltr'><strong>Et</strong></span> <span class='ocrx_word' id='word_1_840' title='bbox 1134 5113 1288 5167; x_wconf 86' lang='lat' dir='ltr'><strong>nol.te</strong></span> <span class='ocrx_word' id='word_1_841' title='bbox 1308 5115 1618 5183; x_wconf 74' lang='lat' dir='ltr'><strong>conformari</strong></span> <span class='ocrx_word' id='word_1_842' title='bbox 1645 5111 1762 5168; x_wconf 83' lang='lat' dir='ltr'><strong>huic</strong></span> <span class='ocrx_word' id='word_1_843' title='bbox 1782 5182 1785 5183; x_wconf 17' lang='grc' dir='ltr'><em>ν</em></span> <span class='ocrx_word' id='word_1_844' title='bbox 1803 5142 1837 5164; x_wconf 68' lang='grc' dir='ltr'><strong>ι</strong></span> <span class='ocrx_word' id='word_1_845' title='bbox 1862 5119 1987 5186; x_wconf 85' lang='lat' dir='ltr'><strong>pas?</strong></span> <span class='ocrx_word' id='word_1_846' title='bbox 2019 5119 2148 5174; x_wconf 88' lang='lat' dir='ltr'><strong>Tota</strong></span> <span class='ocrx_word' id='word_1_847' title='bbox 2176 5122 2378 5190; x_wconf 89' lang='lat' dir='ltr'><strong>puritas</strong></span> <span class='ocrx_word' id='word_1_848' title='bbox 2404 5122 2562 5177; x_wconf 90' lang='lat' dir='ltr'><strong>debet</strong></span> <span class='ocrx_word' id='word_1_849' title='bbox 2592 5138 2715 5178; x_wconf 87' lang='lat' dir='ltr'><strong>esse</strong></span> <span class='ocrx_word' id='word_1_850' title='bbox 2737 5125 2788 5177; x_wconf 90' lang='lat' dir='ltr'><strong>in</strong></span> <span class='ocrx_word' id='word_1_851' title='bbox 2816 5125 3150 5194; x_wconf 88' lang='lat' dir='ltr'><strong>Christiano,</strong></span> <span class='ocrx_word' id='word_1_852' title='bbox 3181 5132 3319 5187; x_wconf 90' lang='lat' dir='ltr'><strong>sicut</strong></span> <span class='ocrx_word' id='word_1_853' title='bbox 3344 5136 3430 5188; x_wconf 85' lang='lat' dir='ltr'><strong>di-</strong></span> 
     </span>
    </p>
   </div>
   <div class='ocr_carea' id='block_1_102' title="bbox 183 5201 1758 5277">
    <p class='ocr_par' dir='ltr' id='par_1_102' title="bbox 183 5201 1758 5277">
     <span class='ocr_line' id='line_1_102' title="bbox 183 5201 1758 5277; baseline 0.008 -27"><span class='ocrx_word' id='word_1_854' title='bbox 183 5203 395 5256; x_wconf 69' lang='lat' dir='ltr'><strong>sci-culo.</strong></span> <span class='ocrx_word' id='word_1_855' title='bbox 431 5201 607 5258; x_wconf 80' lang='lat' dir='ltr'><strong>Nolite</strong></span> <span class='ocrx_word' id='word_1_856' title='bbox 641 5203 834 5258; x_wconf 85' lang='lat' dir='ltr'><strong>iterum</strong></span> <span class='ocrx_word' id='word_1_857' title='bbox 875 5204 1074 5259; x_wconf 80' lang='lat' dir='ltr'><strong>similes</strong></span> <span class='ocrx_word' id='word_1_858' title='bbox 1111 5220 1233 5260; x_wconf 86' lang='lat' dir='ltr'><strong>esse</strong></span> <span class='ocrx_word' id='word_1_859' title='bbox 1269 5206 1394 5261; x_wconf 78' lang='lat' dir='ltr'><strong>(iliis</strong></span> <span class='ocrx_word' id='word_1_860' title='bbox 1426 5208 1629 5274; x_wconf 86' lang='lat' dir='ltr'><strong>mundi,</strong></span> <span class='ocrx_word' id='word_1_861' title='bbox 1671 5209 1758 5277; x_wconf 88' lang='lat' dir='ltr'><strong>qui</strong></span> 
     </span>
    </p>
   </div>
   <div class='ocr_carea' id='block_1_103' title="bbox 188 5286 1760 5365">
    <p class='ocr_par' dir='ltr' id='par_1_103' title="bbox 188 5286 1760 5365">
     <span class='ocr_line' id='line_1_103' title="bbox 188 5286 1760 5365; baseline 0.01 -27"><span class='ocrx_word' id='word_1_862' title='bbox 188 5286 312 5345; x_wconf 55' lang='lat' dir='ltr'><strong>fat-ti</strong></span> <span class='ocrx_word' id='word_1_863' title='bbox 338 5293 468 5346; x_wconf 86' lang='lat' dir='ltr'><strong>estis</strong></span> <span class='ocrx_word' id='word_1_864' title='bbox 498 5292 588 5347; x_wconf 82' lang='lat' dir='ltr'><strong>ﬁlii</strong></span> <span class='ocrx_word' id='word_1_865' title='bbox 616 5293 729 5348; x_wconf 89' lang='lat' dir='ltr'><strong>Dei.</strong></span> <span class='ocrx_word' id='word_1_866' title='bbox 760 5294 865 5349; x_wconf 85' lang='lat' dir='ltr'><strong>Sed</strong></span> <span class='ocrx_word' id='word_1_867' title='bbox 893 5296 1240 5365; x_wconf 79' lang='lat' dir='ltr'><strong>reformamini</strong></span> <span class='ocrx_word' id='word_1_868' title='bbox 1260 5298 1313 5349; x_wconf 87' lang='lat' dir='ltr'><strong>in</strong></span> <span class='ocrx_word' id='word_1_869' title='bbox 1337 5296 1557 5352; x_wconf 78' lang='lat' dir='ltr'><strong>novitate</strong></span> <span class='ocrx_word' id='word_1_870' title='bbox 1583 5314 1760 5353; x_wconf 85' lang='lat' dir='ltr'><strong>sensus</strong></span> 
     </span>
    </p>
   </div>
   <div class='ocr_carea' id='block_1_104' title="bbox 188 5381 1755 5459">
    <p class='ocr_par' dir='ltr' id='par_1_104' title="bbox 188 5381 1755 5459">
     <span class='ocr_line' id='line_1_104' title="bbox 188 5381 1755 5459; baseline 0.011 -34"><span class='ocrx_word' id='word_1_871' title='bbox 188 5383 351 5430; x_wconf 69' lang='lat' dir='ltr'><strong>testii.</strong></span> <span class='ocrx_word' id='word_1_872' title='bbox 383 5381 649 5436; x_wconf 81' lang='lat' dir='ltr'><strong>ltenovate</strong></span> <span class='ocrx_word' id='word_1_873' title='bbox 671 5383 811 5437; x_wconf 91' lang='lat' dir='ltr'><strong>dono</strong></span> <span class='ocrx_word' id='word_1_874' title='bbox 834 5384 925 5438; x_wconf 90' lang='lat' dir='ltr'><strong>Dei</strong></span> <span class='ocrx_word' id='word_1_875' title='bbox 949 5398 1163 5439; x_wconf 85' lang='lat' dir='ltr'><strong>sensum</strong></span> <span class='ocrx_word' id='word_1_876' title='bbox 1196 5397 1453 5453; x_wconf 76' lang='lat' dir='ltr'><strong>vestrum,</strong></span> <span class='ocrx_word' id='word_1_877' title='bbox 1482 5403 1574 5455; x_wconf 88' lang='lat' dir='ltr'><strong>per</strong></span> <span class='ocrx_word' id='word_1_878' title='bbox 1599 5404 1755 5459; x_wconf 89' lang='lat' dir='ltr'><strong>quem</strong></span> 
     </span>
    </p>
   </div>
   <div class='ocr_carea' id='block_1_105' title="bbox 193 5468 1752 5547">
    <p class='ocr_par' dir='ltr' id='par_1_105' title="bbox 193 5468 1752 5547">
     <span class='ocr_line' id='line_1_105' title="bbox 193 5468 1752 5547; baseline 0.01 -30"><span class='ocrx_word' id='word_1_879' title='bbox 193 5468 394 5536; x_wconf 71' lang='lat' dir='ltr'><strong>regitur</strong></span> <span class='ocrx_word' id='word_1_880' title='bbox 420 5486 648 5540; x_wconf 84' lang='lat' dir='ltr'><strong>corpus,</strong></span> <span class='ocrx_word' id='word_1_881' title='bbox 680 5483 734 5526; x_wconf 88' lang='lat' dir='ltr'><strong>et</strong></span> <span class='ocrx_word' id='word_1_882' title='bbox 769 5474 942 5530; x_wconf 85' lang='lat' dir='ltr'><strong>omnia</strong></span> <span class='ocrx_word' id='word_1_883' title='bbox 975 5475 1210 5530; x_wconf 89' lang='lat' dir='ltr'><strong>membra</strong></span> <span class='ocrx_word' id='word_1_884' title='bbox 1240 5477 1556 5547; x_wconf 86' lang='lat' dir='ltr'><strong>diriguntur.</strong></span> <span class='ocrx_word' id='word_1_885' title='bbox 1588 5479 1652 5534; x_wconf 86' lang='lat' dir='ltr'><strong>Et</strong></span> <span class='ocrx_word' id='word_1_886' title='bbox 1682 5481 1752 5533; x_wconf 90' lang='lat' dir='ltr'><strong>ita</strong></span> 
     </span>
    </p>
   </div>
   <div class='ocr_carea' id='block_1_106' title="bbox 191 5564 1759 5636">
    <p class='ocr_par' dir='ltr' id='par_1_106' title="bbox 191 5564 1759 5636">
     <span class='ocr_line' id='line_1_106' title="bbox 191 5564 1759 5636; baseline 0.01 -28"><span class='ocrx_word' id='word_1_887' title='bbox 191 5570 381 5627; x_wconf 82' lang='lat' dir='ltr'><strong>corpus</strong></span> <span class='ocrx_word' id='word_1_888' title='bbox 407 5564 741 5615; x_wconf 79' lang='lat' dir='ltr'><strong>renovabitur</strong></span> <span class='ocrx_word' id='word_1_889' title='bbox 772 5580 785 5614; x_wconf 90' lang='lat'><strong>:</strong></span> <span class='ocrx_word' id='word_1_890' title='bbox 813 5572 863 5616; x_wconf 91' lang='lat' dir='ltr'><strong>et</strong></span> <span class='ocrx_word' id='word_1_891' title='bbox 893 5578 1011 5617; x_wconf 89' lang='lat' dir='ltr'><strong>cum</strong></span> <span class='ocrx_word' id='word_1_892' title='bbox 1047 5565 1145 5619; x_wconf 88' lang='lat' dir='ltr'><strong>hoc</strong></span> <span class='ocrx_word' id='word_1_893' title='bbox 1175 5564 1427 5631; x_wconf 75' lang='lat' dir='ltr'><strong>feceritis,</strong></span> <span class='ocrx_word' id='word_1_894' title='bbox 1461 5575 1584 5621; x_wconf 92' lang='lat' dir='ltr'><strong>tunc</strong></span> <span class='ocrx_word' id='word_1_895' title='bbox 1612 5580 1759 5636; x_wconf 83' lang='lat' dir='ltr'><strong>pote-</strong></span> 
     </span>
    </p>
   </div>
   <div class='ocr_carea' id='block_1_107' title="bbox 156 5650 1755 5725">
    <p class='ocr_par' dir='ltr' id='par_1_107' title="bbox 156 5650 1755 5725">
     <span class='ocr_line' id='line_1_107' title="bbox 156 5650 1755 5725; baseline 0.006 -23"><span class='ocrx_word' id='word_1_896' title='bbox 156 5660 217 5702; x_wconf 89' lang='lat' dir='ltr'><strong>.r</strong></span> <span class='ocrx_word' id='word_1_897' title='bbox 240 5650 305 5699; x_wconf 82' lang='lat' dir='ltr'><strong>tis</strong></span> <span class='ocrx_word' id='word_1_898' title='bbox 336 5650 658 5704; x_wconf 64' lang='lat' dir='ltr'><strong>voluntatem</strong></span> <span class='ocrx_word' id='word_1_899' title='bbox 704 5651 825 5718; x_wconf 90' lang='lat' dir='ltr'><strong>Dei,</strong></span> <span class='ocrx_word' id='word_1_900' title='bbox 862 5662 915 5706; x_wconf 84' lang='lat' dir='ltr'><strong>et</strong></span> <span class='ocrx_word' id='word_1_901' title='bbox 955 5666 1171 5707; x_wconf 88' lang='lat' dir='ltr'><strong>sensum</strong></span> <span class='ocrx_word' id='word_1_902' title='bbox 1201 5654 1315 5723; x_wconf 85' lang='lat' dir='ltr'><strong>ejus</strong></span> <span class='ocrx_word' id='word_1_903' title='bbox 1345 5670 1651 5725; x_wconf 79' lang='lat' dir='ltr'><strong>agtioscere.</strong></span> <span class='ocrx_word' id='word_1_904' title='bbox 1688 5657 1755 5711; x_wconf 88' lang='lat' dir='ltr'><strong>Ut</strong></span> 
     </span>
    </p>
   </div>
   <div class='ocr_carea' id='block_1_108' title="bbox 192 5740 1754 5817">
    <p class='ocr_par' dir='ltr' id='par_1_108' title="bbox 192 5740 1754 5817">
     <span class='ocr_line' id='line_1_108' title="bbox 192 5740 1754 5817; baseline 0.01 -27"><span class='ocrx_word' id='word_1_905' title='bbox 192 5740 407 5805; x_wconf 68' lang='lat' dir='ltr'><strong>probetis</strong></span> <span class='ocrx_word' id='word_1_906' title='bbox 430 5759 543 5807; x_wconf 82' lang='lat' dir='ltr'><strong>qua:</strong></span> <span class='ocrx_word' id='word_1_907' title='bbox 567 5743 629 5796; x_wconf 88' lang='lat' dir='ltr'><strong>sit</strong></span> <span class='ocrx_word' id='word_1_908' title='bbox 654 5742 882 5817; x_wconf 62' lang='lat' dir='ltr'><strong>qoluulas</strong></span> <span class='ocrx_word' id='word_1_909' title='bbox 908 5743 1019 5797; x_wconf 86' lang='lat' dir='ltr'><strong>Dei.</strong></span> <span class='ocrx_word' id='word_1_910' title='bbox 1048 5744 1171 5799; x_wconf 66' lang='lat' dir='ltr'><strong>ilict:</strong></span> <span class='ocrx_word' id='word_1_911' title='bbox 1192 5747 1336 5801; x_wconf 80' lang='lat' dir='ltr'><strong>enim</strong></span> <span class='ocrx_word' id='word_1_912' title='bbox 1364 5762 1465 5801; x_wconf 89' lang='lat' dir='ltr'><strong>non</strong></span> <span class='ocrx_word' id='word_1_913' title='bbox 1486 5748 1586 5805; x_wconf 88' lang='lat' dir='ltr'><strong>nisi</strong></span> <span class='ocrx_word' id='word_1_914' title='bbox 1617 5763 1754 5805; x_wconf 83' lang='lat' dir='ltr'><strong>novo</strong></span> 
     </span>
    </p>
   </div>
   <div class='ocr_carea' id='block_1_109' title="bbox 1861 5209 3431 5280">
    <p class='ocr_par' dir='ltr' id='par_1_109' title="bbox 1861 5209 3431 5280">
     <span class='ocr_line' id='line_1_109' title="bbox 1861 5209 3431 5280; baseline 0.011 -17"><span class='ocrx_word' id='word_1_915' title='bbox 1861 5211 1953 5273; x_wconf 88' lang='lat' dir='ltr'><strong>cit,</strong></span> <span class='ocrx_word' id='word_1_916' title='bbox 1984 5209 2121 5265; x_wconf 91' lang='lat' dir='ltr'><strong>Deus</strong></span> <span class='ocrx_word' id='word_1_917' title='bbox 2149 5210 2238 5263; x_wconf 86' lang='lat' dir='ltr'><strong>lux</strong></span> <span class='ocrx_word' id='word_1_918' title='bbox 2275 5220 2378 5265; x_wconf 89' lang='lat' dir='ltr'><strong>est.</strong></span> <span class='ocrx_word' id='word_1_919' title='bbox 2409 5212 2477 5266; x_wconf 85' lang='lat' dir='ltr'><strong>Et</strong></span> <span class='ocrx_word' id='word_1_920' title='bbox 2516 5212 2567 5265; x_wconf 89' lang='lat' dir='ltr'><strong>in</strong></span> <span class='ocrx_word' id='word_1_921' title='bbox 2606 5212 2911 5269; x_wconf 85' lang='lat' dir='ltr'><strong>Christiano</strong></span> <span class='ocrx_word' id='word_1_922' title='bbox 2940 5220 3208 5277; x_wconf 83' lang='lat' dir='ltr'><strong>serenitas</strong></span> <span class='ocrx_word' id='word_1_923' title='bbox 3239 5226 3431 5280; x_wconf 88' lang='lat' dir='ltr'><strong>mentis</strong></span> 
     </span>
    </p>
   </div>
   <div class='ocr_carea' id='block_1_110' title="bbox 1860 5301 3429 5379">
    <p class='ocr_par' dir='ltr' id='par_1_110' title="bbox 1860 5301 3429 5379">
     <span class='ocr_line' id='line_1_110' title="bbox 1860 5301 3429 5379; baseline 0.01 -25"><span class='ocrx_word' id='word_1_924' title='bbox 1860 5301 2017 5355; x_wconf 88' lang='lat' dir='ltr'><strong>debet</strong></span> <span class='ocrx_word' id='word_1_925' title='bbox 2048 5314 2191 5357; x_wconf 81' lang='lat' dir='ltr'><strong>esse.</strong></span> <span class='ocrx_word' id='word_1_926' title='bbox 2215 5301 2502 5357; x_wconf 85' lang='lat' dir='ltr'><strong>Servorum</strong></span> <span class='ocrx_word' id='word_1_927' title='bbox 2528 5315 2605 5358; x_wconf 86' lang='lat' dir='ltr'><strong>est</strong></span> <span class='ocrx_word' id='word_1_928' title='bbox 2640 5304 2691 5357; x_wconf 91' lang='lat' dir='ltr'><strong>in</strong></span> <span class='ocrx_word' id='word_1_929' title='bbox 2721 5308 2969 5373; x_wconf 71' lang='lat' dir='ltr'><strong>praesenti</strong></span> <span class='ocrx_word' id='word_1_930' title='bbox 3008 5324 3236 5379; x_wconf 84' lang='lat' dir='ltr'><strong>pavere,</strong></span> <span class='ocrx_word' id='word_1_931' title='bbox 3285 5324 3338 5369; x_wconf 89' lang='lat' dir='ltr'><strong>et</strong></span> <span class='ocrx_word' id='word_1_932' title='bbox 3378 5317 3429 5370; x_wconf 89' lang='lat' dir='ltr'><strong>in</strong></span> 
     </span>
    </p>
   </div>
   <div class='ocr_carea' id='block_1_111' title="bbox 1863 5390 3430 5469">
    <p class='ocr_par' dir='ltr' id='par_1_111' title="bbox 1863 5390 3430 5469">
     <span class='ocr_line' id='line_1_111' title="bbox 1863 5390 3430 5469; baseline 0.008 -23"><span class='ocrx_word' id='word_1_933' title='bbox 1863 5390 2067 5446; x_wconf 81' lang='lat' dir='ltr'><strong>absenti</strong></span> <span class='ocrx_word' id='word_1_934' title='bbox 2084 5391 2363 5446; x_wconf 86' lang='lat' dir='ltr'><strong>detrahere</strong></span> <span class='ocrx_word' id='word_1_935' title='bbox 2383 5408 2400 5447; x_wconf 90' lang='lat'><strong>:</strong></span> <span class='ocrx_word' id='word_1_936' title='bbox 2417 5402 2471 5447; x_wconf 90' lang='lat' dir='ltr'><strong>et</strong></span> <span class='ocrx_word' id='word_1_937' title='bbox 2491 5392 2644 5461; x_wconf 92' lang='lat' dir='ltr'><strong>illud,</strong></span> <span class='ocrx_word' id='word_1_938' title='bbox 2676 5394 2789 5451; x_wconf 86' lang='lat' dir='ltr'><strong>Non</strong></span> <span class='ocrx_word' id='word_1_939' title='bbox 2814 5397 3094 5469; x_wconf 89' lang='lat' dir='ltr'><strong>diligamus</strong></span> <span class='ocrx_word' id='word_1_940' title='bbox 3120 5404 3306 5468; x_wconf 82' lang='lat' dir='ltr'><strong>verbo,</strong></span> <span class='ocrx_word' id='word_1_941' title='bbox 3335 5406 3430 5460; x_wconf 86' lang='lat' dir='ltr'><strong>sed</strong></span> 
     </span>
    </p>
   </div>
   <div class='ocr_carea' id='block_1_112' title="bbox 1862 5486 3426 5561">
    <p class='ocr_par' dir='ltr' id='par_1_112' title="bbox 1862 5486 3426 5561">
     <span class='ocr_line' id='line_1_112' title="bbox 1862 5486 3426 5561; baseline 0.008 -20"><span class='ocrx_word' id='word_1_942' title='bbox 1862 5501 2024 5555; x_wconf 89' lang='lat' dir='ltr'><strong>opere</strong></span> <span class='ocrx_word' id='word_1_943' title='bbox 2048 5497 2101 5542; x_wconf 89' lang='lat' dir='ltr'><strong>et</strong></span> <span class='ocrx_word' id='word_1_944' title='bbox 2119 5486 2358 5551; x_wconf 81' lang='lat' dir='ltr'><strong>veritate,</strong></span> <span class='ocrx_word' id='word_1_945' title='bbox 2384 5499 2437 5541; x_wconf 90' lang='grc' dir='ltr'><strong>ιιι</strong></span> <span class='ocrx_word' id='word_1_946' title='bbox 2463 5490 2644 5557; x_wconf 89' lang='lat' dir='ltr'><strong>etiam,</strong></span> <span class='ocrx_word' id='word_1_947' title='bbox 2661 5493 2706 5547; x_wconf 88' lang='lat' dir='ltr'><strong>si</strong></span> <span class='ocrx_word' id='word_1_948' title='bbox 2740 5508 2959 5550; x_wconf 81' lang='lat' dir='ltr'><strong>necesse</strong></span> <span class='ocrx_word' id='word_1_949' title='bbox 2982 5506 3085 5561; x_wconf 85' lang='lat' dir='ltr'><strong>est,</strong></span> <span class='ocrx_word' id='word_1_950' title='bbox 3114 5498 3426 5553; x_wconf 89' lang='lat' dir='ltr'><strong>moriamur.</strong></span> 
     </span>
    </p>
   </div>
   <div class='ocr_carea' id='block_1_113' title="bbox 1866 5575 3430 5649">
    <p class='ocr_par' dir='ltr' id='par_1_113' title="bbox 1866 5575 3430 5649">
     <span class='ocr_line' id='line_1_113' title="bbox 1866 5575 3430 5649; baseline 0.011 -20"><span class='ocrx_word' id='word_1_951' title='bbox 1866 5575 2100 5631; x_wconf 83' lang='lat' dir='ltr'><strong>0dientes</strong></span> <span class='ocrx_word' id='word_1_952' title='bbox 2125 5577 2331 5630; x_wconf 85' lang='lat' dir='ltr'><strong>malum.</strong></span> <span class='ocrx_word' id='word_1_953' title='bbox 2361 5580 2485 5633; x_wconf 87' lang='lat' dir='ltr'><strong>Sive</strong></span> <span class='ocrx_word' id='word_1_954' title='bbox 2510 5596 2666 5649; x_wconf 88' lang='lat' dir='ltr'><strong>opus,</strong></span> <span class='ocrx_word' id='word_1_955' title='bbox 2698 5584 2812 5638; x_wconf 82' lang='lat' dir='ltr'><strong>sive</strong></span> <span class='ocrx_word' id='word_1_956' title='bbox 2838 5585 3108 5640; x_wconf 90' lang='lat' dir='ltr'><strong>hominum</strong></span> <span class='ocrx_word' id='word_1_957' title='bbox 3134 5598 3284 5643; x_wconf 89' lang='lat' dir='ltr'><strong>actus</strong></span> <span class='ocrx_word' id='word_1_958' title='bbox 3316 5606 3430 5646; x_wconf 86' lang='lat' dir='ltr'><strong>ma-</strong></span> 
     </span>
    </p>
   </div>
   <div class='ocr_carea' id='block_1_114' title="bbox 1862 5668 3426 5744">
    <p class='ocr_par' dir='ltr' id='par_1_114' title="bbox 1862 5668 3426 5744">
     <span class='ocr_line' id='line_1_114' title="bbox 1862 5668 3426 5744; baseline 0.013 -24"><span class='ocrx_word' id='word_1_959' title='bbox 1862 5668 1961 5721; x_wconf 89' lang='lat' dir='ltr'><strong>lus.</strong></span> <span class='ocrx_word' id='word_1_960' title='bbox 1986 5669 2305 5721; x_wconf 72' lang='lat' dir='ltr'><strong>Adhwrcntes</strong></span> <span class='ocrx_word' id='word_1_961' title='bbox 2331 5669 2480 5723; x_wconf 85' lang='lat' dir='ltr'><strong>bona.</strong></span> <span class='ocrx_word' id='word_1_962' title='bbox 2513 5671 2658 5726; x_wconf 89' lang='lat' dir='ltr'><strong>Sicut</strong></span> <span class='ocrx_word' id='word_1_963' title='bbox 2693 5691 2704 5727; x_wconf 92' lang='lat'><strong>:</strong></span> <span class='ocrx_word' id='word_1_964' title='bbox 2737 5674 2951 5730; x_wconf 78' lang='lat' dir='ltr'><strong>Diverte</strong></span> <span class='ocrx_word' id='word_1_965' title='bbox 2980 5692 3006 5728; x_wconf 89' lang='lat' dir='ltr'><strong>a</strong></span> <span class='ocrx_word' id='word_1_966' title='bbox 3036 5680 3175 5733; x_wconf 91' lang='lat' dir='ltr'><strong>malo</strong></span> <span class='ocrx_word' id='word_1_967' title='bbox 3201 5720 3216 5744; x_wconf 94' lang='lat'><strong>,</strong></span> <span class='ocrx_word' id='word_1_968' title='bbox 3251 5691 3304 5735; x_wconf 92' lang='lat' dir='ltr'><strong>et</strong></span> <span class='ocrx_word' id='word_1_969' title='bbox 3345 5683 3426 5740; x_wconf 79' lang='lat' dir='ltr'><strong>fac</strong></span> 
     </span>
    </p>
   </div>
   <div class='ocr_carea' id='block_1_115' title="bbox 1860 5757 3426 5835">
    <p class='ocr_par' dir='ltr' id='par_1_115' title="bbox 1860 5757 3426 5835">
     <span class='ocr_line' id='line_1_115' title="bbox 1860 5757 3426 5835; baseline 0.013 -21"><span class='ocrx_word' id='word_1_970' title='bbox 1860 5757 1895 5814; x_wconf 88' lang='lat' dir='ltr'><strong>b</strong></span> <span class='ocrx_word' id='word_1_971' title='bbox 1930 5773 2073 5813; x_wconf 82' lang='lat' dir='ltr'><strong>num.</strong></span> <span class='ocrx_word' id='word_1_972' title='bbox 2101 5758 2322 5815; x_wconf 77' lang='lat' dir='ltr'><strong>Eradica</strong></span> <span class='ocrx_word' id='word_1_973' title='bbox 2344 5762 2559 5830; x_wconf 89' lang='lat' dir='ltr'><strong>malum,</strong></span> <span class='ocrx_word' id='word_1_974' title='bbox 2591 5772 2647 5818; x_wconf 95' lang='lat' dir='ltr'><strong>ut</strong></span> <span class='ocrx_word' id='word_1_975' title='bbox 2670 5765 2900 5823; x_wconf 85' lang='lat' dir='ltr'><strong>setnines</strong></span> <span class='ocrx_word' id='word_1_976' title='bbox 2926 5768 3146 5827; x_wconf 87' lang='lat' dir='ltr'><strong>bonum.</strong></span> <span class='ocrx_word' id='word_1_977' title='bbox 3169 5771 3426 5835; x_wconf 81' lang='lat' dir='ltr'><strong>Charitats</strong></span> 
     </span>
    </p>
   </div>
  </div>
