3968 6166
442 345 547 400 495

1542 326 1840 384 ΡΒΙΜᾹὸΙΙ
1881 320 2332 380 ADRUMETANI
2371 320 2586 378 EPISC.

3606 311 3715 366 ιῡιι

445 450 795 526 fraternitatis.
828 449 1100 518 Tanquam
1130 459 1195 501 es
1230 457 1339 499 uno
1366 449 1520 498 utero
1547 440 1689 503 nati,
1714 442 1785 493 ita
1825 452 1920 492 vos
1949 436 2029 493 di-
2055 440 2104 499 Α
2131 441 2361 502 homini,
2381 433 2475 489 sed
2496 432 2698 488 utsolis
2726 430 3030 486 hominibus
3054 429 3286 526 placeas.
3306 426 3366 482 Si
3398 425 3515 496 ﬁeri
3534 434 3718 526 potest,

447 546 611 619 iigite.
666 541 894 597 lttt't'ccm
941 537 1164 606 benigni.
1212 534 1394 599 Sicut,
1440 530 1672 588 Invicem
1722 527 2028 598 superiores

444 637 829 692 existimantes.
875 629 1085 683 Honore
1117 627 1323 680 invicem
1373 622 1752 691 prteuenientes.
1796 619 2029 675 Maxime

447 739 659 794 semper
687 722 972 779 tenendum
1003 727 1116 783 est,
1149 726 1209 771 ut
1234 730 1450 783 semper
1478 723 1531 769 te
1559 714 1823 768 minorem
1848 711 2033 768 omni~

448 818 549 871 bus
575 815 870 876 existimes,
901 820 954 865 et
977 810 1056 864 sic
1081 807 1376 862 servabitur
1403 805 1675 859 humilitas
1693 843 1709 869 ,
1740 811 1795 858 et
1820 804 2028 873 patien-

448 909 521 961 tia
548 909 709 975 :quia
745 901 1001 973 quidquid
1042 898 1239 968 pateris
1276 910 1308 950 a
1349 895 1584 964 majore,
1613 901 1900 948 contentus
1946 905 2026 947 es.

450 996 810 1054 Sotlicitudine
848 1009 948 1046 non
980 989 1134 1060 pigri.
1179 988 1297 1044 Non
1345 987 1517 1041 solum
1553 985 1618 1040 ad
1658 999 1821 1055 quem
1852 990 2032 1039 manet

447 1086 753 1144 sollicitudo
793 1083 1048 1138 Ecclesia:
1091 1079 1315 1148 impiger
1352 1077 1513 1133 debet
1557 1091 1679 1134 esse
1720 1084 1774 1131 et
1802 1075 1980 1130 alacer
2008 1112 2028 1143 ,

446 1177 542 1232 sed
567 1176 727 1231 etiam
757 1172 977 1227 invicem
1009 1170 1077 1225 de
1113 1168 1353 1239 profectu
1383 1178 1438 1223 et
1472 1167 1582 1222 vita
1621 1175 1798 1221 vestra
1826 1165 2031 1222 debetis

447 1285 570 1327 esse
601 1266 839 1323 solliciti.
884 1264 1087 1332 Spiritu
1127 1264 1390 1331 ferventes.
1434 1259 1583 1313 Tunc
1624 1258 1815 1327 spiritu
1861 1256 2033 1312 ferve-

446 1373 587 1425 tnus,
610 1357 656 1412 si
684 1372 715 1411 a
736 1354 1041 1410 carnalibus
1065 1352 1273 1405 actibus
1304 1349 1567 1418 fugiamus
1593 1363 1607 1401 :
1630 1348 1751 1417 quia
1775 1346 2032 1400 Dominus

446 1454 503 1507 in
533 1448 725 1515 tepidis
764 1459 1018 1499 nauseam
1061 1443 1280 1512 patitur.
1318 1439 1539 1492 Domino
1585 1439 1875 1492 servientes.
1916 1435 2031 1490 Non

446 1540 645 1597 saeculo
666 1580 678 1600 ,
713 1551 811 1591 nec
845 1535 989 1588 vitiis
1015 1573 1031 1598 ,
1063 1533 1154 1586 sed
1188 1531 1555 1599 Redemptori.
1601 1530 1707 1597 Spe
1736 1529 2030 1598 gaudntes,

448 1632 502 1686 in
536 1628 860 1683 tribulatione
894 1625 1138 1694 patientes
1180 1639 1199 1676 :
1235 1623 1457 1676 orationi
1493 1622 1760 1675 imtantes.
1809 1620 2035 1688 Propter

445 1722 694 1793 gaudium
726 1719 921 1797 futura:
946 1717 1058 1786 spei
1093 1717 1143 1770 in
1175 1716 1518 1770 tribulatione
1549 1726 1722 1770 estate
1749 1715 2031 1785 patientes.

2131 526 2268 595 quod
2292 540 2356 578 ea:
2382 521 2519 577 vobis
2548 529 2645 586 est,
2676 537 2791 574 cum
2813 522 3047 574 omnibus
3089 518 3376 573 horninibus
3420 532 3595 588 pacem
3619 513 3720 569 ha—

2130 616 2319 670 bentes.
2352 613 2480 668 Sive
2504 627 2569 667 es
2586 611 2738 665 vobis
2763 621 2846 666 est
2866 620 2925 665 ut
2952 610 3065 665 tieri
3091 609 3276 679 possit,
3304 607 3447 678 quod
3481 616 3723 661 vestrum

2130 715 2232 772 est,
2269 719 2363 760 vos
2397 703 2646 759 habetote
2677 716 2858 773 pacem
2882 709 3082 757 etcum
3110 701 3317 765 amicis,
3348 708 3402 753 et
3443 712 3569 752 cum
3621 695 3727 751 ini.

2133 798 2310 864 micis,
2342 806 2394 852 et
2419 796 2580 851 dicite
2608 809 2728 848 cum
2761 794 3017 865 propheta
3048 810 3062 847 :
3088 789 3219 848 Cum
3243 793 3307 847 iis
3358 793 3448 862 qui
3493 792 3729 846 oderunt

2130 902 2318 957 pacem
2334 902 2478 943 eram
2514 887 2798 956 paciﬁcus.
2829 883 2968 939 Nulli
2996 899 3125 955 ergo
3144 884 3403 939 debemus
3424 884 3628 937 malum
3659 882 3731 936 de

2132 981 2325 1053 injuria
2356 982 2557 1046 facere,
2611 980 2696 1036 vel
2749 994 2985 1035 nocere:
3039 979 3132 1033 scd
3190 979 3360 1048 magis
3414 978 3733 1032 econtrario

2132 1082 2321 1142 Optare
2338 1072 2561 1129 salutem
2584 1084 2791 1139 eorum,
2812 1079 2867 1125 et
2892 1070 3295 1125 conversionem
3316 1069 3382 1121 ad
3410 1067 3731 1121 Duniinum.

2138 1162 2204 1219 Ut
2228 1163 2426 1218 bonum
2456 1161 2573 1217 ﬁeri
2599 1160 2788 1230 possit,
2824 1174 3029 1221 merces
3073 1159 3142 1215 sit
3172 1158 3464 1213 voluntatis
3486 1167 3596 1213 tua:
3632 1175 3648 1209 :
3674 1165 3739 1211 ut

2134 1271 2263 1311 vero
2285 1255 2400 1310 fieri
2424 1271 2529 1309 non
2553 1255 2743 1322 possit,
2768 1254 2921 1321 culpa
2943 1253 3014 1307 sit
3038 1252 3394 1308 dissensionis
3408 1252 3631 1306 alienae.
3655 1249 3737 1303 Tu

2135 1364 2264 1405 vero
2300 1364 2422 1405 cum
2451 1349 2711 1417 propheta
2746 1345 3027 1417 pronuntia
3058 1363 3071 1397 :
3103 1345 3236 1399 Cum
3270 1345 3335 1398 iis
3380 1346 3467 1413 qui
3492 1344 3740 1396 oderunt

2136 1456 2321 1512 pacem
2347 1455 2492 1494 erant
2523 1438 2799 1508 pacificus.
2828 1436 2982 1503 Quod
3011 1437 3113 1512 hoc
3155 1436 3315 1490 modo
3343 1435 3562 1504 imples,
3602 1433 3738 1487 dum

2135 1536 2282 1589 utilia
2313 1544 2367 1588 et
2395 1533 2650 1587 salutaria
2681 1543 2834 1601 Optas
2855 1530 3108 1595 inimicis,
3132 1527 3578 1598 quiahujusmodi
3609 1537 3742 1579 voto

2135 1627 2202 1682 ad
2223 1634 2495 1695 cptantcm
2520 1633 2799 1692 permanet
2825 1622 3049 1688 fructm,
3092 1621 3195 1675 etsi
3243 1622 3309 1673 ab
3354 1622 3520 1674 altera
3576 1630 3742 1687 parte

2137 1717 2436 1789 negligatur
2465 1715 2708 1770 allectus.
2737 1712 2857 1768 Non
2881 1713 3204 1783 vosmetipsos
3228 1711 3583 1781 defendentes,
3609 1708 3744 1762 clla-

445 1815 638 1880 Omne,
658 1811 847 1881 inquit,
870 1808 1119 1880 gaudium
1146 1808 1606 1872 existimate,cum
1630 1807 1681 1860 in
1709 1806 2034 1861 tentationes
2063 1815 2112 1877 Β
2137 1810 2346 1864 rissimi.
2372 1808 2426 1862 ld
2454 1816 2557 1873 est,
2582 1821 2688 1860 non
2716 1814 2894 1874 partes
2915 1813 3121 1858 vestras
3146 1804 3322 1857 verbis
3343 1800 3743 1863 defendentes,

443 1907 622 1962 varias
650 1901 963 1957 incideritis.
988 1899 1141 1952 Omni
1161 1908 1386 1968 tempore
1414 1898 1780 1951 benedicentes.
1816 1895 1871 1949 In
1902 1911 2033 1965 pro-

444 1996 618 2064 speris
656 2002 711 2047 et
732 1992 784 2046 in
805 1989 1062 2044 adversis.
1084 1986 1477 2043 Necessitatibus
1504 1995 1797 2040 sanctorum
1817 2002 2037 2040 commu-

444 2089 692 2140 nicantes.
712 2084 1036 2139 Mementote
1064 2079 1258 2147 quibus
1284 2077 1536 2147 aperibus
1566 2077 1734 2132 sancti
1757 2076 2035 2155 paruerint

444 2176 581 2243 Deo,
602 2185 654 2230 et
670 2182 843 2229 estote
871 2170 1163 2241 participes
1186 2183 1397 2237 eorum,
1426 2176 1481 2223 et
1501 2167 1799 2223 ministrate
1819 2167 1922 2235 eis,
1943 2168 2036 2239 qui

445 2268 622 2321 mania
650 2280 746 2319 sua
768 2269 1207 2331 contempserunt
1227 2268 1446 2331 propter
1466 2258 1856 2328 Cbristum,sic
1882 2271 1938 2315 ut
1960 2261 2033 2316 ibi

438 2364 624 2414 vestra
649 2354 977 2410 abundantia
1002 2351 1468 2422 illorumiuopiam
1484 2352 2036 2422 suppleal,utetillo-

446 2465 565 2505 rum
588 2446 913 2503 abundantia
927 2452 1119 2499 vestra:
1139 2444 1334 2513 inopiae
1354 2445 1423 2497 sit
1446 2444 1900 2513 supplementum.
1921 2443 2035 2499 Hs-

446 2542 777 2609 spitatitutem
792 2546 1059 2592 sectantes.
1078 2536 1228 2591 Sicut
1253 2536 1388 2591 Loth
1412 2536 1570 2591 ctiam
1602 2538 1791 2592 invitos
1809 2537 2036 2606 cogebat

448 2632 703 2700 hospites.
736 2628 804 2682 Et
832 2628 967 2683 sicut
996 2627 1128 2681 dicit
1162 2644 1174 2679 :
1212 2626 1635 2695 Hospitalitatem
1662 2628 1824 2682 nolite
1846 2627 2034 2683 oblivi-

335 2742 348 2753 ι
446 2721 543 2785 sci.
562 2736 655 2791 per
670 2719 810 2774 hanc
825 2721 966 2774 enim
990 2719 1305 2788 placuerunt
1327 2716 1562 2786 quidam,
1583 2716 1789 2788 angelis
1802 2716 2033 2787 hospitio

448 2814 681 2882 receptis
715 2828 727 2866 :
760 2820 814 2866 ct
842 2820 1034 2866 caetera
1066 2809 1391 2865 testimonia.
1425 2806 1715 2863 Benedicite
1741 2826 2034 2881 persequen-

448 2904 583 2958 tibus
613 2920 719 2972 aos,
748 2902 1044 2967 benedicite,
1074 2910 1120 2954 et
1146 2901 1301 2955 nolite
1325 2900 1642 2957 maledicere.
1686 2900 1763 2956 Ne
1817 2914 2034 2971 putare-

449 3013 567 3053 mus
590 3011 872 3066 mrumque
896 2995 1007 3050 fieri
1038 3009 1216 3065 posse,
1242 3009 1347 3049 non
1371 2994 1542 3049 Solum
1566 3007 1672 3047 non
1702 3007 1761 3047 re
1805 2992 2031 3048 maledi-

447 3091 674 3143 cendum
702 3098 806 3155 est,
839 3087 932 3142 sed
959 3087 1119 3141 etiam
1142 3085 1566 3141 benedicendum
1592 3103 1605 3138 :
1628 3086 1767 3142 sicut
1790 3086 1866 3141 ait
1901 3100 2033 3156 apo-

447 3181 615 3234 stolus
660 3178 849 3233 Petrus
881 3194 894 3229 :
929 3176 1042 3232 Non
1070 3176 1360 3232 recidentes
1391 3176 1591 3230 malum
1619 3192 1717 3246 pro
1744 3177 1906 3244 malo,
1939 3177 2022 3234 vel
2053 3194 2100 3257 (ς

448 3270 787 3327 maledictum
810 3269 1275 3339 promaledicto:
1306 3269 1400 3323 sed
1453 3270 1755 3324 econtrario
1807 3269 2030 3325 benedi-

447 3374 651 3417 centes.
678 3359 919 3416 Gaudere
957 3376 1069 3413 cum
1090 3360 1447 3430 gaudentibus.
1483 3359 1588 3415 Sed
1619 3361 1778 3415 modo
1807 3360 1860 3415 id
1908 3376 2030 3432 per-

449 3472 603 3512 verse
632 3457 710 3520 lit,
732 3455 821 3524 qui
850 3452 1041 3508 flemus
1072 3467 1195 3507 cum
1239 3452 1635 3522 gaudentibus:
1661 3453 1706 3507 si
1749 3453 1868 3521 quis
1920 3454 2035 3509 lau-

449 3547 625 3611 datur,
658 3545 1003 3600 invidemus:
1054 3538 1239 3614 siquis
1277 3544 1439 3610 cadit,
1496 3544 1785 3612 gaudemus
1817 3562 1829 3598 :
1872 3546 1917 3600 si
1967 3548 2035 3602 de

448 3651 676 3707 corpore
705 3650 965 3701 essemus,
989 3634 1292 3689 doleremus
1318 3650 1481 3689 unum
1513 3637 1809 3690 membrum
1832 3637 2034 3692 abscis-

450 3745 568 3785 sum
598 3728 665 3783 de
690 3742 917 3796 corpore
941 3733 1143 3781 nostro.
1174 3723 1327 3779 Flere
1352 3741 1469 3778 cum
1521 3726 1779 3794 ﬂentibus.
1827 3727 1909 3781 Ad
1936 3729 2035 3783 lle-

452 3833 563 3876 tnm
593 3821 770 3875 Mariae
792 3818 1008 3874 fletibus
1040 3828 1362 3887 provocatur
1391 3817 1670 3884 Dominus,
1704 3819 1859 3873 nobis
1899 3835 2037 3889 pras-

450 3913 585 3970 bcns
607 3913 907 3981 exemplum
930 3952 944 3977 ,
971 3926 1076 3966 non
1105 3925 1201 3981 pro
1230 3909 1454 3976 Lazaro,
1512 3926 1684 3981 neque
1715 3926 1809 3982 pro
1831 3911 2037 3968 Judmo.

453 4022 571 4062 rum
595 4006 966 4062 incredulitate
1018 4024 1033 4061 :
1091 4007 1214 4076 quia
1266 4020 1373 4061 non
1423 4015 1550 4061 tunc
1588 4007 1815 4075 primum
1870 4007 2038 4077 signis

452 4101 570 4171 ejus
600 4116 703 4155 non
723 4099 1088 4163 crediderunt,
1111 4099 1251 4155 sicut
1278 4098 1494 4171 quidam
1518 4106 1724 4168 putant.
1750 4098 2036 4154 Flerecom

454 4192 703 4248 lientibus
731 4210 746 4247 :
779 4207 878 4247 nos
899 4199 1130 4261 oportet,
1162 4192 1597 4261 subintelligitur.
1637 4191 1694 4247 Si
1748 4190 1877 4261 quid
1900 4191 2039 4262 pati-

456 4294 544 4339 tur
574 4300 734 4338 unum
759 4284 1099 4349 membrum,
1130 4282 1524 4349 compatiuntur
1539 4281 1720 4336 Omnia
1774 4282 2037 4335 membra.

458 4377 695 4445 ldipsam
716 4378 931 4429 invicem
950 4375 1236 4429 sentientes.
1272 4373 1341 4429 Ut
1364 4376 1501 4428 sicut
1529 4382 1653 4440 tua,
1688 4374 1758 4427 ita
1780 4382 1835 4428 et
1859 4373 2038 4429 fratris

460 4467 759 4519 necessitati
793 4464 1022 4534 perlecta
1048 4463 1310 4519 charitare
1330 4463 1657 4519 consentias.
1685 4461 1738 4517 Ν
1742 4478 1808 4516 an
1829 4463 1936 4517 alta
1956 4480 2040 4518 sa-

458 4556 673 4626 pientes.
700 4553 941 4619 Superbe
960 4555 1118 4622 sapit,
1136 4554 1226 4623 qui
1251 4554 1360 4609 Deo
1381 4568 1530 4609 suam
1554 4569 1659 4609 non
1690 4565 1928 4609 reservat
1954 4556 2038 4610 in-

456 4649 673 4718 juriam.
708 4644 812 4702 Sed
834 4644 1112 4699 humilibus
1137 4646 1526 4716 consentientes.
1581 4645 1903 4715 Humilibus,
1939 4646 2042 4709 hoc

458 4752 561 4810 est,
593 4738 899 4795 humilitati.
926 4736 1102 4793 Nolite
1120 4752 1227 4792 esse
1245 4737 1516 4807 prudentes
1535 4737 1674 4807 apud
1691 4740 2038 4808 vosmetipsos.

458 4834 634 4889 Nolite
665 4832 719 4886 in
748 4830 978 4884 humana
1006 4828 1270 4897 sapientia
1297 4827 1516 4897 gloriari
1541 4844 1556 4882 :
1587 4828 1681 4884 sed
1699 4828 1845 4885 stulti
1866 4840 2041 4887 emota

458 4930 512 4981 in
535 4926 634 4979 hoc
653 4924 876 4987 saeculo,
904 4929 962 4977 ut
981 4920 1098 4975 sitis
1120 4922 1412 4988 sapientes,
1443 4920 1584 4975 sicut
1621 4920 1879 4991 scriptum
1907 4932 1990 4977 est
2022 4939 2037 4980 :

464 5017 677 5082 Beatus,
704 5030 862 5085 quem
920 5023 974 5067 tu
1032 5011 1315 5081 erudieris,
1342 5011 1586 5077 Domine,
1611 5021 1666 5068 et
1693 5013 1762 5069 de
1796 5014 1909 5084 lege
1952 5025 2039 5068 tua

460 5109 705 5163 docueris
733 5121 875 5161 eum.
910 5106 1060 5159 Nulli
1083 5106 1274 5159 malum
1318 5119 1411 5175 pro
1432 5104 1570 5159 malo
1603 5106 1888 5160 recidentes.
1943 5106 2043 5161 Sa-

466 5198 659 5267 pientia
685 5197 915 5251 humana
944 5206 1049 5263 est,
1074 5199 1118 5251 si
1136 5210 1344 5267 quaeras
1366 5197 1636 5267 quomodo
1650 5198 1822 5254 vicem
1848 5197 2041 5254 reddas

481 5291 626 5343 nalo.
661 5286 793 5343 Nam
820 5288 1044 5343 stultitia
1074 5297 1157 5342 est
1185 5288 1237 5341 in
1271 5287 1491 5353 saeculo,
1515 5288 1560 5342 si
1588 5289 1907 5358 percutienti
1928 5304 2042 5343 ma.

465 5381 666 5446 xillam,
698 5378 940 5447 praebeas
966 5386 1021 5431 et
1045 5377 1287 5432 alteram.
1310 5379 1408 5445 Qui
1429 5378 1475 5433 si
1506 5388 1664 5434 tanta:
1690 5381 1959 5450 patientia:
1984 5389 2039 5435 ot

466 5470 804 5543 benignitatis
834 5468 1021 5535 fueris,
1051 5462 1154 5522 non
1178 5469 1347 5523 solum
1369 5485 1551 5525 coram
1583 5473 1711 5537 Deo,
1756 5472 1851 5528 sed
1874 5474 2035 5528 etiam

461 5564 599 5633 apud
652 5564 895 5617 homines
924 5558 1210 5629 probabilis
1241 5559 1475 5616 baberis.
1523 5562 1854 5619 Providentes
1908 5566 2055 5621 bona,

463 5673 563 5708 mm
596 5664 792 5709 tantum
820 5670 990 5707 coram
1013 5650 1141 5721 Deo,
1200 5653 1289 5706 sed
1314 5655 1468 5706 etiam
1493 5670 1664 5708 coram
1686 5658 1917 5711 omnibus
1947 5659 2042 5711 Ito-

466 5746 701 5798 min-bus.
727 5746 952 5801 Tantum
983 5758 1110 5801 cave
1139 5760 1206 5798 ne
1234 5744 1357 5800 ideo
1380 5744 1567 5814 facias,
1611 5756 1668 5801 ut
1696 5762 1799 5802 non
1849 5750 1956 5804 Deo
1986 5760 2042 5806 et

2140 1899 2536 1963 contentiones,
2565 1899 2687 1952 odia
2730 1894 3079 1965 praeparetis:
3130 1893 3224 1948 sed
3273 1894 3441 1962 magis
3499 1890 3746 1946 furentis

2140 1978 2473 2048 iracundiam
2504 1988 2744 2045 cedendo
2792 1986 3039 2041 vincatis.
3099 1986 3234 2055 Quia
3277 1985 3467 2039 alienas
3504 1984 3746 2037 malitia

2140 2086 2398 2153 impetum
2422 2081 2641 2152 fugisse,
2664 2093 2949 2150 superasse
2973 2087 3055 2134 est
3083 2096 3096 2131 :
3130 2078 3231 2133 hoc
3257 2078 3429 2133 modo.
3467 2076 3747 2144 importu-

2140 2189 2263 2229 nam
2291 2172 2684 2227 animositatem
2706 2178 2798 2225 aut
2817 2169 3027 2225 ratione
3050 2169 3280 2239 mitiges,
3306 2178 3394 2222 aut
3424 2168 3745 2222 humilitate

2140 2264 2398 2320 declines.
2424 2264 2529 2319 Sed
2548 2265 2676 2331 ante
2697 2262 2863 2316 locum
2883 2262 2996 2316 iraa.
3014 2264 3118 2317 Aut
3146 2260 3330 2331 fugite,
3360 2270 3451 2316 aut
3506 2262 3748 2330 pennit-

2142 2356 2239 2412 tite
2263 2356 2415 2411 vobis
2446 2353 2650 2409 noceri.
2676 2352 2940 2423 Scriptum
2962 2361 3036 2406 est
3074 2352 3210 2406 enim
3238 2366 3258 2405 :
3297 2350 3429 2405 Η.ἠὶ
3472 2351 3740 2404 vindicta.

2140 2449 2261 2519 Ego
2283 2448 2433 2519 quasi
2458 2462 2652 2514 meam,
2688 2461 2796 2500 non
2827 2454 3058 2501 vestram
3115 2444 3363 2515 injuriam
3414 2443 3743 2507 vindicabo,

2138 2541 2390 2611 quoniam
2416 2538 2507 2609 qui
2533 2553 2630 2594 vos
2658 2538 2842 2607 tangit,
2867 2547 2924 2592 et
2956 2537 3208 2606 pupillam
3236 2550 3408 2590 meam
3451 2552 3467 2588 :
3528 2544 3598 2590 et
3653 2534 3749 2606 qui

2138 2632 2586 2690 scandalizaverit
2606 2646 2773 2703 unum
2817 2646 2882 2684 es
2918 2629 3126 2698 pusillis
3178 2630 3327 2694 istis,
3372 2636 3428 2683 et
3494 2629 3746 2697 reliqua.

2138 2725 2251 2797 Ego
2272 2726 2574 2789 retribuam,
2622 2724 2743 2777 dicit
2786 2720 3056 2775 Dominus.
3099 2720 3404 2777 Secundum
3450 2721 3749 2775 IliSlOl’ialll

2137 2832 2287 2888 spem
2330 2815 2579 2871 vindicta:
2601 2814 2708 2869 illis
2740 2814 3021 2883 promittit.
3056 2821 3113 2868 ut
3142 2813 3223 2867 vel
3253 2814 3329 2867 sic
3360 2812 3483 2866 illos
3539 2826 3754 2880 provo-

2135 2919 2224 2965 cet
2248 2908 2317 2964 ad
2341 2906 2657 2978 patientiam
2700 2915 2755 2961 et
2805 2905 3231 2959 misericordiam
3263 2919 3279 2959 :
3318 2920 3427 2958 non
3455 2904 3531 2958 illi
3570 2919 3753 2973 nega-

2137 3012 2281 3068 rent,
2307 3000 2447 3071 quod
2482 3000 2621 3054 Dens
2648 2997 2775 3052 nulli
2818 3005 2997 3065 negat.
3018 2995 3122 3050 Sed
3165 2996 3208 3049 si
3237 2996 3471 3050 esurierit
3492 2995 3757 3050 inimicus

2133 3105 2272 3160 tuus,
2299 3094 2409 3147 ciba
2429 3091 2599 3157 iitum;
2627 3092 2672 3145 si
2694 3091 2821 3156 sitit,
2842 3100 3022 3160 potum
3047 3089 3115 3142 da
3136 3088 3231 3143 illi.
3266 3087 3379 3142 lloc
3405 3098 3511 3153 est,
3534 3097 3607 3142 ut
3635 3104 3757 3143 nsa-

2132 3186 2243 3241 lutn
2270 3183 2600 3255 benignitate
2620 3181 2940 3246 confundas,
2967 3190 3023 3236 et
3045 3181 3217 3248 gratia
3265 3182 3495 3247 castiges
3559 3182 3760 3251 ingra-

2136 3288 2272 3349 tum.
2299 3275 2413 3330 Hoc
2437 3275 2574 3329 enim
2600 3258 2816 3345 faciens,
2840 3272 3084 3327 carbones
3122 3272 3257 3347 ignis
3294 3287 3536 3342 congeres
3590 3289 3760 3341 super

2138 3382 2292 3442 caput
2321 3372 2453 3444 ejus.
2487 3369 2553 3424 Ut
2583 3382 2704 3423 cum
2737 3366 3062 3422 intellexerit
3088 3365 3188 3420 sibi
3212 3364 3477 3419 carbones
3503 3379 3759 3436 congre-

2133 3466 2250 3536 gari
2287 3479 2381 3535 per
2410 3474 2554 3520 tuam
2581 3462 2683 3519 sibi
2719 3476 2825 3517 non
2852 3460 3089 3516 debitam
3129 3459 3567 3515 misericordiam
3600 3503 3620 3526 ,
3647 3477 3756 3530 po-

2136 3569 2249 3613 stea
2295 3556 2641 3613 convertatur
2684 3565 2739 3613 e‘t
2786 3554 2974 3624 diligat
3011 3567 3169 3622 quem
3194 3560 3318 3607 ante
3352 3553 3550 3607 oderat
3582 3571 3600 3607 :
3628 3570 3759 3609 nam

2138 3663 2244 3702 non
2272 3655 2356 3702 est
2386 3648 2775 3715 misericordia,
2804 3649 2847 3702 si
2872 3645 3020 3704 illam
3060 3644 3182 3700 ideo
3204 3643 3387 3709 facias,
3440 3652 3501 3699 ut
3530 3645 3627 3700 illi
3655 3647 3765 3700 ali-

2137 3740 2264 3808 quid
2290 3739 2442 3809 pejus
2472 3739 2704 3809 eveniat,
2745 3741 2834 3810 qui
2878 3736 3085 3808 iuberis
3143 3750 3243 3809 pro
3288 3736 3511 3791 inimico
3561 3752 3763 3793 orare.

2140 3830 2267 3886 Noli
2292 3832 2468 3884 vincia
2485 3829 2646 3898 malo,
2674 3831 2763 3885 sed
2790 3831 2931 3885 vince
2957 3814 3011 3885 in
3033 3833 3164 3886 bono
3191 3835 3401 3888 malum.
3457 3827 3517 3889 ιη
3568 3832 3767 3892 sensi-

2140 3921 2238 3977 bus
2266 3921 2353 3975 vel
2380 3922 2611 3978 motibus
2658 3924 2959 3977 animorum
3013 3923 3106 3979 ille
3133 3924 3328 3980 dicitur
3375 3927 3609 3994 vicisse,
3663 3932 3762 4000 qui

2139 4014 2365 4067 alterum
2391 4013 2457 4068 ad
2487 4028 2637 4067 suam
2671 4016 2889 4070 traxerit
2917 4024 3141 4086 partem,
3201 4018 3342 4072 sicut
3390 4020 3763 4090 bzereticum,

2141 4118 2233 4171 aut
2262 4121 2547 4178 paganum.
2570 4106 2626 4162 Si
2655 4122 2781 4178 ergo
2803 4109 2927 4162 mali
2954 4109 3379 4166 vicissitudinem
3408 4124 3438 4163 a
3486 4121 3547 4168 te
3610 4128 3768 4171 rece-

2140 4201 2299 4272 perit,
2333 4201 2425 4255 ille
2477 4210 2529 4256 te
2570 4201 2719 4266 vicit,
2751 4209 2806 4256 et
2843 4202 3113 4271 passionis
3167 4204 3589 4262 similitudinem
3618 4210 3767 4264 vitio

2143 4305 2243 4346 suo
2267 4291 2527 4347 subdidit.
2556 4291 2611 4347 Si
2638 4300 2814 4345 autem
2847 4307 2942 4360 per
2967 4294 3274 4363 patientiam
3324 4303 3469 4350 tuam
3516 4313 3768 4356 cessare

2142 4397 2263 4437 eum
2286 4383 2354 4437 ab
2376 4383 2451 4436 ira
2480 4383 2562 4437 vel
2592 4381 2783 4451 injuria
2808 4381 3018 4451 feceris,
3042 4392 3099 4439 tu
3125 4384 3297 4440 vicisti
3322 4429 3338 4456 ,
3390 4396 3448 4442 et
3498 4387 3582 4445 de
3640 4403 3772 4461 pec-

2144 4481 2267 4528 cato
2317 4472 2384 4527 ad
2432 4472 2660 4528 salutem
2692 4514 2709 4542 ,
2770 4474 3095 4543 acquirendo
3139 4477 3438 4547 proximum
3468 4517 3487 4547 ,
3552 4480 3772 4537 trium-

2104 2240 2133 2272 κ

2069 4580 2124 4643 D
2151 4562 2346 4633 pbasti.

2216 4650 2349 4708 Car.
2376 4668 2493 4709 xm.
2522 4651 2703 4707 Omnis
2726 4653 2898 4707 anima
2919 4655 3272 4725 potestatibus.
3305 4655 3433 4712 Haec
3458 4671 3643 4715 causa
3668 4660 3773 4717 ad-

2144 4758 2359 4801 versum
2384 4742 2507 4801 illos
2552 4747 2642 4816 qui
2686 4760 2749 4802 se
2799 4749 3056 4816 putabant
3102 4749 3173 4803 ita
3231 4749 3429 4806 debere
3487 4746 3774 4812 libet-tata

2145 4837 2448 4892 Christiana
2465 4837 2567 4906 uti,
2590 4847 2648 4892 ut
2682 4838 2809 4893 nulli
2840 4847 2933 4894 aut
2981 4841 3237 4896 honorem
3285 4842 3595 4916 deferrent,
3669 4859 3775 4904 aut

2151 4927 2351 4982 tributa
2377 4928 2666 4986 redderent
2699 4931 2920 5001 :quibus
2951 4932 3022 4985 ita
3052 4932 3201 5000 dicit,
3228 4946 3289 4989 ut
3321 4949 3415 4991 eos
3444 4936 3727 4998 bumiliet
3752 4960 3773 4998 :

2144 5018 2241 5074 sed
2270 5027 2323 5073 et
2342 5019 2803 5076 deecclesiasticis
2826 5023 3176 5092 potestatibus
3203 5034 3379 5094 potest
3404 5026 3677 5102 intelligi,
3710 5045 3777 5088 ut

2145 5109 2515 5166 sacerdotibus
2554 5110 2785 5168 humiles
2813 5114 3125 5168 existarnus.
3182 5115 3595 5176 Sublimioribtts
3636 5126 3778 5180 sub-

2146 5203 2349 5273 ditasit.
2376 5203 2788 5272 Ecclesiasticis,
2822 5206 2903 5261 vel
2934 5208 3138 5263 saeculi.
3176 5208 3297 5263 Non
3319 5222 3392 5265 est
3437 5215 3581 5267 enim
3607 5230 3776 5286 pote-

2146 5303 2252 5349 stas
2284 5296 2385 5349 nisi
2405 5312 2437 5349 α
2466 5294 2590 5351 Dea.
2618 5297 2746 5365 ρυω
2764 5305 2932 5353 autem
2958 5309 3076 5355 sunt
3092 5343 3107 5368 ,
3132 5318 3163 5355 a
3189 5302 3294 5357 Deo
3319 5306 3577 5361 ordinatas
3603 5320 3768 5368 sunt.

2143 5388 2329 5460 Itaque
2349 5393 2435 5463 qui
2478 5393 2663 5447 resistit
2715 5395 2983 5464 potestati,
3030 5395 3127 5450 Dei
3169 5400 3484 5455 ordinationi
3521 5406 3768 5460 resistit.

2142 5480 2255 5537 Non
2285 5484 2400 5537 vult
2427 5483 2782 5541 Christianum
2811 5501 2930 5542 esse
2974 5490 3284 5558 superbum,
3332 5506 3398 5546 ne
3441 5508 3545 5548 non
3624 5512 3774 5565 pro-

2146 5584 2263 5645 pter
2312 5575 2603 5644 Christum,
2660 5579 2753 5632 sed
2815 5590 3033 5649 propter
3092 5582 3396 5651 superbiam
3478 5586 3772 5653 patiatur,

2109 5669 2285 5751 ~sicut
2313 5669 2437 5724 alibi
2463 5669 2591 5724 dicit
2636 5687 2648 5722 :
2682 5669 2869 5725 Videte
2924 5671 3190 5741 quomodo
3220 5684 3375 5728 caute
3419 5676 3794 5743 ambuletis,’

2149 5759 2474 5814 redimentes
2503 5769 2734 5830 tempus,
2762 5762 3012 5831 quoniam
3034 5764 3145 5819 dies
3169 5763 3293 5819 mali
3342 5775 3465 5820 sunt
3520 5782 3532 5826 :
3601 5769 3770 5827 sicut
