3968 6166
266 353 369 410 ιθπ

1120 357 1183 412 IN
1225 357 1611 429 EPISTULA}!
1647 359 1738 416 AD
1777 357 2105 415 ROMANOS
2142 357 2657 418 COMMENTARIA.

3434 367 3537 427 119,3

266 467 384 535 ipse
397 465 629 522 redemit
657 475 887 538 tempus,
911 463 1031 524 cdm
1056 468 1214 535 dixit,
1255 471 1469 539 Optime
1507 469 1656 526 Felix
1691 487 1705 523 :
1743 483 1849 526 non
1880 473 1929 532 Α
1954 467 2182 532 lembis;
2212 467 2336 523 Non
2364 469 2605 536 occides;
2649 468 2773 524 Non
2830 471 3083 542 furaberis
3110 512 3127 537 ,
3179 473 3300 529 Non
3349 476 3537 546 falsum

266 560 469 617 idcirco
486 562 682 631 justus,
716 577 837 618 nam
861 563 1159 619 secundum
1181 564 1504 622 desiderium
1549 563 1668 635 ejus
1692 563 1849 619 datur

261 651 311 708 ei
335 669 351 705 :
382 655 507 723 quia
536 655 669 711 dicit
695 655 972 724 Salomon,
1001 656 1267 725 Quoniam
1288 657 1411 713 data
1436 669 1520 713 est
1571 657 1723 713 vobis
1747 670 1847 726 po-

262 752 430 801 testas
457 760 488 799 a
513 746 625 802 Deo
653 763 668 800 :
693 746 787 803 sed
810 763 931 802 cum
986 748 1179 804 essetis
1205 746 1434 808 ministri
1482 749 1633 820 regni
1681 747 1847 814 illius,

259 850 367 890 non
391 837 857 906 rectajudicastis.
885 838 1254 896 Constituetur
1300 841 1445 896 enim
1495 852 1555 896 ut
1597 841 1742 911 justo
1795 850 1849 897 te

253 928 486 998 iudicet,
513 938 648 986 etut
676 931 922 996 timeatis,
945 942 1001 988 et
1020 933 1103 987 vel
1147 934 1225 988 sic
1244 946 1351 988 non
1402 939 1625 1000 peccent
1663 948 1680 986 :
1711 944 1849 1002 quo.

259 1018 423 1075 modo
444 1034 577 1091 ergo
608 1020 869 1091 propheta
894 1021 1052 1089 dixit,
1072 1022 1207 1090 Quia
1227 1029 1605 1092 regnaverunt,
1636 1029 1693 1080 et
1741 1038 1848 1077 non

257 1122 355 1179 per
378 1125 469 1166 me
495 1129 510 1167 :
535 1127 629 1181 per
657 1114 959 1183 pecuniam,
989 1121 1045 1171 ot
1074 1127 1276 1183 magos,
1313 1113 1633 1168 ambitiones
1653 1128 1848 1183 regna-

256 1201 411 1255 bant.
445 1202 551 1268 Qui
576 1213 742 1258 auum
760 1204 1031 1272 resistunt,
1071 1204 1171 1274 ipsi
1220 1203 1318 1260 sibi
1361 1203 1739 1260 damnationem
1759 1220 1848 1259 ae-

252 1292 630 1362 quirunl.Quia
659 1309 757 1364 per
777 1296 1081 1364 superbiam
1104 1309 1258 1351 suam
1305 1295 1654 1351 damnantur.
1708 1296 1848 1351 Nam

252 1387 517 1457 principes
537 1403 639 1443 non
660 1396 779 1442 sunt
802 1389 977 1443 timori
1003 1388 1122 1443 boni
1168 1389 1358 1459 operis.
1416 1388 1569 1445 Sicut
1611 1388 1742 1444 dicit
1780 1389 1848 1444 de

254 1476 539 1544 haeretica,
569 1493 690 1534 cum
719 1479 789 1534 sit
820 1479 1039 1549 proprio
1056 1478 1256 1548 judicio
1279 1479 1691 1537 condemnatus.
1739 1477 1847 1533 Sed

253 1569 400 1622 mali.
432 1569 603 1623 Malus
631 1569 804 1636 timet,
838 1570 1007 1625 bonus
1037 1579 1240 1637 autem,
1276 1570 1319 1624 si
1347 1568 1478 1641 [Pro
1502 1569 1547 1624 si
1577 1568 1847 1639 legendum

252 1657 365 1731 vel]
388 1674 488 1725 pro
511 1658 712 1727 justitia
742 1660 877 1715 mori
908 1675 1012 1715 non
1037 1661 1210 1717 timet.
1253 1660 1335 1715 Vis
1359 1669 1526 1713 autem
1548 1674 1652 1714 non
1673 1659 1848 1713 timere

252 1751 597 1819 potestatem?
638 1749 839 1804 Bonum
888 1750 992 1820 (ac,
1038 1760 1087 1806 et
1124 1750 1325 1806 habebis
1370 1749 1575 1805 laudem
1624 1766 1687 1805 ex
1730 1751 1843 1804 illa.

1950 558 2292 613 testimonium
2320 559 2489 624 dices;
2520 558 2642 615 Non
2685 562 3053 629 concupisces;
3096 572 3141 616 et
3185 565 3230 617 si
3276 568 3413 629 quod
3462 578 3540 621 est

1946 648 2096 703 aliud
2122 650 2443 715 mandatum,
2474 651 2529 704 in
2556 652 2651 705 hoc
2680 652 2828 706 verba
2847 662 3199 710 restauratur:
3218 656 3408 725 Diliges
3434 658 3538 712 Do-

1949 739 2152 795 minum
2183 740 2349 796 Deum
2380 748 2528 795 tuum
2558 741 2811 809 perfecte,
2838 753 3057 811 propter
3073 742 3445 809 idololatriam,
3471 757 3529 802 et

1949 832 2251 901 proximum
2283 832 2422 888 sicut
2444 841 2522 897 te,
2576 843 2793 902 propter
2839 834 3177 904 iniustitiam.
3209 835 3338 890 inde
3390 838 3534 893 enim

1949 921 2217 993 injustitia
2239 924 2499 990 nascitur,
2524 924 2647 995 quia
2667 925 2784 994 plus
2806 925 3014 981 caeteris
3037 941 3136 982 nos
3156 940 3420 982 amamus.
3444 927 3539 981 Di-

1947 1013 2073 1084 liges
2107 1014 2396 1083 proximum
2448 1024 2592 1069 tuum
2616 1015 2749 1071 sicut
2778 1027 2825 1070 te
2851 1017 3039 1088 ipsum.
3070 1017 3289 1072 Dilectio
3315 1020 3538 1089 proxim;

1950 1110 2142 1163 malum
2171 1126 2270 1163 non
2302 1119 2567 1181 aperatur.
2590 1110 2775 1167 Omnis
2804 1112 2889 1167 lex
2922 1121 2975 1169 et
3004 1116 3277 1184 propheta:
3337 1121 3389 1174 itt
3433 1117 3536 1174 hoc

1949 1204 2118 1256 verbo
2146 1201 2527 1257 continentur:
2551 1204 2691 1258 sicut
2713 1205 2854 1259 enim
2878 1220 2983 1260 non
3010 1207 3089 1261 vis
3113 1210 3204 1264 tibi
3258 1213 3370 1268 lieri
3418 1228 3536 1268 mea

1948 1292 2081 1359 lum,
2112 1294 2189 1348 sic
2212 1293 2292 1348 vis
2310 1294 2403 1349 tibi
2436 1296 2551 1350 ﬁeri
2580 1296 2797 1350 bonum.
2837 1296 3113 1353 Plenitudo
3142 1317 3261 1371 ergo
3307 1304 3431 1377 legis
3458 1312 3533 1358 est

1948 1383 2177 1439 dilectio.
2200 1383 2609 1441 Consummatio
2638 1387 2772 1477 legis
2802 1405 2814 1439 :
2840 1390 2962 1458 quia
3001 1398 3057 1444 et
3079 1391 3272 1447 bonum
3305 1410 3407 1448 non
3455 1395 3534 1449 ia-

1948 1491 2093 1544 cere,
2123 1479 2319 1534 malum
2343 1487 2446 1536 est.
2467 1478 2536 1534 Et
2561 1480 2657 1535 hoc
2668 1482 2883 1537 scientes
2927 1487 3261 1556 tempus,quia
3287 1486 3413 1540 hora
3436 1496 3530 1540 est.

1948 1567 2067 1623 Non
2100 1584 2232 1640 ergo
2256 1571 2462 1626 debetis
2491 1585 2707 1643 semper
2758 1573 2962 1645 parvuli
3002 1589 3121 1630 esse
3149 1584 3204 1631 et
3254 1576 3530 1642 lactentes,

1948 1662 2091 1718 sicut
2111 1663 2238 1718 dicit
2268 1666 2335 1719 ad
2366 1665 2644 1723 Hebraeos.
2677 1666 2987 1733 Enumerat,
3037 1670 3151 1723 sive
3198 1670 3529 1738 recapitulat.

1953 1755 2148 1809 Horam
2175 1770 2272 1826 pro
2298 1764 2539 1827 tempore
2568 1757 2898 1825 posuit.Jam
2914 1775 3006 1812 nos
3038 1760 3285 1813 desomno
3304 1776 3530 1830 surgere.

253 1839 540 1895 Damnatio
588 1842 873 1907 malorum,
908 1841 1023 1897 laus
1067 1842 1332 1898 bonorum
1378 1848 1494 1905 est;
1533 1840 1845 1896 naturaliter
1874 1836 1921 1899 B
1950 1845 2022 1903 De
2048 1859 2239 1903 somno
2268 1850 2491 1918 pigritite
2521 1858 2577 1903 et
2599 1848 2912 1919 ignorantia.-
2940 1865 3236 1920 surgamus.
3255 1850 3367 1905 iam
3390 1851 3532 1905 enim

253 1934 399 1986 enim
423 1948 613 1988 omnes
638 1941 835 1989 norunt
858 1942 912 1989 ct
942 1932 1303 1988 innocentiam
1333 1933 1576 2002 praemio,
1609 1942 1663 1987 et
1695 1931 1848 1986 mali-

253 2023 386 2076 tiam
421 2023 637 2093 diguam
668 2040 788 2081 esse
832 2024 1118 2095 supplicio.
1150 2024 1355 2078 Bonum
1397 2024 1501 2090 lac,
1533 2032 1588 2079 ct
1626 2023 1847 2083 habebis

253 2115 472 2169 tandem
500 2129 567 2168 ex
596 2114 705 2168 illa.
736 2115 850 2171 Etsi
886 2131 993 2170 non
1026 2116 1093 2170 ab
1123 2115 1235 2183 illa,
1268 2123 1445 2170 tamen
1479 2130 1548 2169 ex
1597 2115 1706 2171 illa.
1740 2116 1846 2170 Aut

252 2208 401 2260 enim
434 2205 582 2274 juste
607 2206 739 2274 agis,
768 2216 823 2261 et
847 2206 989 2277 justa
1020 2215 1254 2277 potestas
1282 2205 1514 2261 laudabit
1552 2215 1626 2271 te,
1655 2216 1744 2261 aut
1762 2207 1847 2274 ju-

253 2308 327 2351 ste
362 2299 851 2368 agentem,etiamsi
882 2307 1114 2367 potes1as
1135 2297 1327 2366 injusta
1352 2297 1566 2351 damnet
1598 2306 1673 2365 te,
1707 2296 1846 2351 Deus

253 2390 431 2458 justus
456 2391 733 2446 coronabit
763 2400 833 2447 te.
863 2393 937 2444 Ac
960 2404 1053 2459 per
1082 2389 1181 2444 huc
1212 2398 1265 2443 tu
1290 2389 1552 2458 justitiam
1593 2398 1736 2453 tene,
1788 2396 1846 2440 tu

252 2479 402 2535 bene
432 2479 572 2534 vive.
599 2481 663 2534 Et
694 2479 809 2536 sive
861 2478 1099 2544 damnet,
1147 2480 1262 2535 sive
1307 2479 1579 2545 absolvat,
1627 2477 1845 2533 habebis

253 2570 476 2624 laudem
526 2586 590 2625 ex
622 2571 731 2625 illa.
766 2570 863 2625 Dei
908 2575 1048 2626 enim
1071 2572 1304 2626 minister
1328 2580 1400 2625 est
1427 2570 1515 2627 tibi
1539 2572 1593 2624 in
1636 2570 1842 2624 bonum.

252 2658 311 2715 Si
334 2668 523 2713 autem
550 2661 681 2716 male
708 2662 910 2731 feceris,
938 2662 1077 2718 time.
1125 2662 1262 2730 Quia
1308 2675 1409 2730 pro
1460 2670 1548 2715 tua
1585 2658 1846 2716 sollicitus

253 2759 331 2805 est
364 2751 570 2820 quiete.
601 2749 721 2806 Non
745 2752 878 2806 enim
905 2754 1016 2807 sine
1045 2768 1202 2806 causa
1230 2751 1465 2823 gladium
1490 2760 1682 2823 portat.
1729 2750 1847 2807 Gla-

253 2843 407 2898 dium
437 2842 656 2911 spiritus
682 2859 839 2912 quem
869 2843 1112 2913 portabat
1140 2844 1359 2911 Petrus,
1388 2848 1443 2899 et
1483 2843 1599 2913 ipse
1628 2841 1842 2908 Paulus,

251 2945 306 2992 et
329 2938 395 2991 in
425 2946 482 2991 te
509 2935 669 2989 habet
690 2935 923 2990 ofﬁcium
945 2936 990 2993 si
1024 2936 1356 3006 peccaveris.
1398 2936 1511 2991 Hoc
1556 2936 1847 3005 spirituali-

254 3034 358 3086 ter.
388 3025 490 3080 Dei
515 3026 647 3079 enim
678 3027 907 3080 minister
936 3035 1033 3093 est,
1073 3027 1265 3083 vindex
1291 3028 1345 3081 in
1370 3028 1502 3083 iram
1552 3027 1599 3082 ei
1626 3028 1713 3096 qui
1734 3039 1846 3080 ma-

252 3118 369 3175 lum
397 3121 530 3191 agit.
560 3118 688 3174 Ideo
711 3120 1005 3175 necessitate
1028 3121 1219 3176 subditi
1237 3129 1413 3175 estote.
1443 3120 1594 3175 Sicut
1620 3118 1844 3174 Asianis:

1948 1938 2086 1993 lucet
2116 1938 2339 1994 scientia
2368 1940 2483 1994 Dei.
2511 1938 2666 1993 Nunc
2687 1941 2822 1993 enim
2850 1942 3058 2011 prepior
3082 1951 3156 1996 est
3180 1954 3350 1996 nostra
3371 1943 3532 1998 salus.

1948 2029 2082 2083 Dum
2109 2030 2499 2099 appropinquat
2519 2030 2739 2085 scientia
2759 2030 2877 2096 Dei,
2904 2032 3184 2101 appropiat
3236 2034 3381 2087 Salus
3398 2072 3413 2097 ,
3440 2046 3535 2101 ap-

1946 2122 2268 2190 propinquat
2291 2120 2449 2175 saluti
2481 2121 3095 2191 perlectusintellectus,
3140 2132 3194 2177 et
3245 2124 3447 2177 ilrmior
3475 2124 3537 2178 lit

1944 2212 2232 2267 credendo.
2268 2211 2435 2279 Quam
2464 2228 2576 2265 cum
2598 2212 2927 2267 credidimus.
2979 2212 3115 2269 Cum
3138 2214 3364 2283 primum
3412 2229 3535 2270 cre-

1944 2302 2199 2360 didimus.
2238 2302 2362 2356 Nox
2391 2303 2667 2369 praecessit,
2710 2302 2818 2357 dies
2865 2312 3033 2357 autem
3084 2307 3530 2375 apprOpinquuvit.

1945 2397 2232 2464 Comparat
2264 2395 2409 2449 nocti
2467 2395 2844 2465 ignorantiam,
2894 2396 3000 2450 dici
3057 2411 3184 2450 vero
3230 2393 3533 2454 scientiam.

1945 2490 2261 2561 Abjiciamus
2291 2504 2410 2560 ergo
2438 2504 2592 2560 opera
2622 2489 2964 2552 tenebrarum,
2998 2497 3044 2541 et
3086 2489 3363 2543 induamur
3391 2506 3537 2544 arma

1946 2582 2095 2635 lucis.
2113 2579 2245 2634 Cum
2270 2578 2568 2650 ignorantia
2598 2579 2911 2648 abjiciamus
2938 2580 3093 2634 simul
3116 2590 3174 2635 et
3197 2595 3357 2648 opera
3383 2582 3538 2651 igno-

1945 2662 2158 2735 rantiae,
2189 2678 2244 2724 et
2276 2669 2561 2724 induamus
2591 2682 2738 2722 arma
2771 2670 3032 2737 scientite,
3088 2669 3191 2724 hoc
3240 2680 3325 2725 est
3373 2686 3537 2741 opera

1947 2758 2110 2814 bona.
2135 2759 2236 2827 Qui
2254 2758 2395 2813 male
2419 2758 2547 2830 agit,
2580 2757 2697 2813 odit
2723 2758 2897 2813 lucem
2927 2777 2938 2811 :
2964 2760 3053 2829 qui
3084 2768 3260 2815 autem
3289 2759 3419 2815 facit
3446 2777 3537 2818 ve-

1948 2851 2181 2918 ritatem,
2205 2850 2435 2907 venitad
2457 2852 2653 2918 lucem,
2683 2862 2739 2905 ut
2765 2852 3175 2908 manilestentur
3203 2868 3364 2924 Opera
3396 2853 3536 2924 ejus,

1947 2944 2071 3013 quia
2098 2944 2152 2998 in
2183 2944 2296 2999 Deo
2320 2951 2445 2999 sunt
2468 2943 2627 2998 facta.
2658 2942 2804 2998 Sicut
2835 2945 2888 2996 in
2934 2944 3016 2997 die
3070 2946 3277 2999 honeste
3321 2946 3550 3000 ambule-

1945 3050 2081 3093 mus.
2114 3034 2358 3091 Scienles
2388 3035 2479 3091 Dei
2501 3036 2672 3091 oculis
2701 3050 2920 3105 semper
2945 3035 3138 3088 videri.
3196 3036 3365 3090 Omne
3414 3049 3537 3103 pec-

1947 3139 2126 3186 catum
2150 3135 2308 3184 nocte
2336 3126 2562 3183 liberius
2590 3128 2676 3192 lit;
2702 3126 2754 3181 in
2777 3126 2864 3181 die
2884 3137 3062 3180 autem
3097 3139 3318 3193 peccare
3340 3141 3443 3181 non
3467 3127 3502 3181 li
3529 3156 3539 3169 ο

254 3222 307 3266 et
330 3210 608 3280 Saphirze,
629 3219 684 3265 et
708 3210 857 3280 Mago
891 3229 903 3264 :
933 3211 1059 3281 quia
1086 3211 1229 3269 Deus
1262 3210 1552 3267 emendare
1579 3210 1692 3265 vult
1720 3224 1846 3280 pec-

1949 3222 2085 3303 bere.
2106 3228 2302 3290 potest,
2349 3226 2566 3289 propter
2614 3219 2857 3273 timorem
2893 3225 2948 3271 et
2993 3216 3275 3286 pudorem.
3307 3215 3427 3270 Non
3481 3218 3537 3273 in

254 3321 494 3363 calores.
524 3304 648 3360 Non
674 3307 843 3362 solum
870 3321 1077 3379 prapter
1101 3310 1252 3375 iram,
1281 3309 1369 3363 sed
1396 3316 1444 3362 et
1492 3317 1700 3381 propter
1720 3324 1847 3362 con-

255 3398 548 3453 scientiam.
574 3396 690 3453 Non
714 3399 887 3454 solum
913 3415 979 3455 ne
1027 3401 1309 3461 irascatur,
1352 3398 1461 3454 sed
1510 3399 1673 3454 etiam
1723 3399 1847 3469 quia

253 3493 355 3547 scit
385 3492 482 3546 ille
512 3506 541 3544 a
566 3491 727 3560 justis
750 3492 911 3549 etiam
962 3494 1225 3547 honorem
1281 3491 1468 3549 deberi
1518 3491 1849 3561 principibus

257 3588 444 3656 populi
479 3588 576 3654 tui,
608 3586 700 3656 qui
725 3593 948 3655 possunt
968 3583 1131 3638 etiam
1178 3584 1297 3639 sine
1332 3597 1495 3639 causa
1545 3584 1844 3652 insurgere,

242 3682 349 3735 sed
381 3691 438 3735 et
467 3695 534 3735 ne
561 3693 656 3749 pro
684 3676 886 3747 peccati
934 3676 1266 3731 conscientia
1316 3674 1669 3731 damnemiui.
1718 3672 1848 3728 Ideo

255 3772 391 3823 enim
421 3781 471 3825 et
491 3769 683 3824 tributa
703 3768 975 3837 praestatis.
1005 3765 1234 3821 Reddite
1278 3780 1400 3837 qua:
1451 3765 1682 3823 Caesaris
1725 3775 1850 3822 sunt

254 3860 457 3916 (Σεδενί
485 3879 499 3915 :
526 3862 827 3932 quicunque
854 3858 1000 3914 enim
1018 3858 1181 3913 habet
1208 3858 1351 3913 unde
1402 3858 1661 3913 tributum
1706 3872 1847 3927 prm-

254 3962 382 4017 stet,
413 3951 685 4021 quomodo
712 3956 890 4020 potest
917 3963 1023 4004 non
1049 3963 1173 4005 esse
1204 3948 1479 4019 subjectus
1524 3950 1578 4003 in
1629 3948 1696 4003 iis
1723 3962 1844 4017 qua:

256 4045 332 4100 illi
357 4060 390 4099 a
422 4044 533 4100 Deo
554 4051 681 4099 sunt
707 4041 994 4098 constituta
1015 4040 1164 4097 illoc
1176 4040 1315 4097 etde
1333 4038 1721 4097 sacerdotibus.
1746 4039 1851 4093 Mi-

253 4141 409 4193 nistri
421 4140 557 4193 enim
580 4137 678 4192 Dei
702 4146 840 4202 sunt,
857 4137 913 4190 in
932 4120 1026 4189 hoc
1048 4135 1213 4204 ipsum
1225 4133 1518 4188 servientes.
1547 4130 1745 4199 Dignus
1766 4138 1847 4185 est

255 4230 538 4301 operarius
563 4228 809 4285 mercede
828 4243 955 4284 sua:
984 4237 1041 4282 ut
1065 4225 1152 4281 vel
1172 4224 1251 4280 sic
1276 4223 1583 4291 crederent,
1605 4237 1674 4278 ne
1700 4222 1851 4279 vide-

257 4330 409 4376 retur
431 4320 680 4377 Christus
735 4322 907 4391 magis
946 4316 1257 4388 superbiam
1303 4306 1600 4371 docuisse:
1630 4313 1755 4385 dum
1792 4314 1846 4369 in

257 4415 639 4482 peccatoribus
674 4414 969 4482 vindicant,
1018 4411 1131 4466 Deo
1187 4410 1492 4465 ministram
1530 4407 1842 4478 probantur.

257 4506 483 4562 Reddite
497 4507 736 4563 omnibus
759 4507 928 4561 debita
957 4521 976 4560 :
1003 4506 1086 4559 cui
1113 4504 1378 4567 tributum,
1434 4501 1697 4557 tributum.
1752 4500 1842 4555 ln-

1950 3311 2421 3369 come.sationibus.
2446 3309 2781 3366 Comessatio
2807 3316 2892 3364 est
2918 3308 3132 3363 collatio
3157 3306 3405 3362 convivii.
3430 3306 3538 3363 Nos

1950 3404 2111 3474 igitur
2142 3416 2249 3457 non
2280 3402 2436 3469 tales,
2465 3400 2561 3456 sed
2592 3399 2897 3469 spirituales
2954 3398 3023 3454 dc
3067 3398 3324 3468 Apostolo
3372 3399 3537 3455 habe-

1948 3511 2069 3551 mus
2098 3494 2537 3551 comessationes.
2569 3494 2702 3548 Cum
2729 3491 3045 3558 convenitis,
3068 3491 3260 3561 inquit,
3284 3491 3534 3556 invicem,

1948 3586 2315 3659 unusquisque
2336 3595 2571 3641 vestrum
2602 3586 2865 3654 psalmum
2896 3584 3076 3649 habet,
3124 3592 3177 3637 et
3198 3583 3418 3652 reliqua.
3466 3581 3537 3635 Et

1949 3678 2298 3744 ebrietatibus,
2319 3694 2420 3731 non
2445 3678 2499 3730 in
2512 3677 2757 3730 cubilibus
2779 3685 2825 3730 et
2846 3676 3197 3746 impudicitiis,
3218 3691 3320 3728 non
3345 3678 3398 3729 in
3415 3691 3538 3728 conv

1949 3771 2173 3824 tentione
2208 3777 2258 3821 et
2292 3767 2636 3822 tentulalione.
2662 3767 2935 3823 Attendite
2959 3766 3131 3833 vobis,
3156 3782 3223 3821 ne
3254 3765 3388 3820 forte
3414 3780 3540 3833 grn-

1948 3869 2142 3916 ventur
2161 3858 2327 3914 corda
2353 3871 2529 3913 vestra
2552 3857 2606 3910 in
2646 3857 2881 3926 crapula,
2911 3864 2965 3912 et
2990 3864 3185 3911 caetera
3213 3855 3280 3909 de
3305 3854 3531 3910 ebrieta-

1951 3962 2001 4006 te
2017 3950 2339 4006 testimonia.
2363 3948 2617 4020 Sequitur
2641 3949 2956 4004 ebrietatem
2982 3947 3311 4017 impudicitia
3333 3965 3346 4003 :
3366 3948 3535 4003 ebrie-

1950 4049 2031 4096 tas
2059 4042 2202 4097 enim
2235 4042 2457 4096 materia
2486 4050 2567 4095 est
2598 4041 2839 4095 luxurias.
2872 4040 2978 4095 Sed
3013 4041 3175 4095 etiam
3197 4039 3242 4093 si
3292 4041 3390 4094 ista
3426 4053 3529 4093 non

1951 4133 2167 4199 iuerint,
2202 4142 2254 4189 et
2282 4133 2445 4189 luerit
2479 4134 2689 4188 zeluset
2712 4132 2928 4200 invidia,
2954 4147 3059 4186 non
3086 4131 3240 4186 nobis
3269 4145 3388 4186 esse
3416 4132 3567 4201 glo-.

1950 4224 2195 4280 riandum
2244 4222 2475 4280 Jacobus
2505 4222 2697 4293 probat
2740 4222 2925 4278 dicens
2957 4240 2971 4275 :
3006 4221 3178 4276 Nolite
3214 4222 3429 4290 gloriari
3476 4225 3522 4275 cl

1950 4318 2237 4375 mendaces
2260 4332 2381 4379 esse
2400 4317 2659 4373 adversus
2677 4312 2977 4383 veritatem,
2999 4325 3053 4371 et
3079 4315 3302 4385 reliqua.
3321 4315 3427 4371 Sed
3452 4314 3532 4369 in—

1950 4410 2168 4466 duimini
2199 4409 2475 4464 Dominum
2494 4406 2672 4463 Iesum
2697 4406 2978 4475 Christum,
3006 4416 3056 4461 et
3079 4408 3247 4462 carnis
3275 4423 3446 4460 curam
3472 4423 3535 4461 ne

1952 4504 2190 4576 feceritis.
2217 4502 2318 4570 Qui
2344 4500 2474 4557 dicit
2500 4516 2559 4556 se
2582 4501 2636 4555 in
2667 4498 2879 4555 Christo
2917 4514 3155 4563 manere,
3189 4498 3347 4567 debet
3403 4513 3533 4567 quo-

254 4597 402 4651 clina
433 4599 651 4669 pauperi
673 4612 857 4654 aurern
881 4605 1052 4664 tuam,
1072 4602 1136 4651 'et
1159 4595 1327 4650 redde
1354 4593 1596 4650 debitum
1648 4602 1793 4649 tuum
1825 4608 1842 4648 :
1874 4580 1927 4642 Ῑ)
1955 4594 2116 4651 modo
2147 4592 2239 4649 ille
2267 4591 2575 4658 ambulavit,
2605 4590 2882 4647 ambulare
2925 4609 2937 4644 :
2972 4592 3118 4646 solus
3174 4588 3418 4644 Christus
3456 4589 3538 4642 vi-

253 4687 423 4742 etiam
447 4690 788 4760 eleemosyna
811 4688 1052 4743 debitum
1107 4685 1423 4756 appellatur.
1479 4683 1578 4739 Cui
1606 4685 1843 4756 vectigal,

254 4780 496 4850 vectigal.
531 4781 770 4851 Vectigal
793 4786 1034 4835 nostrum
1065 4786 1169 4847 est,
1210 4785 1269 4833 ut
1325 4777 1723 4833 transeuntibus
1747 4776 1846 4831 de.

254 4886 409 4939 mus,
438 4873 521 4929 vel
553 4880 889 4928 transeuntes
910 4870 1219 4927 sedentibus
1249 4868 1315 4924 ad
1345 4869 1485 4922 viam
1527 4876 1582 4923 ct
1608 4866 1848 4937 indigen-

253 4960 408 5016 tibus
428 4962 736 5033 largiamur.
767 4961 1206 5033 Vectigalantem
1253 4974 1283 5013 a
1339 4957 1583 5014 vehendo
1631 4958 1846 5033 dicitur.

251 5050 356 5103 Cui
388 5052 640 5120 timorem,
671 5052 902 5107 timorem
930 5066 950 5106 :
973 5052 1057 5105 cui
1085 5051 1348 5112 honorem,
1392 5048 1652 5103 honorem.
1704 5048 1847 5116 Quo-

251 5144 427 5198 modo
450 5158 600 5214 ergo,
634 5150 828 5213 praeter
853 5144 1042 5212 Deum,
1072 5155 1141 5197 ne
1191 5140 1435 5196 timueris
1487 5140 1651 5195 alium
1676 5139 1699 5193 i
1748 5139 1845 5195 sed

251 5238 362 5302 sic,
390 5238 571 5306 inquit,
606 5248 659 5291 te
687 5250 806 5307 age,
831 5244 891 5290 ut
927 5236 1197 5291 neminem
1230 5232 1459 5288 timeas:
1486 5233 1645 5288 timor
1697 5233 1842 5288 enim

251 5326 357 5380 Dei
391 5326 605 5397 expellit
634 5327 879 5381 timorem
932 5327 1246 5381 humanum.
1304 5322 1512 5378 Nemini
1564 5323 1845 5393 quidquam

251 5417 507 5485 debeatis,
536 5418 639 5472 nisi
681 5426 738 5472 ut
759 5418 972 5473 invicem
1019 5417 1263 5489 diligatis.
1306 5416 1419 5472 Hoc
1462 5416 1636 5471 solum
1683 5417 1846 5473 debet

250 5523 482 5591 manere
511 5525 768 5580 :semper
795 5508 1099 5567 dilectionis
1125 5508 1383 5577 debitum,
1439 5507 1582 5578 quod
1630 5522 1844 5578 semper

246 5608 340 5655 est
373 5603 752 5660 necessarium.
788 5603 891 5672 Qui
940 5603 1077 5659 enim
1120 5603 1291 5674 diligit
1327 5604 1635 5674 proximum,
1682 5602 1843 5675 legem

244 5690 505 5756 implevit.
524 5692 802 5750 Proximus
820 5703 924 5759 est,
947 5693 1238 5749 secundum
1260 5681 1459 5749 dictum
1478 5692 1706 5758 Domini,
1726 5707 1843 5748 om-

240 5781 342 5836 nis
373 5782 534 5839 homo
557 5786 645 5856 qui
676 5785 1041 5843 misericordia
1076 5785 1295 5857 indiget.
1354 5784 1498 5841 Nam
1547 5803 1650 5841 non
1689 5784 1840 5839 adul-

1948 4685 2139 4742 dcatur
2164 4685 2216 4739 in
2242 4684 2416 4749 nobis,
2451 4694 2559 4738 non
2586 4682 2745 4737 homo
2774 4691 2946 4737 vetus.
2974 4680 3039 4736 In
3061 4681 3347 4735 desideriis.
3374 4679 3532 4734 Salo-

1951 4791 2078 4832 mon
2107 4793 2121 4833 :
2153 4775 2283 4830 Post
2306 4772 2769 4845 concupiscentias
2796 4782 2912 4827 tuas
2943 4788 3011 4827 ne
3065 4786 3177 4835 eas,
3214 4779 3270 4825 et
3291 4771 3480 4824 iterum
3515 4786 3529 4824 :

1951 4869 2007 4927 Si
2038 4868 2251 4924 dederis
2278 4864 2765 4936 concupiscentiam
2796 4864 2988 4918 anima:
3041 4871 3165 4927 tuae,
3195 4860 3350 4915 faciet
3376 4869 3429 4915 te
3478 4861 3534 4915 in

1950 4961 2197 5033 gaudium
2229 4959 2458 5013 inimicis
2489 4957 2615 5012 tuis.
2660 4954 2891 5012 Omnino
2945 4953 3243 5009 iaciendum
3293 4968 3400 5010 non
3449 4965 3536 5011 est

1950 5050 2090 5122 quod
2112 5064 2238 5104 caro
2268 5048 2559 5104 desiderat.

2016 5141 2145 5196 CAP.
2175 5155 2285 5195 xrv.
2315 5138 2589 5208 Inﬁrmum
2618 5146 2787 5194 autem
2808 5137 2862 5192 in
2874 5137 2997 5201 ﬁde.
3028 5137 3166 5194 lline
3194 5137 3383 5208 incipit
3423 5137 3525 5194 dis

1946 5245 2127 5289 serere
2149 5232 2286 5285 inter
2311 5245 2405 5285 eos
2428 5230 2516 5300 qui
2546 5228 2885 5285 crediderant
2908 5228 2962 5285 in
3006 5229 3245 5296 Christo,
3286 5231 3407 5301 quia
3440 5231 3532 5285 alii
3624 5236 3627 5239 λ

1945 5336 2131 5378 eorum
2157 5328 2311 5375 erant
2342 5318 2565 5391 perfecti
2598 5319 2649 5373 in
2675 5318 2800 5387 ilde,
2830 5319 2917 5374 alii
2943 5319 3120 5375 adhuc
3163 5320 3341 5374 minus
3373 5319 3527 5373 ﬁrmi.

1946 5412 2012 5466 Et
2047 5411 2082 5466 ii
2113 5412 2199 5481 qui
2228 5407 2450 5481 perfecti
2472 5417 2646 5478 erant,
2671 5409 2832 5464 etiam
2856 5410 2925 5465 de
2965 5409 3316 5464 intmolatitiis
3356 5423 3533 5462 carm-

1945 5505 2073 5571 bus,
2093 5503 2234 5558 sicis
2260 5502 2454 5573 aliquis
2480 5501 2805 5571 apponebat,
2830 5512 3078 5573 tanquam
3120 5501 3355 5571 reliquos
3380 5501 3533 5558 cibos
3574 5508 3579 5515 '

1945 5601 2062 5655 sine
2088 5597 2413 5654 discretione
2438 5599 2716 5665 :cqnziliter
2773 5598 3184 5655 manducabant.
3236 5599 3343 5655 Alii
3400 5615 3532 5656 vero

1947 5691 2287 5755 haesitabant,
2316 5697 2484 5744 eteas
2506 5689 2652 5744 velut
2680 5688 2983 5746 immundae
3028 5691 3287 5759 vitabant,
3336 5694 3533 5763 quibus

1946 5782 2154 5849 dicitur,
2181 5789 2238 5835 ut
2282 5779 2401 5835 olus
2443 5779 2783 5837 manducent.
2812 5780 3013 5839 Tamen
3044 5782 3205 5853 aliqui
3236 5785 3528 5856 capitulum
