3968 6166
442 395 540 452 ωε

1543 397 1831 454 FRIMASH
1872 394 2324 452 ADRUMETA—Sl'
2357 395 2570 453 EPISC.
3571 389 3685 445 5C0

441 511 578 566 istud
603 511 668 566 de
698 513 759 567 iis
781 513 868 583 qui
888 523 952 570 ex
981 513 1178 569 Judzeis
1207 522 1258 569 et
1284 528 1346 569 ex
1377 513 1619 583 gentibus
1639 509 1994 573 credideram,
2030 511 2077 569 Α
2106 523 2203 562 nos
2231 522 2358 562 vero
2381 507 2697 570 econtrario,
2723 515 2813 562 aut
2840 507 2991 563 nobis
3031 507 3279 572 vivimus,
3315 516 3405 560 aut
3451 506 3680 559 homini--

442 602 640 655 dictum
708 614 922 671 putant,
974 605 1094 673 quia
1152 604 1240 672 qui
1310 618 1374 658 ex
1421 603 1615 657 ludatis
1669 603 2004 657 crediderant

443 693 616 747 adhuc
642 695 788 760 quasi
811 695 1102 749 secundum
1127 695 1293 764 lcgcm
1349 703 1403 749 et
1451 709 1637 748 carnes
1685 693 1888 761 aliquas
1914 693 2004 746 im-

445 787 686 849 mandas,
710 794 763 839 ct
791 786 903 840 dies
951 788 1156 856 aliquos
1201 787 1493 842 sanctiores
1518 785 1800 854 putabant,
1843 783 2005 838 veluti

444 874 745 940 sabbatum,
779 886 867 929 aut
893 877 1235 932 neomenias:
1269 878 1394 944 ipsis
1423 878 1571 946 quasi
1599 875 1825 929 infirmis
1854 873 2007 942 jube-

447 971 531 1015 tur
555 965 698 1018 olera
723 966 1042 1021 manducare
1077 985 1090 1021 :
1131 983 1248 1036 quae
1270 967 1632 1022 indifferenter
1658 965 2006 1022 comeduntur

445 1055 512 1106 ab
536 1057 798 1110 ommbus.
823 1059 922 1124 Qui
949 1060 1206 1114 ﬁrmiores
1232 1070 1383 1115 erant
1410 1061 1460 1114 iu
1489 1059 1729 1126 fide,_noc
1776 1068 1875 1123 est,
1919 1056 2006 1125 qui

447 1158 509 1196 ex
560 1145 802 1213 gentibus
853 1149 1207 1213 crediderant,
1261 1165 1446 1203 omnes
1469 1164 1670 1204 carnes
1706 1157 1758 1202 et
1823 1160 2007 1200 omnes

447 1231 558 1288 dies
603 1237 829 1304 :rquales
859 1254 977 1293 esse
1033 1240 1362 1294 credebant:
1395 1241 1508 1294 istis
1548 1240 1737 1293 dicitur
1779 1247 1841 1291 ut-
1880 1237 2007 1290 nihil

449 1323 713 1378 aestiment
742 1340 1020 1382 commune
1045 1344 1141 1397 per
1173 1331 1364 1397 ipsum,
1393 1329 1490 1382 nisi
1540 1329 1586 1382 ei
1619 1328 1708 1397 qui
1729 1339 2008 1380 commune

449 1413 770 1480 crediderit,
797 1419 931 1470 sicut
960 1418 1143 1472 subter
1199 1419 1425 1487 adjecit:
1449 1418 1572 1474 Scio
1596 1427 1650 1472 et
1702 1417 1911 1471 confido
1954 1417 2005 1469 in

450 1504 691 1571 Domino,
720 1509 837 1576 quia
869 1509 994 1563 nihil
1025 1497 1302 1566 commuiie
1332 1527 1423 1580 per
1445 1513 1634 1580 ipsum,
1688 1521 1741 1564 et
1780 1510 2000 1578 reliqua.

451 1596 716 1651 Assumite.
737 1600 1016 1668 Suscipite,
1047 1606 1126 1657 vel
1175 1606 1454 1658 sustinete.
1507 1603 1727 1673 Oblique
1782 1603 1898 1657 illos
1928 1605 2006 1656 in—

448 1697 631 1756 crepat
656 1689 743 1758 qui
773 1705 830 1746 se
879 1690 1039 1747 fortes
1067 1695 1339 1763 putabant,
1368 1696 1684 1750 utcarnibus
1714 1703 2005 1748 uterentur.

455 1776 572 1832 Non
601 1781 651 1834 in
678 1782 1119 1850 disceptationibus
1167 1787 1554 1854 cogitationum.
1595 1786 1773 1842 Nolite
1823 1801 2012 1840 secun-

2112 603 2206 655 bus
2239 601 2515 655 morimur.
2547 599 2663 653 Siue
2686 615 2809 669 ergo
2835 601 3064 660 vivimus,
3092 604 3192 652 sive
3238 598 3506 654 morimur,
3567 595 3678 646 Do-

2109 692 2235 744 mini
2259 707 2456 745 sumus.
2482 689 2546 742 In
2575 690 2668 742 hoc
2690 688 3065 743 enimC/aristns
3093 699 3325 740 mortuus
3348 697 3417 740 est
3441 695 3486 740 et
3509 703 3678 738 resur-

2111 784 2259 845 rexit,
2294 792 2347 833 ut
2373 791 2418 834 et
2448 781 2674 834 vivorum
2700 789 2746 833 et
2774 792 3085 832 mortuorum
3115 779 3420 830 dominetur.
3467 776 3681 828 Adven-

2111 883 2196 928 tus
2228 875 2320 928 Dei
2352 883 2404 928 et
2433 875 2583 926 vivos
2606 872 2858 933 inveniet,
2882 881 2935 924 et
2959 879 3195 924 mortuos
3213 868 3504 921 suscitaliit.
3534 867 3675 919 Nihil

2112 982 2238 1036 ergo
2259 965 2570 1036 prasjudicat
2599 984 2610 1018 :
2645 976 2820 1018 utrum
2848 975 2898 1018 te
2926 966 3104 1018 vivum
3138 960 3386 1024 inveniat,
3421 967 3512 1012 aut
3539 971 3682 1011 resu-

2113 1061 2288 1125 scitet,
2321 1067 2520 1112 tantum
2543 1065 2599 1112 ut
2615 1057 2790 1126 justus
2809 1057 2901 1111 sis.
2929 1056 3002 1109 Tu
3015 1065 3180 1108 autem
3200 1054 3320 1122 quid
3341 1052 3550 1122 judicas
3575 1054 3683 1117 fra-

2113 1160 2236 1203 trem
2267 1160 2408 1202 tuum
2423 1153 2447 1202 7
2461 1149 2572 1216 Qua
2587 1148 2934 1202 auctoritate?
2952 1146 3100 1212 quasi
3133 1159 3237 1198 non
3261 1153 3475 1212 propter
3487 1140 3678 1205 Deum,

2113 1242 2205 1296 sed
2230 1252 2445 1311 propter
2467 1241 2640 1310 gulam
2661 1239 2962 1294 manducet.
2987 1239 3082 1290 Aut
3115 1247 3168 1290 tu
3189 1253 3347 1305 quare
3368 1235 3564 1302 spernis
3579 1235 3681 1298 {ra-

2115 1344 2240 1386 trem
2270 1333 2446 1385 tuum?
2469 1332 2628 1398 Quasi
2662 1330 3131 1399 propterhomines
3161 1327 3443 1380 abstineat.
3473 1322 3680 1376 'Omnes

2113 1427 2244 1479 enim
2267 1425 2527 1479 stabimus.
2555 1425 2703 1478 Tunc
2732 1425 2798 1477 de
2827 1424 2940 1478 istis
2958 1422 3210 1476 Dominus
3237 1420 3496 1489 judicabit
3523 1419 3648 1487 quid
3667 1459 3681 1478 ,

2115 1516 2378 1587 quomodo
2395 1515 2692 1570 fecerimus.
2709 1515 2838 1567 Ante
2856 1513 3070 1566 tribunal
3089 1510 3198 1564 Dei.
3222 1512 3380 1564 Deum
3399 1523 3520 1561 esse
3532 1507 3654 1560 Chri
3667 1535 3686 1547 -

2116 1619 2278 1674 stum,
2309 1609 2397 1678 qui
2422 1607 2755 1675 judicaturus
2785 1621 2862 1661 εει
2914 1621 3018 1661 non
3049 1605 3277 1660 dubites.
3324 1604 3586 1670 Scriptum
3615 1612 3686 1655 cst

2120 1700 2252 1753 enim
2275 1714 2293 1752 :
2330 1699 2450 1751 Vivo
2477 1713 2592 1768 ego,
2617 1699 2740 1750 dicit
2769 1697 3012 1750 Dominus
3040 1711 3055 1748 :
3091 1697 3331 1760 quoniam
3356 1695 3480 1745 mihi
3516 1695 3687 1762 flecte-

2122 1801 2201 1844 tur
2226 1806 2372 1844 omne
2400 1806 2552 1860 genu,
2578 1800 2623 1843 et
2651 1791 2812 1842 omnis
2839 1791 3013 1860 lingua
3042 1789 3360 1854 conﬁtebitur
3393 1786 3518 1838 Deo.
3554 1786 3688 1838 Pro-

453 1866 573 1923 -Ῐυῐη
603 1883 808 1928 vestras
837 1875 1181 1941 cogitationes
1207 1877 1466 1946 judicare,
1499 1894 1655 1948 quem
1680 1879 1760 1932 lex
1788 1893 1892 1935 non
1918 1877 2009 1946 ju-
2046 1878 2092 1938 B
2119 1883 2210 1936 bat
2238 1883 2513 1951 scriptum,
2540 1881 2678 1950 quod
2695 1894 2879 1934 omnes
2894 1879 2991 1934 soli
3016 1878 3124 1932 Deo
3151 1877 3371 1930 reddent
3401 1879 3686 1929 rationem.

454 1959 612 2014 dit-at.
642 1963 787 2016 Alius
819 1965 951 2017 enim
974 1967 1128 2019 crcdit
1151 1983 1204 2021 se
1230 1969 1537 2022 manducare
1561 1968 2018 2034 omnia.Quiscili-

454 2062 538 2104 cet
565 2053 743 2107 senior
769 2065 849 2108 eSt
870 2095 885 2120 ,
918 2065 1007 2110 aut
1027 2056 1134 2125 jam
1162 2058 1397 2113 edomuit
1421 2074 1652 2122 carnem,
1681 2069 1772 2114 aut
1821 2068 2018 2114 tantam

455 2140 609 2196 fidem
654 2144 831 2211 habet,
857 2157 909 2201 ut
958 2164 1060 2201 non
1093 2152 1257 2217 possit
1284 2152 1500 2216 moveri,
1534 2152 1597 2206 ad
1630 2153 1890 2206 luxuriam
1936 2152 2020 2206 vel

456 2246 750 2303 peccatum.
767 2240 864 2303 Qui
883 2253 1048 2294 autem
1067 2242 1297 2309 inﬁrmus
1320 2250 1414 2307 est,
1434 2244 1544 2296 olus
1568 2244 1853 2297 manducet.
1870 2244 2020 2298 Infir-

457 2341 593 2391 mus,
620 2330 910 2384 secundum
942 2332 1104 2386 Demn
1125 2378 1139 2400 ,
1164 2341 1258 2386 aut
1283 2335 1638 2404 jnventutem,
1670 2345 1759 2388 aut
1780 2334 2020 2400 corporis

457 2418 711 2488 calorem,
741 2421 823 2475 vel
845 2422 1020 2477 fidem.
1064 2421 1119 2478 ls
1144 2425 1231 2493 qui
1259 2427 1530 2478 manducet
1569 2443 1668 2479 non
1706 2425 2021 2478 manducan-

458 2518 559 2564 tem
585 2527 684 2564 non
705 2522 927 2582 spernat.
960 2513 1025 2566 Et
1051 2516 1139 2584 qui
1169 2532 1268 2570 non
1291 2518 1588 2583 manducet,
1636 2517 2024 2569 manducantem

459 2619 557 2657 non
567 2605 779 2672 judicat.
813 2606 1085 2662 Habebam
1113 2607 1249 2663 inter
1277 2624 1334 2663 se
1362 2609 1748 2664 aemulationem
1801 2609 1887 2678 qui
1920 2623 2022 2662 non

459 2695 879 2764 manducabant,
905 2699 1285 2755 manducantes
1309 2700 1618 2767 judicabant
1647 2699 1796 2770 quasi
1833 2714 2024 2754 carna-

460 2788 566 2854 les,
598 2787 738 2843 etilli
771 2790 888 2844 illos
917 2790 1226 2857 irridebant,
1253 2792 1400 2861 quasi
1448 2792 1556 2845 cito
1597 2790 1836 2845 volentes
1867 2791 2024 2852 meri,

461 2885 514 2932 et
543 2877 800 2942 infirmos,
830 2878 917 2947 qui
947 2879 1014 2934 de
1065 2879 1410 2934 immolatitiis
1443 2879 1842 2933 manducarent.
1894 2877 2028 2931 Deus

462 2968 594 3020 enim
621 2968 768 3021 illum
811 2970 1105 3038 assumpsit.
1134 2970 1391 3026 Similiter
1443 2969 1710 3038 quomodo
1737 2980 1790 3023 et
1845 2979 1916 3023 te.
1950 2968 2029 3022 Tu

467 3060 584 3128 quis
619 3076 670 3112 cs
697 3059 784 3128 qui
799 3059 1004 3125 judires
1033 3062 1253 3114 alienum
1280 3043 1672 3114 serrum?Sicut
1699 3060 1772 3114 ait
1817 3068 2032 3114 sanctus

463 3151 694 3206 Jacobus
725 3151 865 3217 :Qui
889 3151 1092 3219 judicat
1123 3152 1359 3217 fratrem,
1379 3151 1582 3221 judicat
1604 3152 1772 3222 legem
1803 3151 2028 3216 scilicet,

2118 1971 2299 2047 Itaque
2321 1977 2660 2046 unusquisque
2682 1985 2910 2028 nostrum
2933 1991 3024 2045 pro
3036 1991 3087 2028 se
3106 1975 3348 2027 rationem
3370 1974 3540 2024 redde:
3557 1971 3686 2024 Dee.

2118 2067 2233 2121 Non
2269 2082 2362 2135 pro
2391 2067 2518 2131 alio,
2545 2080 2642 2120 nec
2666 2065 2966 2118 hominibus
2995 2079 3090 2133 pro
3127 2079 3186 2116 se
3215 2063 3470 2117 rationem
3502 2062 3691 2116 reddet

2120 2158 2186 2211 de
2221 2157 2303 2211 his
2324 2158 2513 2227 quibus
2539 2158 2619 2210 lex
2654 2165 2810 2210 tacet.
2851 2156 2980 2209 Nam
3011 2155 3054 2209 si
3089 2153 3311 2209 tacuerit
3343 2153 3526 2207 videns
3569 2167 3694 2220 pec-

2121 2257 2351 2312 cantem,
2382 2247 2568 2303 reddct
2598 2247 2854 2300 rationem
2888 2260 2983 2314 pro
3011 2260 3095 2300 eo.
3119 2243 3514 2312 SpeculatOrem
3542 2241 3694 2308 posui

2125 2349 2174 2394 te
2196 2338 2375 2393 domui
2399 2338 2583 2402 Israel,
2608 2338 2802 2392 dicitur
2828 2337 2891 2390 ad
2917 2337 3249 2405 prophetam.
3279 2333 3396 2386 Non
3427 2349 3550 2403 ergo
3582 2347 3692 2383 (ml-

2125 2429 2256 2497 plius
2275 2429 2480 2480 invicem
2503 2429 2816 2496 judicemus.
2850 2426 3061 2481 Sufficit
3087 2424 3227 2493 quod
3252 2439 3387 2477 nunc
3415 2424 3694 2490 hucusque

2124 2517 2428 2586 ignorantes
2458 2515 2684 2571 fecistis.
2715 2516 2821 2570 Sed
2847 2515 3181 2586 Itocjudicatc
3208 2514 3396 2583 magis,
3435 2528 3496 2566 ne
3534 2528 3697 2582 pona-

2125 2608 2190 2659 tis
2219 2606 2580 2674 a/fsndiculum
2609 2607 2776 2676 fret-ri,
2810 2605 2884 2658 vel
2909 2605 3225 2658 scandalum.
3263 2604 3396 2656 Han
3426 2601 3693 2656 subtiliter

2126 2703 2422 2772 ingreditur
2449 2703 2515 2756 ad
2546 2703 2938 2768 abstinentiam,
2970 2710 3023 2757 et
3053 2703 3179 2757 dicit
3206 2717 3306 2756 non
3353 2701 3470 2758 illos
3497 2701 3697 2756 debere

2130 2796 2476 2864 manducare,
2499 2797 2736 2863 quamvis
2769 2796 2904 2850 flrmi
2932 2798 3055 2863 sint,
3081 2810 3147 2850 ne
3172 2794 3409 2864 juniores
3439 2795 3698 2864 exemplo

2131 2883 2360 2946 illorum,
2393 2895 2482 2938 aut
2511 2884 2828 2938 infirmiores
2855 2883 3192 2947 manducent,
3215 2891 3267 2935 et
3289 2882 3581 2946 ochndant,
3605 2891 3702 2936 aut

2131 2972 2574 3027 scandalizentur.
2607 2972 2725 3028 Scio
2745 2986 2793 3027 et
2823 2975 3022 3040 conﬁdo
3051 2976 3100 3025 in
3131 2973 3350 3026 Domina
3399 2972 3431 3026 J
3439 2990 3545 3037 esu,
3577 2976 3703 3041 quia

2134 3063 2260 3116 nihil
2281 3079 2563 3117 commune.
2596 3063 2672 3119 Ne
2697 3063 2952 3127 dicerent,
2969 3079 3085 3133 quce
3104 3065 3241 3118 Deus
3255 3065 3470 3128 creavit,
3493 3073 3544 3116 tu
3559 3078 3706 3117 com.

2135 3152 2313 3206 munia
2335 3153 2466 3206 dicis
2493 3166 2610 3207 esse
2637 3171 2651 3207 :
2675 3168 2779 3206 non
2815 3155 2915 3208 hoc
2939 3153 3055 3208 ideo
3085 3153 3224 3219 dict),
3273 3163 3329 3207 ut
3360 3153 3559 3220 aliquid
3603 3168 3708 3221 pn-

467 3254 522 3300 et
550 3245 925 3314 sapientiorem
949 3259 1008 3299 se
1032 3244 1228 3299 indicat
1256 3245 1390 3312 lege.
1425 3243 1536 3300 Suo
1558 3245 1763 3297 domino
1804 3252 1903 3297 stat
1943 3253 2032 3297 aut
2060 3228 2106 3291 C
2138 3254 2243 3300 tem
2271 3261 2389 3302 esse
2442 3261 2742 3302 commune.
2777 3246 2878 3300 Per
2907 3248 3090 3314 ipsum.
3137 3247 3234 3300 Per
3281 3246 3551 3300 Christum
3582 3259 3707 3297 om-

465 3335 638 3390 cedit.
656 3335 779 3390 Sive
809 3334 958 3400 vivit,
993 3333 1103 3389 sive
1131 3334 1376 3400 moritur,
1409 3333 1531 3402 quia
1571 3343 1626 3388 et
1672 3333 1762 3388 ille
1817 3341 2033 3401 pr0pter

469 3426 636 3481 Deum
664 3425 914 3490 abstinet,
945 3433 1000 3480 et
1027 3425 1115 3480 illo
1146 3435 1360 3494 propter
1400 3423 1678 3490 Dominum
1728 3423 2030 3478 manducat.

470 3519 639 3572 Stabit
667 3530 837 3572 autem
865 3533 884 3572 :
933 3529 1107 3588 potens
1138 3528 1211 3572 est
1263 3517 1393 3570 enim
1423 3515 1562 3570 Deus
1603 3524 1817 3570 statuere
1865 3515 2030 3568 illum.

474 3611 615 3666 Deus
642 3612 728 3680 qui
782 3620 888 3666 tres
927 3626 1120 3680 pueros
1163 3609 1516 3680 leguminibus
1559 3615 1737 3676 pastos
1787 3605 2034 3660 meliores

470 3703 1075 3772 fecitapparere,quam
1101 3703 1218 3756 illos
1245 3702 1331 3770 qui
1373 3700 1440 3755 de
1486 3713 1672 3754 mensa
1719 3698 1857 3766 regis
1912 3696 2037 3749 ede-

474 3795 625 3861 bant,
655 3804 829 3862 potest
856 3805 910 3850 et
929 3795 1027 3848 ista
1059 3793 1236 3848 facere
1264 3811 1274 3846 :
1307 3793 1356 3845 in
1400 3804 1625 3860 corpore
1644 3789 1844 3843 diutius
1873 3794 2034 3847 stare,

474 3896 565 3941 aut
582 3885 844 3956 jejunare,
874 3895 965 3938 aut
986 3884 1230 3938 carnibus
1257 3883 1548 3936 abstinere.
1593 3879 1732 3934 Nam
1793 3877 1928 3931 alius
1949 3877 2039 3946 ju-

475 3979 612 4030 dicat
665 3979 796 4030 diem
853 3977 982 4029 inter
1039 3973 1366 4028 diem:alius
1397 3973 1601 4043 judicat
1648 3983 1840 4022 onmem
1881 3967 2035 4018 diem.

475 4069 646 4123 Judaei
677 4069 819 4123 diem
842 4068 979 4121 inter
1017 4065 1153 4121 diem
1187 4081 1290 4118 non
1342 4070 1588 4132 pOterant
1629 4059 1890 4128 judicare,
1920 4057 2040 4126 quia

478 4159 544 4214 de
563 4159 877 4229 jejunio-lex
909 4173 1014 4211 non
1067 4166 1148 4210 est
1190 4155 1382 4224 posita,
1425 4153 1518 4208 sed
1563 4149 1828 4219 quomodo
1870 4156 2044 4215 potest

479 4251 860 4318 unusquisque,
891 4257 980 4300 aut
1009 4245 1116 4299 vult
1147 4262 1161 4300 :
1188 4245 1278 4313 qui
1311 4253 1487 4298 autem
1510 4244 1626 4310 plus
1649 4241 1872 4309 jejunat,
1904 4252 2043 4290 mer-

479 4341 661 4394 cedem
687 4339 938 4406 majorexu
969 4337 1144 4392 habet.
1171 4335 1524 4403 Unusquisque
1539 4335 1589 4385 in
1607 4346 1860 4384 suosensu
1885 4329 2044 4380 abun-

482 4431 586 4480 det.
621 4429 673 4479 lu
705 4427 792 4479 tali
842 4441 997 4478 causa
1043 4427 1295 4478 duntaxat
1362 4423 1720 4490 unusquisque
1745 4421 1821 4472 sic
1862 4416 2040 4480 faciat,

482 4517 748 4586 quomodo
778 4516 968 4570 melius
999 4524 1162 4584 putat,
1193 4523 1281 4567 aut
1311 4522 1502 4581 potest,
1521 4520 1610 4566 aut
1635 4510 1874 4578 corporis
1903 4509 2046 4563 vale-

2138 3338 2222 3392 nia
2263 3338 2510 3392 mundata
2537 3348 2694 3393 sunt:
2720 3354 3002 3394 Commune
3035 3339 3173 3393 enim
3204 3350 3316 3392 erat
3363 3337 3618 3406 quidquid
3650 3339 3704 3389 in

2136 3444 2257 3484 esca
2288 3445 2394 3483 non
2424 3430 2696 3498 excipitur
2717 3429 3038 3484 Judarornm.
3081 3429 3198 3481 Nisi
3243 3430 3287 3481 ei
3335 3430 3422 3496 qui
3448 3429 3707 3481 rx'szimat

2135 3523 2258 3592 quid
2283 3539 2547 3576 commune
2579 3539 2706 3584 esse,
2731 3521 2810 3574 illi
2840 3537 3100 3574 commune
3127 3531 3220 3575 est.
3271 3521 3326 3575 In
3379 3520 3708 3574 conscientia

2138 3626 2253 3666 sua.
2279 3611 2340 3666 Si
2363 3613 2495 3666 enim
2523 3623 2729 3682 propter
2756 3612 2921 3665 cibum
2967 3613 3128 3681 frater
3184 3622 3300 3664 tuus
3353 3612 3708 3664 contristatur.

2137 3701 2253 3756 Non
2283 3703 2414 3756 dixit
2445 3702 2953 3771 propterjejunium,
2983 3704 3027 3757 si
3054 3702 3203 3756 illum
3249 3712 3338 3755 aut
3369 3715 3529 3769 Cogis
3558 3717 3716 3754 man-

2139 3791 2354 3856 ducare,
2380 3800 2470 3845 aut
2498 3800 2589 3845 tuo
2619 3793 2865 3861 exemplo
2889 3806 3165 3858 provoces,
3207 3790 3296 3859 qui
3327 3791 3522 3843 invitus
3550 3803 3711 3841 man-

2139 3883 2319 3950 ducat,
2351 3883 2492 3950 quod
2515 3897 2618 3936 non
2646 3894 2821 3952 potest
2841 3883 3126 3938 sustinere.
3156 3881 3277 3935 Jam
3308 3898 3410 3934 non
3429 3882 3714 3933 secundum

2141 3975 2438 4028 charitetem
2463 3973 2710 4029 ambulas.
2734 3973 2850 4030 iam
2882 3989 2985 4028 non
3021 3974 3200 4042 diligis
3222 3975 3518 4040 proximum
3575 3972 3717 4026 sicut

2145 4074 2195 4119 te
2222 4065 2413 4134 ipsum,
2447 4065 2491 4118 si
2523 4078 2626 4118 non
2647 4065 2788 4120 illius
2803 4066 3006 4119 ruinam
3031 4064 3336 4117 consideras
3359 4062 3513 4131 quasi
3543 4070 3714 4114 tuam.

2147 4152 2272 4207 Noli
2299 4153 2408 4206 cibo
2445 4162 2531 4207 tuo
2560 4155 2705 4208 illum
2733 4155 2961 4223 perdere,
2991 4169 3082 4222 pro
3104 4168 3200 4220 quo
3230 4150 3457 4205 Christus
3484 4161 3716 4203 mortuus

2144 4254 2237 4299 est.
2269 4244 2380 4299 Non
2403 4245 2538 4299 dixit
2566 4243 2893 4298 abstinentia
2909 4250 3019 4295 tua.
3053 4239 3175 4294 Non
3201 4257 3319 4309 ergo
3343 4239 3720 4306 blasphematur

2146 4353 2328 4391 nomen
2358 4345 2606 4390 nostrum.
2633 4335 3035 4402 Blasphematur
3051 4341 3250 4398 autem,
3269 4332 3539 4400 si.pr0pter
3561 4344 3719 4385 escas

2146 4427 2516 4492 contentiones
2566 4426 2820 4480 oriantur.
2849 4423 2966 4478 Non
3018 4435 3093 4478 est
3169 4426 3302 4476 enim
3362 4439 3574 4492 regnum
3624 4422 3726 4474 Dei

2149 4529 2260 4569 esca
2282 4525 2328 4569 et
2353 4527 2519 4583 potus.
2544 4514 2656 4569 Non
2689 4529 2782 4582 per
2807 4529 2980 4568 escam
3004 4513 3357 4582 justificamur
3382 4521 3470 4566 :et
3500 4527 3604 4565 non
3635 4511 3723 4563 di—

486 4608 613 4661 tudo
640 4605 914 4675 permittit.
968 4606 1068 4671 Qui
1089 4607 1218 4673 sapit
1244 4604 1397 4667 diem,
1438 4602 1656 4655 Domino
1680 4601 1832 4670 sapit.
1865 4597 1931 4652 Et
1963 4615 2028 4667 qu

2152 4611 2254 4670 xit,
2295 4607 2554 4676 jejunium
2595 4615 2650 4660 et
2691 4605 2972 4671 sobrietas,
3008 4604 3099 4658 sed
3142 4617 3266 4658 esca
3305 4612 3355 4656 el
3401 4611 3581 4670 potus.
3614 4601 3722 4654 Sed

484 4703 775 4762 manducet,
808 4695 1027 4750 Domino
1079 4696 1377 4750 manducet.
1436 4695 1663 4748 Domino
1707 4693 1845 4762 sapit
1880 4691 2044 4759 diem,

483 4793 573 4861 qui
597 4789 801 4861 jejunat
830 4799 1040 4857 propter
1060 4787 1243 4848 Deum,
1273 4787 1384 4840 sive
1409 4785 1497 4854 qui
1524 4785 1799 4861 sapientiai
1830 4783 2048 4835 studens

485 4858 733 4938 abst—inet.
763 4880 969 4935 Gratias
996 4879 1129 4933 enim
1157 4877 1261 4946 agit
1292 4875 1415 4930 Deo.
1439 4875 1496 4928 Et
1518 4876 1603 4944 qui
1629 4858 1730 4926 non
1753 4873 2047 4935 utenducat,

485 4971 708 5025 Domino
737 4988 836 5023 non
870 4968 1160 5032 manducet,
1187 4975 1233 5019 et
1286 4963 1480 5036 grdties
1503 4965 1606 5032 egit
1653 4962 1776 5015 Deo.
1810 4960 2053 5029 Evange-

489 5065 505 5114 l
533 5078 616 5114 um
640 5063 912 5130 praedicat,
944 5076 1038 5130 per
1059 5058 1198 5129 quod
1222 5059 1405 5128 gratia:
1456 5055 1678 5110 Domino
1705 5053 2002 5108 referantur
2036 5069 2048 5105 :

489 5156 612 5222 quia
646 5166 859 5222 propter
898 5155 1061 5210 Deum
1090 5154 1390 5220 manducet,
1421 5163 1475 5205 ut
1500 5153 1662 5219 possit
1708 5152 1903 5205 habere
1949 5151 2056 5202 vir-

490 5254 656 5298 tutem
682 5245 975 5298 aedificandi
996 5261 1188 5313 corpus
1215 5245 1414 5298 ChriSti
1447 5261 1460 5296 :
1486 5259 1586 5296 non
1622 5252 1834 5310 propter
1855 5241 2051 5310 gulam,

491 5350 589 5388 nec
614 5343 826 5402 propter
856 5334 1131 5386 luxurittn.
1160 5334 1322 5387 Nemo
1347 5334 1478 5387 enim
1503 5343 1727 5385 uestrum
1779 5331 1872 5384 sibi
1918 5331 2052 5394 risit,

488 5435 535 5478 et
568 5440 710 5476 nemo
739 5423 834 5476 sibi
858 5424 1089 5474 moritur.
1122 5423 1221 5476 Per
1245 5426 1381 5477 illius
1428 5424 1727 5492 exemplum
1763 5422 1911 5476 multi
1959 5419 2059 5474 sal-

490 5524 684 5568 vantur
713 5523 760 5568 et
785 5513 984 5582 gratias
1003 5523 1161 5581 agunt
1186 5514 1310 5567 Deo.
1345 5515 1441 5580 Qui
1493 5516 1634 5568 enim
1687 5530 1816 5568 voce
1862 5515 2057 5582 gratias

495 5607 624 5672 agit,
657 5605 801 5658 solus
827 5605 955 5672 agit,
983 5603 1069 5672 qui
1100 5612 1274 5656 autem
1304 5618 1486 5672 opere,
1517 5604 1709 5658 multos
1738 5617 1893 5671 agere
1913 5601 2056 5655 facit.

496 5694 616 5743 .Siue
644 5697 773 5745 enim
803 5694 1032 5759 vivimus,
1059 5693 1276 5746 Domino
1295 5695 1525 5758 vivimus;
1554 5695 1930 5758 sivemorimur,
1962 5691 2062 5744 Do-

500 5781 635 5831 nni-io
665 5784 922 5837 morimur.
950 5784 1140 5839 Beatus
1169 5785 1255 5854 qui
1283 5784 1456 5839 omnia
1484 5793 1696 5853 propter
1719 5783 1883 5838 Deum
1909 5781 2058 5837 facit:

2139 4703 2372 4772 justitie,
2397 4709 2445 4754 et
2475 4715 2603 4765 pax,
2631 4707 2676 4751 et
2705 4697 2948 4768 gaudium
2973 4697 3022 4748 in
3051 4695 3249 4765 Spiritu
3275 4704 3469 4747 sancte.
3496 4693 3599 4747 Sed
3627 4707 3726 4760 per

2147 4791 2408 4860 jejunium
2442 4789 2645 4844 facilius
2674 4787 2987 4857 acquiritur.
3016 4785 3117 4840 Ubi
3140 4783 3345 4855 justitia
3385 4792 3631 4850 tanquam
3659 4795 3727 4835 se

2153 4881 2451 4950 proximum
2497 4877 2850 4947 diligendum,
2885 4875 2956 4929 ibi
2983 4885 3037 4930 et
3087 4889 3185 4942 pax
3213 4891 3225 4926 :
3256 4881 3309 4927 et
3336 4872 3424 4924 ubi
3475 4887 3604 4939 pax,
3645 4869 3726 4922 ibi

2157 4982 2209 5032 et
2256 4971 2536 5039 gaudium,
2581 4969 2701 5036 quia
2741 4967 2830 5020 ubi
2877 4965 3162 5028 dissensio,
3211 4962 3282 5018 ibi
3332 4961 3566 5015 tristitia.
3618 4958 3732 5022 Qui

2154 5062 2286 5116 enim
2321 5061 2373 5112 in
2405 5061 2498 5112 hoc
2523 5059 2671 5112 servit
2710 5056 2912 5110 Christo
2943 5096 2955 5120 ,
2987 5057 3146 5125 placet
3177 5051 3284 5106 Dco
3309 5062 3353 5105 et
3383 5051 3623 5121 probatus
3649 5057 3733 5101 est

2156 5151 2458 5204 hominibus.
2502 5149 2669 5202 Nemo
2707 5156 2885 5216 potest
2912 5147 3153 5200 dubitare
3181 5145 3321 5212 quod
3369 5153 3592 5196 sanctus
3631 5142 3729 5194 sit.

2157 5237 2337 5305 Itaque
2364 5253 2476 5307 qua:
2503 5238 2639 5307 pacis
2669 5245 2818 5300 sunt,
2848 5244 3114 5289 sectemur.
3141 5233 3207 5288 Ut
3232 5247 3339 5286 non
3382 5233 3605 5286 invicem
3635 5229 3734 5298 ju-

2156 5329 2416 5383 dicemus.
2450 5326 2515 5379 Et
2538 5343 2650 5396 qua:
2679 5327 3029 5394 a'diﬁeetionis
3060 5334 3176 5378 sunt
3195 5365 3208 5391 ,
3235 5324 3442 5376 invicem
3471 5323 3735 5375 custodia-

2157 5437 2291 5472 mus.
2321 5418 2624 5472 rEdificatio
2666 5427 2748 5472 est
2776 5417 3095 5472 abstinentia
3131 5433 3144 5468 :
3174 5431 3294 5470 nam
3335 5429 3479 5479 esca,
3519 5412 3739 5467 etiamsi

2162 5529 2267 5566 non
2293 5514 2478 5582 perdat
2505 5511 2721 5565 fratrem
2741 5553 2754 5576 ,
2784 5526 2886 5565 non
2914 5510 3157 5564 aedificat.
3183 5508 3307 5561 Noli
3333 5515 3536 5576 propter
3563 5520 3742 5560 escam

2165 5605 2420 5657 destruere
2445 5619 2569 5672 opus
2602 5601 2716 5655 Dei.
2751 5602 3026 5656 lloainem
3057 5615 3210 5670 quem
3251 5599 3390 5652 Deus
3425 5598 3570 5652 fecit.
3602 5598 3740 5650 Om-

2166 5697 2250 5746 nia
2275 5696 2472 5762 quidem
2501 5693 2691 5745 nmnda
2720 5702 2855 5743 sunt.
2889 5691 3131 5758 Repetit,
3159 5703 3227 5743 ne
3253 5695 3549 5742 creaturam
3591 5685 3745 5738 datu-

2168 5797 2294 5838 nare
2333 5783 2587 5839 videatur.
2628 5781 2728 5835 Sed
2759 5781 2945 5834 malum
2990 5790 3060 5834 cst
3109 5779 3316 5834 homini.
3356 5777 3532 5846 Ipsum
3581 5792 3744 5831 tuum-
