3904 6176
314 356 398 409 εει

1174 342 1238 397 ΙΝ
1276 342 1652 399 EPISTOLAM
1694 341 1783 395 AD
1822 336 2144 397 ROMANOS
2180 334 2695 407 COMMENTARIA.

3444 336 3475 389 5
3499 336 3545 388 :2

317 469 432 524 dum
468 461 664 518 malum
693 458 748 513 lit
783 458 880 513 illi.
914 456 1015 524 Qui
1054 471 1142 527 per
1171 453 1533 521 oﬂ'endiculum
1577 453 1869 507 manducat.
1900 454 1949 512 Α
1981 449 2115 503 Deus
2168 457 2334 500 autem
2376 447 2631 516 patientia
2668 454 2714 500 et
2753 446 2920 500 solatii
2958 447 3041 501 det
3081 450 3236 503 t'obis.
3284 450 3395 504 Non
3442 452 3543 504 im-

318 556 564 617 Alterius,
596 567 699 605 non
727 563 902 603 suum.
937 549 1136 600 Bonum
1171 554 1241 598 est
1273 562 1376 598 non
1422 544 1733 597 manducare
1763 558 1876 594 car-

320 664 452 709 nem,
479 654 525 698 et
554 659 654 696 non
681 642 845 694 bibere
873 639 1067 691 vinum.
1097 636 1327 706 Exponit
1355 636 1479 705 quid
1510 644 1589 690 est
1622 649 1714 704 per
1736 632 1878 703 quod

319 737 529 793 ollendit
558 734 823 787 inﬁrmus.
850 728 1029 797 Neque
1053 727 1104 781 in
1131 742 1231 796 quo
1260 730 1416 796 frater
1440 736 1554 780 tuus
1582 726 1874 793 oﬂ‘enditur,

321 840 403 883 aut
430 824 831 879 scandalizatur.
863 820 916 874 In
946 832 1263 895 quqcunnue
1287 818 1409 872 cibo
1447 826 1539 872 aut
1582 826 1705 886 potu
1746 816 1880 870 alter

317 919 722 983 scandalizatur,
764 928 872 968 non
912 921 995 966 est
1036 908 1398 978 accipiendos.
1427 910 1525 962 Aut
1568 909 1879 976 inﬁrmatur.

321 1012 358 1066 Α
393 1010 515 1063 ﬁde.
544 1007 738 1060 Vinum
776 1012 830 1058 et
880 1000 1130 1056 mulieres
1161 1006 1463 1068 apostatarc
1508 997 1709 1052 faciunt
1737 997 1881 1053 viros

319 1098 602 1167 sapientes.
631 1092 711 1146 Tu
739 1092 893 1161 ﬁdem
920 1089 1073 1143 habes
1104 1103 1251 1156 penes
1274 1096 1322 1141 te
1342 1088 1538 1156 ipsum,
1563 1087 1687 1141 habe
1712 1103 1883 1141 coram

322 1185 444 1239 Deo.
473 1184 527 1239 Si
567 1184 621 1237 in
649 1180 750 1235 hoc
777 1190 830 1234 te
860 1178 1066 1232 ﬁdelem
1098 1184 1275 1245 putas,
1317 1176 1393 1229 sic
1433 1174 1713 1239 manduca,
1744 1184 1803 1229 ut
1832 1184 1883 1229 te

322 1289 479 1329 nemo
516 1272 694 1326 videat
738 1268 1017 1335 inﬁrmus:
1048 1266 1185 1336 quod
1231 1264 1344 1319 ﬁeri
1390 1280 1496 1319 non
1542 1273 1743 1334 poxest,
1784 1279 1885 1320 nec

319 1362 507 1426 debet,
536 1370 591 1413 nt
621 1360 856 1413 inclusus
886 1355 1189 1409 manducet.
1214 1352 1402 1409 Beatus
1442 1357 1527 1424 qui
1560 1370 1661 1408 non
1682 1355 1885 1426 judicat

320 1451 637 1519 semetipsum
664 1449 716 1500 in
744 1464 803 1500 eo
832 1446 966 1515 quod
996 1444 1195 1515 probat.
1230 1444 1329 1511 Qui
1361 1459 1420 1499 se
1449 1460 1554 1499 non
1586 1446 1887 1500 considetat

322 1542 373 1594 in
408 1556 514 1609 quo
541 1554 603 1593 se
633 1539 821 1608 probat
848 1537 1144 1601 inﬁrmum,
1169 1537 1261 1590 sed
1302 1538 1527 1591 alterum
1559 1536 1711 1591 timet
1753 1552 1880 1605 per-

324 1633 414 1685 ire.
454 1631 552 1697 Qui
600 1641 768 1684 autem
804 1629 1071 1693 discernit,
1099 1630 1143 1681 si
1170 1645 1283 1682 man
1305 1630 1579 1695 fucaeerit,
1619 1628 1888 1680 damnatus

323 1730 412 1774 est.
453 1722 508 1775 Si
553 1720 860 1775 considerat
904 1721 1042 1789 quod
1087 1720 1310 1786 dixerit,
1342 1720 1577 1790 judicat,
1619 1720 1719 1774 hoc
1760 1719 1887 1773 dicit

1978 539 2266 610 patientize,
2297 554 2394 593 nec
2421 537 2651 592 dissensi
2674 538 2792 604 ‘nis,
2822 537 2914 591 sed
2942 539 3206 606 patientia:
3255 550 3309 595 et
3339 542 3547 608 solatii,

1975 647 2144 700 usque
2170 631 2236 685 ad
2265 632 2776 688 consummationem
2796 672 2809 695 ,
2843 631 2963 698 quia
2994 630 3107 685 sine
3137 632 3250 700 ipso
3291 633 3421 686 nihil
3454 651 3543 687 su~

1979 737 2134 775 mus:
2163 722 2230 775 ab
2257 723 2372 790 ipso
2402 730 2483 775 est
2523 721 2664 774 enim
2699 720 2951 789 patientia
2988 735 3123 775 mea.
3168 720 3233 775 Id
3271 724 3437 792 ipsum
3466 740 3550 776 sa-

1978 829 2095 884 pere
2146 812 2200 865 in
2256 813 2557 865 alterutrum
2616 811 2889 864 secundum
2938 808 3117 864 Iesum
3168 810 3438 867 Christum.
3483 814 3551 868 Ut

1981 901 2346 969 unusquisque
2372 899 2448 958 sic
2470 909 2669 969 quaerat
2693 899 2917 954 salutem
2939 900 3178 966 alterius,
3202 902 3350 972 quasi
3379 917 3546 967 suam,

1982 1001 2038 1046 ut
2068 992 2118 1046 in
2158 991 2263 1046 ﬁde
2305 991 2627 1045 unanimiter
2660 1001 2983 1060 perseveret.
3019 991 3086 1047 Ut
3125 995 3410 1060 unanimes,
3451 1013 3551 1048 sui;

1983 1100 2069 1138 ore
2097 1082 2437 1150 honoriﬁcetis
2473 1080 2638 1136 Deum
2674 1092 2720 1134 et
2749 1080 2959 1135 Patrem
2992 1081 3200 1136 Domini
3230 1086 3389 1137 uestri
3426 1084 3552 1139 Iesu

1985 1171 2196 1228 C‘risti.
2227 1172 2376 1225 Tunc
2403 1171 2543 1225 Deus
2572 1186 2697 1226 vere
2726 1170 3123 1237 honorillt-atur,
3153 1174 3194 1228 si
3236 1190 3340 1226 uno
3375 1177 3552 1228 animo

1985 1274 2039 1319 et
2066 1264 2317 1318 concordi
2358 1278 2489 1318 voce
2528 1262 2791 1316 laudatur.
2831 1262 2886 1317 Si
2932 1258 3124 1317 iuerint
3167 1265 3271 1317 duo
3318 1266 3397 1317 vel
3446 1276 3551 1320 tres

1987 1356 2293 1425 congregati
2321 1355 2372 1408 in
2407 1354 2621 1407 nomine
2660 1369 2798 1419 meo,
2829 1362 2882 1408 et
2911 1354 3133 1424 τιτιζῳκι.
3168 1353 3381 1423 Propter
3418 1358 3552 1426 quod

1986 1449 2224 1514 suscipite
2269 1447 2509 1511 invicem,
2556 1448 2685 1499 sicut
2731 1456 2775 1498 et
2823 1447 3053 1499 Christus
3098 1463 3211 1499 susc
3242 1448 3313 1517 pit
3353 1464 3459 1515 vos,
3500 1452 3552 1500 in

1987 1538 2229 1592 honorem
2276 1538 2391 1592 Dei.
2431 1538 2660 1593 Invicem
2700 1552 2863 1591 onera
2908 1548 3079 1592 vestra
3121 1548 3346 1607 portate,
3381 1551 3430 1591 et
3475 1540 3554 1592 sic

1989 1629 2347 1697 atlimplebitis
2377 1630 2547 1699 legem
2578 1629 2799 1683 Christi.
2849 1629 2905 1685 Si
2949 1629 3036 1683 ille
3079 1632 3306 1698 portavit
3348 1640 3555 1684 nostras

1994 1722 2351 1787 inﬁrmitates,
2383 1730 2435 1777 et
2466 1722 2700 1790 suscepit
2730 1736 2825 1775 nos
2854 1721 3066 1789 impios,
3092 1724 3212 1791 quia
3246 1724 3381 1777 Dens
3407 1734 3551 1777 erat:

321 1812 615 1880 discernit,
653 1823 705 1867 et
737 1811 992 1881 judicium
1032 1811 1175 1865 enim
1221 1826 1284 1866 ex
1322 1812 1645 1867 discretione
1684 1820 1796 1876 est,
1835 1818 1889 1865 et
1923 1808 1966 1867 Β
1994 1821 2191 1881 quanto
2231 1812 2401 1882 magis
2439 1826 2535 1866 nos
2574 1813 2831 1866 debemus
2869 1811 3094 1866 invicem
3143 1815 3424 1876 sustinete,
3468 1817 3555 1883 qui

324 1903 573 1956 discretio
604 1917 669 1956 ex
694 1900 917 1969 judicio,
950 1900 1058 1954 imo
1098 1900 1149 1955 id
1181 1902 1348 1969 ipsum
1381 1911 1484 1957 est.
1521 1902 1653 1967 Quia
1684 1919 1783 1955 non
1828 1917 1889 1957 ea:

326 1994 439 2058 ﬁde.
496 1992 608 2046 Non
659 2007 724 2047 ex
780 1992 883 2045 tide
931 2006 1049 2060 qua:
1103 2008 1196 2061 per
1242 1993 1558 2049 chiritatcm
1613 2004 1883 2063 Operatur.

331 2080 485 2134 Omne
503 2092 671 2134 autem
698 2081 833 2144 quod
860 2096 959 2133 non
981 2090 1054 2134 est
1082 2097 1146 2135 ea:
1172 2083 1300 2148 fide,
1330 2092 1587 2151 peccatum
1614 2093 1703 2135 est.
1734 2082 1890 2146 Quid-

326 2172 441 2241 quid
468 2187 575 2225 non
594 2172 814 2225 :edilicat
833 2213 848 2237 ,
863 2186 966 2224 non
980 2182 1134 2226 estex
1149 2173 1270 2236 lide,
1289 2181 1343 2226 et
1369 2172 1515 2240 ideo;
1535 2181 1769 2227 eccatmr.
1785 2180 1890 2226 est.

388 2264 522 2317 Car.
550 2277 639 2315 xv.
672 2262 917 2315 Debemus
946 2270 1111 2315 autem
1141 2279 1230 2317 nos
1267 2263 1539 2332 ﬁrmiores,
1572 2264 1887 2317 imbecillum

326 2364 393 2406 tes
433 2351 757 2419 inﬁrmorum
797 2354 1063 2407 sustinere.
1098 2352 1153 2408 Si
1183 2367 1309 2407 vere
1348 2352 1486 2407 ﬁrmi
1531 2355 1682 2417 estis,
1711 2355 1787 2409 sic
1818 2354 1893 2406 la-

326 2444 443 2505 cite,
474 2440 743 2510 quomodo
769 2456 869 2510 ego
898 2440 1066 2496 factus
1105 2457 1221 2496 sum
1268 2441 1495 2496 inﬁrmis
1534 2443 1799 2509 intirtnus,
1834 2451 1891 2497 ut

327 2530 564 2583 inﬁrmos
593 2529 979 2584 lucrifacerem.
1007 2529 1075 2583 Et
1102 2547 1203 2583 non
1233 2532 1376 2584 nobis
1408 2532 1621 2598 placere.
1649 2532 1762 2586 Non
1794 2548 1891 2588 nos

330 2619 457 2688 ipsi,
488 2620 582 2672 sed
623 2618 854 2688 proximi
902 2619 1151 2684 laudent,
1191 2620 1316 2690 quia
1370 2619 1626 2675 Dominus
1670 2622 1893 2691 dissipat

328 2726 441 2764 ossa
476 2710 750 2764 hominum
782 2710 884 2765 sibi
933 2712 1254 2780 placentium
1285 2728 1298 2765 :
1330 2714 1467 2766 sicut
1503 2727 1603 2782 ego
1646 2714 1893 2771 omnibus

329 2820 417 2872 per
444 2804 625 2859 omnia
653 2803 855 2873 placeo,
889 2818 993 2856 non
1022 2816 1266 2873 qua-rens
1294 2802 1432 2870 quod
1464 2804 1594 2857 mihi
1626 2803 1754 2859 utile
1778 2814 1855 2859 est
1874 2843 1890 2870 ,

328 2898 414 2952 sed
444 2896 587 2966 quod
629 2896 837 2962 multis,
870 2905 927 2950 ut
954 2897 1248 2951 salventur.
1286 2895 1637 2966 Unusquisque
1678 2908 1895 2950 vestrum

328 2990 556 3055 proximo
586 3004 679 3041 suo
706 2991 926 3057 placeat.
956 2987 1070 3042 Non
1106 2989 1248 3043 enim
1277 2988 1544 3043 :editicare
1574 2998 1747 3057 potest
1772 3003 1893 3044 eum

326 3082 407 3133 cui
456 3097 501 3133 nl
531 3095 563 3132 τι
621 3079 878 3148 placuerit
927 3094 1023 3149 per
1066 3080 1414 3161 exemplum:
1454 3084 1577 3149 quia
1628 3088 1896 3149 nequeunt

1990 1904 2193 1958 similes
2231 1903 2446 1957 sumus!
2482 1899 2613 1955 Dico
2651 1903 2786 1955 enim
2827 1900 3078 1955 Christum
3120 1900 3315 1956 Iesum.
3361 1904 3554 1957 lterum

1989 1987 2207 2048 Iudaeos
2248 2001 2305 2047 et
2348 2002 2537 2062 gentes
2582 1991 2646 2046 ad
2695 1993 2952 2047 unitatem
2992 1992 3228 2046 adducit.
3269 1992 3558 2047 Consentio

1989 2086 2142 2140 vobis
2190 2084 2330 2154 quod
2370 2084 2614 2139 Christus
2644 2083 2708 2139 ad
2742 2097 2837 2139 vos
2877 2086 3111 2148 venerit,
3164 2086 3388 2152 primum
3430 2102 3557 2154 pro-

1993 2174 2187 2229 missus
2215 2173 2365 2239 vobis
2390 2188 2485 2244 per
2514 2174 2821 2244 prophetas,
2846 2185 2899 2228 et
2920 2183 3104 2244 gentes
3128 2183 3339 2243 propter
3361 2177 3567 2228 misen-

1990 2268 2227 2322 cordiam
2260 2267 2352 2322 Dei
2386 2276 2621 2322 vocatas:
2655 2280 2795 2320 nunc
2818 2275 2992 2321 tamen
3021 2282 3178 2320 unmn
3207 2282 3399 2336 corpus
3428 2269 3559 2321 estis

1992 2358 2163 2414 ellecti
2194 2372 2289 2427 per
2318 2366 2546 2411 mortem
2574 2356 2794 2410 Christi.
2833 2356 3121 2410 Ministrnm
3154 2358 3310 2425 fuisse
3340 2360 3557 2410 circum-

1992 2447 2218 2515 cisionis,
2252 2454 2457 2517 propter
2481 2446 2737 2499 ueritatem
2774 2445 2883 2499 Dei.
2913 2446 3025 2499 Non
3053 2450 3193 2501 cnim
3223 2459 3437 2501 venerat
3468 2448 3558 2500 mi-

1994 2537 2242 2603 nistrari,
2276 2537 2370 2591 sed
2414 2537 2740 2602 ministrare,
2779 2544 2834 2591 et
2871 2537 3000 2591 dare
3044 2539 3274 2591 animam
3317 2553 3464 2591 suam
3510 2539 3559 2591 in

1995 2629 2421 2698 redemptionem
2454 2642 2552 2697 pro
2592 2628 2796 2683 multis.
2827 2629 2907 2682 Ad
2938 2629 3313 2698 conﬁrmandas
3350 2633 3551 2696 promis-

1993 2722 2159 2775 siones
2188 2730 2412 2791 patrum.
2441 2719 2576 2786 Quia
2615 2719 2720 2773 illis
2761 2718 3054 2789 promissus
3085 2720 3254 2774 fuerat
3298 2720 3559 2784 Christus,

1994 2811 2139 2865 sicut
2176 2812 2291 2878 ipse
2320 2808 2489 2865 dicit:
2520 2810 2634 2865 Non
2665 2810 2784 2865 veni
2822 2811 2922 2865 nisi
2964 2811 3029 2863 ad
3073 2827 3198 2866 ονε-ε
3234 2828 3352 2880 qua:
3393 2816 3559 2881 peric.

1996 2910 2120 2955 runt
2161 2901 2351 2957 domus
2392 2901 2572 2955 Israel.
2605 2899 2788 2955 Gentes
2824 2909 2993 2955 autem
3028 2919 3181 2968 super
3222 2904 3567 2956 misericordia

1998 2994 2249 3047 honorare
2278 2992 2457 3047 Deum.
2490 2992 2621 3060 Quia
2655 2992 2884 3061 impares
2914 3002 3036 3047 sunt
3066 3003 3253 3064 gentes
3278 2996 3340 3047 ad
3371 2982 3561 3066 gra’tias

1997 3085 2253 3154 agendas,
2283 3084 2573 3140 secundum
2602 3084 2742 3154 quod
2789 3085 2895 3139 illis
2936 3088 3219 3154 gratuitam
3262 3089 3565 3143 miscricor-

330 3167 573 3221 :edilieari
607 3167 803 3232 verbis,
850 3168 940 3238 qui
979 3167 1330 3223 destruuntur
1374 3169 1660 3239 exemplis.
1704 3169 1767 3224 In
1808 3171 1896 3225 bo-
1924 3168 1970 3231 C
2001 3175 2142 3229 diam
2174 3174 2315 3229 Deus
2352 3173 2609 3229 donavit:
2641 3175 2754 3230 sive
2798 3184 3012 3244 propter
3060 3170 3221 3231 Israel
3267 3177 3565 3232 misericor—

330 3272 444 3308 mun
472 3256 541 3308 ad
569 3254 979 3310 cediﬁcationem.
1024 3256 1225 3310 Etenim
1254 3256 1479 3312 Christus
1524 3275 1623 3312 non
1652 3260 1746 3313 sibi
1784 3262 1899 3332 pla-

330 3344 446 3397 cuit.
486 3343 733 3397 Ostendit
779 3344 993 3399 modum
1044 3345 1317 3414 placendi,
1350 3361 1419 3402 ne
1442 3347 1514 3401 ad
1564 3362 1753 3403 vanam
1784 3352 1897 3419 glo-

331 3435 457 3485 riam
501 3433 849 3501 placeamus:
890 3433 1049 3488 simul
1098 3442 1153 3488 et
1202 3449 1323 3489 cum
1372 3435 1538 3505 dicit,
1578 3436 1644 3491 ad
1705 3442 1894 3495 Ionam

332 3522 572 3577 udilicati
613 3537 769 3587 nezn,
810 3531 1072 3579 monstrat
1109 3539 1231 3580 esse
1276 3526 1495 3583 malum.
1549 3527 1653 3593 Qui
1699 3530 1896 3584 Christi

332 3612 616 3681 discipulus
646 3613 779 3677 erit,
813 3628 918 3666 non
949 3612 1140 3682 quaerit
1169 3615 1443 3684 proprium
1464 3656 1480 3682 ,
1508 3618 1775 3686 quomodo
1805 3619 1896 3674 ille

334 3700 466 3754 cuitu
495 3709 715 3770 promet:
752 3701 977 3755 aliorum
1021 3702 1245 3757 salutem
1295 3704 1453 3758 etiam
1505 3715 1747 3761 mortuus
1777 3715 1892 3773 est,

331 3793 654 3846 amarissima
691 3792 944 3847 sustinuit
973 3793 1257 3862 opprobria
1296 3793 1582 3850 dicentium
1617 3814 1630 3853 :
1667 3797 1777 3851 Vah
1804 3798 1894 3867 qui

331 3882 550 3937 destruis
588 3883 878 3951 templum;
916 3892 971 3937 et
1003 3901 1015 3937 :
1057 3883 1119 3939 Si
1157 3883 1323 3940 Filius
1364 3885 1460 3940 Dei
1499 3895 1616 3954 est,
1663 3886 1891 3943 descen-

328 3974 418 4029 dat
440 3976 506 4031 de
532 3990 714 4041 cruce,
742 3984 796 4031 et
823 3976 1013 4031 liberet
1040 3990 1122 4040 se,
1154 3985 1208 4031 et
1232 3983 1448 4033 cu-tera.
1479 3977 1586 4032 Sed
1614 3980 1741 4032 sicut
1767 3983 1892 4036 scri-

334 4081 464 4132 ptum
494 4076 567 4121 est
590 4083 609 4119 :
638 4065 961 4137 Improperia
998 4068 1447 4136 improperantium
1479 4068 1568 4120 tibi
1601 4070 1893 4125 ceciderunt

333 4172 471 4224 super
495 4173 593 4210 me.
619 4157 957 4225 Quaacunqoe
985 4158 1186 4212 sanctis
1216 4158 1646 4228 itnproperantur
1673 4173 1891 4231 propter

340 4244 520 4310 Deum,
550 4247 659 4301 Deo
683 4248 1138 4315 improperantur,
1166 4246 1303 4301 sicut
1332 4248 1461 4303 dicit
1488 4268 1503 4302 :
1535 4250 1670 4304 Dum
1699 4252 1892 4307 dicitur

338 4335 453 4388 mihi
478 4337 731 4405 quotidie,
763 4336 851 4391 ubi
880 4345 961 4390 est
992 4336 1128 4391 Deus
1160 4337 1313 4391 tuus?
1339 4336 1465 4401 Vel,
1497 4340 1588 4409 qui
1622 4353 1716 4395 vos
1742 4355 1890 4410 sper-

343 4424 439 4491 nit,
463 4440 543 4479 me
570 4425 794 4495 spernit.
827 4425 1145 4494 Quacunque
1166 4426 1299 4479 enim
1324 4430 1513 4499 scripta
1540 4438 1680 4494 sunt,
1699 4432 1767 4483 ad
1794 4447 1888 4485 no-

1999 3265 2140 3320 diam
2170 3273 2358 3337 gentes
2386 3275 2588 3321 vocatae
2626 3274 2778 3332 sunt,
2814 3275 2871 3321 ut
2901 3267 3019 3321 illos
3057 3268 3389 3322 aemulentur.
3424 3268 3568 3323 Sicut

1996 3360 2243 3427 scriptum
2282 3366 2385 3424 est,
2432 3368 2699 3428 propterea
2745 3358 3023 3427 conﬁtebor
3065 3359 3153 3411 tibi
3206 3360 3257 3411 in
3303 3360 3551 3430 gentibus.

1998 3446 2239 3516 Domine,
2269 3456 2318 3503 et
2354 3449 2550 3502 nomini
2579 3457 2665 3502 tuo
2705 3448 2939 3502 cantabo.
2970 3450 3217 3505 Ostendit
3257 3465 3285 3503 a
3323 3451 3565 3520 gentibus

1996 3534 2229 3605 majores
2260 3535 2371 3591 Deo
2413 3537 2614 3606 gratias
2643 3536 2991 3591 referendas:
3024 3538 3121 3592 Cui
3153 3540 3295 3593 enim
3340 3541 3457 3608 plus
3486 3541 3562 3595 di-

1996 3626 2244 3694 mittitur,
2276 3628 2394 3695 plus
2422 3626 2633 3696 diligit:
2662 3635 2717 3682 et
2754 3626 2955 3682 Iudaeis
2998 3629 3355 3699 arrogantiam
3396 3629 3564 3683 tollit.
3598 3631 3619 3646 '
3660 3616 3669 3619 ’

1996 3717 2123 3770 dum
2150 3725 2204 3770 et
2231 3716 2470 3785 gentium
2518 3716 2744 3771 salutem
2789 3716 3037 3772 similiter
3073 3717 3229 3772 docet
3267 3730 3387 3772 esse
3431 3733 3563 3785 pra:-

1996 3803 2223 3869 dictam,
2264 3805 2511 3873 quamvis
2547 3805 2649 3872 ipsi
2694 3819 2963 3874 nunquam
3003 3806 3287 3861 audierint.
3334 3804 3391 3860 In
3433 3806 3564 3876 ipsis

1995 3893 2238 3969 Chgistus
2276 3893 2559 3949 conﬁtetur
2608 3907 2703 3948 eos
2744 3894 3163 3949 misericordiam
3215 3903 3559 3959 consecutos,

1993 3984 2115 4054 quia
2153 3994 2209 4040 et
2243 3983 2344 4053 ipsi
2386 3985 2440 4038 in
2477 3984 2593 4054 ejus
2639 3992 2762 4039 sunt
2801 3998 3045 4054 corpore.
3081 3985 3148 4041 Et
3187 3987 3367 4041 iterum
3399 3987 3559 4041 dicit:

1995 4075 2286 4143 Laetamini,
2307 4086 2493 4147 gentes,
2517 4092 2629 4129 cum
2659 4077 2799 4144 plebe
2818 4080 2947 4150 ejus.
2965 4077 3030 4132 Et
3058 4078 3243 4132 itcrttm
3263 4094 3282 4133 :
3308 4078 3560 4145 Laudate,

1994 4181 2162 4220 omnes
2208 4174 2395 4235 gentes,
2420 4165 2723 4233 Dominum,
2769 4176 2817 4221 et
2863 4167 3183 4237 magniﬁcate
3227 4184 3362 4236 eum,
3391 4185 3562 4224 omnes

1992 4257 2190 4325 populi.
2232 4256 2365 4322 Quia
2400 4271 2519 4311 cum
2560 4258 2690 4325 ipsis
2735 4258 2801 4311 ad
2838 4257 3063 4313 salutem
3105 4260 3232 4314 estis
3262 4261 3451 4315 vocati.
3497 4260 3561 4314 Et

1990 4361 2170 4400 rursus
2209 4344 2380 4401 Isaias
2416 4348 2536 4402 ait:
2572 4346 2689 4402 Erit
2722 4349 2875 4402 radix
2908 4347 3073 4404 Iesse.
3115 4349 3278 4420 Cujus
3310 4350 3450 4406 illius
3479 4362 3563 4407 est

1996 4438 2191 4506 David,
2227 4453 2293 4495 ex
2342 4438 2495 4509 cujus
2538 4440 2744 4495 semine
2790 4440 2985 4511 Maria,
3017 4456 3082 4496 es
3128 4456 3230 4511 qna
3277 4451 3435 4497 natus
3480 4454 3563 4497 est

344 4521 482 4565 stram
504 4515 787 4567 doctrinam
828 4517 1020 4584 scripta
1056 4523 1192 4569 sunt.
1222 4515 1365 4573 Nihil
1396 4532 1526 4587 ergo
1567 4518 1687 4575 sine
1726 4534 1885 4576 causa

1991 4531 2263 4597 Christus;
2296 4542 2350 4588 et
2377 4532 2506 4587 illud
2538 4532 2660 4587 huic
2689 4534 2807 4589 loco
2834 4544 3014 4601 aptum
3043 4544 3125 4590 est
3161 4552 3174 4590 :
3206 4536 3317 4590 Non
3347 4535 3561 4590 deﬁciet

344 4603 574 4671 scriptum
602 4615 715 4671 est,
759 4604 872 4659 sive
916 4619 1086 4672 paena:
1135 4615 1500 4673 peccatorum,
1546 4607 1661 4663 sive
1702 4610 1889 4665 merita

339 4689 600 4759 iustorum,
626 4694 740 4749 sive
770 4693 1091 4748 tentationcs
1118 4691 1382 4763 iustorum
1409 4711 1423 4748 ε
1447 4709 1567 4748 nam
1594 4703 1648 4751 et
1680 4696 1787 4752 Deo
1835 4709 1890 4754 et

340 4779 433 4834 sibi
460 4785 562 4837 noti
588 4790 774 4848 erant,
797 4783 890 4837 sed
916 4792 975 4836 ut
1003 4797 1100 4837 nos
1126 4797 1219 4837 eos
1244 4783 1297 4837 in
1324 4784 1570 4839 omnibus
1595 4785 1885 4856 imitemur,

339 4867 650 4927 idoneorum
679 4881 827 4941 gesta
875 4870 1199 4927 referuntur.
1240 4870 1307 4927 Ut
1346 4888 1433 4942 per
1472 4874 1785 4943 patientiam.
1818 4875 1890 4932 Ut

340 4969 389 5011 et
416 4976 504 5016 nos
538 4978 632 5032 pro
680 4961 1043 5017 :edﬁcatione
1076 4962 1329 5029 fratrum,
1353 4964 1397 5017 si
1430 4979 1649 5021 necesse
1696 4968 1882 5035 fuerit,

336 5051 484 5106 etiam
538 5053 651 5107 haec
701 5051 949 5106 similiter
1004 5051 1290 5120 patiamur.
1342 5037 1429 5106 Et.
1468 5055 1884 5111 consolationem.

334 5138 623 5197 Consolatio
654 5152 737 5197 est
782 5114 1053 5210 patientia:
1094 5149 1310 5207 nostrae,
1342 5142 1388 5198 si
1426 5155 1559 5213 quos
1601 5161 1699 5200 nos
1748 5114 1924 5215 νεά-ί

335 5243 447 5283 mur
469 5274 483 5299 ,
512 5230 794 5285 Dominum
836 5228 887 5286 et
916 5216 1134 5285 sanctos
1161 5230 1390 5287 sciamus
1419 5247 1538 5287 esse
1580 5248 1885 5303 perpessos,

333 5318 465 5374 sicut
485 5321 606 5375 dicit
636 5338 650 5374 :
689 5320 863 5375 Nolite
892 5320 1075 5376 mirari
1104 5320 1152 5377 si
1178 5320 1289 5375 odit
1317 5336 1412 5376 vos
1453 5324 1702 5379 mundus.
1744 5324 1889 5381 Scri-

329 5418 582 5477 pturarum
617 5419 759 5481 spem
806 5412 1099 5465 habeamus.
1140 5409 1243 5465 Per
1272 5411 1663 5479 Scripturarum
1694 5429 1884 5468 conso-

330 5499 567 5555 lationem
601 5516 753 5571 Spem
783 5500 1013 5555 futuram
1045 5500 1296 5569 patientia
1325 5513 1715 5570 exspectamus,
1746 5504 1885 5560 sicut

326 5592 571 5659 scriptum
601 5603 721 5647 est:
752 5593 861 5646 Pas
904 5591 1068 5645 multa
1100 5589 1444 5661 diligentibus
1489 5593 1658 5663 legem
1706 5606 1845 5650 tuam
1865 5637 1881 5663 ,

326 5691 384 5735 et
411 5700 509 5739 non
536 5695 617 5741 est
647 5686 751 5741 illis
781 5687 1112 5741 scandalum.
1143 5687 1257 5741 Non
1298 5696 1517 5756 possunt
1544 5704 1673 5758 ergo
1698 5690 1887 5759 despc-

324 5788 463 5843 rare,
491 5776 570 5834 vel
613 5791 639 5831 a
688 5776 790 5833 ﬁde
832 5778 1063 5846 moveri,
1106 5779 1195 5850 qui
1225 5778 1601 5853 consolatione
1645 5789 1878 5837 utumur.

1956 4608 1964 4615 ’
1993 4620 2102 4675 dux
2137 4620 2206 4677 de
2244 4621 2536 4676 femoribus
2565 4621 2699 4677 Iuda
2725 4638 2740 4675 :
2769 4633 2953 4678 contra
2990 4622 3225 4688 Iudmos,
3271 4625 3393 4692 quia
3429 4639 3557 4679 vere

1994 4710 2236 4767 Christus
2276 4713 2451 4779 venit,
2493 4714 2577 4768 cui
2617 4727 2807 4768 omnes
2852 4723 3038 4783 gentes
3082 4714 3441 4768 crediderunt.
3488 4714 3557 4767 Et

1990 4801 2077 4870 qui
2105 4810 2335 4872 exsurget
2376 4816 2547 4873 regere
2588 4812 2799 4873 gentes;
2826 4801 2879 4853 in
2913 4817 3025 4855 eum
3052 4811 3222 4871 gentes
3264 4802 3561 4867 sperabunt.

1992 4892 2067 4946 Ne
2082 4890 2344 4957 dicerent,
2364 4892 2432 4947 de
2452 4892 2733 4961 proselytis
2760 4891 2959 4946 dictum
2986 4899 3085 4945 est.
3100 4891 3251 4945 Deus
3268 4902 3432 4946 autern
3452 4897 3561 4962 spei

1990 4982 2188 5051 repleat
2229 4999 2314 5036 vos
2353 4982 2491 5035 omni
2537 4982 2747 5053 gaudio.
2782 4981 2840 5034 in
2880 4995 2985 5050 quo
3029 4995 3217 5036 omnes
3260 4997 3557 5052 speramus.

1995 5073 2165 5123 Omne
2196 5070 2446 5139 gaudium
2478 5071 2720 5138 spiritale
2749 5069 2995 5124 ﬁdelibus
3023 5071 3075 5124 in
3107 5068 3202 5141 spe
3235 5071 3407 5127 futura
3438 5089 3561 5129 esse

1988 5159 2165 5213 debet.
2214 5157 2283 5210 Et
2323 5174 2446 5227 pace
2488 5158 2542 5212 in
2586 5159 2860 5227 credendo,
2890 5170 2944 5213 ut
2985 5160 3271 5217 abundetis.
3312 5165 3555 5217 Omnium

1990 5248 2275 5317 gaudium,
2308 5250 2396 5303 ubi
2438 5264 2577 5318 pax:
2609 5250 2810 5304 nullum
2858 5268 2987 5307 vero
3017 5255 3295 5323 gaudium,
3327 5257 3412 5309 ubi
3443 5255 3556 5309 dis-

1989 5335 2193 5405 sensio,
2224 5336 2317 5390 sed
2348 5337 2621 5392 maestitia.
2650 5335 2717 5391 In
2746 5356 2854 5409 spe,
2888 5342 2938 5393 in
2967 5342 3149 5395 virtute
3176 5344 3404 5412 Spiritus
3433 5361 3557 5395 san-

1989 5429 2073 5482 cti.
2125 5427 2436 5484 Consolatio
2484 5431 2597 5497 spei
2649 5435 3263 5497 sanctorum,‘virttttes
3319 5435 3551 5503 Spiritus

1989 5518 2157 5573 sancti
2197 5525 2339 5572 sunt.
2369 5517 2544 5573 Certus
2584 5537 2696 5574 sum
2738 5533 2937 5590 autem,
2980 5528 3163 5592 [ratres
3208 5526 3337 5591 mci,
3377 5538 3424 5580 ct
3460 5510 3555 5597 ego
3600 5560 3603 5565 -

1972 5609 2107 5689 ipse
2143 5609 2207 5661 de
2252 5608 2407 5663 vobis.
2447 5609 2624 5665 Bonus
2667 5611 2853 5667 doctor
2896 5614 3156 5668 laudando
3201 5628 3450 5683 provocat
3488 5622 3554 5674 ad

1992 5696 2283 5765 profectum
2302 5736 2316 5760 ,
2346 5707 2404 5751 ut
2433 5699 2747 5755 erubescant
2795 5702 2926 5756 tales
2956 5717 3015 5757 se
3056 5717 3161 5757 non
3191 5720 3328 5771 esse,
3360 5710 3543 5775 quales

1992 5801 2113 5845 esse
2140 5796 2407 5859 putantur.
2443 5789 2709 5857 Quomodo
2735 5801 2785 5846 et
2813 5792 2908 5861 ipsi
2937 5793 3052 5848 estis
3088 5795 3225 5865 pleni
3255 5798 3546 5854 dilectione.
