3904 6176
506 334 609 389 503

1597 329 1893 388 PRIMASII
1928 321 2374 388 ADRUMETANI
2414 322 2621 381 EPISC.
3586 329 3671 387 504

504 428 581 481 Ne
599 438 845 494 tanquam
868 425 1228 481 contentiosos
1246 423 1483 494 arguisse
1506 423 1797 489 videretur,
1824 433 1878 477 et
1905 423 2052 478 dissi-

2171 418 2298 483 luit,
2327 427 2383 471 ut
2410 415 2591 470 multis
2619 412 2772 467 annis
2798 410 3158 467 detineretur.
3194 412 3309 467 Cum
3339 414 3386 468 in
3415 415 3672 487 Hispaniam

502 521 711 583 dentes,
735 526 792 572 et
819 517 1031 581 stultos,
1057 516 1210 571 simul
1235 515 1469 571 ostendit
1492 514 1823 570 Christianos
1850 528 2061 582 semper

498 625 559 665 se
588 611 899 664 alterutrum
928 622 1145 663 manere
1170 607 1386 661 debere.
1421 605 1620 672 Replcti
1660 605 1797 658 omni
1823 605 2057 671 scientia,

498 704 570 756 ita
600 711 653 755 ut
682 702 883 772 possitis
912 702 1211 753 alterutrum
1253 713 1474 752 monere.
1506 696 1572 751 Et
1603 696 1806 751 Veteris
1837 705 1890 750 ct
1927 694 2058 750 Novi

499 791 845 846 Testamenti.
871 790 1130 843 Audacius
1160 796 1329 843 autem
1353 786 1535 856 scripsi
1578 785 1736 850 vobis,
1767 788 1968 854 fratres,
1998 800 2061 837 ea:

497 895 659 952 parte.
684 884 796 937 Imo
821 884 939 939 ideo
968 883 1135 952 magis
1157 880 1422 937 scribendi
1455 880 1699 935 ﬁduciam
1730 878 1911 946 habui,
1936 879 2056 947 quia

498 976 607 1029 scio
639 989 730 1029 vos
756 981 813 1029 ut
843 974 1131 1042 prudentes
1162 972 1266 1027 cito
1296 971 1537 1039 accipere
1560 969 1847 1024 rationem.
1884 969 2062 1039 Argue

499 1063 793 1129 sapientem
823 1072 878 1117 et
913 1062 1113 1115 amabit
1147 1070 1218 1113 te.
1246 1059 1513 1129 Tanquam
1542 1059 1594 1111 in
1639 1057 1931 1111 memoriam
1974 1074 2060 1113 vos

496 1152 759 1205 reducens.
787 1152 972 1207 Sciens
995 1165 1150 1220 quam
1180 1150 1446 1219 sapientes
1477 1148 1613 1204 sitis.
1648 1147 1870 1218 Sapiens
1899 1148 2059 1204 etiam

499 1243 731 1297 nutibus.
776 1240 987 1311 Pmpter
1028 1242 1241 1311 gratiam
1271 1257 1384 1311 qua:
1421 1240 1542 1293 data
1580 1248 1651 1293 est
1693 1240 1819 1292 mihi
1858 1256 1888 1291 a
1928 1239 2055 1294 Deo.

496 1332 610 1400 Non
637 1341 852 1400 propter
873 1332 1010 1386 dona
1034 1332 1282 1396 humana,
1311 1331 1391 1386 vel
1419 1340 1476 1385 ut
1504 1331 1686 1385 lauder
1706 1346 1736 1385 a
1762 1332 1934 1396 vobis,
1962 1332 2056 1386 sed

496 1431 555 1476 ut
582 1422 819 1476 ofﬁcium
864 1437 1039 1476 mettm
1081 1422 1352 1490 impleam.
1383 1421 1451 1476 Ut
1493 1424 1587 1477 sim
1615 1424 1841 1477 minister
1867 1421 2056 1476 Christi

446 1530 459 1539 ί
496 1512 622 1567 Jesu
660 1514 910 1583 gentibus.
954 1511 1229 1566 Revocans
1259 1512 1337 1565 illi
1376 1527 1560 1567 servos
1586 1514 1849 1582 quondam
1881 1512 2056 1584 fugiti-

497 1620 617 1659 vos.
646 1606 983 1671 Sanctiﬁcans
1012 1603 1345 1675 Evangelium
1378 1605 1487 1659 Dei.
1521 1605 1640 1659 Mox
1666 1606 1911 1676 exemplo
1940 1620 2057 1660 san-

495 1708 638 1751 ctum
664 1699 971 1761 ostendens,
1004 1697 1142 1764 quod
1188 1711 1305 1753 cum
1349 1705 1496 1752 tanto
1545 1697 1732 1753 timore
1772 1698 2051 1762 ministro;

2168 508 2422 577 proﬁcisci
2464 521 2678 578 coepero.
2723 503 3047 558 Promiserat
3082 506 3321 575 quidem,
3362 508 3446 562 sed
3478 508 3673 581 dispen-

2166 613 2318 659 sante
2353 603 2463 657 Deo
2515 616 2617 655 non
2650 599 2955 652 ambulavit.
2991 598 3155 667 Spero
3181 600 3309 667 quod
3336 603 3586 668 pratericns
3604 606 3665 658 rl-

2165 697 2311 747 deam
2341 708 2448 758 uos,
2475 699 2523 744 et
2545 706 2576 743 a
2602 690 2738 742 vobis
2767 687 2991 741 deducar
3014 686 3153 740 illuc.
3179 687 3303 753 Quia
3332 704 3420 742 vos
3446 691 3515 745 sic
3540 693 3665 747 exhi-

2166 783 2321 847 betis,
2351 791 2405 837 ut
2443 795 2539 836 nec
2568 781 2620 833 in
2644 778 2799 832 vobis
2830 777 3005 831 lucum
3053 777 3267 833 habeam
3297 778 3476 853 diutius
3502 784 3659 838 immo-

2165 873 2431 929 randi.'Si
2473 872 2609 927 vobis
2655 862 2875 937 primum
2914 884 2977 923 ex
3021 877 3157 937 parte
3205 871 3379 938 {ruitus
3420 871 3566 941 fuero.
3603 873 3668 929 Ex

2164 975 2352 1033 parte:
2386 964 2511 1033 quia
2557 961 2663 1030 jam
2695 958 3021 1025 credidistis,
3060 959 3125 1012 ad
3168 959 3529 1016 conﬁrmandos
3569 974 3666 1028 vos,

2163 1054 2285 1107 ideo
2314 1068 2379 1106 ex
2410 1061 2580 1121 parte,
2612 1050 2756 1103 nulla
2802 1049 3056 1116 temporis
3085 1048 3378 1118 magnitudo
3402 1050 3544 1104 satiat
3567 1052 3671 1105 cha-

2162 1144 2397 1197 ritatem.
2444 1141 2596 1194 Nunc
2626 1141 2783 1213 igitur
2822 1140 3115 1207 proﬁciscar
3150 1140 3203 1193 in
3237 1139 3543 1194 Hierusalem.
3580 1141 3671 1196 [loc

2162 1232 2334 1287 solum
2383 1230 2511 1285 mihi
2560 1239 2754 1294 restat,
2805 1235 2862 1282 ut
2909 1227 3139 1281 veniam.
3182 1227 3459 1281 Ministrare
3497 1232 3671 1283 sanctis.

2162 1324 2338 1379 Sancti
2384 1329 2537 1377 erant
2574 1321 2625 1374 in
2668 1319 3026 1387 Hierusalem,
3073 1319 3160 1387 qui
3194 1320 3426 1373 omnibus
3468 1328 3671 1372 contem-

2163 1414 2290 1483 ptis,
2322 1420 2375 1467 et
2404 1422 2527 1465 ante
2557 1409 2718 1478 pedes
2746 1410 3106 1478 apostolorum
3132 1408 3305 1477 jactis,
3332 1408 3551 1472 lectioni,
3577 1423 3674 1462 ora-

2164 1503 2291 1559 tioni
2330 1510 2386 1557 et
2425 1501 2681 1555 doctrinae
2725 1498 3002 1553 vacabant.
3047 1498 3240 1564 Quales
3295 1513 3413 1567 ergo
3444 1506 3605 1560 erant,
3630 1507 3677 1550 ut

2162 1594 2448 1664 Apostolus
2491 1593 2604 1661 ipse
2648 1597 2893 1659 pergeret
2941 1587 3047 1641 illis
3096 1586 3403 1649 ministrare,
3432 1597 3481 1641 et
3518 1586 3677 1655 quibus

2163 1696 2310 1755 Optat
2342 1693 2610 1752 acceptam
2642 1696 2791 1735 suam
2836 1679 3194 1745 oblationem,
3226 1678 3267 1731 si
3296 1693 3405 1732 eam
3433 1678 3675 1745 dignentur

495 1789 710 1857 quidam
741 1784 881 1842 cn'm
913 1798 973 1842 ut
1015 1788 1245 1842 humana
1281 1794 1656 1852 contemnunt,
1698 1788 1838 1856 quod
1868 1772 2052 1856 praedi-

2161 1776 2420 1845 accipere,
2450 1774 2733 1828 ostendens
2763 1771 2862 1824 hoc
2894 1786 2997 1823 non
3026 1778 3139 1822 tam
3180 1767 3536 1833 accipientibus
3565 1781 3668 1831 pro-

494 1896 619 1935 cant
647 1890 703 1934 ut
738 1880 971 1935 divinum
1000 1897 1013 1933 :
1043 1889 1096 1934 et
1139 1881 1207 1933 ita
1250 1881 1337 1946 tit,
1366 1890 1423 1934 ut
1463 1893 1550 1933 res
1597 1890 1784 1934 sancta
1815 1878 2058 1933 videatur

493 1987 619 2028 esse
644 1988 745 2026 non
791 1980 997 2037 sancta,
1029 1974 1073 2025 si
1105 1986 1207 2025 non
1252 1970 1340 2025 ﬁat
1379 1979 1584 2026 sancta.
1620 1970 1770 2026 Unde
1813 1970 2010 2026 dicitur
2040 1988 2053 2024 :

492 2063 826 2118 Sanctiﬁcatc
873 2061 1170 2131 jejunium,
1226 2061 1278 2115 id
1318 2068 1400 2115 est
1436 2068 1677 2114 sanctum
1729 2059 1892 2114 facile
1941 2059 2053 2113 sive

494 2162 800 2209 monstrate.
831 2153 898 2208 Ut
922 2154 1011 2222 ﬁat
1026 2152 1211 2207 oblatio
1228 2153 1449 2225 gentium
1466 2160 1671 2222 accepta
1688 2160 1730 2205 et
1747 2149 2057 2219 sanctiﬁcata

492 2248 544 2300 in
573 2245 771 2314 Spiritu
798 2243 1088 2299 sancto..Ut
1108 2242 1361 2313 exemplo
1387 2255 1507 2296 meo
1547 2251 1731 2309 gentes
1756 2240 2053 2295 efﬁciantur

492 2337 665 2392 hostia
696 2335 807 2390 Deo
832 2343 1047 2403 accepta
1066 2374 1083 2400 ,
1113 2348 1216 2389 non
1248 2333 1351 2403 igni
1381 2330 1717 2386 sanctiﬁcata
1744 2329 1828 2385 vel
1873 2343 2056 2384 susce-

495 2437 610 2497 pta,
650 2427 744 2482 sed
788 2416 986 2496 spiritu
1033 2431 1239 2490 sancto,
1286 2424 1423 2478 sicut
1464 2424 1719 2492 scriptum
1757 2429 1878 2476 est:
1920 2420 2053 2486 Quia

492 2519 628 2575 sedit
651 2532 811 2587 super
831 2517 1100 2586 apostolos
1122 2516 1259 2570 sicut
1285 2514 1439 2586 ignis.
1466 2512 1642 2567 Habeo
1670 2512 1823 2583 igitur
1842 2510 2055 2581 gloriam

491 2611 543 2664 in
570 2610 770 2664 Christo
812 2606 954 2663 ἔδεαι
986 2608 1086 2675 Qui
1114 2603 1392 2677 gloriatur,
1429 2604 1481 2658 in
1521 2603 1745 2662 Domino
1773 2602 2050 2673 glorietur.

491 2702 571 2754 Ad
598 2699 781 2755 Deum.
822 2697 971 2753 Licet
1014 2698 1153 2766 apud
1201 2697 1442 2750 homines
1484 2693 1720 2749 infamia.
1767 2691 1887 2746 Non
1923 2692 2053 2746 enim

490 2794 655 2847 audeo
696 2792 895 2863 aliquid
934 2792 1069 2857 loqui
1114 2805 1320 2855 eorum,
1367 2803 1480 2858 qua:
1524 2804 1613 2857 per
1649 2802 1727 2839 me
1771 2801 1872 2839 non
1911 2786 2055 2853 eﬂ'icit

493 2884 721 2938 Christus
749 2884 803 2935 in
831 2882 1165 2937 obedientiam
1205 2879 1446 2951 gentium.
1489 2877 1602 2931 Non
1639 2874 1809 2930 audeo
1849 2890 1933 2930 me
1972 2873 2055 2929 di-

491 2990 614 3031 cere
640 2973 855 3043 propria
888 2973 1085 3027 virtute
1127 2970 1342 3035 fecisse,
1379 2977 1433 3024 et
1473 2981 1579 3021 non
1619 2966 1795 3020 omnia
1833 2980 1930 3035 per
1968 2980 2054 3022 me

491 3066 757 3120 Christum
787 3078 903 3117 esse
928 3074 1235 3131 Operatum,
1268 3070 1324 3115 ut
1351 3058 1506 3113 nobis
1536 3056 1750 3112 tolleret
1793 3071 2051 3126 praesum-

2160 1866 2315 1920 desse
2360 1879 2514 1934 quam
2557 1862 2825 1917 dantibus.
2872 1861 3221 1915 Probaverunt
3258 1859 3382 1912 enim
3419 1856 3677 1911 Macedonia

2157 1966 2201 2009 et
2230 1955 2437 2008 Achaia.
2466 1954 2827 2008 Probaverunt
2865 1951 2965 2005 sibi
3007 1953 3112 2005 hoc
3152 1950 3278 2004 utile
3315 1963 3446 2003 esse.
3471 1946 3675 2001 Collatia-

2158 2062 2269 2100 nem
2298 2047 2526 2115 aliquam
2560 2044 2747 2111 facere.
2778 2040 3033 2096 Conferre
3062 2039 3260 2108 aliquid
3297 2048 3591 2105 sumptuum.
3619 2033 3671 2088 la

2157 2149 2402 2203 pauperes
2428 2139 2751 2195 sanctorum,
2779 2132 2866 2200 qui
2906 2139 3021 2182 sunt
3051 2129 3109 2181 in
3154 2127 3477 2181 Hierusalem.
3508 2126 3672 2193 Paupe-

2157 2244 2245 2284 res
2268 2237 2604 2292 sanctorum,
2637 2225 2758 2294 quia
2798 2231 3014 2293 prapter
3046 2222 3330 2275 Dominum
3373 2228 3487 2275 sunt
3519 2231 3680 2287 paupe-

2157 2334 2266 2374 res.
2299 2317 2507 2372 Placuit
2538 2318 2670 2371 enim
2695 2315 2788 2382 eis,
2811 2322 2858 2370 et
2890 2314 3140 2367 debitores
3168 2321 3281 2367 sunt
3305 2312 3483 2365 eorum.
3513 2309 3677 2363 Provo-

2156 2417 2240 2465 cat
2266 2407 2386 2462 illos
2410 2405 2478 2461 ad
2509 2406 2609 2459 hoc
2635 2419 2789 2473 Opus,
2822 2401 3172 2470 ostenditque
3196 2415 3296 2454 non
3326 2398 3425 2452 illis
3453 2395 3678 2450 immerito

2158 2496 2446 2570 placuisse.
2481 2495 2617 2551 Nam
2642 2497 2687 2550 si
2713 2494 3054 2565 spiritualium
3089 2508 3266 2546 eorum
3308 2490 3553 2561 participes
3579 2485 3677 2550 facti

2156 2601 2274 2645 sunt
2316 2589 2543 2661 gentiles.
2587 2587 2717 2655 Quia
2756 2601 2819 2640 ex
2870 2584 3000 2653 ipsis
3046 2582 3317 2637 habebant
3362 2579 3600 2639 doctores,
3636 2583 3677 2628 et

2157 2682 2287 2737 socii
2319 2681 2439 2735 facti
2465 2688 2617 2735 erant
2660 2677 2854 2732 radicis
2885 2685 2938 2732 et
2968 2674 3310 2744 pinguedinis
3334 2671 3495 2726 oliva).
3525 2667 3677 2720 Debent

2154 2782 2201 2827 et
2229 2775 2282 2826 in
2306 2770 2597 2826 carnalibus
2629 2770 2929 2822 'ministrare
2957 2766 3080 2819 illis.
3119 2764 3477 2833 Unusquisque
3505 2760 3549 2812 in
3593 2770 3678 2823 quo

2155 2864 2404 2919 abundat.
2434 2862 2545 2916 Hoc
2567 2860 2717 2933 igitur
2743 2874 2857 2913 cum
2876 2872 3295 2911 consummavero
3330 2864 3374 2907 et
3404 2853 3678 2919 ass’gnra'cro

2155 2961 2223 3009 eis
2255 2955 2475 3024 fructum
2508 2953 2660 3017 hunc,
2710 2950 3006 3018 proﬁciscar
3046 2964 3144 3017 per
3188 2962 3271 3000 vos
3299 2946 3349 2997 in
3396 2938 3677 3010 Hispaniam.

2157 3046 2214 3103 Si
2233 3061 2326 3101 vos
2351 3045 2427 3099 sic
2454 3042 2804 3100 exhibueritis
2825 3038 3184 3103 abundanter,
3219 3038 3347 3091 bene
3370 3033 3566 3087 doceam
3585 3040 3676 3087 vos.

493 3157 747 3223 ptionem.
780 3152 942 3207 Verbo
966 3111 1016 3206 2:
1039 3111 1295 3221 [ωηιξη
1329 3151 1506 3203 virtute
1553 3111 1814 3221 signorum
1851 3157 1897 3201 et
1934 3164 2051 3219 pro—
2080 3148 2125 3212 C
2155 3135 2293 3206 Quod
2336 3135 2457 3203 quia
2499 3139 2758 3203 quant/um
2809 3128 3018 3223 prolicit
3066 3119 3598 3223 discipultts,ut.zntum
3624 3111 3677 3165 ad

493 3245 766 3313 digiorum.
795 3240 909 3311 Ipse
952 3255 1045 3309 per
1084 3255 1172 3296 me
1198 3239 1533 3310 loquebatur,
1562 3247 1615 3293 et
1641 3237 1754 3308 ipse
1798 3238 1945 3309 signa
1977 3238 2053 3292 fa-

492 3336 693 3401 cit-hat,
725 3337 947 3389 virtutes
974 3332 1263 3402 Operando.
1298 3330 1364 3386 In
1390 3331 1573 3385 virtute
1607 3330 1833 3397 Spiritus
1858 3331 2046 3397 sancti,

495 3428 597 3482 hoc
643 3440 745 3480 non
789 3425 856 3483 de
900 3424 1172 3494 operibus,
1209 3422 1300 3477 sed
1344 3421 1409 3476 de
1455 3419 1735 3475 virtutibus
1764 3429 1816 3475 et
1857 3419 2045 3489 signis,

493 3533 610 3587 qua:
648 3512 870 3581 ﬁebant,
905 3513 1236 3583 loquebatur.
1272 3510 1354 3564 Ita
1391 3519 1444 3563 ut
1487 3512 1550 3563 ab
1593 3508 1915 3563 Hierusalem
1963 3523 2052 3575 per

402 3648 411 3653 -
492 3608 754 3661 circuitum
779 3622 934 3677 usque
978 3604 1046 3659 ad
1073 3603 1340 3675 Illyricum
1386 3600 1679 3669 repleverim
1720 3599 2051 3671 Evangelium

492 3699 700 3759 Christi.
749 3698 938 3768 lieplct
984 3696 1368 3767 Evangelium,
1412 3693 1622 3763 quando
1669 3692 1827 3747 etiam
1868 3703 2051 3762 gentes

489 3788 747 3853 credunt;
777 3786 853 3844 sic
875 3785 1231 3856 adimplentur
1256 3785 1532 3855 passiones
1561 3782 1759 3838 Christi
1783 3783 1834 3836 in
1868 3782 2048 3849 Paulo,

489 3880 701 3948 quando
726 3894 758 3933 a
785 3878 1029 3949 gentibus
1069 3877 1286 3947 patitur,
1312 3884 1366 3930 et
1406 3876 1457 3928 in
1505 3875 1649 3928 omni
1691 3873 1810 3928 loco
1855 3872 2051 3928 Christi

491 3971 835 4042 Evangelium
866 3969 1135 4025 dilatatur.
1170 3969 1231 4025 Si
1260 3978 1431 4022 autem
1458 3968 1554 4022 hoc
1581 3954 1853 4036 prtcdicavi
1880 3966 2051 4022 Evan-

490 4063 708 4131 gctium,
760 4077 861 4113 non
910 4060 995 4112 ubi
1041 4060 1329 4113 nominatus
1376 4065 1450 4111 est
1496 4054 1750 4123 Christus,
1795 4072 1858 4111 ne
1897 4071 2050 4125 super

489 4155 710 4208 alienum
739 4152 1119 4224 fundamentum
1147 4151 1470 4219 azdiﬁcarem.
1502 4149 1615 4207 Non
1642 4151 1815 4205 omnis
1840 4148 1931 4219 qui
1962 4162 2051 4223 su-

494 4261 586 4314 per
613 4245 841 4298 alienum
882 4243 1280 4298 fundamentum
1322 4240 1579 4306 mdiﬁcat,
1617 4239 1755 4294 male
1792 4240 2045 4303 aediﬁcat,

490 4351 611 4390 nam
658 4344 830 4405 potest
874 4349 1059 4388 aurum
1108 4332 1395 4388 :cdiﬁcare.
1431 4330 1525 4386 llic
1571 4330 2047 4399 pseudoapostolos

489 4433 674 4490 taxat,
730 4423 821 4494 qui
874 4438 1085 4489 semper
1143 4422 1210 4475 ad
1261 4422 1371 4490 jam
1422 4420 1702 4476 credentes
1764 4420 1942 4486 ibant,
1994 4429 2049 4476 et

2157 3225 2450 3281 docendum
2497 3228 2814 3292 provocatur
2856 3229 2910 3274 et
2957 3219 3173 3283 doctor,
3209 3217 3344 3271 sicut
3389 3212 3491 3267 ibi:
3519 3209 3581 3263 Os
3606 3219 3683 3258 nco

2156 3331 2325 3372 suum
2358 3323 2501 3385 patet
2528 3313 2595 3368 ad
2626 3326 2744 3367 vos.
2778 3310 2897 3366 Scio
2926 3318 3105 3363 autem
3147 3306 3282 3378 quod
3304 3304 3493 3358 ueniens
3514 3297 3573 3351 ad
3593 3310 3680 3358 vos,

2156 3408 2209 3461 in
2236 3407 2545 3461 abundantia
2570 3402 2927 3458 benedictionis
2958 3398 3154 3455 Christi
3182 3398 3389 3452 veniam.
3416 3393 3527 3449 Sive
3552 3388 3684 3440 abun-

2156 3497 2345 3553 danter
2382 3495 2692 3566 praeparatis
2739 3491 3008 3554 metenda,
3041 3490 3160 3544 sive
3203 3485 3517 3543 benedicitur
3553 3475 3683 3532 Chri-

2157 3583 2281 3643 stus'
2302 3588 2352 3642 in
2383 3588 2621 3643 adventu
2652 3599 2792 3639 meo.
2825 3582 3046 3637 Obsecro
3070 3581 3235 3648 igitur
3262 3593 3369 3638 vos,
3397 3574 3578 3643 fratres,
3613 3579 3685 3635 per

2154 3675 2432 3733 Dominum
2482 3684 2714 3729 nostrum
2756 3671 2935 3726 Iesum
2978 3668 3259 3724 Christum.
3302 3664 3491 3720 Jacobo
3516 3656 3682 3717 occiso,

2154 3782 2251 3840 pro
2282 3769 2437 3824 Petro
2463 3775 2647 3832 orant,
2678 3773 2731 3821 et
2760 3763 3015 3818 liberatur
3042 3762 3112 3816 de
3142 3772 3379 3821 carcere,
3406 3769 3469 3809 ne
3492 3750 3581 3821 ipsi
3609 3747 3685 3802 de-

2155 3862 2459 3915 trimentum
2508 3864 2841 3925 paterentur.
2898 3851 2961 3905 Et
3011 3868 3102 3920 per
3151 3849 3445 3903 charitatem
3493 3840 3685 3911 Spiritu!

2154 3952 2334 4007 sancti.
2365 3946 2608 4005 Charitas
2648 3945 2864 4016 spiritus
2903 3958 3061 4013 quam
3116 3938 3335 4010 scripsit
3379 3935 3443 3990 ad
3480 3931 3686 3989 Galatas,

2156 4040 2389 4096 charitas
2417 4037 2541 4092 facit
2564 4035 2733 4091 sancti
2764 4033 2992 4103 Spiritus
3021 4037 3079 4085 ut
3110 4043 3210 4099 pro
3236 4029 3456 4082 invicem
3483 4029 3685 4076 oremus.

2161 4132 2225 4189 Ut
2253 4132 2499 4204 adjuvetis
2526 4145 2604 4183 me
2630 4128 2683 4180 in
2712 4124 3021 4180 orationibus
3051 4138 3148 4191 pro
3175 4136 3255 4174 me
3279 4119 3345 4173 ad
3363 4117 3549 4170 Deum.
3573 4105 3685 4204 Mul-

2155 4232 2265 4275 tum
2296 4196 2437 4274 enim
2470 4217 2607 4273 valet
2643 4216 2846 4270 instans
2886 4210 3057 4265 oratio
3087 4209 3459 4278 plurimorum.
3492 4199 3553 4255 Ut
3584 4196 3687 4251 libe-

2153 4329 2235 4369 rer
2263 4314 2325 4368 ab
2364 4311 2651 4382 inﬁdelibus
2690 4308 2777 4378 qui
2811 4312 2928 4359 sunt
2964 4305 3019 4357 in
3046 4299 3269 4365 Juda’a,
3300 4309 3344 4354 et
3379 4292 3584 4364 obsequii
3608 4287 3689 4341 utsi

2159 4405 2344 4459 oblatio
2393 4412 2599 4473 accepta
2646 4401 2736 4469 ﬁat
2781 4399 2831 4450 in
2881 4393 3210 4449 Hierusalem
3253 4389 3456 4446 sanctis.
3491 4386 3604 4440 Sive
3640 4388 3689 4432 ut

488 4472 763 4585 nunqu'am'
796 4514 862 4568 ad
912 4472 1131 4583 gemes,
1188 4472 1313 4583 quia
1371 4526 1476 4567 non
1532 4518 1778 4579 poterant
1831 4472 2052 4567 virtutes
2078 4530 2133 4591 Β
2161 4515 2347 4557 omnes
2376 4472 2624 4562 credant,
2652 4496 2763 4549 sive
2793 4489 3036 4546 ﬁdelibus
3062 4487 3375 4542 ministrans
3396 4483 3452 4588 in
3480 4472 3690 4577 infideli.s

489 4612 684 4684 [Supp.
736 4611 911 4666 facere
959 4617 1059 4663 aut
1085 4608 1209 4677 quid
1253 4604 1439 4677 simile]
1476 4624 1489 4657 :
1548 4614 1603 4660 et
1658 4602 1887 4660 ostendit
1933 4617 2053 4672 per-

485 4704 625 4759 fecte
665 4716 726 4758 se
768 4701 1060 4764 laborasse,
1104 4699 1192 4768 qui
1233 4706 1287 4753 et
1334 4695 1734 4751 fundamentum
1798 4692 1971 4762 posuit
1998 4701 2055 4749 et

485 4792 949 4864 supermdiﬁcavit.
993 4789 1099 4846 Sed
1123 4790 1249 4843 sicut
1276 4788 1521 4857 scriptum
1564 4795 1659 4849 est,
1710 4784 1901 4852 Quibus
1950 4800 2053 4838 non

488 4896 559 4939 est
613 4885 967 4939 annuntiatum
1023 4882 1085 4935 de
1141 4895 1217 4934 eo.
1270 4877 1434 4934 Suum
1501 4875 1735 4931 laborem
1796 4880 2055 4928 monstrat

486 4984 613 5028 ante
669 4974 1004 5043 praedictum.
1065 4969 1335 5033 Videbunt,
1392 4974 1437 5020 et
1491 4965 1577 5033 qui
1628 4979 1731 5017 non
1780 4963 2047 5017 audierunt

487 5065 549 5118 de
590 5079 669 5127 eo,
699 5065 998 5134 intelligent.
1046 5059 1269 5115 Videtur
1297 5056 1543 5112 Christus
1575 5055 1627 5108 in
1667 5052 1923 5122 apostolis
1957 5066 2047 5119 per

486 5150 730 5217 virtutes,
765 5153 899 5207 sicut
932 5153 1105 5206 Patere
1132 5153 1183 5205 in
1214 5149 1428 5205 Christo
1457 5146 1666 5200 dicente
1695 5161 1709 5196 :
1742 5142 1835 5197 Vel
1865 5142 2046 5209 operi-

485 5246 586 5299 bus
615 5244 835 5305 credite,
869 5242 988 5311 quia
1022 5243 1177 5297 Pater
1209 5240 1260 5293 in
1293 5254 1379 5293 me
1422 5245 1534 5301 est,
1571 5243 1625 5289 et
1653 5232 1836 5303 egoin
1869 5233 2041 5286 Patre.

489 5336 704 5402 Propter
728 5331 861 5401 quod
897 5338 942 5383 et
981 5329 1288 5397 impediebar
1325 5326 1599 5394 plurimum
1629 5323 1799 5377 venire
1833 5322 1898 5374 ad
1936 5337 2042 5373 vos.

485 5429 640 5481 Nunc
659 5442 772 5479 vero
793 5422 1003 5476 ulterius
1026 5416 1189 5472 locant
1214 5435 1313 5470 non
1344 5415 1528 5469 habens
1550 5415 1602 5468 in
1628 5413 1706 5467 Itis
1733 5412 2040 5481 regionibus.

486 5518 711 5587 Exponit
741 5516 867 5571 illud
888 5557 901 5580 ,
930 5511 1069 5584 quod
1101 5511 1152 5564 in
1184 5509 1352 5577 capite
1382 5506 1621 5574 epistola:
1659 5505 1868 5558 dixerat
1893 5519 1906 5554 :
1940 5501 2046 5556 Sed

485 5608 780 5676 prohibitus
824 5621 963 5659 sum.
996 5600 1331 5670 Capiditatem
1366 5605 1537 5650 autem
1585 5594 1777 5648 habens
1820 5591 2049 5645 veniendi

485 5696 551 5748 ad
578 5713 678 5746 vos.
710 5696 1004 5749 Notandum
1027 5706 1147 5747 csse
1175 5688 1514 5757 cupiditatem
1538 5686 1695 5740 etiam
1725 5685 1939 5738 bonam.
1969 5681 2049 5736 Ea:

488 5784 655 5835 multis
698 5782 808 5851 jam
857 5781 1250 5851 prwcedcntibus
1297 5778 1464 5833 armis.
1514 5775 1697 5844 Qualis
1754 5773 2047 5829 necessitas

2158 4610 2263 4650 non
2305 4591 2563 4655 incidam,
2593 4598 2648 4644 et
2688 4586 2754 4641 ad
2786 4598 2880 4640 vos
2914 4583 3099 4637 venire
3130 4594 3239 4634 non
3270 4576 3501 4647 possim:
3528 4564 3697 4640 prteri-

2154 4684 2311 4738 debat
2355 4681 2496 4738 enim
2540 4693 2635 4749 per
2680 4674 2934 4747 Spiritum
2972 4687 3029 4727 se
3060 4671 3165 4735 ibi,
3213 4668 3354 4723 sicut
3401 4664 3453 4719 in
3498 4656 3694 4749 Actibus

2152 4773 2457 4845 apostolicis
2498 4744 2740 4840 legimus,
2774 4763 2935 4819 multa
2968 4773 3273 4832 passurum.
3319 4755 3385 4810 Ut
3422 4752 3605 4845 ueniam

2153 4836 2239 4921 vos
2282 4867 2335 4919 in
2361 4836 2574 4937 gaudio:
2596 4859 2746 4916 Tunc
2784 4869 2907 4912 cum
2950 4852 3140 4924 gaudio
3170 4849 3417 4909 veniam,
3444 4844 3488 4898 si
3525 4840 3586 4895 ab
3606 4836 3692 4937 eis

2153 4925 2496 5011 oblatio'mea
2523 4948 2678 5004 luerit
2707 4952 2954 5015 accepta,
2982 4949 3038 4997 et
3078 4953 3306 4997 securus
3356 4937 3566 4991 verbum
3606 4925 3701 4981 Dei

2151 5039 2503 5099 abundantius
2548 5038 2754 5105 loquar.
2801 5032 3041 5090 Tristitia
3086 5030 3230 5086 enim
3279 5025 3442 5082 animi
3492 5019 3690 5076 multum

2150 5134 2369 5204 impedit
2392 5131 2457 5186 ad
2486 5129 2813 5193 doctrinam,
2844 5126 2981 5181 sicut
3010 5120 3368 5178 Ecclesiastes
3392 5135 3405 5168 :
3437 5106 3690 5204 CalumAui-a

2152 5198 2327 5282 turbat
2353 5222 2587 5277 animum
2617 5220 2778 5277 etiam
2823 5216 3099 5286 sapientis.
3129 5211 3233 5267 Per
3259 5211 3558 5265 uoluntatem
3589 5198 3689 5260 Dei.

2147 5326 2205 5372 et
2238 5315 2505 5384 refrigerer
2528 5310 2818 5384 vobiscum.‘
2832 5309 2892 5365 Si
2922 5308 3061 5362 Deus
3093 5303 3357 5366 voluerit,
3388 5314 3490 5354 non
3532 5295 3573 5349 si
3606 5303 3694 5360 ego

2152 5406 2266 5461 sine
2292 5369 2408 5473 lapis
2441 5402 2707 5455 voluntate
2738 5369 3035 5453 inieudero.
3066 5392 3203 5446 ιλιαδ
3233 5399 3401 5443 autem
3426 5386 3557 5455 pacis
3591 5394 3693 5473 cunt

2152 5468 2380 5550 omnibus
2410 5494 2563 5550 vobis.
2588 5493 2766 5546 Amen.
2788 5490 2905 5545 Non
2935 5490 3033 5543 nisi
3064 5488 3113 5541 in
3141 5480 3384 5552 paciﬁcis
3409 5479 3541 5533 Deus
3566 5468 3695 5543 pacis

2156 5587 2431 5641 inhabitat.
2460 5583 2685 5637 Pu’chre
2712 5592 2891 5636 autem
2917 5580 2968 5632 in
3000 5591 3125 5646 pace
3152 5572 3357 5636 ﬁnivit,
3388 5566 3585 5622 duobus
3612 5572 3697 5629 p0-

2155 5676 2289 5745 pulis
2316 5676 2368 5734 in
2399 5673 2737 5729 concordiam
2768 5668 3046 5724 revocatis.

2226 5767 2352 5821 Cap.
2372 5780 2479 5821 ut.
2494 5762 2798 5820 Commendo
2817 5770 2983 5815 autem
3000 5758 3130 5813 vobis
3143 5753 3390 5822 Phoeben,
3406 5754 3699 5805 sororem»-
