3904 6176
435 356 538 414 sor
1448 402 1465 441 κ

1539 351 1836 411 PRIMASH
1876 349 2317 407 ADRUMETANI
2356 349 2569 407 EPISC.

3565 357 3663 414 508

508 469 779 540 pientiam,
810 468 1029 523 scribens
1059 468 1128 523 eis
1157 468 1219 540 ab
1246 467 1787 540 Ephesoacorinthus
1821 473 2003 540 metro-
2026 466 2078 525 A
2107 464 2235 519 Sitis
2262 474 2427 519 autent
2457 467 2666 536 perfrci
2696 466 2748 520 in
2787 467 2963 522 cadent
2990 485 3173 537 sensu,
3205 481 3252 526 et
3282 473 3333 524 in
3363 473 3535 526 eadem
3558 489 3669 526 sen-

501 536 633 609 polis
674 549 775 607 est,
816 549 865 592 et
912 540 1026 594 ideo
1064 539 1197 606 quod
1230 539 1359 608 ipsis
1399 539 1599 603 scribit,
1631 538 1767 591 omni
1796 536 2000 589 Achaia:

503 611 697 663 scribit.

503 699 680 753 CAPUT
702 712 923 752 ριιιιιυιι.
948 694 1166 751 Paulus.
1192 696 1533 751 Auctoritatis
1555 703 1871 750 estnomen.
1900 692 2003 747 Vo-

428 795 571 842 catus
600 787 871 856 Apostolus
898 783 1019 840 Iesu
1049 785 1258 839 Christi.
1304 785 1360 839 ln
1392 786 1473 839 via
1502 793 1742 851 vocatus,
1777 790 1835 837 ut
1861 788 2005 836 esset

432 881 726 948 apostolus.
761 878 860 932 Per
886 878 1197 932 voluntatem
1221 876 1335 932 Dei.
1363 877 1644 932 Voluntate
1667 877 1759 932 Dei
1789 886 2003 931 vocatus

432 976 485 1022 et
512 968 836 1024 illuminatus
864 966 1108 1023 credidit.
1140 966 1204 1022 Et
1231 966 1709 1036 Sosthenesrfrater.
1737 966 1849 1020 Non
1878 980 2006 1034 apo-

432 1057 624 1125 stolus,
670 1057 761 1111 sed
810 1072 873 1111 ex
924 1056 1056 1125 ipsis
1090 1058 1267 1112 sciens
1308 1068 1442 1113 erat.
1475 1056 1715 1111 Ecclesia:
1745 1056 1868 1119 Dei,
1892 1071 2005 1125 qua

429 1158 503 1200 est
533 1146 781 1201 Corinthi.
827 1146 918 1201 Est
954 1147 1191 1201 Ecclesia
1230 1156 1283 1203 et
1326 1163 1432 1202 non
1474 1147 1587 1201 Dei.
1635 1147 2002 1215 Sancti/iratis.

436 1239 535 1292 Per
553 1236 892 1305 baptismum.
915 1235 983 1289 In
1005 1235 1203 1291 Christo
1224 1236 1371 1290 Iesu.
1395 1236 1573 1291 Gratia
1595 1236 1712 1303 ejus
1735 1250 1826 1304 per
1846 1249 2003 1305 quam

430 1326 715 1380 sztlvamur.
753 1324 951 1389 Vocatis
978 1328 1167 1381 sanctis
1196 1343 1305 1380 cum
1334 1327 1587 1381 omnibus.
1618 1325 1859 1381 Ostendit
1886 1340 2003 1394 qua:

432 1418 503 1470 sit
549 1416 785 1471 Ecclesia
829 1417 956 1483 Dei,
1001 1433 1119 1487 qua:
1165 1418 1376 1472 lavacro
1417 1417 1629 1477 salutari
1675 1416 1853 1471 abluta
1900 1426 2001 1471 est.

431 1505 655 1561 Snnctos
685 1506 936 1575 corripit,
965 1516 1022 1560 nt
1061 1507 1136 1561 illi
1183 1516 1405 1561 cancros
1446 1514 1698 1576 arguant,
1740 1504 1860 1575 quia
1909 1520 2007 1561 nec

432 1595 536 1662 ipsi
573 1597 688 1649 sine
718 1604 934 1664 peccato
967 1614 978 1648 :
1020 1596 1155 1651 sicut
1185 1596 1427 1652 Salvator
1458 1605 1673 1667 propter
1704 1596 2003 1652 Phariszeos

433 1683 707 1750 discipulis
733 1684 892 1751 dicit,
924 1684 1112 1739 Videte
1148 1694 1201 1740 et
1241 1694 1423 1739 cavete
1452 1686 1517 1740 ab
1545 1686 1687 1741 omni
1731 1686 1952 1741 avaritia
1986 1705 2000 1741 :

432 1774 519 1838 qui
552 1773 680 1827 nihil
711 1773 992 1828 habebant.
1030 1773 1131 1839 Qui
1170 1776 1402 1829 invocant
1425 1792 1608 1829 nomen
1642 1775 1849 1829 Domini
1874 1776 1998 1831 Iesu

434 1862 622 1917 Christi
660 1864 713 1918 in
751 1865 886 1919 omni
930 1865 1039 1919 loco
1081 1860 1341 1933 ipsorum,
1400 1875 1447 1918 et
1484 1877 1674 1919 nostro.
1717 1865 1996 1934 lnvocate,

435 1956 575 2009 intus
606 1969 797 2010 vocare
834 1964 945 2020 est,
987 1954 1128 2024 quod
1159 1954 1282 2010 licet
1308 1955 1371 2009 ad
1403 1970 1621 2021 omnes,
1653 1956 1745 2009 sed
1776 1958 2002 2012 maxime

433 2046 500 2100 ad
528 2046 835 2101 sacerdotes
864 2047 1091 2116 pertinet
1118 2046 1367 2101 invocare
1397 2063 1410 2099 :
1436 2047 1573 2100 sicut
1599 2046 1691 2111 ibi,
1724 2046 1812 2102 Sic
1842 2047 2003 2102 bene-

434 2136 616 2191 dicitis
644 2136 777 2190 filios
802 2136 993 2202 Israel,
1021 2136 1333 2192 invocantes
1361 2152 1553 2192 nomen
1586 2153 1779 2193 meum.
1813 2138 1874 2193 Et
1904 2140 2001 2193 Da-

432 2226 519 2280 vid
567 2227 670 2294 ait,
702 2227 764 2281 Et
813 2226 1026 2283 Samuel
1069 2229 1209 2305 inter
1253 2242 1346 2284 eos
1392 2228 1480 2297 qui
1526 2228 1773 2284 invocant
1809 2245 2001 2286 nomen

436 2315 664 2371 Domini.
696 2315 827 2372 Nam
855 2317 1105 2374 sacerdos
1135 2316 1232 2378 fuit
1252 2358 1267 2384 ,
1299 2319 1387 2388 qui
1417 2330 1469 2373 et
1498 2320 1758 2375 sacerdoti
1791 2335 2003 2377 succes-

433 2408 523 2475 sit,
553 2416 606 2464 et
633 2409 724 2479 qui
756 2410 957 2472 hostias
985 2408 1271 2476 offerebat,
1299 2418 1354 2465 et
1381 2409 1447 2464 de
1471 2426 1576 2480 quo
1601 2410 1892 2467 secundum
1923 2413 2003 2466 hi-

439 2498 658 2553 storiam
687 2497 885 2553 dictum
921 2498 1323 2555 est:Suscitabo
1353 2499 1477 2553 mihi
1507 2501 1835 2557 sacerdotem
1870 2501 2001 2556 fide-

434 2591 559 2646 lem.
589 2589 767 2644 Gratia
792 2590 928 2644 vobis
952 2599 999 2645 et
1024 2608 1127 2660 pax
1150 2607 1180 2644 a
1210 2590 1314 2644 Dco
1340 2590 1497 2645 Patre
1521 2603 1692 2647 nostro
1715 2602 1758 2646 et
1784 2592 2004 2647 Domino

435 2681 562 2737 Iesu
607 2680 828 2736 Christo.
859 2680 1167 2736 Notandum
1189 2682 1312 2751 quia
1352 2697 1564 2752 semper
1603 2685 1824 2753 gratiam
1866 2698 2003 2753 pra:-

436 2771 596 2826 mittit
623 2786 742 2826 cum
772 2785 920 2841 pace.
951 2770 1155 2827 Gratias
1180 2789 1275 2844 ago
1302 2772 1409 2827 Deo
1439 2790 1547 2827 meo
1575 2790 1771 2845 semper
1796 2790 1889 2844 pro
1920 2792 2004 2830 vo-

434 2863 540 2931 bis,
570 2864 623 2917 in
651 2864 816 2934 gratia
845 2861 971 2931 Dei,
999 2880 1110 2933 qua:
1138 2864 1256 2918 data
1280 2874 1351 2919 est
1379 2866 1513 2919 vobis
1542 2866 1594 2919 in
1624 2867 1825 2922 Christo
1851 2867 1998 2922 Iesu.

440 2953 647 3007 Gratias
676 2952 887 3022 quidem
918 2968 1013 3024 ago
1040 2953 1179 3024 quod
1208 2953 1413 3009 habetis
1438 2956 1742 3023 scientiam,
1766 2957 1860 3014 sed
1888 2960 2005 3014 volo

438 3057 531 3097 vos
556 3043 693 3097 scire
721 3058 838 3112 quae
862 3044 933 3098 sit
958 3039 1175 3099 scientia
1191 3085 1205 3109 ,
1235 3060 1352 3114 quas
1373 3045 1661 3100 concordat
1680 3047 1735 3102 in
1760 3048 2006 3104 omnibus

439 3133 715 3188 catholica:
743 3134 887 3189 fidei.
923 3134 989 3189 Ut
1018 3135 1184 3201 solet,
1225 3136 1450 3204 primum
1482 3146 1752 3204 provocat.
1787 3138 1921 3205 Quia
1951 3140 2001 3192 in
2032 3159 2077 3222 ο

440 3224 669 3278 omnibus
700 3226 875 3279 diuites
908 3225 1033 3297 facti
1072 3226 1190 3281 estis
1226 3228 1280 3280 in
1309 3226 1421 3282 illo.
1450 3227 1509 3282 In
1539 3229 1784 3283 omnibus
1810 3230 2004 3285 doctri-

440 3318 521 3370 nis
547 3316 687 3370 dono
720 3316 810 3371 Dei
838 3332 932 3387 per
959 3318 1304 3387 sapientiam,
1335 3334 1453 3389 qua:
1482 3320 1766 3390 prophetas
1792 3330 1845 3377 et
1874 3324 2005 3377 ami-

416 3410 531 3462 "cos
559 3407 649 3461 Dei
681 3407 973 3462 constituit.
1002 3406 1068 3462 In
1090 3410 1229 3465 omni
1255 3410 1421 3477 verbo,
1452 3421 1497 3466 ct
1524 3412 1577 3466 in
1605 3414 1742 3466 omni
1769 3415 2002 3469 scientia.

442 3498 570 3550 'l'am
603 3497 808 3552 Veteris
838 3498 1162 3554 Testamenti
1206 3516 1364 3571 quam
1392 3502 1546 3557 Novi.
1588 3502 1737 3557 Sicut
1776 3506 2004 3559 testimo-

441 3589 579 3640 nium
620 3586 806 3642 Christi
843 3591 1196 3656 conﬁrmatum
1239 3600 1311 3645 est
1350 3594 1402 3645 in
1430 3593 1587 3647 vobis.
1620 3593 2004 3650 Testimonium

443 3678 638 3733 Chrisd
684 3679 819 3749 quod
861 3679 1021 3743 dixit,
1054 3682 1238 3736 Omnis
1265 3682 1437 3737 scriba
1479 3682 1666 3737 doctus
1705 3685 1893 3739 similis
1923 3697 2006 3741 est

443 3767 644 3822 homini
666 3766 1048 3836 patrifamilias.
1072 3768 1159 3839 qui
1183 3770 1381 3838 profert
1404 3770 1470 3825 de
1493 3770 1739 3827 thesauro
1757 3789 1854 3829 suo
1870 3790 2003 3830 nova

441 3867 497 3911 et
524 3870 725 3913 vetera.
754 3858 840 3912 Ita
869 3870 922 3912 ut
951 3859 1081 3913 nihil
1110 3859 1237 3914 desit
1266 3862 1319 3914 in
1347 3860 1457 3916 ulla
1485 3865 1673 3933 gratia.
1705 3864 1853 3920 Sicut
1880 3865 2006 3918 dicit

439 3950 721 4017 Salomon,
753 3951 1023 4007 Venerunt
1051 3952 1183 4007 mihi
1226 3954 1401 4008 omnia
1446 3954 1603 4009 simul
1641 3971 1760 4010 cum
1803 3971 1863 4010 ea
1907 3974 1919 4009 :
1954 3959 2003 4009 id

440 4049 551 4105 est,
585 4054 702 4093 cum
748 4040 1027 4109 sapientia.
1063 4040 1486 4112 Exspectantibus
1515 4044 1867 4098 reuelationem
1896 4043 2002 4098 Do-

442 4128 564 4180 mini
586 4124 769 4182 ’nostri
811 4128 937 4183 Iesu
981 4128 1190 4185 Christi.
1236 4132 1333 4199 Qui
1366 4148 1505 4187 nunc
1536 4144 1783 4203 tanquam
1813 4135 2005 4191 absens

444 4237 545 4273 non
578 4222 806 4276 videtur.
836 4221 937 4285 Qui
981 4231 1026 4276 et
1071 4224 1391 4291 conﬁrmabit
1434 4241 1520 4278 vos
1556 4241 1712 4294 usque
1740 4229 1823 4278 ‘ad
1848 4227 2003 4296 ﬁnem

441 4313 548 4366 sine
575 4314 779 4366 crimine
802 4313 852 4365 in
882 4311 963 4365 die
981 4312 1222 4368 adven'us
1245 4313 1450 4368 Domini
1470 4316 1628 4369 nostri
1647 4314 1774 4369 Iesu
1796 4315 2002 4372 Christi.

442 4406 588 4459 Sicut
614 4405 688 4459 ait
718 4405 1013 4472 Pr0pbeta,
1044 4406 1313 4461 Conlirma
1343 4422 1428 4462 me
1473 4408 1525 4461 in
1572 4410 1747 4465 verbis
1787 4410 1917 4474 tuis,
1950 4418 2006 4464 et

447 4498 600 4560 illud,
635 4498 742 4552 Pax
790 4497 952 4551 multa
1000 4498 1341 4567 diligentibus
1382 4516 1574 4556 nomen
1608 4512 1787 4569 tuum,
1820 4511 1874 4557 et
1900 4519 2005 4558 non

2103 563 2151 606 te
2173 557 2276 609 via.
2306 556 2359 610 Si
2398 571 2561 610 unum
2591 565 2647 612 et
2674 558 2913 612 sentiatis
2940 568 2994 614 et
3031 560 3311 628 proferatis
3330 604 3345 627 ,
3380 570 3503 616 tunc
3527 572 3667 631 pote-

2105 646 2219 701 ritis
2240 662 2360 702 esse
2383 646 2625 716 perle'cti.
2652 648 3010 720 Signiﬁcatum
3030 661 3101 706 est
3122 654 3252 706 enim
3274 656 3401 707 mihi
3420 657 3481 708 de
3505 656 3667 721 vobis,

2106 739 2288 803 fratres
2313 738 2440 805 mei,
2469 738 2533 793 ab
2563 740 2642 794 his
2665 742 2756 810 qui
2782 751 2898 796 sunt
2941 741 3155 809 Chloes,
3186 748 3305 812 quia
3332 742 3670 800 contentiones

2101 824 2234 879 inter
2257 840 2342 880 vos
2361 836 2499 882 sunt.
2525 828 2803 895 Quomodo
2822 831 3111 898 Apostolus
3135 834 3360 888 credidit
3384 834 3452 889 de
3481 836 3670 889 absen-

2105 916 2265 981 tibus,
2291 931 2409 971 cum
2443 920 2698 987 scriptum
2729 920 2817 985 sit,
2837 920 2950 975 Non
2982 922 3170 977 credas
3198 925 3398 978 auditui
3428 941 3585 989 vano,
3616 938 3671 980 et

2103 1015 2295 1061 etetera
2336 1008 2532 1062 multa?
2573 1009 2680 1065 Sed
2719 1011 2854 1067 banc
2880 1012 3105 1082 gratiam
3135 1012 3394 1081 habebat,
3425 1026 3482 1070 ut
3508 1019 3672 1071 sciret

2103 1095 2229 1164 quid
2257 1097 2506 1153 absentes
2522 1109 2776 1171 agerent,
2808 1104 2945 1157 sicut
2970 1103 3037 1157 ad
3063 1104 3405 1161 Colossenses
3432 1107 3524 1173 ait,
3556 1109 3670 1162 Etsi

2104 1205 2328 1262 corpore
2354 1194 2566 1260 absens,
2596 1196 2786 1264 spiritu
2819 1212 3081 1266 praesens,
3120 1200 3360 1269 gaudens
3396 1210 3451 1255 et
3487 1188 3671 1256 videns

2104 1282 2343 1337 ordinem
2374 1293 2630 1342 vestrum.
2668 1284 2779 1339 Hoc
2804 1296 2974 1340 autem
2986 1289 3139 1352 .dico,
3165 1291 3301 1357 quod
3330 1292 3673 1365 unusquisque

2104 1384 2321 1435 vestrum
2342 1375 2481 1439 dicit,
2515 1374 2625 1448 Ego
2646 1379 2847 1447 quidem
2867 1395 2978 1434 sum
3002 1378 3188 1445 Pauli,
3213 1396 3304 1451 ego
3324 1391 3493 1435 autem
3514 1384 3672 1450 Apol-

2104 1464 2178 1531 lo,
2206 1483 2299 1536 ego
2340 1483 2456 1521 vero
2486 1466 2687 1539 Cephe.
2731 1469 2784 1523 In
2825 1472 3181 1539 apostolorum
3220 1488 3441 1540 persona
3476 1474 3576 1527 hoc
3600 1476 3671 1529 de

2105 1557 2560 1627 pseudoapostolis
2584 1559 2816 1627 dicebat,
2842 1562 2928 1630 qui
2948 1556 3039 1631 per
3055 1563 3361 1632 sapientiam
3380 1566 3558 1618 mundi
3572 1567 3669 1620 cir-

2103 1656 2478 1702 cumvenerant
2492 1663 2603 1714 eos,
2619 1651 2736 1717 quia
2752 1653 3110 1721 unusquisque
3124 1654 3237 1720 ejus
3254 1668 3309 1707 se
3326 1653 3533 1709 dicebat
3546 1670 3669 1709 esse

2107 1736 2257 1805 cujus
2277 1737 2569 1792 doctrinam
2592 1739 2871 1810 diligebat,
2897 1757 3015 1796 cum
3040 1743 3279 1798 diversas
3303 1745 3554 1801 baberent
3574 1746 3671 1801 do-

2039 1815 2079 1873 Β
2106 1828 2336 1892 ctrinas;
2361 1829 2402 1881 si
2433 1844 2559 1897 ergo
2588 1844 2684 1884 nec
2713 1831 2778 1886 de
2808 1832 2948 1887 veris
2987 1835 3240 1900 apostolis
3262 1836 3537 1892 dicendum
3563 1848 3669 1904 est,

2103 1928 2299 1985 quanto
2315 1920 2480 1988 magis
2497 1921 2562 1974 de
2578 1920 2682 1974 illis
2697 1922 2784 1989 qui
2801 1923 2931 1977 nihil
2949 1934 3096 1979 erant
3112 1926 3125 1977 l
3149 1924 3260 1995 Ego
3274 1937 3439 1981 autem
3454 1927 3667 1984 Christi.

2104 2008 2306 2062 ‘Divisus
2328 2018 2400 2063 est
2423 2008 2687 2075 Christus?
2713 2014 2941 2083 nunquid
2964 2013 3162 2069 Paulus
3185 2018 3455 2085 cruciﬁxus
3480 2029 3550 2073 est
3573 2038 3670 2087 pro

2102 2099 2274 2151 vobis?
2294 2097 2455 2154 Pauci
2476 2100 2543 2154 die
2562 2101 2751 2167 ebant,
2776 2103 2916 2173 quod
2938 2120 3122 2161 omnes
3143 2106 3321 2162 dicere
3339 2108 3665 2165 debuissent.

2105 2187 2370 2244 Dividitur
2409 2206 2621 2261 corpus,
2667 2207 2786 2247 cum
2830 2195 3065 2250 membra
3106 2197 3443 2253 dissentiunt.
3486 2200 3672 2257 Potest

2102 2281 2208 2336 dici
2238 2282 2366 2349 illis,
2398 2285 2487 2353 qui
2517 2285 2713 2339 Christi
2742 2289 2987 2353 exemplo
3024 2289 3288 2345 Abraham
3327 2294 3509 2348 volunt
3548 2295 3675 2349 imi-

2105 2373 2205 2426 tari
2238 2391 2249 2425 :
2280 2373 2522 2443 Nunquid
2567 2376 2833 2431 Abraham
2861 2379 3143 2434 crucifixus
3168 2391 3252 2436 est
3277 2397 3372 2452 pro
3393 2385 3579 2438 vobis?
3618 2396 3679 2441 et

2106 2462 2229 2516 illul
2263 2463 2503 2532 Domini,
2534 2465 2585 2520 in
2612 2482 2717 2535 quo
2743 2467 2930 2534 docet,
2959 2485 3061 2524 non
3086 2471 3281 2527 debere
3308 2488 3404 2539 nos
3427 2490 3680 2545 quareve

2103 2554 2225 2624 quid
2249 2555 2400 2611 alteri
2423 2556 2682 2626 discipulo
2712 2561 2981 2630 praecipiet
3009 2579 3023 2615 :
3055 2562 3129 2617 ait
3154 2564 3292 2619 enim
3326 2564 3499 2629 Petro,
3526 2566 3679 2634 Quid

2104 2646 2168 2700 ad
2202 2648 2288 2702 te?
2318 2656 2370 2701 tu
2402 2664 2488 2704 me
2525 2664 2772 2719 sequere.
2803 2652 2904 2705 Aut
2934 2653 2985 2706 in
3013 2654 3215 2707 nomine
3248 2653 3400 2707 Pauli
3428 2658 3683 2725 baptizari

2102 2737 2261 2791 estis?
2288 2736 2564 2794 Habebam
2587 2754 2715 2810 ergo
2743 2740 2833 2795 isti
2878 2740 3206 2812 bap'ismatis
3245 2756 3640 2801 sacramentum
3660 2789 3680 2813 ,

2104 2826 2195 2880 sed
2225 2827 2325 2882 hoc
2351 2842 2446 2896 per
2467 2831 2863 2886 contentionem
2890 2842 2955 2887 et
2994 2834 3168 2887 zelum
3208 2834 3261 2888 in
3289 2835 3518 2891 schisma
3546 2854 3684 2893 ver-

2106 2917 2302 2981 tebant,
2328 2926 2380 2972 et
2401 2919 2683 2975 carnaliter
2702 2921 2957 2989 sapiendo
2977 2923 3131 2978 aliter
3150 2924 3217 2979 de
3237 2925 3345 2979 Deo
3360 2926 3681 2989 credebant.

2105 3008 2229 3063 dum
2258 3009 2359 3064 sibi
2390 3011 2489 3080 ipsi
2527 3027 2687 3066 sensu
2732 3014 2930 3067 carnali
2962 3014 3125 3067 Deum
3168 3017 3377 3084 qualem
3422 3018 3686 3074 volebant

2109 3101 2407 3168 fingebant,
2436 3110 2592 3173 atque
2620 3102 2690 3157 ita
2725 3113 2923 3159 tantum
2957 3104 3111 3174 longe
3138 3106 3296 3162 aliter
3329 3123 3483 3176 quam
3529 3108 3687 3166 Dens

2106 3200 2189 3246 est
2215 3193 2535 3253 credebant,
2582 3203 2834 3263 quantum
2875 3209 2906 3248 a
2949 3198 3169 3251 veritate
3207 3199 3413 3252 vanitas
3447 3198 3633 3255 differt
3666 3219 3684 3255 :

2105 3284 2227 3350 quia
2257 3283 2502 3337 animalis
2534 3283 2694 3338 homo
2725 3299 2826 3338 non
2861 3286 3081 3354 percipit
3115 3302 3177 3342 ea
3205 3303 3322 3356 qua:
3360 3298 3486 3343 sunt
3516 3292 3689 3358 spiri-

2110 3384 2191 3427 tus
2234 3374 2347 3429 Dei.
2399 3374 2473 3429 De
2514 3375 2708 3429 talibus
2751 3375 2906 3437 dicit,
2941 3377 3006 3430 Et
3044 3377 3489 3433 circumferuntur
3523 3384 3685 3437 omni

2109 3475 2266 3518 vento
2292 3465 2571 3520 doctrina).
2602 3465 2809 3522 Gratias
2836 3484 2933 3539 ago
2966 3465 3073 3522 Deo
3098 3485 3229 3532 meo,
3254 3470 3395 3540 quod
3422 3472 3687 3527 neminem

2107 3566 2327 3610 vestrum
2354 3559 2620 3627 baptizavi,
2651 3560 2747 3612 nisi
2775 3559 3008 3630 Crispum
3026 3601 3040 3624 ,
3069 3570 3116 3614 et
3143 3561 3347 3626 Caium,
3374 3579 3435 3615 ne
3455 3565 3569 3633 quis
3594 3564 3685 3615 di-

2109 3658 2215 3712 cat,
2249 3649 2385 3718 quod
2425 3651 2476 3703 in
2499 3651 2700 3705 nomine
2729 3668 2836 3704 meo
2864 3652 3105 3721 baptisati
3129 3655 3266 3707 estis.
3291 3653 3557 3723 Baptisavi
3584 3673 3687 3709 au-

2109 3747 2207 3791 tem
2228 3748 2274 3791 ct
2296 3738 2568 3807 Stephantc
2588 3742 2812 3794 domum.
2839 3741 3089 3795 Caeterum
3109 3744 3275 3796 nescio
3289 3745 3413 3813 siqu
3432 3761 3492 3795 Ἧι
3512 3747 3685 3797 alium

2111 3831 2485 3901 baptizauerim.
2517 3832 2637 3887 Non
2683 3835 2817 3887 enim
2856 3836 2991 3888 misit
3019 3851 3098 3887 me
3124 3834 3353 3889 Christus
3382 3836 3682 3905 baptizare,

2108 3922 2195 3976 sed
2237 3923 2601 3993 evangelicum.
2645 3924 2798 3990 Quod
2849 3925 2926 3979 sic
2964 3926 3171 3990 evenit,
3203 3936 3259 3978 ut
3288 3926 3553 3980 neminem
3588 3941 3686 3979 ve-

2110 4026 2275 4066 Strum
2318 4013 2673 4081 baptizarem;
2720 4030 2839 4067 nam
2872 4014 3091 4069 forsitan
3119 4016 3405 4079 dixissetis,
3450 4016 3591 4085 quod
3626 4017 3681 4069 in

2112 4102 2323 4156 nomine
2363 4117 2482 4157 meo
2511 4103 2851 4172 baptizarem.
2888 4103 3009 4158 Non
3048 4106 3100 4157 in
3138 4107 3388 4173 sapientia
3426 4105 3595 4170 verbi,
3627 4113 3685 4158 ut

2111 4209 2211 4245 non
2240 4203 2504 4247 evacuetur
2532 4211 2657 4249 crus;
2680 4195 2888 4249 Christi.
2922 4197 3194 4251 Evaeuant
3219 4198 3294 4252 illi
3333 4198 3439 4251 vim
3471 4199 3678 4264 crucis,

2110 4292 2200 4358 qui
2224 4292 2450 4346 humana
2477 4294 2733 4362 sapientia
2757 4294 3069 4363 gloriantur,
3093 4309 3249 4363 quam
3273 4293 3361 4348 illa
3386 4294 3677 4349 damnavit.

2119 4382 2337 4437 Verbum
2368 4386 2498 4439 enim
2536 4386 2701 4440 crucis
2726 4386 3025 4455 pra'dicatio
3055 4384 3320 4457 Evangelii
3347 4395 3439 4440 est.
3481 4385 3683 4439 Christi

2109 4475 2371 4529 crucifixi.
2406 4475 2739 4529 Pereuntibus
2763 4475 2968 4544 quidem
2993 4478 3207 4530 stultitia
3256 4485 3348 4529 est.
3391 4474 3683 4530 lncrednlis

444 4597 524 4642 es,
569 4588 672 4641 mis
715 4587 1042 4641 scandalum.
1092 4562 1292 4643 ﬁdem
1338 4590 1502 4656 De“,
1548 4607 1637 4662 per
1670 4562 1819 4661 qua,”
1846 4594 2004 4646 mea”.
2039 4562 2082 4619 ι)
2112 4575 2164 4620 et
2194 4582 2298 4621 non
2340 4567 2754 4635 intelligentibus
2798 4567 3046 4622 virtutem
3096 4567 3189 4621 Dei
3225 4566 3445 4621 stultitia
3472 4565 3683 4620 videtur

442 4679 579 4733 estis.
604 4678 736 4744 Quia
759 4676 1091 4731 confirmavit
1117 4678 1285 4734 fidelis
1314 4678 1477 4735 Deus.
1506 4680 1573 4733 In
1599 4684 1883 4735 societatem
1913 4681 2003 4735 Fi-

443 4769 499 4821 lii
536 4769 646 4838 ejus
673 4765 798 4820 Jesu
829 4765 1016 4820 Christi
1050 4767 1252 4821 Domini
1282 4770 1459 4824 nostri.
1494 4770 1815 4826 Societatem
1846 4772 2005 4828 Joan-

445 4874 540 4915 nes
564 4860 795 4914 ostcndit
823 4857 1035 4924 dicens,
1066 4859 1322 4926 Quoniam
1360 4861 1497 4917 Deus
1527 4863 1613 4916 lux
1637 4870 1751 4929 est,
1781 4872 1835 4918 et
1863 4874 2007 4919 tene-

447 4950 552 5003 brat
598 4951 649 5004 in
680 4964 746 5005 eo
776 4948 931 5003 nulla:
956 4958 1080 5004 sunt
1110 4968 1122 5003 :
1154 4950 1197 5005 si
1225 4950 1518 5006 dixerimus
1548 4953 1670 5023 quia
1701 4954 2006 5010 societatem

447 5040 699 5095 habemus
724 5056 843 5097 cum
870 5056 955 5106 eo,
996 5050 1050 5097 et
1087 5042 1137 5096 in
1167 5043 1401 5098 tenebris
1428 5044 1784 5108 ambulamus,
1818 5048 2008 5101 menti-

448 5144 587 5181 mur.
617 5131 680 5184 Et
708 5133 900 5187 Paulus
926 5151 937 5185 :
968 5135 1023 5188 Si
1048 5134 1447 5202 commorimur,
1473 5144 1527 5191 et
1551 5137 1890 5194 convivemus
1921 5156 1935 5193 :
1965 5139 2010 5194 si

447 5221 788 5287 sustinemus,
818 5232 869 5277 et
891 5227 1328 5295 conrognabimus
1353 5246 1365 5280 :
1389 5230 1433 5282 si
1455 5228 1585 5283 socii
1610 5229 1863 5284 fuerimus
1882 5245 2008 5285 con-

450 5311 765 5365 versationis
813 5321 867 5366 et
896 5316 1227 5383 passionum,
1259 5319 1460 5374 erimus
1489 5322 1616 5375 socii
1647 5330 1701 5376 et
1741 5322 1793 5375 in
1825 5322 2008 5393 gloria.

451 5402 668 5458 Obsecro
688 5410 854 5456 autem
874 5419 958 5457 vos
977 5444 991 5467 ,
1015 5406 1215 5475 fratres.
1262 5409 1539 5480 llucusque
1563 5428 1681 5467 cum
1708 5413 1859 5469 laude
1884 5430 2013 5482 prte-

448 5494 599 5549 fatio.
630 5496 763 5550 llinc
787 5494 896 5564 jam
926 5510 1137 5550 causam
1172 5498 1523 5557 dissensitnis
1558 5506 1880 5574 exsequitur.
1914 5502 2012 5559 Per

450 5600 633 5639 nomen
654 5584 858 5641 Domini
882 5588 1042 5640 nostri
1057 5585 1180 5641 Iesu
1203 5585 1408 5644 Christi.
1435 5594 1488 5646 In
1505 5609 1611 5661 quo
1638 5595 1850 5649 nomine
1870 5595 2015 5648 vidc-

454 5673 582 5728 bitis
604 5675 752 5741 signa
784 5675 919 5730 fieri.
955 5675 1023 5731 Ut
1048 5677 1272 5745 idipsum
1292 5680 1472 5734 dicatis
1496 5698 1685 5750 omnes,
1717 5694 1762 5737 et
1793 5700 1891 5738 non
1913 5686 2016 5738 sint

451 5762 506 5813 in
526 5764 657 5816 vobis
673 5764 963 5821 schismata.
983 5766 1048 5823 Ut
1065 5783 1222 5824 unum
1253 5771 1513 5838 sentiatis,
1531 5773 1612 5828 vel
1634 5773 2012 5831 confiteamini.

2114 4664 2205 4719 Dei
2248 4664 2434 4719 Filium
2465 4666 2643 4720 dicere
2682 4667 3022 4731 crucifixum;
3058 4665 3236 4721 ﬁdeles
3266 4675 3445 4721 autem
3478 4664 3679 4720 intelli-

2111 4764 2241 4825 gnnt
2268 4756 2360 4810 Dei
2389 4772 2508 4811 esse
2536 4758 2779 4810 virtutem
2802 4798 2816 4820 ,
2848 4772 2965 4811 cum
3008 4766 3061 4811 et
3102 4756 3372 4811 diabolum
3412 4754 3685 4823 superavit

2113 4856 2166 4899 et
2196 4866 2223 4898 n
2248 4859 2436 4904 ortem.
2466 4851 2543 4902 lis
2565 4859 2731 4903 autem
2755 4850 2844 4919 qui
2868 4850 2993 4903 salvi
3019 4850 3180 4917 ﬁunt,
3203 4850 3258 4901 id
3286 4858 3358 4903 est
3384 4849 3551 4912 nobis,
3577 4849 3691 4901 vir-

2116 4950 2196 4993 tus
2224 4938 2318 4992 Dei
2343 4948 2437 4993 est.
2472 4938 2658 4993 Fidem
2691 4938 3013 4993 infundendo
3042 4939 3281 4993 salvavit.
3316 4938 3583 5009 Scriptum
3604 4944 3687 4990 est

2113 5040 2242 5094 enim
2263 5079 2279 5105 ,
2329 5037 2548 5091 l’erdam
2573 5039 2875 5106 sapientiam
2900 5040 3232 5104 sapientium,
3274 5047 3325 5091 et
3361 5035 3690 5106 prudentiam

2113 5128 2437 5198 prudentium
2466 5127 2765 5198 reprobabo.
2799 5129 2854 5181 ln
2888 5128 3122 5182 adventu
3163 5127 3360 5182 Christi
3406 5128 3687 5196 impletum

2115 5228 2214 5274 est.
2268 5219 2367 5273 Ubi
2394 5220 2636 5287 sapiens?
2676 5219 2773 5274 Ubi
2817 5220 3021 5273 scriba?
3061 5219 3316 5288 Eligendo
3357 5218 3681 5287 piscatores,

2118 5312 2457 5381 phiIOSOphos
2489 5312 2809 5381 reprobavit.
2842 5312 2943 5367 Ubi
2979 5312 3251 5382 inqu'sitor
3277 5311 3435 5383 hujus
3471 5308 3694 5364 secuti?

2118 5403 2217 5470 Qui
2250 5403 2505 5472 sapientia
2533 5417 2626 5458 sua
2655 5401 2922 5471 conquirit
2950 5416 3068 5455 cum
3097 5402 3309 5456 ceteris
3333 5404 3401 5455 de
3427 5397 3637 5452 occultis
3661 5435 3687 5460 ,

2117 5514 2172 5556 ut
2194 5502 2260 5557 de
2291 5502 2484 5556 abditis
2528 5502 2684 5557 rebus
2713 5516 2775 5555 ac
2806 5502 3007 5556 naturis
3038 5500 3385 5569 singulorum.
3426 5497 3569 5554 Unde
3596 5503 3693 5549 est

2121 5591 2232 5645 hare
2270 5591 2531 5660 sapientia
2571 5606 2725 5660 quant
2753 5592 3001 5659 reprobat
3034 5592 3201 5655 Deus,
3244 5605 3364 5643 cum
3405 5588 3570 5642 omnis
3593 5600 3693 5638 sa-

2122 5684 2315 5751 pientia
2349 5697 2378 5736 a
2410 5679 2636 5738 Domino
2664 5682 2773 5737 Deo
2797 5683 2892 5746 sit;
2928 5682 3019 5737 sed
3052 5684 3147 5736 ista
3176 5684 3430 5751 sapientia
3464 5680 3595 5739 talis,
3620 5687 3691 5730 et

2128 5774 2425 5843 smeularis,
2459 5791 2560 5833 non
2591 5786 2671 5833 est
2709 5776 2990 5834 desursum
3020 5776 3379 5844 descendens,
3410 5774 3497 5831 sed
3531 5784 3687 5824 unua-
