3904 6176
268 391 362 447 509
1050 382 1115 439 lii
1154 376 1534 438 EPISTOLAM
1571 375 1591 431 Ι
1633 374 1725 433 AD
1758 369 2165 431 CORINTHIOS
2205 367 2720 428 COMMENTARIA.

3401 368 3508 422 5η)

262 517 427 575 dana;
456 513 579 568 ideo
605 520 660 569 ut
685 508 847 566 stulta
876 521 906 560 a
935 498 1160 559 Domino
1183 497 1459 562 refutatur,
1493 493 1614 564 quia
1643 503 1702 546 se
1734 503 1828 558 pn-
1856 489 1905 548 Δ
1934 492 2017 539 tur
2055 482 2172 539 Dei.
2218 481 2442 551 Semper
2483 481 2702 555 istorum
2727 477 2909 575 trium
2959 476 3206 575 gloriatio
3243 476 3513 575 arguitur,
3556 484 3563 489 '

268 615 340 657 tat
367 601 564 671 aliquid
598 613 736 661 esse,
763 606 819 651 et
848 609 944 664 per
972 605 1123 646 suam
1150 584 1465 656 sapientiam
1497 580 1706 638 occulta
1739 577 1833 631 Dei

261 670 586 764 cognoscere
628 709 640 742 :
673 687 765 743 sed
803 686 903 740 ista
940 680 1196 753 sapientia
1223 674 1468 731 animalis
1498 681 1552 729 et
1575 670 1836 727 diabolica

262 762 363 839 esti.
402 786 476 838 De
510 780 705 836 talibus
728 774 1060 847 sapientibus
1083 771 1210 825 dicit
1239 769 1379 823 Deus
1397 806 1411 831 ,
1438 764 1573 831 Quia
1612 762 1837 837 abscon-

262 875 387 929 disti
419 874 534 927 haec
574 887 605 925 a
635 866 965 938 sapientibus
994 874 1047 919 et
1077 859 1444 933 prudentibus.
1480 855 1669 909 Nonne
1710 850 1840 906 stul-

262 979 365 1021 tam
390 966 508 1036 fecit
543 964 680 1017 Deus
714 959 1021 1031 sapientiam
1056 955 1211 1025 hujus
1239 950 1455 1013 mundi?
1491 964 1611 1002 nam
1638 946 1757 1017 quia
1788 944 1841 997 in

262 1059 359 1111 Dei
411 1057 661 1129 sapientia
712 1070 811 1107 non
865 1048 1098 1120 cegnovit
1144 1045 1363 1098 mundus
1409 1058 1498 1110 per
1538 1039 1842 1107 sapientiam

261 1147 430 1201 Deum
450 1186 464 1210 ,
499 1145 691 1217 placuit
726 1140 854 1195 Deo.
891 1136 1081 1194 Omnia
1120 1136 1171 1191 in
1194 1132 1451 1204 sapientia
1475 1129 1631 1192 fecit,
1662 1130 1714 1181 in
1742 1139 1841 1217 qua

262 1236 452 1295 debuit
480 1214 597 1304 ipse
636 1232 884 1303 cognosci
927 1226 1015 1297 qui
1047 1227 1271 1288 fecerat,
1304 1222 1391 1292 qui
1422 1219 1581 1275 etiam
1614 1218 1741 1287 ipsis
1777 1214 1844 1268 ad

261 1325 699 1401 eiignoscendnm
719 1339 837 1378 enm
856 1320 1075 1375 dederat
1093 1314 1430 1385 sapientiam.
1456 1309 1559 1364 Per
1580 1307 1847 1363 stultitiam

262 1397 647 1493 praedicationis
675 1416 841 1469 salvos
870 1412 1041 1481 facere
1068 1409 1348 1461 credentes.
1380 1404 1508 1468 Quae
1549 1399 1686 1466 apud
1730 1397 1847 1451 illos

264 1488 491 1565 stultitia
512 1506 816 1560 haberetur.
837 1498 1100 1568 Quomodo
1123 1512 1165 1552 et
1188 1495 1358 1549 Judtei
1380 1495 1525 1565 signa
1551 1500 1742 1560 petunt.
1772 1488 1850 1541 Ex

266 1598 666 1656 consuetudine
699 1594 1076 1663 prophetarum
1098 1629 1112 1653 ,
1141 1588 1229 1657 qui
1267 1600 1388 1640 cum
1427 1584 1586 1637 etiam
1628 1581 1745 1635 sine
1778 1578 1852 1633 si-

266 1693 394 1764 gnis
414 1701 739 1757 cognoscere
755 1683 1072 1745 debuerunt,
1095 1677 1341 1732 videntes
1360 1690 1461 1730 non
1486 1673 1847 1728 crediderunt.

267 1783 341 1836 Et
377 1779 548 1834 Cruci
579 1776 880 1847 sapientiam
907 1781 1164 1844 quaerunt.
1200 1769 1476 1823 Rationem
1503 1767 1741 1818 humanae
1769 1778 1856 1817 sa-

1936 573 2079 627 sicut
2103 572 2358 642 scriptum
2387 580 2499 638 est,
2534 570 2648 623 Non
2689 568 2944 638 glorietur
2971 566 3182 635 sapiens
3210 567 3262 621 itt
3292 566 3510 636 sapien-

1938 664 2008 719 tia
2035 678 2151 729 sna,
2190 678 2358 732 neque
2400 662 2552 716 fortis
2579 661 2631 714 in
2665 660 2969 713 fortitudine
2998 674 3122 723 sua,
3154 673 3328 729 neque
3358 658 3509 713 dives

1940 752 1993 807 in
2024 753 2222 808 divitiis
2251 755 2384 808 suis.
2417 752 2537 821 Ipse
2565 766 2776 821 quoque
2810 749 3063 803 Dominus
3094 749 3234 818 quod
3266 764 3358 819 per
3390 763 3515 817 pro-

1940 844 2154 914 pltetam
2185 844 2424 909 dixerat,
2459 845 2509 897 in
2543 858 2601 898 se
2628 842 2693 896 ad
2726 855 2964 895 nosuum
2998 841 3297 909 exeinplum
3328 840 3516 909 imple-

1942 934 2037 992 vit.
2079 936 2318 1006 Denique
2354 937 2478 989 dum
2516 935 2581 989 de
2609 949 2842 1004 paupere
2872 932 3127 997 nascitur,
3161 932 3410 1000 reprobat
3439 930 3517 984 di-

1945 1027 2099 1081 vitias
2130 1044 2143 1081 :
2167 1028 2290 1081 dum
2316 1027 2520 1081 litteras
2546 1040 2649 1080 non
2673 1025 2865 1089 discit,
2892 1024 3086 1079 refutat
3110 1023 3288 1077 saeculi
3316 1020 3522 1091 sapien-

1947 1119 2073 1171 tiam
2108 1135 2121 1169 :
2155 1117 2279 1171 dum
2310 1117 2553 1181 traditur,
2588 1130 2693 1169 non
2724 1115 2960 1179 resistit,
2988 1114 3079 1185 qui
3113 1123 3319 1182 poterat
3352 1120 3517 1165 totum

1949 1208 2203 1263 mundum
2232 1224 2336 1262 uno
2361 1223 2610 1262 sermone
2640 1208 2951 1262 subvertere
2971 1249 2986 1273 ,
3021 1208 3305 1259 humanam
3345 1215 3521 1257 tamen

1950 1300 2310 1354 fortitudinem
2340 1297 2472 1353 nihil
2505 1313 2626 1353 esse
2667 1297 3002 1351 monstravit.
3046 1295 3199 1350 [nde
3243 1294 3527 1348 humilient

1950 1409 2009 1449 se
2056 1394 2197 1459 Deo,
2245 1394 2288 1447 si
2338 1393 2525 1447 volunt
2567 1400 2619 1446 et
2662 1392 2760 1459 ipsi
2799 1391 2921 1462 eligi
2967 1404 3087 1443 eum
3136 1388 3367 1443 ceteris.
3419 1386 3525 1441 Sed

1955 1487 2055 1541 hoc
2084 1496 2249 1541 totum
2278 1495 2462 1539 contra
2494 1485 2614 1539 illos
2658 1482 2888 1547 dicebat,
2930 1482 3017 1552 qui
3065 1495 3123 1536 se
3167 1481 3413 1535 dicebant
3457 1478 3526 1532 de

1952 1590 2147 1644 genere
2174 1574 2489 1629 sacerdotali
2527 1586 2667 1641 esse,
2700 1582 2754 1627 et
2796 1572 3159 1642 legisperiios,
3190 1580 3241 1625 et
3281 1569 3530 1623 meliores

1955 1666 2241 1736 apostolis,
2268 1675 2321 1720 et
2345 1664 2671 1719 sedocebaut
2694 1678 2789 1718 eos
2817 1664 2869 1717 in
2912 1663 3093 1717 multis
3134 1660 3403 1715 erroribus
3432 1661 3531 1713 do-

1956 1759 2249 1812 etrinarnm
2284 1776 2296 1809 :
2330 1757 2598 1827 quomodo
2641 1755 2742 1811 diei
2774 1764 2946 1825 potest
2977 1764 3160 1809 contra
3194 1754 3530 1824 Pelagianos,

270 1874 516 1943 pientice.
548 1845 661 1923 Nos
684 1876 849 1921 autem
880 1865 1213 1935 prtedicamus
1242 1859 1499 1914 Christum
1528 1855 1851 1922 cruciﬁxum.
1887 1849 1930 1907 Β
1959 1851 2045 1918 qui
2079 1849 2259 1903 dicunt
2285 1864 2342 1903 se
2372 1864 2465 1903 sua
2494 1849 2752 1918 sapientia
2781 1862 2900 1902 esse
2928 1848 3183 1902 salvatos.
3218 1845 3281 1900 Ut
3307 1863 3405 1898 non
3430 1862 3461 1915 g
3485 1863 3536 1898 o-

269 1942 529 2018 Ostendit
556 1958 777 2014 multum
801 1955 1104 2023 discrepare
1125 1950 1334 2004 illorum
1363 1946 1675 2016 sapientiam
1708 1959 1737 1996 a
1760 1942 1854 1997 do-

271 2058 453 2111 ctrina
482 2068 599 2107 sua.
629 2049 828 2104 Judwis
856 2048 1058 2116 quidem
1083 2040 1407 2097 scandalum.
1436 2037 1752 2094 Seandalom
1776 2043 1859 2089 est

273 2146 483 2203 Judmis
503 2186 521 2210 ,
552 2144 595 2199 si
630 2141 978 2211 praedicamus
1019 2150 1139 2191 esse
1167 2136 1338 2203 ipsum
1369 2130 1673 2197 Christum,
1702 2142 1857 2197 quem

278 2242 359 2297 illi
382 2237 800 2293 crncilixerunt:
823 2230 1127 2287 scandalum
1152 2228 1256 2281 illis
1276 2235 1358 2280 est
1377 2225 1565 2279 audire
1593 2230 1856 2275 mortuum

278 2332 598 2393 Christum,
629 2328 764 2382 sicut
800 2324 1078 2389 dicebant,
1108 2320 1217 2375 Nos
1265 2316 1559 2372 audivimus
1607 2329 1673 2369 ex
1714 2313 1860 2382 lege,

279 2421 411 2490 quia
431 2418 674 2473 Christus
696 2423 876 2468 manet
900 2413 953 2467 in
977 2422 1254 2467 internum.
1282 2406 1522 2461 Gentibus
1544 2414 1712 2459 autem
1737 2401 1863 2456 stul-

284 2512 477 2564 titiam.
510 2508 628 2563 Non
671 2504 1087 2575 intelligentibus
1125 2498 1542 2554 misericordiam
1587 2496 1678 2550 Dei
1707 2508 1864 2558 esse,

284 2618 410 2671 qua:
454 2599 678 2654 stultitia
717 2596 1053 2651 credebatur.
1088 2591 1201 2647 Nisi
1242 2589 1384 2646 enim
1416 2590 1531 2658 (ait
1560 2582 1865 2655 Propheta)

285 2689 649 2751 credideritis,
678 2702 781 2740 non
812 2683 1134 2752 intelligetis.
1170 2678 1306 2751 Ipsis
1335 2690 1500 2733 autem
1538 2677 1726 2730 vocatis
1767 2674 1867 2727 Ju-

288 2780 420 2836 daris
447 2790 597 2849 atque
635 2775 829 2832 Gratcis
848 2816 863 2839 ,
900 2773 1153 2829 Christum
1180 2773 1270 2824 Dei
1299 2773 1529 2823 virtutem
1570 2777 1619 2821 et
1664 2764 1762 2818 Dei
1788 2780 1870 2817 stt-

290 2871 563 2941 pientiam.
613 2870 786 2934 Quam
835 2880 939 2919 non
989 2864 1160 2918 credit
1204 2861 1440 2931 profecto
1484 2860 1609 2912 dum
1655 2856 1867 2911 nescit:

291 2979 417 3018 cum
447 2973 639 3016 autem
656 2958 971 3021 crediderit,
998 2971 1158 3026 quam
1186 2954 1541 3007 infirmitatem
1574 2959 1870 3020 potaverat,

294 3054 550 3123 intelligit
589 3067 711 3107 esse
742 3052 1030 3114 virtutem,
1063 3046 1185 3116 quia
1230 3044 1533 3111 intelligunt
1563 3039 1870 3113 mysterium

296 3147 521 3218 pietatis
566 3158 685 3198 esse
733 3143 856 3197 dum
905 3139 1149 3195 credunt.
1192 3139 1245 3192 Si
1274 3138 1514 3192 Christus
1544 3134 1638 3187 Dei
1670 3134 1869 3194 virtus,

295 3205 430 3308 ergo
462 3236 807 3304 sempiterna.
852 3233 1216 3300 Sempitcruus
1262 3229 1417 3295 igitur
1446 3227 1720 3289 Christus,
1751 3223 1875 3293 quia
1904 3205 1948 3267 (ἶ

299 3330 430 3383 alibi
481 3328 647 3392 dicit,
693 3325 1029 3392 Sempiterna
1062 3335 1271 3389 quoque
1302 3313 1471 3372 virtus
1510 3318 1655 3386 ejus,
1702 3325 1755 3369 et
1792 3315 1876 3368 di-

297 3418 529 3481 vinitas,
574 3426 627 3470 et
674 3415 953 3484 sapientia.
986 3413 1136 3479 Quod
1170 3410 1407 3463 ha'ietici
1440 3423 1542 3462 no.
1579 3407 1882 3476 intelligen-

306 3519 411 3573 tes,
444 3504 1065 3573 Patremjuiperieetum
1114 3499 1511 3569 blasphemant,
1543 3499 1666 3551 dum
1698 3500 1882 3551 dicunt

303 3599 476 3653 fuisse
532 3596 742 3650 Patrem
792 3593 1076 3664 aliquando
1104 3593 1221 3646 sine
1269 3591 1402 3643 Filio
1431 3606 1444 3655 ;
1487 3605 1613 3658 ergo
1642 3589 1735 3643 fuit
1764 3589 1882 3642 siue

302 3691 532 3755 virtute,
556 3688 671 3741 sine
695 3686 882 3752 verbo,
906 3685 1020 3739 sine
1041 3682 1323 3752 sapientia,
1348 3681 1466 3736 sine
1487 3680 1711 3749 justitia,
1742 3677 1880 3748 quod

304 3796 469 3850 quam
495 3779 658 3833 stulte
683 3779 886 3842 dicunt,
917 3787 1209 3845 agnoscant
1236 3774 1329 3827 Dei
1362 3775 1633 3837 virtutem,
1666 3784 1884 3840 propter

304 3870 498 3942 signa;
532 3868 623 3922 Dei
651 3868 990 3936 sapientiam,
1011 3877 1227 3935 propter
1245 3865 1562 3919 doctrinam.
1591 3864 1722 3929 Quia
1748 3864 1883 3932 quod

306 3963 524 4015 stultum
536 3968 604 4013 est
622 3957 735 4023 Dei,
753 3958 1027 4027 sapientius
1041 3956 1432 4010 esthominibus.
1454 3957 1585 4021 Quia
1601 3956 1738 4023 quod
1753 3955 1886 4008 stul-

308 4060 421 4106 tntu
446 4051 655 4105 videtur
678 4049 809 4113 Deo,
834 4048 1129 4117 sapientius
1151 4058 1233 4101 est
1259 4047 1505 4101 omnibus
1538 4046 1841 4099 hominibus
1867 4063 1882 4100 :

308 4146 436 4214 quia
460 4141 721 4211 sapientia
746 4156 839 4195 sua
867 4140 1059 4194 salvari
1083 4153 1188 4194 non
1218 4148 1500 4209 poterant,
1530 4139 1619 4207 qui
1650 4152 1741 4206 ier
1768 4152 1888 4190 eru-

308 4249 429 4289 cem
459 4234 668 4288 Domini
702 4233 909 4309 liberati
939 4241 1062 4285 sunt
1093 4249 1108 4285 :
1136 4233 1273 4285 sicut
1302 4231 1347 4283 si
1383 4230 1529 4283 dicas
1549 4269 1565 4295 ,
1595 4230 1887 4296 Sapientior

310 4337 396 4383 est
425 4328 656 4381 rusticus
696 4341 874 4380 sermo
903 4326 1162 4389 advocJti,
1197 4339 1351 4392 quam
1390 4339 1568 4377 seruio
1606 4324 1890 4392 snpie..tis-

311 4421 432 4474 simi
477 4419 755 4472 rusdcani.
784 4418 1013 4471 Stultum
1045 4416 1138 4470 Dei
1164 4415 1524 4485 indicabatur,
1555 4417 1767 4486 quando
1793 4432 1888 4470 an-

313 4518 533 4574 diebaut
565 4518 727 4572 Deum
759 4532 995 4585 passum.
1037 4516 1144 4571 Sed
1185 4517 1287 4570 hoc
1326 4531 1439 4570 erat
1471 4516 1788 4585 sapientius.
1823 4515 1887 4569 Et

1956 1943 2115 1995 rietur
2135 1943 2296 1996 omnis
2317 1958 2435 1995 caro
2456 1941 2507 1995 in
2535 1949 2803 2010 conspectu
2829 1943 2958 2010 ejus.
2988 1938 3241 1994 Carnales
3265 1946 3418 2001 sunt,
3446 1938 3535 2007 qui

1958 2031 2026 2085 de
2052 2033 2164 2086 suis
2194 2032 2398 2087 meritis
2424 2031 2717 2103 gloriantur
2746 2048 2759 2085 :
2785 2031 2878 2085 sed
2905 2031 3010 2085 cito
3034 2031 3225 2084 cadent
3244 2071 3258 2096 ,
3284 2028 3418 2082 sicut
3441 2028 3538 2081 llos

1960 2122 2087 2176 feni.
2131 2119 2215 2174 Ex
2240 2122 2350 2192 ipso
2379 2132 2549 2174 autem
2575 2138 2660 2175 vos
2687 2123 2803 2176 estis
2834 2121 2887 2175 in
2915 2119 3116 2176 Christo
3145 2117 3289 2173 Jesu.
3322 2118 3377 2172 Si
3409 2132 3538 2187 ergo

1959 2227 2022 2266 ex
2055 2214 2169 2281 ipso
2195 2210 2360 2276 estis,
2390 2212 2553 2266 nolite
2576 2212 2697 2265 illos
2720 2210 2975 2265 admirari
3008 2224 3143 2281 quos
3176 2210 3265 2264 ille
3303 2224 3404 2262 non
3429 2210 3541 2261 ele-

1962 2303 2055 2375 git.
2088 2303 2189 2367 Qui
2210 2306 2376 2374 factus
2403 2312 2476 2357 cst
2504 2303 2754 2373 sapientia
2782 2303 2924 2356 nobis
2952 2319 2985 2355 a
3014 2303 3123 2356 Deo
3152 2311 3199 2355 et
3227 2302 3441 2370 iustitia.
3475 2300 3542 2354 L‘t

1964 2409 2063 2448 nos
2095 2395 2291 2448 iaceret
2320 2395 2615 2462 sapientes,
2648 2401 2703 2447 et
2728 2393 2903 2461 justos
2926 2432 2941 2459 ,
2985 2400 3039 2446 et
3078 2400 3311 2446 sanctos.
3341 2390 3542 2444 Contra

1969 2486 2193 2541 Arianos
2222 2484 2349 2540 facit
2375 2486 2522 2539 locus
2545 2484 2675 2551 iste,
2704 2484 2795 2553 qui
2819 2483 2996 2538 dicunt
3023 2483 3229 2536 Patrem
3261 2482 3423 2535 fuisse
3445 2480 3545 2534 ali-

1966 2576 2180 2645 quando
2220 2576 2337 2631 sine
2368 2575 2526 2641 Filio,
2556 2575 2645 2644 qui
2674 2585 2757 2629 est
2797 2573 3077 2644 sapientia.
3112 2572 3176 2627 Et
3209 2573 3545 2636 sanctiﬁcatio

1972 2678 2019 2721 et
2066 2669 2368 2736 redemptio.
2417 2649 2669 2737 Corporis
2716 2668 2883 2722 nostri
2930 2667 2983 2721 in
3034 2668 3438 2721 resurrectione.
3477 2665 3547 2720 Ut

1968 2758 2396 2825 quemadmodum
2418 2758 2666 2825 scriptum
2691 2767 2763 2811 est
2787 2773 2805 2811 :
2835 2757 2937 2824 Qui
2956 2756 3229 2828 gloriatur,
3253 2759 3303 2810 in
3330 2755 3549 2810 Domino

1970 2847 2237 2917 glorietur.
2272 2848 2387 2900 Non
2432 2848 2531 2901 hoc
2559 2847 2787 2913 stnculo,
2823 2861 2918 2900 nec
2964 2848 3015 2900 in
3052 2846 3276 2916 prepriis
3304 2847 3506 2901 meritis
3530 2889 3547 2916 ,

1972 2937 2114 2991 sicut
2142 2937 2319 3001 multi,
2350 2937 2441 3006 qui
2469 2952 2529 2992 se
2553 2936 2885 2993 Chrisrianos
2911 2939 3168 3005 credunt,
3194 2942 3246 2993 et
3270 2937 3551 3009 Pelagiano

1975 3043 2156 3092 errore
2187 3028 2544 3097 decipiuntur.

2048 3167 2173 3223 CAP.
2215 3184 2276 3224 ιι.
2311 3168 2375 3222 Ει
2400 3187 2490 3242 ego
2518 3186 2633 3224 cum
2659 3170 2904 3225 venissem
2941 3170 3010 3223 ad
3050 3186 3136 3224 vos
3156 3213 3171 3238 ,
3202 3171 3411 3241 fratres,
3444 3172 3553 3223 ι·εηὶ

1983 3274 2084 3313 non
2106 3275 2193 3327 per
2214 3260 2565 3315 sublimitatem
2583 3261 2829 3314 sermonis
2843 3270 2932 3314 aut
2946 3260 3231 3328 sapientiae,
3248 3260 3555 3313 annuntians

1982 3352 2118 3405 vobis
2149 3354 2491 3406 testimonium
2524 3350 2713 3406 Christi
2742 3368 2759 3405 :
2786 3369 2887 3429 non
2914 3353 3049 3405 enim
3069 3352 3297 3420 iudicavi
3326 3351 3453 3404 scire
3479 3364 3562 3404 me.

1982 3445 2175 3512 aliquid
2226 3447 2354 3499 inter
2403 3461 2510 3500 vos.
2552 3445 2685 3513 Quia
2733 3446 3044 3501 ostenderat
3084 3460 3188 3498 non
3218 3444 3338 3497 illos
3364 3443 3560 3497 debere

1985 3535 2234 3589 admirari
2263 3537 2550 3589 humanam
2578 3536 2893 3605 sapientiam
2913 3576 2927 3599 ,
2961 3548 3115 3588 suum
3147 3534 3449 3601 exemplum
3477 3547 3563 3587 re-

1987 3623 2149 3691 plicat
2180 3641 2193 3676 :
2226 3624 2349 3693 quia
2376 3639 2479 3678 non
2511 3624 2626 3692 ipse
2653 3640 2748 3694 per
2774 3626 3058 3677 humanam
3086 3624 3399 3692 sapientiam
3430 3638 3564 3690 prac-

1987 3713 2239 3771 dieasset.
2274 3714 2394 3770 Nisi
2436 3714 2614 3770 Jesum
2655 3715 2944 3782 Christum,
2978 3726 3024 3769 et
3064 3716 3200 3769 hunc
3241 3717 3559 3783 cruciﬁxum.

1986 3807 2135 3875 Quod
2158 3805 2294 3875 apud
2318 3806 2797 3869 hominesstultum
2821 3805 3051 3859 videtur.
3078 3804 3142 3858 Et
3164 3822 3254 3874 ego
3278 3804 3329 3857 in
3354 3806 3546 3873 inﬁrmi

1987 3908 2116 3964 tate,
2144 3907 2190 3949 et
2218 3897 2271 3948 in
2299 3898 2478 3951 timore
2504 3907 2551 3949 et
2592 3906 2805 3950 tremore
2834 3895 2996 3949 multo
3037 3897 3116 3965 [ui
3143 3897 3282 3966 apud
3312 3912 3416 3950 vos.
3447 3896 3562 3951 Non

1988 3988 2039 4042 in
2067 3978 2343 4057 jactautia.
2370 3984 2434 4038 Et
2456 4002 2622 4039 sermo
2648 4002 2806 4050 meus,
2836 4001 2881 4037 et
2906 3988 3199 4054 prwdicatio
3227 4002 3356 4052 mea,
3389 3988 3564 4040 nonin

1989 4079 2403 4147 persuasionibus
2424 4077 2689 4145 sapientia:
2710 4078 2892 4143 verbis,
2918 4078 3007 4132 sed
3030 4079 3081 4132 in
3106 4080 3389 4132 ostensione
3414 4079 3548 4145 spiri

1989 4180 2069 4223 lus
2091 4179 2137 4222 et
2161 4170 2379 4221 virtutis.
2411 4168 2543 4236 Quia
2577 4169 2730 4222 valde
2759 4168 3122 4237 disputatores
3158 4179 3310 4225 erant
3338 4169 3424 4225 i=ti
3455 4171 3561 4225 Co-

1991 4261 2201 4325 rinthii,
2233 4260 2405 4316 timuit
2436 4276 2502 4315 ne
2536 4260 2613 4315 illi
2644 4261 2988 4328 resisterent,
3014 4274 3103 4318 aut
3146 4279 3214 4321 ne
3254 4264 3355 4319 illis
3383 4273 3437 4319 et
3466 4264 3561 4319 hoc

1990 4352 2163 4421 aliqua
2197 4352 2526 4421 philosOphia
2554 4353 2842 4419 videretur,
2875 4364 2927 4409 et
2952 4369 3058 4408 non
3089 4356 3368 4411 crederent
3397 4372 3410 4408 :
3445 4336 3563 4411 ideo

1992 4445 2164 4513 magis
2204 4434 2413 4498 virtutis
2442 4446 2696 4500 ostendit.
2745 4444 2811 4500 Ut
2840 4447 2971 4515 ﬁdes
3010 4458 3173 4503 vestra
3200 4464 3301 4502 non
3325 4450 3387 4502 sit
3409 4449 3461 4503 in
3486 4466 3549 4503 se

1992 4536 2180 4605 pientia
2200 4534 2481 4601 hominum,
2514 4536 2603 4590 sed
2626 4538 2678 4589 in
2701 4538 2882 4595 virtute
2905 4538 3018 4592 Dei.
3041 4539 3306 4607 Sapientia
3340 4540 3566 4595 humana

312 4611 453 4682 ςαοά
491 4611 750 4703 ίηΙίνυιΨη
777 4622 847 4661 ⁸³⁸
880 4608 992 4675 δεῖν
1026 4610 1299 4703 lamus“
1327 4607 1631 4660 Ῑιοηιῖηίίηυ·
1664 4607 1888 4661 Μυιίεηι
1921 4584 1967 4643 D
1992 4584 2059 4679 ad
2088 4630 2247 4681 breve
2276 4584 2482 4696 tempus
2514 4629 2688 4697 placet
2716 4584 2881 4699 uiuit;
2908 4584 3214 4701 temporalis
3239 4584 3349 4696 est.
3377 4584 3567 4703 niuipse

313 4715 476 4771 quam
507 4716 607 4754 nec
644 4702 883 4770 gigantes
916 4701 1145 4754 evadere
1177 4711 1492 4770 potuerunt,
1524 4705 1682 4753 homo
1711 4702 1888 4754 cruei-

315 4798 457 4849 [ἕως
477 4836 491 4859 ,
520 4794 575 4847 iu
606 4790 712 4847 Dei:
740 4806 1064 4861 assumptus,
1098 4795 1277 4849 evicit.
1324 4793 1494 4847 l'idete
1519 4793 1647 4845 enim
1672 4793 1893 4845 uocatio-

318 4902 430 4939 nem
450 4897 683 4951 vestram,
709 4890 911 4955 fratres.
939 4887 993 4939 In
1019 4888 1165 4940 vobis
1188 4889 1317 4955 ipsis
1339 4885 1556 4954 probat:
1581 4886 1722 4954 quod
1746 4886 1885 4939 dico.

325 4979 456 5045 Quia
476 4995 575 5031 non
602 4979 747 5031 multi
771 4994 864 5049 sap
885 4990 1019 5032 entes
1048 4981 1328 5033 secundum
1357 4994 1556 5031 carnem
1576 5018 1590 5042 ,
1619 4994 1717 5031 non
1745 4978 1891 5030 ntulti

324 5081 570 5141 potentes,
598 5088 697 5124 non
726 5074 869 5125 multi
897 5072 1109 5125 nobiles.
1142 5072 1272 5138 Quia
1307 5073 1458 5148 pauci
1487 5072 1754 5140 sapientes
1777 5087 1893 5125 ere-

325 5163 571 5216 diderunt
603 5180 617 5217 :
650 5177 741 5232 per
768 5164 1074 5230 superbiam
1105 5179 1248 5216 etum
1278 5162 1558 5231 sapientia:
1590 5162 1893 5229 Stecularis,

327 5253 474 5306 multi
502 5254 599 5309 Dei
628 5254 901 5325 sapientic
932 5254 1214 5308 Voluerunt
1241 5269 1360 5307 esse
1379 5252 1624 5322 subjecti.
1651 5252 1755 5309 Sed
1782 5269 1896 5323 qua:

329 5348 479 5397 stulta
506 5354 624 5399 sunt
651 5345 827 5398 mundi
854 5344 1002 5415 elegit
1031 5342 1191 5410 Deus,
1222 5353 1277 5395 ut
1301 5348 1582 5413 confundat
1610 5345 1894 5415 sapientes;

334 5440 530 5507 inﬁrma
552 5438 729 5491 mundi
752 5438 898 5507 elegit
924 5437 1080 5500 Dens,
1108 5443 1158 5486 ut
1179 5436 1459 5504 confundat
1480 5436 1634 5504 {otia
1648 5452 1668 5501 ;
1688 5446 1734 5489 et
1754 5439 1898 5508 ignee

336 5534 449 5586 biliu
471 5534 645 5585 mundi
668 5541 713 5583 et
727 5528 1128 5599 contemptibilia
1147 5529 1291 5600 elegit
1318 5526 1454 5581 Deus
1478 5543 1496 5579 :
1519 5535 1565 5579 et
1585 5544 1641 5580 ea
1663 5545 1776 5597 qua:
1796 5545 1897 5581 non

338 5636 481 5687 sunt,
514 5633 569 5675 ut
599 5639 658 5677 ea
685 5636 796 5691 qua:
828 5626 942 5673 sunt
965 5618 1258 5672 destrueret.
1289 5618 1399 5673 Hoc
1427 5629 1538 5685 est,
1572 5618 1729 5689 elegit
1762 5619 1900 5673 Deus

342 5720 583 5785 populum
613 5715 871 5780 gentium,
912 5714 998 5781 qui
1026 5726 1130 5764 non
1161 5719 1277 5765 erat
1306 5712 1533 5780 populus
1564 5711 1683 5777 Dei,
1716 5721 1772 5764 ut
1802 5713 1898 5765 de-

342 5818 565 5865 strueret
599 5810 851 5877 populato
900 5801 1233 5869 ludis-orum,
1270 5804 1354 5871 qui
1387 5819 1443 5859 se
1478 5817 1593 5859 esse
1633 5804 1896 5874 gloriam-

1997 4720 2153 4773 homo
2187 4734 2200 4771 :
2235 4720 2399 4773 virtus
2424 4730 2599 4775 autem
2627 4720 2721 4775 Dei
2750 4732 2945 4777 aeterna
2973 4732 3085 4790 est,
3117 4725 3380 4792 quomodo
3410 4724 3569 4779 Deus.

1995 4812 2119 4868 ldeo
2159 4811 2245 4866 illa
2284 4810 2416 4867 lides
2446 4822 2756 4883 permanet,
2784 4828 2904 4884 quae
2935 4830 3028 4882 per
3074 4815 3164 4868 Dei
3210 4814 3458 4869 virtutem
3489 4822 3573 4870 est

1993 4903 2184 4957 collata
2217 4903 2268 4957 in
2299 4904 2536 4958 homine.
2581 4905 2899 4981 Sapientiam
2938 4906 3190 4974 loquimur
3237 4907 3366 4959 inter
3404 4911 3573 4977 perfe-

1996 5004 2123 5048 clas.
2167 4996 2230 5049 Et
2271 5010 2367 5049 nos
2397 4996 2651 5050 habemus
2693 4995 2925 5048 divinam
2956 4995 3299 5064 sapientiam,
3327 4998 3422 5051 sed
3454 5013 3570 5052 eam

1998 5101 2091 5139 vos
2117 5101 2307 5155 capere
2331 5103 2434 5139 non
2462 5087 2713 5155 poteratis
2743 5104 2755 5139 :
2782 5089 2899 5156 quia
2922 5088 3091 5141 adhuc
3113 5088 3251 5144 laete
3273 5091 3569 5157 notriniiui,

1998 5186 2051 5229 et
2081 5176 2133 5229 in
2168 5176 2270 5230 fide
2301 5177 2448 5244 parvi
2474 5177 2913 5246 comprobauiini.
2958 5178 3281 5249 Sapientiam
3312 5199 3427 5237 vero
3473 5200 3574 5235 non

1996 5268 2153 5341 hujus
2185 5270 2390 5334 sa'culi,
2421 5286 2577 5339 neque
2607 5272 2895 5340 principum
2922 5275 3079 5346 hujus
3108 5276 3302 5329 saeculi.
3336 5275 3457 5331 Sive
3492 5292 3573 5329 re-

1998 5376 2144 5429 gum,
2167 5362 2278 5414 sive
2298 5360 2755 5431 philosophorum,
2783 5365 2863 5419 vel
2885 5377 3029 5422 certe
3050 5367 3341 5438 principum
3364 5368 3577 5421 Judan-

2002 5467 2141 5515 rum,
2168 5452 2250 5505 vel
2271 5453 2553 5508 contrarire
2575 5453 2918 5511 fortitudinis.
2947 5458 3046 5525 Qui
3068 5458 3414 5512 destruantur.
3442 5460 3579 5509 tium

1992 5536 2254 5605 sapientia
2279 5548 2398 5597 sua,
2417 5543 2578 5602 atque
2602 5535 2867 5599 doctrina,
2891 5536 3207 5589 adveniente
3221 5536 3394 5604 gratia
3410 5538 3569 5591 Chri~
3624 5556 3629 5559 ‘

1993 5626 2081 5680 sti.
2108 5622 2213 5680 Sed
2227 5623 2488 5695 loquimur
2512 5624 2609 5679 Dei
2629 5626 2958 5694 sapientiam.
2982 5626 3109 5691 Qua:
3136 5623 3383 5679 Christus
3410 5626 3572 5681 intel-

1993 5716 2197 5787 ligitur,
2242 5718 2332 5786 qui
2378 5724 2434 5771 el.
2467 5717 2875 5787 praedestinatus
2897 5726 3001 5781 est,
3029 5718 3167 5773 sicut
3192 5718 3321 5773 dicit
3351 5720 3417 5773 ad
3452 5721 3565 5789 ἰὶυ»

1996 5826 2201 5865 manus.
2246 5808 2308 5873 In
2336 5811 2578 5879 mysterio
2597 5825 2714 5881 quit
2741 5808 3041 5864 abscondita
3064 5820 3153 5874 est,
3183 5828 3338 5880 quam
3365 5814 3573 5881 prima»
