3968 6166
401 377 497 437 5l|
1537 370 1834 429 PRDlA'SII
1873 367 2324 426 ADRUMETANI
2364 368 2573 429 EPlSC.
3538 374 3623 430 5H

402 498 608 553 stinavit
639 495 771 551 Deus
797 503 914 549 ante
940 493 1129 549 sarcula
1158 491 1210 548 in
1240 491 1459 564 gloriam
1489 501 1736 547 nostram.
1770 489 1895 546 Sive
1934 489 1989 543 in
2015 488 2070 549 Α
2096 483 2211 540 Nos
2257 495 2425 539 autem
2479 501 2682 540 sensum
2733 482 2922 540 Christi
2957 481 3216 539 habemus.
3256 483 3357 553 Qui
3405 483 3629 556 Spiritum

405 588 710 660 praesentia,
740 589 852 643 sive
884 586 936 640 in
978 600 1036 640 re
1077 593 1202 639 ante
1238 593 1510 652 tempora,
1537 582 1649 637 sive
1684 581 1806 652 quia
1836 582 1989 636 multi
2095 585 2339 631 sanctum
2362 576 2677 646 accipimus.
2892 576 2893 579 “

407 682 681 753 propheta
702 680 985 751 cupierunt
1004 678 1204 746 videre,
1228 686 1282 731 et
1302 691 1603 746 quanquam
1626 673 1832 744 singula
1855 673 1992 729 scie-
2165 668 2293 725 CAP.
2328 685 2406 726 Ill.
2442 669 2508 724 Et
2534 686 2645 741 ego,
2672 674 2879 742 fratres,
2906 687 3008 725 non
3032 672 3173 740 potui
3193 672 3330 727 vobis
3359 670 3488 741 loqui
3512 675 3635 741 quasi

408 777 534 844 rint,
570 790 728 830 nemo
772 784 948 828 tamen
980 772 1045 827 ad
1086 772 1298 842 plenum
1328 770 1603 839 cognovit.
1639 768 1807 836 Quam
1844 782 1991 822 nemo
2095 760 2470 831 spiritualibus,
2493 760 2584 815 sed
2597 761 2746 831 quasi
2764 761 3075 814 carnalibus.
3098 760 3360 830 Appellati
3379 772 3494 816 sunt
3515 764 3635 818 enim

408 868 698 939 principum
736 866 894 937 hujus
934 865 1106 919 saeculi
1144 862 1395 932 cognovit.
1427 861 1627 916 Pilatus
1655 869 1708 915 et
1733 858 1989 928 Caiphas,
2097 853 2164 905 ad
2192 851 2475 920 quemdam
2500 850 2715 905 modum
2744 851 2987 907 carnales
3014 850 3122 920 jam
3155 852 3331 906 renati
3371 867 3459 921 per
3485 853 3639 921 (idem,

408 958 495 1012 vel
518 965 663 1011 certe
684 970 872 1010 omnes
895 954 1159 1024 principes
1180 954 1541 1009 sacerdotum.
1572 953 1634 1008 Si
1652 954 1784 1006 enim
1810 968 1998 1023 cogno—
2098 957 2205 998 non
2237 946 2337 1010 sic,
2377 944 2517 999 sicut
2562 945 2633 998 illi
2674 945 2764 1015 qui
2816 944 2990 999 adhuc
3041 944 3328 999 venundati
3374 955 3517 1000 erant
3559 948 3641 1002 sub

409 1047 619 1113 vissent,
653 1062 916 1116 nunquam
943 1044 1215 1098 Dominum
1259 1046 1437 1116 gloriae
1466 1044 1856 1114 cruciﬁzissent.
1890 1041 1998 1097 Sed
2099 1049 2319 1105 peccato
2348 1052 2365 1089 :
2395 1050 2459 1092 ac
2486 1036 2531 1091 si
2564 1036 2789 1104 diceret,
2826 1052 2932 1091 nou
2964 1037 3213 1106 potuistis
3242 1037 3387 1104 quasi
3418 1038 3643 1104 spiritua-

411 1141 541 1194 sicut
570 1139 815 1208 scriptum
841 1149 940 1207 est,
973 1138 1123 1204 Quod
1167 1136 1346 1192 oculus
1376 1153 1480 1191 non
1523 1137 1671 1203 vidit,
1723 1152 1813 1191 nec
1858 1136 2001 1190 auris
2102 1131 2203 1199 les,
2233 1130 2326 1185 sed
2364 1131 2513 1201 quasi
2544 1130 2792 1185 carnales
2836 1144 3031 1199 capere
3060 1128 3203 1200 quod
3251 1129 3514 1199 loquebar.
3541 1131 3648 1183 Aui-

412 1230 631 1296 audivit,
657 1244 744 1281 nec
789 1228 842 1281 in
893 1244 981 1281 cor
1026 1228 1250 1281 hominis
1290 1228 1533 1296 ascendit,
1548 1244 1662 1298 qua:
1698 1226 2003 1297 preparavit
2102 1224 2259 1279 malis
2282 1223 2425 1279 enim
2453 1223 2635 1287 homo,
2653 1222 2706 1276 id
2725 1222 2913 1286 estqui
2936 1222 3230 1277 secundum
3258 1221 3514 1275 hominem
3534 1222 3649 1290 sapit

414 1320 554 1376 Deus
580 1322 641 1377 iis
667 1321 752 1391 qui
777 1320 997 1392 diligunt
1019 1319 1185 1375 illum.
1215 1318 1470 1375 Dominus
1496 1318 1789 1389 majestatis
1812 1329 1865 1374 et
1890 1332 2001 1374 meo
2105 1313 2390 1385 (animalis
2420 1314 2619 1383 quippe
2644 1312 2843 1367 dicitur
2870 1314 2939 1367 ab
2967 1313 3166 1376 anima,
3185 1312 3416 1366 carnalis
3443 1326 3467 1361 a
3495 1326 3648 1377 carne,

417 1418 522 1474 rito
553 1429 606 1474 et
637 1426 821 1471 natura
856 1416 1030 1471 omnis
1060 1424 1319 1471 creatura:
1352 1415 1610 1470 Dominus
1637 1415 1860 1471 ell‘eetus
1885 1425 1998 1482 est,

2118 1406 2228 1475 quia
2279 1421 2343 1461 ex
2375 1405 2552 1459 anima
2581 1414 2633 1459 et
2676 1421 2840 1460 cartte
2890 1416 3099 1459 consmt
3148 1414 3293 1458 toms
3341 1404 3540 1473 homo),
3563 1422 3650 1459 non

416 1521 468 1564 et
493 1511 652 1565 Iesus
681 1510 859 1577 homo,
886 1509 937 1563 in
965 1523 1070 1579 quo
1098 1509 1236 1563 Deus
1263 1508 1656 1579 quodammodo
1684 1508 1851 1573 potuit
1870 1490 2002 1562 cru-
2109 1498 2330 1569 percipit
2366 1513 2485 1567 qna:
2536 1508 2660 1581 sunt
2691 1497 2922 1566 Spiritus
2956 1496 3082 1561 Dei,
3124 1497 3175 1549 id
3214 1504 3297 1549 est
3343 1496 3461 1566 quid
3497 1496 3652 1566 gratia:

418 1600 560 1671 (-itigi
599 1620 610 1653 ε
646 1613 860 1672 propter
890 1604 1031 1674 quod
1062 1612 1117 1659 ει
1148 1604 1287 1659 θεας
1315 1603 1462 1657 illum
1495 1603 1767 1669 manavit,
1815 1611 1869 1657 ει
1910 1601 2007 1656 do.
2105 1588 2447 1644 credentibus
2494 1604 2622 1643 crux
2674 1588 2916 1643 coal'eral
2942 1587 3164 1643 Christi.
3198 1586 3457 1655 Tanquam
3496 1603 3654 1655 partu.

421 1693 570 1745 navit
611 1693 686 1747 illi
719 1709 908 1748 nomen
953 1694 1092 1763 quod
1122 1702 1204 1749 est
1235 1709 1398 1763 super
1441 1709 1601 1751 omne
1646 1709 1872 1757 nomen,
1912 1708 2008 1763 pm
2109 1681 2175 1736 lis
2199 1683 2252 1735 in
2284 1680 2485 1736 Christo
2511 1682 2592 1734 lac
2628 1682 2766 1734 vobis
2808 1691 2982 1749 potum
3015 1678 3161 1744 dedi,
3187 1695 3291 1731 non
3326 1695 3483 1732 escam
3509 1695 3524 1731 :
3550 1693 3655 1730 non-

422 1786 625 1840 unitate
651 1801 920 1855 personzc;
948 1795 1003 1841 et
1030 1787 1167 1841 Deus
1190 1787 1383 1842 dicitur
1407 1787 1692 1842 cruciﬁxus
1712 1826 1727 1852 ,
1760 1796 1815 1840 et
1845 1785 2011 1840 Filius

2118 1774 2236 1826 dum
2264 1773 2398 1827 enim
2445 1772 2706 1843 poteratis,
2752 1771 2840 1824 sed
2880 1787 2969 1823 nec
3015 1786 3152 1822 nunc
3190 1769 3395 1839 quidem
3437 1770 3650 1836 potestis:

421 1876 654 1931 ιιοηιίιάε
683 1893 801 1933 esse
832 1878 883 1932 ίη
914 1878 1085 1942 antis,
1116 1894 1239 1934 cum
1280 1880 1493 1949 quando
1532 1880 1630 1934 ista
1664 1879 1874 1933 dicch
1906 1879 2008 1934 υο-
2042 1856 2085 1915 Β
2111 1862 2281 1916 adhuc
2309 1863 2442 1915 enim
2472 1862 2590 1914 estis
2626 1862 2878 1914 carnales.
2920 1861 3033 1913 Non
3063 1860 3116 1914 in
3151 1860 3353 1949 carnali
3393 1868 3553 1926 331218,
3577 1858 3654 1914 sed

422 1967 623 2033 minus,
656 1967 708 2021 in
736 1983 961 2037 corpore
982 1979 1098 2024 erat
1123 1970 1174 2024 in
1206 1948 1383 2025 terris.
1409 1970 1669 2036 Quoniam
1695 1983 1826 2039 ergo
1853 1968 2010 2023 Chri—

2118 1954 2163 2009 iu
2194 1953 2296 2008 title
2325 1951 2538 2006 Christo
2566 1953 2797 2006 ostendit
2833 1950 3168 2021 prolicicutis
3198 1948 3296 2024 [F.
3335 1948 3653 2021 proﬁcientes]

424 2067 538 2113 stus
569 2058 729 2114 homo
754 2074 910 2115 verus
935 2070 989 2115 et
1017 2061 1155 2116 Deus
1177 2075 1333 2115 verus
1350 2101 1365 2126 ,
1401 2075 1467 2115 ex
1492 2060 1688 2129 duplici
1712 2060 2009 2117 substantia

2118 2043 2346 2100 futurum
2376 2057 2514 2107 esSe,
2542 2051 2598 2095 ut
2622 2045 2847 2112 possint,
2875 2042 3126 2112 quiajam
3163 2044 3214 2095 in
3246 2042 3322 2097 eis
3352 2042 3653 2111 spiritualiter

423 2165 525 2203 una
561 2165 805 2217 persona,
839 2160 895 2206 et
925 2150 1086 2207 homo
1114 2152 1275 2218 Deus,
1306 2161 1362 2208 et
1390 2152 1530 2210 idem
1560 2167 1656 2209 rex
1681 2154 1886 2225 gloriae,
1919 2153 2011 2210 do-
2113 2138 2253 2192 natis
2279 2137 2447 2207 gratia
2479 2134 2650 2188 fuerat
2672 2133 2918 2188 inchoata
2951 2152 2964 2186 :
2998 2149 3128 2203 ergo
3148 2132 3260 2205 jam
3290 2148 3410 2187 vasa
3450 2144 3583 2188 erant
3611 2134 3652 2188 in

422 2241 702 2312 minusque
730 2244 983 2298 virtutum
1015 2259 1121 2299 non
1148 2244 1217 2299 sit
1245 2245 1558 2310 cruciﬁxus,
1591 2222 2011 2318 ρηίίηνίοιθωιί
2114 2226 2371 2281 honorem
2389 2225 2545 2287 laeta,
2567 2223 2761 2293 quibus
2782 2223 2953 2277 adhuc
2970 2230 3117 2277 recte
3141 2222 3651 2318 diceretur:0hom_o,

422 2331 706 2387 divinitate
743 2348 757 2387 :
791 2342 846 2387 et
874 2334 1160 2390 crucilixus
1189 2336 1259 2390 sit
1288 2336 1340 2389 iu
1372 2314 1621 2402 homine,
1663 2350 1761 2405 pro
1806 2336 2011 2391 unitate
2114 2328 2169 2374 ιιι
2188 2318 2307 2388 quis
2335 2333 2416 2384 es.
2442 2315 3193 2387 τιυίτθεροηάειιευθοῖειεῑ
3228 2315 3415 2370 talibus
3437 2324 3562 2369 recte
3585 2314 3654 2369 di-

421 2439 668 2493 persona:
692 2439 707 2477 :
735 2423 913 2494 itaque
935 2426 1073 2481 miro
1105 2436 1262 2495 atque
1285 2426 1611 2497 incogitabili
1644 2425 1803 2482 modo
1823 2439 2012 2495 passus

2118 2412 2275 2479 citur,
2305 2410 2474 2465 multo
2505 2409 2704 2464 rectius
2757 2409 2835 2463 eis
2871 2408 2958 2478 qui
2990 2408 3072 2462 vel
3104 2408 3347 2463 nondum
3375 2410 3440 2463 ita
3470 2423 3655 2479 regene-

422 2521 505 2568 ρει
537 2513 694 2579 Deus,
725 2524 780 2569 οι
808 2531 915 2571 non
944 2531 1096 2585 passa
1125 2516 1400 2573 divinitas.
1434 2517 1599 2574 Νοωε
1627 2530 1797 2573 amem
1820 2516 2013 2573 τευεια.
2116 2503 2217 2557 rati
2249 2509 2399 2567 sunt,
2428 2499 2520 2555 vel
2550 2499 2712 2554 etiam
2742 2498 2794 2554 in
2837 2498 3222 2553 contumeliam
3254 2498 3397 2555 lacti.
3428 2498 3542 2553 Illud
3563 2510 3659 2553 tati-

427 2607 494 2663 uit
512 2607 652 2661 Deus
677 2626 765 2679 per
790 2608 1045 2681 Spiritum
1068 2627 1235 2666 suum.
1254 2611 1367 2666 Non
1392 2594 1583 2666 merito
1606 2621 1787 2667 nostro
1809 2611 2012 2666 revela-

2118 2594 2395 2650 tummodo
2453 2604 2726 2659 teneatur,
2779 2591 2919 2661 quod
2975 2608 3080 2646 non
3143 2591 3220 2647 sit
3265 2592 3504 2662 iniquitas
3542 2591 3655 2660 apud

425 2700 502 2754 νη
523 2701 697 2768 nobis,
722 2702 816 2757 sed
836 2680 931 2758 sua
955 2705 1150 2775 gratia,
1171 2706 1258 2775 qui
1283 2718 1375 2774 ρει-
1397 2704 1555 2760 ﬁdem
1575 2705 1693 2775 ejus
1711 2705 2014 2775 accepimus
2121 2685 2287 2741 Deum
2314 2700 2327 2738 :
2361 2684 2465 2775 qui;
2482 2686 2594 2738 sive
2621 2682 2803 2749 donet,
2826 2682 2940 2737 sive
2975 2682 3157 2775 exigat
3198 2682 3454 2775 debitum,
3474 2697 3560 2738 nec
3582 2680 3658 2737 ille

425 2788 684 2858 Spiritum
708 2768 985 2859 sanctum:
999 2795 1087 2864 qui
1112 2768 1440 2851 voluntatem
1467 2796 1559 2853 Dei
1582 2768 1735 2851 nobis
1755 2768 2011 2852 ostendit.
2117 2788 2146 2828 ³
2176 2789 2282 2864 ΨΨ
2331 2773 2533 2864 ειίὶξῖε)
2566 2779 2733 2864 τθθδθ,
2765 2768 3033 2864 Ρθίθδι,(¹,⁸
3077 2770 3367 2864 ίηξφήῳθ
3409 2769 3520 2864 cii”.
3555 2784 3661 2864 c9".

426 2880 655 2952 Spiritus
671 2885 801 2938 enim
817 2858 987 2939 omnia
1001 2858 1278 2953 scrutatur,
1297 2889 1448 2942 etiam
1468 2889 1729 2957 profunda
1747 2886 1862 2944 Dei.
1887 2887 2015 2951 Quis
2115 2861 2265 2957 Ql'cfi
2296 2861 2565 2957 imgine
2593 2860 2675 2915 cui
2702 2859 2885 2957 donat,
2920 2858 3082 2957 debet
3119 2860 3187 2915 de
3221 2860 3549 2957 suismeritis
3574 2859 3663 2930 glo-

425 2949 558 3027 enim
580 2977 672 3029 scit
693 2976 955 3032 hominum
978 2994 1089 3048 qute
1108 2980 1207 3033 sint
1228 2949 1478 3045 hominis,
1497 2949 1597 3033 nisi
1617 2982 1828 3050 spiritus
1850 2949 2017 3034 homi-
2118 2952 2265 3050 ﬁari'
2302 2952 2381 3050 Εί,
2410 2951 2498 3050 me
2539 2965 2643 3050 "09
2671 2950 2774 3050 ξ’ίδί
2798 2949 2940 3050 (ΨΜ
2970 2949 3212 3050 ddiem?
3243 2967 3348 3007 non
3386 2949 3595 3050 ,’°"‘,'°‘f
3621 2957 3667 3004 α

428 3066 528 3132 nis,
553 3068 639 3135 qui
660 3069 713 3120 in
736 3068 845 3138 ipso
866 3069 978 3122 est?
1002 3068 1086 3122 Ita
1112 3079 1160 3124 et
1183 3086 1299 3140 quw
1324 3068 1421 3123 Dei
1445 3080 1563 3124 sunt
1588 3085 1736 3124 nemo
1761 3052 2011 3140 cognorit,

425 3158 526 3210 πεδί
542 3132 769 3227 squ-mu;
786 3158 899 3212 υθέ,
920 3159 1085 3213 Deum
1105 3132 1225 3216 ess}:
1239 3174 1343 3214 non
1360 3159 1596 3227 dubites.
1613 3159 1703 3230 qui
1721 3132 2013 3215 non'mluni
2047 3218 2088 3230 Δ
2116 3152 2202 3191 vos
2228 3135 2367 3189 zelus
2388 3143 2433 3188 et
2458 3133 2711 3187 contentio
2729 3132 2903 3230 {dicit
2929 3132 3117 3189 beatus
3147 3133 3347 3189 Petrus
3381 3151 3393 3187 :
3426 3134 3667 3204 Deponeu.

430 3250 682 3315 Ituntaua,
702 3251 795 3306 sed
815 3253 976 3307 etiam
995 3252 1090 3307 Dei
1108 3252 1318 3307 occulta
1332 3252 1469 3308 scire
1485 3251 1699 3306 dicitur.
1716 3250 1830 3305 Nos
1847 3262 2012 3306 autem

2122 3238 2203 3284 tes
2232 3227 2390 3299 igitur
2412 3240 2627 3281 omnem
2647 3225 2905 3279 malitiam
2928 3234 2981 3279 et
3001 3226 3427 3292 simulationem,
3452 3237 3664 3295 tanquam

428 3341 943 3412 nonspiritumhujus
959 3343 1571 3413 mundiaccepimus:sed
1587 3343 2019 3413 Spiritumquiea:
2118 3320 2278 3375 πιοάο
2314 3319 2480 3413 Seni“
2530 3319 2777 3413 illia-"Ales.
2803 3319 3139 3413 Δξίεξῑίοηίὶιήηξξ
3192 3330 3259 3375 et
3304 3321 3419 3413 sine
3454 3319 3566 3375 dolo
3601 3319 3668 3413 lae

434 3430 543 3485 Deo
568 3408 665 3485 est.
690 3431 792 3499 Qui
825 3408 1093 3490 mundana
1120 3408 1340 3504 cogitat,
1369 3435 1423 3489 itt
1450 3443 1555 3502 est,
1585 3408 1672 3505 qui
1703 3451 1763 3490 se
1792 3408 2017 3490 mundu-
2116 3411 2503 3505 εοηευρίεοίιίὲ·
2534 3409 2592 3505 Si
2622 3410 2778 3505 ἱείξυτ
2802 3409 2877 3465 il“
2918 3410 3125 3505 tam”
3149 3425 3289 3505 9399
3318 3410 3568 3505 ἀίονηωτν
3593 3408 3667 3479 qui

433 3522 518 3575 ttis
567 3521 707 3575 illuit
756 3530 810 3577 et
856 3522 1112 3593 implicat,
1164 3502 1407 3593 spiritum
1452 3502 1637 3580 mundi
1670 3525 1849 3591 habet,
1909 3541 2014 3581 non
2116 3519 2329 3559 οηηιθηι
2377 3503 2635 3558 malitiam
2672 3502 3039 3573 ἀθβοευετίίην
3072 3503 3162 3573 (Illi
3191 3504 3380 3559 adhuc
3407 3504 3535 3558 δοηε
3578 3518 3669 3558 που

433 3613 593 3667 habet
633 3600 892 3681 Spiritum
945 3626 1209 3669 sanctum.
1266 3614 1334 3670 Ut
1389 3616 1612 3669 sciamus
1664 3631 1782 3686 qua:
1825 3632 1858 3669 a
1905 3615 2012 3671 Deo

2119 3597 2365 3663 fecerint,
2396 3596 2523 3667 quid
2552 3597 2619 3651 de
2658 3596 2814 3651 nobis
2860 3610 3176 3680 censemus,
3212 3596 3272 3650 itt
3312 3598 3496 3667 quibus
3521 3600 3669 3651 omnis

429 3705 623 3759 άοηαια
662 3715 781 3758 mm
819 3705 985 3772 "055,,
1017 3722 1133 3776 qua,
1170 3715 1218 3759 ει
1247 3704 1524 3777 loquimur.
1559 3684 2012 3773 per‘advemum’
2119 3687 2320 3741 malitia
2343 3687 2684 3741 dominatur?
2715 3684 2902 3739 Nonne
2931 3687 3162 3740 carnales
3182 3689 3330 3753 estis,
3355 3697 3400 3741 et
3423 3687 3670 3743 secundum

431 3797 735 3863 passionem
787 3805 842 3851 et
896 3776 1347 3853 resurrectionem
1401 3795 1550 3866 ejus,
1596 3796 1741 3852 dono
1783 3797 2012 3865 Spiritus

2123 3778 2377 3832 hominem
2424 3777 2735 3832 ambulatis.’
2781 3776 3248 3834 Considerandum
3311 3788 3519 3851 propter
3565 3777 3669 3846 quid

428 3887 621 3955 sancti,
653 3903 775 3957 quae
808 3888 971 3942 etiam
1009 3887 1161 3942 vobis
1185 3887 1585 3943 annuntiamus.
1617 3887 1753 3943 Audi
1793 3888 2012 3954 donata,

2119 3868 2362 3924 carnales
2386 3883 2513 3931 esse
2543 3868 2796 3924 dicuntur
2828 3887 2842 3924 :
2874 3870 3015 3940 quod
3047 3872 3237 3941 utique
3281 3888 3390 3927 non
3418 3870 3673 3927 carnaliter

427 3988 485 4035 et
515 3990 631 4036 tace
658 3981 725 4035 de
756 3981 977 4036 meritis.
1014 3980 1137 4035 Non
1171 3981 1224 4034 in
1255 3980 1417 4034 doctis
1466 3981 1705 4034 humana:
1749 3981 2012 4052 sapientia!

2124 3960 2207 4032 llr,
2231 3963 2323 4017 sed
2361 3976 2521 4017 sensu
2572 3961 2847 4017 litcarnis.
2898 3963 3026 4018 Cum
3073 3965 3208 4020 enim
3251 3967 3368 4037 quis
3416 3965 3549 4025 dicit,
3595 3978 3673 4033 ego

432 4071 617 4137 verbis,
659 4073 747 4127 sed
796 4073 849 4125 in
896 4072 1132 4126 doctrina
1163 4070 1410 4145 Spiritus.
1444 4071 1559 4127 Non
1603 4086 1633 4126 a
1678 4049 2012 4143 philosophis

2118 4053 2321 4124 quidem
2350 4067 2465 4106 sum
2509 4049 2665 4107 Pauli
2689 4068 2708 4106 :
2737 4052 2871 4106 alius
2910 4062 3081 4107 autem
3105 4094 3119 4120 ,
3150 4070 3250 4127 ego
3281 4056 3465 4126 Apollo
3490 4070 3509 4109 :
3535 4066 3677 4107 nonne

428 4162 596 4229 docii,
624 4158 718 4218 s'ed
740 4178 767 4217 a
794 4162 887 4217 Dei
908 4163 1131 4232 Spiritu.
1157 4139 1532 4234 spiritualibus
1553 4139 1846 4233 spiritantia
1868 4139 2012 4217 cont-

2118 4143 2347 4197 homines
2375 4143 2539 4197 estis?
2565 4141 2665 4209 Qui
2697 4143 2827 4197 nihil
2882 4143 3053 4212 majus
3103 4144 3268 4200 habet
3318 4160 3475 4215 quam
3518 4139 3676 4198 ca'teri

432 4264 693 4322 parantes.
733 4231 1132 4325 Spiritualibus,
1165 4231 1257 4325 qui
1289 4271 1350 4311 ea
1374 4231 1841 4325 capere-possunt,
1866 4267 2015 4311 asse-
2120 4232 2386 4325 Ψξφίηθδν
2417 4232 2713 4287 secundum
2768 4231 3039 4325 ίΨΨῘηθω
3067 4232 3333 4291 ambula“
3375 4233 3430 4288 ¹ι¹
3463 4244 3567 4325 ,θξίν
3593 4231 3677 4325 ,(ιυί

429 4321 697 4400 verantes.
725 4321 976 4401 Animalis
1025 4321 1197 4400 autem
1221 4345 1371 4400 homo
1411 4321 1513 4399 non
1554 4321 1769 4417 percipy
1812 4360 1874 4399 ea
1903 4360 2017 4415 qua:
2119 4322 2427 4417 fmigeme'“
2459 4332 2757 4417 εθ-ιδξιιιιφ
2794 4323 2986 4417 diligit.
3023 4331 3078 4417 ei
3105 4334 3330 4382 callem.
3371 4322 3477 4417 sed
3515 4324 3563 4378 in
3591 4321 3679 4417 hoc

430 4444 550 4488 sunt
581 4435 805 4502 Spiritus
838 4433 954 4488 Dei.
986 4436 1086 4501 Qui
1117 4436 1375 4505 Spiritum
1418 4434 1511 4489 Dei
1544 4411 1651 4488 non
1684 4411 1861 4502 lia—bet,
1892 4411 2012 4490 ani-

2119 4412 2238 4467 loco
2276 4422 2493 4483 propter
2523 4411 2891 4468 defensionem
2925 4414 3200 4469 hominum
3249 4416 3574 4486 singulorum
3599 4413 3684 4467 ho-

433 4524 589 4577 malis
614 4534 716 4589 est,
740 4525 861 4594 quia
912 4526 1016 4579 ritu
1059 4526 1365 4579 animalium
1399 4525 1552 4589 vivit,
1582 4525 1672 4595 qui
1703 4535 1853 4594 putat
1881 4525 2012 4581 nihil

2122 4505 2295 4561 mines
2319 4505 2677 4574 appellantur,
2697 4506 2976 4562 evidenter
3000 4507 3255 4574 ostendit,
3287 4509 3412 4579 plus
3442 4521 3535 4562 nos
3564 4505 3684 4559 velle

430 4635 555 4677 esse
602 4587 721 4689 post
758 4587 1015 4689 mortem,
1047 4621 1139 4677 sed
1179 4622 1282 4676 hoc
1325 4635 1385 4676 se
1423 4587 1622 4677 debere
1667 4587 1845 4691 agere,
1871 4621 2014 4693 quod
2043 4587 2096 4651 Β
2123 4610 2244 4693 θδξθ
2284 4610 2440 4693 quam
2490 4594 2758 4693 h°'“gi"°5'
2789 4594 2926 4693 cum
2957 4598 3247 4693 “9'0"”?
3285 4598 3531 4693 hominis
3556 4610 3681 4660 θδδθν

431 4716 684 4770 animalia
716 4733 729 4769 :
763 4715 813 4770 id
842 4725 943 4781 est,
978 4702 1322 4781 mhnduéare,
1354 4723 1410 4769 et
1446 4714 1725 4781 luxuriari,
1754 4722 1810 4770 et
1855 4714 2012 4770 mori.

2122 4691 2243 4761 quia
2273 4705 2368 4746 eos
2392 4690 2763 4746 Contentiones
2792 4690 2990 4746 habere
3016 4690 3295 4761 cognovit,
3319 4690 3577 4748 excedere
3599 4699 3685 4742 nos

2117 3044 2207 3098 ille
2237 3058 2342 3097 non
2368 3041 2549 3107 habet,
2583 3041 2687 3095 nisi
2708 3041 2857 3111 quod
2888 3041 3118 3111 accepit.
3150 3040 3291 3095 Cum
3314 3043 3444 3096 enim
3469 3042 3527 3095 sit
3558 3043 3664 3094 inter

432 4809 672 4864 Stultitia
693 4820 765 4863 est
795 4777 939 4864 enim
954 4808 1052 4875 illi,
1083 4818 1132 4865 et
1155 4825 1254 4863 non
1280 4777 1439 4880 potest
1460 4777 1744 4880 intelligere
1770 4809 1891 4880 quia
1905 4810 2014 4880 spi-
2122 4785 2236 4880 Ῠιξίι
2273 4784 2571 4880 ί¹¹¹π¹²ξ¹³¹¹ξι
2607 4792 2873 4880 vim?“
2921 4783 3047 4880 (him
3089 4783 3491 4880 Fic‘e‘P'f’b'f"
3562 4777 3684 4878 Quid.

430 4904 686 4958 ritualiter
710 4905 1397 4961 e1:aminatur.Stultitiailli
1431 4903 1643 4960 videtur
1665 4903 1896 4974 primum
1921 4917 2016 4957 na-

431 5011 516 5057 tus
545 5004 707 5070 Deus,
737 5020 947 5073 passus,
977 5007 1337 5063 resurrexisse
1364 5024 1376 5060 :
1407 5005 1643 5063 secundo
1670 5013 2015 5060 contemnere

431 5117 551 5170 quas
579 5111 665 5156 tua
694 5114 855 5158 sunt:
890 5115 1147 5175 prmstare
1176 5106 1484 5173 maxillam;
1517 5113 1574 5160 et
1594 5110 1811 5160 cmtera.
1845 5102 2019 5173 Spiri-

431 5205 551 5259 talis
577 5213 747 5258 autem
777 5206 1025 5277 dijudicat
1056 5210 1246 5263 omnia.
1271 5207 1481 5263 Iudicat
1521 5220 1717 5261 vanum
1759 5219 1879 5261 esse
1914 5203 2017 5260 htt-

422 5300 666 5373 jttsmodi
704 5301 995 5367 hominem.
1027 5307 1233 5374 probat,
1266 5309 1566 5375 examinat,
1595 5315 1650 5361 et
1672 5306 1787 5376 ipse
1810 5320 1840 5359 a
1872 5305 2016 5360 nullo

427 5404 630 5460 carnali
660 5402 996 5475 intelligitur,
1025 5412 1079 5457 et
1113 5418 1219 5474 quo
1248 5406 1371 5474 quis
1398 5404 1592 5474 spiritu
1619 5413 1762 5475 agat.
1795 5402 1865 5457 Et
1906 5406 2012 5474 ipse

427 5526 461 5560 α
483 5510 679 5562 nemine
693 5508 984 5580 judicotur.
1018 5504 1145 5571 Quis
1167 5505 1300 5558 enim
1328 5507 1555 5578 cognouit
1578 5523 1777 5561 sensum
1806 5506 2014 5560 Domini

423 5613 513 5680 qui
543 5613 764 5666 instruat
790 5611 945 5666 eum?
973 5608 1127 5664 Modo
1167 5608 1337 5673 timet,
1369 5623 1434 5663 ne
1462 5609 1661 5675 dicant,
1708 5619 1875 5663 totum
1907 5607 2012 5664 hoc

425 5710 590 5765 habet
632 5726 821 5766 sensus
850 5712 963 5777 Dei,
993 5709 1134 5781 quod
1168 5709 1324 5764 nobis
1349 5706 1529 5765 dixisti
1560 5727 1572 5762 :
1607 5708 1659 5763 id
1689 5718 1791 5776 est,
1824 5723 1927 5763 non
1955 5708 2008 5763 in

424 5824 519 5868 me
542 5825 732 5870 sensus
765 5810 857 5867 Dei
884 5810 1083 5879 delicit,
1111 5809 1206 5868 sed
1237 5811 1289 5868 in
1317 5811 1476 5867 vobis
1519 5809 1688 5865 virtus
1732 5807 2001 5866 audiendi.

2120 4876 2279 4948 igitur
2314 4885 2389 4929 est
2417 4873 2645 4944 Apollo?
2674 4875 2795 4942 quid
2817 4890 2931 4929 vero
2964 4873 3204 4928 Paulus?
3225 4876 3445 4928 ministri
3473 4879 3580 4943 ejus
3612 4867 3685 4923 cui

2122 4967 2429 5024 credidistis.
2457 4967 2516 5023 Si
2546 4982 2643 5023 nos
2673 4967 2806 5023 nihil
2836 4982 3043 5032 sumus,
3076 4978 3276 5035 quanto
3322 4967 3495 5036 magis
3537 4961 3682 5032 aliqui

2122 5070 2250 5116 vere
2279 5060 2409 5115 nihil
2441 5070 2587 5127 sunt,
2618 5060 2713 5115 sed
2748 5059 2853 5113 licti
2881 5057 3147 5128 apostoli?
3179 5057 3244 5111 Et
3272 5058 3542 5124 unicuique
3564 5054 3682 5108 sicut

2124 5152 2377 5207 Dominus
2399 5151 2559 5207 dedit.
2596 5150 2706 5224 Ego
2735 5152 2983 5220 plantavi,
3013 5150 3197 5221 Apollo
3228 5150 3430 5221 rigavit.
3465 5147 3569 5201 lloc
3606 5145 3682 5212 ip-

2121 5257 2239 5298 sum
2272 5258 2379 5298 non
2411 5257 2475 5298 ex
2508 5243 2683 5309 nobis,
2714 5242 2807 5298 sed
2854 5242 2946 5298 Dei
2973 5241 3171 5297 donum
3201 5251 3299 5306 est,
3335 5240 3425 5311 qui
3454 5239 3504 5293 in
3546 5235 3681 5291 vobis

2123 5344 2400 5403 operatur,
2430 5332 2553 5404 quia
2596 5341 2651 5388 et
2687 5333 2842 5388 nobis
2870 5332 3095 5403 gratiam
3126 5332 3293 5396 dedit,
3317 5339 3376 5384 ut
3414 5343 3512 5399 ego
3546 5326 3681 5393 signa

2124 5425 2379 5491 facerem,
2412 5440 2507 5495 per
2532 5439 2651 5494 qua:
2680 5423 3004 5480 crederetis:
3039 5432 3095 5479 et
3123 5424 3309 5493 Apollo
3330 5433 3425 5475 sua
3455 5414 3679 5473 doctrina

2115 5531 2212 5571 vos
2239 5516 2606 5582 confirmaret,
2638 5518 2757 5586 quia
2782 5517 2921 5570 sicut
2964 5515 3054 5587 qui
3085 5515 3287 5584 plantat
3331 5511 3385 5565 in
3428 5508 3673 5568 siccitate,

2115 5618 2192 5672 sic
2220 5617 2396 5673 omnis
2427 5617 2667 5671 doctrina
2697 5618 2913 5684 crescit,
2946 5616 3046 5672 nisi
3082 5616 3171 5672 Dei
3197 5615 3361 5688 gratia
3391 5613 3671 5669 irroretur:

2113 5716 2168 5771 Si
2199 5730 2327 5786 ergo
2354 5724 2409 5770 et
2437 5715 2617 5785 planta
2644 5714 2737 5769 Dei
2767 5723 2870 5781 est,
2900 5725 2956 5772 et
2982 5716 3121 5781 fons,
3154 5716 3278 5786 quid
3317 5713 3469 5768 nobis
3509 5707 3667 5766 aseri-
3736 5754 3737 5757 η

2111 5807 2256 5879 bitis,
2284 5806 2436 5875 quasi
2478 5804 2678 5879 aliquid
2711 5815 2955 5865 nostrum
2986 5804 3094 5865 sit?
3131 5807 3258 5866 llaec
3300 5804 3502 5870 dicens,
3529 5812 3662 5857 eous-
