3904 6176
734 206 755 235 ι

312 237 392 293 513

1066 232 1133 289 ΙΝ
1172 230 1556 290 EPISTOLAM
1593 230 1613 286 l
1651 229 1742 285 AD
1779 226 2193 291 CORINTHIOS
2231 231 2749 295 COMMENTARIA.
3439 243 3539 298 5”

310 349 503 405 mendat
542 362 634 417 gra
660 347 788 403 iam.
816 347 920 404 Sed
962 346 1100 402 Deus
1145 349 1511 403 incrementum
1536 346 1698 422 dedit.
1729 342 1861 397 Vide
1889 340 1938 401 Δ
1966 344 2151 401 dolore
2180 354 2237 402 et
2263 346 2605 403 tribulatione
2648 350 2935 415 amittunt,
2967 351 3193 422 ideoque
3221 352 3357 408 salvi
3389 355 3539 415 ﬁant.

312 438 748 493 commendantem
795 439 1053 507 gratiam;
1090 448 1144 492 et
1170 438 1365 491 audent
1417 417 1659 490 homines
1705 432 1864 487 modo

313 529 469 582 dicere
500 528 882 597 blasphemias,
906 537 963 581 ct
1002 529 1102 583 sibi
1135 528 1406 583 ascribere
1443 541 1563 595 quae
1595 524 1687 581 Dei
1717 533 1863 591 sunt,

314 633 409 671 cum
450 618 496 672 si
536 618 626 673 ille
655 632 761 672 non
800 616 1008 673 dederit
1049 618 1457 682 incrementum,
1486 615 1661 670 omnis
1707 615 1868 669 homo

315 708 499 763 laboret
525 709 577 761 in
597 722 811 762 vanum.
838 707 1023 777 Itaque
1051 723 1210 777 neque
1228 708 1312 771 qui
1334 704 1530 775 plantat
1554 714 1625 759 est
1649 703 1864 770 aliquid,

316 814 452 866 neque
487 799 577 867 qui
603 800 759 868 rigat,
798 802 887 851 sed
923 799 1012 867 qui
1039 800 1402 851 incrementum
1429 796 1539 858 dat,
1573 794 1729 848 Deus.
1765 793 1867 859 Qui

316 890 492 958 plantat
513 899 682 943 auttm
708 899 755 943 et
780 891 869 960 qui
895 892 1030 961 rigat
1066 906 1225 943 unum
1249 898 1387 942 sunt.
1420 887 1527 942 Nos
1554 885 1866 941 mercenarii

316 995 500 1047 sumus,
535 980 725 1035 alienis
756 980 1098 1035 ferramentis
1140 994 1445 1049 operantur,
1481 978 1609 1033 nihil
1649 977 1870 1032 debetur

317 1070 452 1123 nobis
474 1110 491 1134 ,
530 1069 632 1124 nisi
676 1084 886 1124 merces
919 1070 1118 1124 laboris
1155 1069 1350 1133 nostri,
1397 1067 1521 1139 quia
1557 1068 1625 1123 de
1653 1075 1871 1135 accepto

315 1159 499 1212 talento
528 1175 834 1228 operamur.
867 1158 1224 1228 Unusquisque
1260 1171 1428 1213 autem
1452 1159 1712 1226 propriam
1739 1172 1873 1211 mer-

313 1256 468 1306 cedem
506 1254 714 1323 accipiet
742 1252 1019 1306 secundum
1056 1269 1204 1306 suum
1231 1252 1473 1306 laborem.
1505 1252 1699 1306 Contra
1725 1249 1873 1304 Jovi-

313 1346 512 1397 nianum
536 1384 552 1409 ,
579 1348 670 1414 qui
720 1360 879 1398 unam
918 1345 1160 1399 omnium
1210 1345 1341 1400 dicit
1385 1358 1508 1399 esse
1546 1342 1868 1397 mercedem.

315 1436 399 1490 Dei
425 1440 557 1489 enim
580 1453 755 1491 sumus
790 1438 1050 1507 adjutores
1082 1437 1219 1492 :Dei
1240 1438 1558 1507 agricultura
1597 1434 1734 1488 estis.
1766 1431 1875 1486 Ad-

307 1528 503 1598 jutores
547 1527 601 1581 in
632 1529 820 1593 verbo,
864 1530 1054 1583 nonin
1103 1530 1380 1597 potentia:
1410 1542 1556 1596 ager,
1601 1532 1655 1583 et
1685 1522 1875 1578 messis

316 1619 420 1674 Dei.
458 1618 551 1672 Dei
575 1620 850 1686 wdiﬁcatio
885 1620 1027 1673 estis.
1066 1618 1375 1674 IEdil‘tcatio
1423 1617 1607 1684 templi
1638 1615 1753 1669 Dei.
1780 1614 1877 1670 Se-

1953 438 2121 506 quasi
2152 453 2248 507 per
2272 440 2471 508 ignem,
2505 440 2555 495 id
2578 450 2682 507 est,
2703 457 2800 511 per
2826 443 3237 499 tribulationem.
3264 445 3332 499 Et
3361 447 3544 507 unius-

1969 528 2212 597 cujusque
2233 544 2359 599 Opus
2397 530 2547 597 quale
2571 534 2656 597 sit,
2687 532 2823 601 ignis
2861 533 3089 601 probabit
3118 536 3201 589 :si
3223 539 3372 607 cujus
3412 553 3542 606 Opus

1969 619 2249 686 manserit,
2301 619 2438 688 quod
2485 621 2916 688 supertedtﬁcavil
2935 662 2951 688 ,
2988 625 3265 679 mercedem
3306 628 3540 695 accipiet.

1970 706 2026 775 Id
2075 720 2180 775 est,
2231 711 2552 765 examinatio
2593 711 2797 779 judicii,
2850 714 2935 767 vel
2986 728 3223 782 praesens
3272 717 3545 772 tribulatio

1969 811 2087 867 quae
2126 800 2230 868 igni
2284 799 2717 869 frequentissime
2762 812 3124 869 comparatur.
3163 808 3361 859 Aurum
3398 808 3543 860 enim

1971 896 2026 943 et
2051 898 2330 957 argentum
2380 890 2719 957 splendidius
2771 893 3003 947 efﬁcitur
3040 894 3095 947 in
3146 894 3288 962 igne.
3321 895 3544 965 Lignum

1971 986 2147 1030 autem
2179 986 2236 1035 ct
2284 978 2461 1033 fenum
2516 989 2572 1033 et
2616 979 2808 1048 stipula
2838 980 3121 1035 ardebun'.
3156 980 3218 1036 Si
3243 984 3391 1051 cujus
3420 999 3546 1054 opus

1971 1067 2173 1131 arserit,
2205 1068 2556 1121 detrimentum
2586 1070 2825 1138 patietur.
2859 1070 2914 1125 Si
2940 1073 3060 1140 quis
3102 1074 3433 1142 negligenter
3458 1077 3551 1130 do-

1970 1160 2159 1223 cuerit,
2194 1168 2286 1214 aut
2307 1160 2555 1230 exemplo
2576 1169 2668 1215 aut
2694 1162 2879 1227 verbo,
2900 1163 3076 1230 perdit
3108 1163 3344 1219 laborem
3366 1181 3548 1234 suum,

1971 1252 2093 1319 quia
2122 1266 2256 1320 opus
2291 1253 2558 1308 inﬁrmum
2587 1252 2734 1307 facit.
2757 1251 2878 1322 Ipse
2921 1264 3093 1309 autem
3133 1258 3302 1311 saluus
3344 1259 3461 1313 erit.
3491 1259 3548 1314 lu

1972 1354 2068 1395 sua
2101 1342 2330 1411 iustitia.
2363 1343 2454 1398 Sic
2478 1353 2643 1397 tamen
2665 1346 2810 1413 quasi
2831 1362 2921 1414 per
2948 1346 3136 1417 ignem.
3165 1347 3351 1416 Quasi,
3387 1350 3551 1406 habet

1974 1433 2272 1500 veritatem,
2304 1436 2441 1490 sicut
2461 1436 2533 1491 ibi
2563 1454 2577 1489 :
2614 1438 2775 1503 Quasi
2804 1439 3063 1508 unigeniti
3092 1455 3121 1493 a
3156 1442 3335 1497 Patre.
3366 1443 3421 1499 Si
3456 1444 3550 1500 ille

1973 1540 2070 1595 per
2100 1527 2273 1595 ignem
2299 1529 2479 1582 salvus
2500 1529 2623 1598 erit,
2652 1530 2739 1599 qui
2766 1530 2945 1599 justus
2974 1540 3079 1597 est,
3112 1548 3278 1601 quare
3316 1550 3421 1588 non
3452 1535 3551 1590 fuit

1975 1616 2232 1671 sollicitus
2269 1627 2325 1672 ut
2364 1619 2497 1673 for:e
2528 1628 2582 1673 et
2611 1620 2800 1675 stabile
2847 1630 2993 1676 esset
3036 1622 3175 1692 quod
3215 1624 3549 1692 superadm-

312 1710 523 1763 cundum
553 1726 655 1779 gra,
670 1712 771 1761 iam
798 1708 894 1763 Dei
930 1725 1043 1779 qua
1087 1711 1210 1763 data
1257 1717 1329 1762 est
1360 1708 1505 1761 mihi.
1539 1707 1652 1761 Non
1682 1720 1868 1760 sccun-
1904 1706 2152 1801 B‘cavit?
2183 1708 2306 1775 quid
2335 1707 2404 1761 de
2433 1709 2540 1764 illis
2569 1710 2660 1778 qui
2690 1724 2941 1795 sermone
2978 1713 3269 1778 aediﬁcant,
3302 1717 3551 1784 exemplo

312 1801 425 1854 dum
455 1815 631 1854 meam
664 1801 940 1853 virtutem.
973 1798 1038 1852 Ut
1058 1800 1263 1864 sapiens
1293 1799 1615 1853 architectus.
1648 1795 1873 1865 Sapien-

315 1890 376 1943 tis
398 1887 677 1943 architecti
715 1897 799 1942 est
842 1887 1240 1943 fundamentum
1274 1902 1488 1957 ponere.
1508 1886 1717 1941 Primus
1746 1899 1874 1955 ergo

317 1977 596 2046 Apostolus
645 1976 936 2032 Corinthiis
983 1977 1144 2032 ﬁdem
1198 1977 1470 2031 insinuans
1510 1991 1603 2044 per
1650 1974 1873 2044 gratiam

319 2062 405 2123 Dei
431 2068 699 2123 Christum
732 2071 906 2138 posuit
952 2068 1358 2125 fundamentum
1390 2087 1403 2122 :
1433 2079 1488 2123 et
1526 2068 1572 2122 si
1601 2068 1714 2137 ipse
1761 2068 1878 2122 fun-

320 2160 635 2226 damentum,
686 2162 955 2230 quomodo
1006 2160 1272 2229 Pelagiani
1304 2161 1511 2227 dicunt,
1545 2161 1685 2230 quod
1718 2162 1878 2214 homo

322 2251 567 2320 incipiat,
596 2261 650 2306 et
704 2252 793 2307 ille
841 2252 1216 2307 consummet?
1249 2250 1664 2306 Fundamentum
1707 2251 1875 2322 posui,

325 2344 444 2395 alius
499 2354 664 2396 autem
728 2342 1127 2412 superwdi/icat.
1190 2343 1248 2398 Si
1305 2342 1705 2398 fundamentum
1768 2342 1881 2413 ipse

328 2434 577 2501 Christus,
602 2434 869 2502 quomodo
892 2432 1264 2503 blaSphemant
1297 2433 1582 2504 Pelagiani,
1608 2433 1747 2503 quod
1781 2432 1881 2502 ipsi

331 2525 430 2576 suis
455 2523 653 2578 meritis
680 2523 746 2577 ad
779 2525 937 2586 ﬁdem
983 2534 1246 2581 venerunt
1272 2524 1502 2578 Christi?
1534 2523 1883 2593 Unusquisque

334 2627 484 2671 autem
522 2616 685 2670 videat
719 2616 970 2685 quomodo
1007 2618 1400 2687 supermdi/icet.
1434 2617 1502 2674 Ut
1550 2628 1729 2672 reetus
1755 2631 1882 2686 ergo

335 2716 383 2758 et
415 2706 555 2760 fortis
586 2705 758 2774 paries
784 2716 990 2762 crescat
1023 2725 1035 2760 :
1079 2723 1147 2763 ne
1174 2722 1269 2777 per
1295 2711 1488 2762 malam
1517 2708 1884 2763 eoiiversatio-

337 2814 465 2866 nem,
493 2801 635 2855 velut
680 2802 818 2856 male
865 2803 1164 2856 carmentati
1208 2802 1408 2872 lapides
1437 2803 1504 2858 de
1533 2802 1886 2858 aedificatione

338 2886 419 2942 Dei
464 2890 682 2944 cadatis.
718 2889 1134 2945 Fundamentum
1162 2893 1298 2945 enim
1345 2892 1489 2947 aliud
1532 2909 1679 2946 nemo
1724 2902 1886 2962 potest

331 2998 520 3052 ponere,
563 2994 749 3052 prwtcr
775 2985 828 3037 id
857 2985 992 3053 quod
1030 2985 1247 3054 positum
1277 2994 1369 3051 est,
1399 2986 1486 3051 qui
1538 2994 1612 3039 est
1640 2974 1885 3039 Christus

1977 1798 2296 1854 destruunt?
2332 1798 2553 1856 Nescitis
2583 1804 2705 1871 quia
2730 1785 2973 1872 templum
3003 1805 3096 1859 Dei
3124 1809 3267 1871 estis,
3300 1816 3347 1861 et
3378 1808 3552 1877 Spiri-

1976 1902 2056 1946 tus
2088 1891 2177 1947 Dei
2203 1892 2395 1947 habitat
2422 1895 2473 1947 in
2493 1895 2667 1948 vobis?
2688 1894 2913 1951 Nescitis
2942 1897 3095 1966 cujus
3123 1898 3374 1967 templum
3396 1900 3551 1954 sitis?

1978 1982 2039 2038 Si
2066 1985 2181 2053 quis
2193 1996 2359 2037 autem
2380 1988 2618 2052 templum
2644 1985 2740 2040 Dei
2776 1988 3054 2043 violaverit.
3085 1989 3208 2044 Sive
3238 1992 3290 2044 in
3307 1992 3549 2061 singulis,

1976 2074 2091 2128 sive
2113 2074 2165 2126 in
2187 2075 2332 2128 omni
2359 2074 2759 2130 Ecclesia.Nota
2782 2078 2901 2147 quia
2928 2078 3014 2135 hic
3033 2078 3282 2147 Spiritum
3307 2092 3550 2135 sanctum

1981 2167 2147 2221 Deum
2169 2166 2326 2230 dixit,
2352 2167 2503 2236 cujus
2534 2169 2787 2236 templum
2811 2184 2994 2225 sumus
3025 2187 3040 2224 :
3071 2173 3191 2238 quia
3226 2172 3393 2240 ipsius
3420 2184 3553 2227 tem-

1980 2256 2123 2325 plum
2152 2271 2356 2320 sumus,
2394 2257 2483 2326 qui
2516 2257 2718 2312 habitat
2745 2258 2799 2313 in
2829 2258 3002 2325 nobis,
3028 2276 3186 2330 quem
3224 2262 3389 2315 Deum
3413 2264 3550 2317 fate-

1982 2354 2085 2399 tur.
2121 2345 2388 2416 Disperdet
2432 2346 2579 2399 illum
2620 2346 2780 2400 Deus.
2812 2346 3076 2418 Templum
3122 2351 3256 2404 enim
3295 2350 3392 2406 Dei
3432 2371 3554 2408 san-

1981 2448 2114 2491 ctum
2140 2448 2231 2502 est,
2256 2440 2393 2508 quod
2413 2439 2534 2492 estis
2558 2439 2801 2495 uos.Sive
2829 2454 2985 2494 suum
3014 2456 3231 2511 corpus,
3259 2446 3547 2514 peccando,

1981 2532 2094 2585 sive
2127 2530 2382 2585 Ecclesia:
2410 2529 2682 2599 populum,
2716 2531 2782 2584 ad
2814 2546 3027 2600 pravam
3056 2532 3353 2589 doctrinam
3394 2535 3553 2590 sedu-
3608 2526 3612 2530 ’

1982 2620 2172 2685 cendo,
2218 2631 2310 2675 aut
2360 2634 2507 2676 certe
2536 2621 2787 2691 exemplo
2814 2624 3031 2691 proprio
3058 2624 3408 2680 destruendo.
3440 2626 3552 2683 Hoc

1981 2710 2260 2765 Novatiani
2317 2720 2650 2781 proponu.t,
2707 2721 2765 2765 ut
2816 2712 3106 2768 excludant
3161 2717 3550 2784 ptnnitcntiam.

1984 2803 2186 2870 Quibus
2235 2804 2663 2873 respondendum
2697 2822 2709 2858 :
2739 2804 2797 2860 Si
2841 2803 3098 2862 Corinthii
3144 2808 3255 2877 jam
3305 2810 3553 2879 haptizati

1984 2907 2359 2965 peccaverunt,
2393 2896 2439 2951 si
2471 2912 2575 2951 non
2606 2898 2899 2953 admittitur
2930 2902 3262 2966 ptenitentia,
3285 2902 3350 2955 ad
3391 2918 3550 2971 quem

1984 2984 2281 3054 profectum
2313 2985 2419 3039 illis
2449 2987 2703 3040 scribitet
2732 2987 2885 3051 dicit,
2915 2987 2983 3044 Ut
3008 2991 3296 3043 secundam
3327 2994 3544 3059 gratiatr

331 3069 486 3126 Iesus.
516 3073 682 3128 Nemo
712 3083 887 3144 potest
913 3074 1072 3129 alium
1096 3076 1366 3130 Christum
1393 3076 1545 3131 vobis
1573 3077 1881 3146 praedicare,
1913 3086 1958 3151 ρ
1993 3077 2273 3130 habeatis?
2327 3077 2553 3131 Sanczus
2598 3078 2953 3147 llierOuymus
3000 3080 3137 3134 dixit
3180 3083 3247 3136 ad
3292 3083 3503 3138 Galatas
3534 3101 3548 3136 :

333 3175 508 3231 praeter
560 3165 741 3219 Jesum
797 3167 850 3220 in
899 3183 1053 3236 quem
1090 3176 1196 3221 tota
1238 3167 1340 3222 lide
1386 3169 1690 3237 credentes,
1746 3168 1883 3221 ﬁrmi

330 3255 537 3311 διηθΒὶ
562 3256 961 3311 fundamentum
984 3258 1251 3321 Chrisms,
1277 3259 1363 3313 ubi
1412 3268 1535 3313 sunt
1575 3259 1664 3329 qui
1705 3260 1887 3315 dicunt

332 3345 514 3414 aliquid
546 3346 669 3402 boni
697 3362 854 3416 posse
883 3345 1068 3402 haberi
1099 3350 1215 3403 sine
1244 3348 1492 3403 Christo:
1514 3359 1569 3404 et
1597 3350 1695 3403 sibi
1728 3350 1885 3404 ﬁdem

329 3450 424 3503 qua
450 3436 498 3490 in
529 3438 746 3491 Christo
785 3438 1040 3504 creditur,
1076 3440 1310 3494 tribuere
1338 3448 1651 3510 arroganter
1680 3456 1886 3509 pracsu-

330 3535 470 3579 munt
498 3543 512 3580 :
545 3536 597 3581 et
625 3544 729 3581 non
786 3539 948 3597 agunt
998 3531 1106 3584 Deo
1155 3531 1373 3598 gratias,
1405 3545 1434 3583 a
1475 3546 1580 3601 quo
1608 3532 1686 3586 eis
1716 3533 1887 3587 infusa

327 3634 441 3673 esse
480 3621 841 3691 dignoscitur?
872 3623 933 3677 Si
961 3624 1073 3693 quis
1121 3634 1287 3678 aut.m
1325 3625 1709 3701 superrudi/lcatt
1738 3642 1888 3695 super

328 3713 701 3793 fundamentum
740 3718 833 3770 Itoc
853 3733 1055 3783 aurum,
1078 3728 1363 3792 argentum,
1392 3719 1588 3785 lapides
1619 3719 1884 3786 pretiosos,

329 3805 490 3877 ligna,
535 3810 723 3879 fenum,
767 3810 1029 3879 stipulam,
1072 3812 1467 3881 uniuscujusque
1504 3827 1630 3877 Opus
1674 3810 1888 3879 manife-

329 3909 457 3951 stum
494 3901 626 3953 erit:
665 3900 772 3954 dies
793 3901 925 3953 enim
946 3901 1244 3966 declarabit,
1278 3903 1398 3970 quia
1424 3902 1476 3955 in
1509 3902 1623 3971 igne
1648 3900 1889 3954 revtlabi-

328 3998 431 4043 tur.
456 3989 577 4044 Tria
610 4005 804 4060 genera
827 4002 948 4045 sunt
979 3991 1239 4046 honorum
1267 3993 1315 4045 in
1349 3991 1620 4055 Ecclesia;
1656 3992 1756 4045 hoc
1781 3999 1888 4056 est,

327 4081 512 4150 bonus,
544 4083 749 4149 melior,
779 4086 1031 4153 Optimus,
1054 4093 1107 4139 et
1134 4085 1230 4139 tria
1257 4098 1449 4153 genera
1480 4084 1563 4138 his
1588 4084 1884 4149 contraria;

330 4172 384 4226 id
418 4189 516 4238 est,
558 4176 749 4240 malus,
804 4172 989 4245 peior,
1032 4179 1338 4245 pessimus:
1383 4190 1502 4245 qua:
1544 4174 1735 4244 lignis,
1768 4172 1891 4228 feno

330 4278 388 4323 et
412 4269 1028 4340 stipulﬁzomparanlur.
1048 4270 1151 4324 Alii
1177 4271 1243 4325 de
1265 4269 1366 4323 hoc
1390 4270 1507 4324 loco
1533 4269 1604 4323 ita
1632 4266 1885 4330 sentiunt,

330 4360 466 4427 quod
495 4377 703 4426 aurum,
751 4370 1028 4437 argentum
1068 4368 1122 4416 et
1160 4360 1366 4429 lapides
1411 4360 1677 4429 pretiosos
1725 4359 1889 4413 aedifi-

1988 3168 2100 3222 lloc
2130 3185 2289 3222 unum
2322 3169 2433 3222 scio
2459 3168 2599 3239 quod
2630 3171 2716 3239 qui
2750 3179 2868 3238 post
2900 3172 3055 3226 fidem
3102 3171 3294 3228 Christi
3324 3172 3553 3230 fornica-

1990 3270 2092 3327 tur,
2121 3260 2286 3315 violat
2311 3262 2566 3329 templum
2598 3262 2710 3317 Dei.
2744 3262 2911 3317 Nemo
2932 3281 2986 3318 se
3012 3265 3217 3320 seducat
3238 3283 3256 3322 :
3277 3267 3320 3322 si
3337 3268 3451 3333 quis
3479 3268 3554 3321 ui-

1987 3353 2135 3405 detur
2167 3353 2299 3407 inter
2327 3369 2433 3407 vos.
2459 3352 2626 3408 Nemo
2654 3354 2754 3408 sibi
2785 3355 3104 3421 blandiatur,
3149 3360 3362 3427 propria
3406 3360 3554 3414 vani-

1988 3452 2094 3497 tate
2121 3441 2395 3509 deceptus.
2424 3444 2642 3515 Sapiens
2662 3462 2769 3500 esse
2795 3448 2847 3501 in
2878 3448 2972 3501 hoc
2996 3451 3201 3505 seculo.
3222 3450 3299 3505 Ad
3329 3452 3556 3507 redden-

1986 3532 2111 3588 dum
2153 3534 2353 3588 malum
2396 3549 2493 3603 pro
2540 3536 2700 3590 malo.
2732 3536 2933 3592 Stultus
2978 3540 3091 3608 ﬁat,
3123 3550 3177 3593 ut
3222 3543 3288 3595 sit
3331 3544 3552 3612 sapiens.

1987 3625 2187 3680 Stultus
2221 3625 2490 3694 judicatur
2526 3626 2578 3680 in
2612 3628 2711 3681 hoc
2742 3630 2961 3694 saeculo,
2990 3631 3074 3697 qui
3105 3632 3289 3700 implet
3318 3631 3556 3703 Evange-

1988 3715 2136 3781 lium,
2170 3730 2275 3769 non
2311 3716 2582 3770 reddendo
2638 3718 2833 3771 malum
2884 3734 2979 3788 pro
3020 3722 3178 3775 malo.
3211 3722 3315 3776 Sed
3359 3726 3555 3780 stultus

1987 3806 2263 3860 voluntate
2289 3808 2367 3872 lit,
2387 3822 2490 3860 non
2509 3816 2718 3860 natura.
2739 3807 3007 3875 Sapientia
3030 3812 3159 3864 enim
3187 3813 3341 3882 hujus
3358 3816 3552 3881 mundi,

1986 3897 2199 3951 stultitia
2218 3906 2291 3952 est
2319 3897 2457 3966 apud
2487 3897 2671 3950 Deum.
2696 3897 2832 3951 Nihil
2863 3900 3095 3966 stultius,
3129 3917 3283 3969 quam
3314 3912 3369 3957 ut
3396 3904 3558 3959 vellet

1989 4004 2048 4044 se
2076 3989 2364 4052 vindicare,
2391 3989 2479 4058 qui
2503 4003 2607 4043 non
2632 3998 2824 4057 potest,
2852 4001 2903 4043 et
2930 3990 3041 4045 Deo
3068 4006 3215 4047 suam
3250 4008 3351 4047 non
3384 4009 3558 4048 reser-

1988 4089 2077 4135 vat
2104 4078 2350 4149 injuriam
2383 4097 2395 4133 :
2426 4082 2566 4147 quod
2614 4080 2773 4134 etiam
2807 4079 2897 4135 ille
2945 4080 3120 4145 cicere
3171 4083 3350 4147 debet,
3382 4086 3468 4153 qui
3498 4099 3560 4139 se

1988 4172 2130 4224 valet
2164 4171 2217 4223 in
2263 4170 2365 4223 hoc
2400 4169 2599 4223 saeculo
2651 4168 2945 4236 vindicare,
2988 4172 3073 4235 vel
3120 4173 3246 4226 dum
3298 4173 3560 4228 rationem

1988 4263 2209 4332 requirit
2260 4260 2347 4316 cui
2392 4262 2606 4331 juhetur
2654 4270 2709 4316 ut
2738 4262 2944 4319 credat.
2991 4262 3254 4333 Scriptum
3303 4275 3376 4319 est
3404 4267 3561 4332 enim,

1990 4353 2430 4424 Comprehendam
2443 4355 2692 4425 sapientes
2714 4355 2763 4408 in
2777 4358 2967 4409 astutia
2982 4372 3176 4412 eorum.
3199 4358 3338 4413 Nihil
3356 4359 3565 4427 prolicit

332 4460 437 4518 cet,
459 4452 542 4519 qui
584 4451 816 4521 erogatis
854 4450 937 4505 vel
966 4451 1204 4507 dimissis
1249 4450 1586 4506 facultatibus
1629 4451 1761 4516 suis,
1799 4458 1892 4504 aut
1917 4443 1968 4504 D
1994 4446 2188 4503 astutia
2221 4446 2496 4501 hominum
2532 4464 2544 4500 :
2577 4462 2685 4517 quo
2717 4446 2885 4515 possit
2911 4447 3145 4517 effugere
3168 4463 3388 4505 manum
3420 4450 3512 4506 Dei
3544 4465 3562 4507 :

332 4543 704 4597 monasterium
748 4542 971 4612 expetit,
1000 4552 1092 4597 aut
1128 4551 1367 4597 remotus
1402 4557 1432 4597 a
1464 4541 1645 4597 saeculi
1687 4541 1894 4596 actibus

232 4624 255 4639 “
332 4630 474 4697 vivit,
498 4634 578 4688 vel
606 4634 685 4687 sic
713 4633 766 4687 in
793 4633 921 4701 ipsis
952 4629 1291 4686 facultatibus
1320 4632 1471 4695 vivit,
1502 4641 1748 4700 tanquam
1786 4644 1894 4685 non

333 4724 623 4790 possidens,
657 4723 804 4779 velut
830 4722 1001 4777 aliena
1028 4723 1127 4777 sibi
1154 4722 1488 4777 commodata
1519 4721 1809 4791 possideat,
1840 4730 1897 4775 et

340 4826 542 4881 paratus
567 4818 634 4873 sit
663 4832 757 4872 eas
773 4824 990 4887 propter
1013 4815 1279 4871 Christum
1304 4816 1548 4870 amittere
1576 4832 1589 4867 :
1621 4822 1679 4869 ut
1707 4814 1750 4869 si
1774 4829 1898 4883 per-

342 4909 529 4962 secutio
556 4919 772 4979 propter
809 4907 975 4962 Deum
1020 4907 1248 4973 venerit,
1294 4906 1593 4977 expeditus,
1647 4914 1891 4976 paratus-

342 5009 437 5063 que
484 4998 796 5079 inveniatur.
832 4997 873 5053 Ε
900 5007 1082 5054 contra
1131 5013 1259 5053 vero
1304 4997 1465 5068 ligna,
1498 4995 1699 5065 fenum,
1728 4995 1898 5065 stipuu

345 5087 439 5141 lam
481 5089 550 5145 illi
589 5090 889 5156 :ediﬁcent,
940 5089 1028 5159 qui
1068 5088 1353 5144 Christiani
1405 5087 1621 5158 quidem
1673 5095 1798 5141 sunt
1843 5095 1897 5141 et

344 5175 529 5247 ﬁdeles,
558 5192 610 5235 et
633 5182 773 5236 bene
805 5190 1025 5235 utuntur
1050 5181 1206 5235 bonis
1235 5181 1368 5247 suis,
1394 5181 1489 5235 sed
1520 5180 1688 5235 nimio
1716 5194 1897 5234 amore

344 5265 663 5335 implicantur
693 5286 871 5324 rerum
903 5285 1116 5324 suarum
1146 5286 1160 5323 :
1188 5276 1243 5325 ct
1271 5285 1391 5324 cum
1423 5272 1631 5325 venerit
1659 5278 1751 5325 aut
1771 5284 1897 5339 per-

342 5360 549 5427 secutio,
589 5372 677 5415 aut
714 5360 911 5431 jussio,
959 5371 1015 5415 nt
1055 5359 1248 5428 privari
1300 5360 1455 5415 bonis
1506 5361 1619 5416 suis
1668 5360 1899 5416 debeant

342 5442 629 5519 Christiani,
664 5455 708 5507 si
743 5467 848 5506 non
880 5452 1192 5521 negaverint
1218 5454 1511 5517 Christum,
1540 5454 1617 5507 illi
1642 5469 1745 5508 non
1779 5454 1898 5523 plus

344 5537 528 5597 faciunt
576 5562 663 5600 res
710 5560 856 5610 suas,
905 5560 1063 5615 quam
1114 5545 1429 5600 Christum:
1476 5545 1569 5600 sed
1617 5543 1739 5615 quia
1781 5545 1900 5613 plus

347 5648 490 5701 quam
530 5639 764 5709 Oportuit
792 5646 1125 5707 amaverunt,
1165 5652 1287 5694 cum
1317 5638 1591 5705 amittunt,
1625 5652 1731 5694 non
1780 5637 1897 5692 sine

1996 4540 2209 4609 sapiens
2237 4537 2343 4592 sibi
2383 4537 2596 4592 videtur
2624 4537 2704 4591 vir
2732 4537 2902 4602 dives,
2936 4554 3134 4607 pauper
3159 4548 3334 4594 autem
3362 4554 3567 4595 sensa-
3660 4588 3667 4599 .

1997 4640 2085 4685 tus
2107 4630 2608 4700 reprehenditeum.
2624 4628 2692 4683 Et
2721 4631 2934 4685 iterum:
2950 4628 3198 4683 Dominus
3220 4632 3354 4683 novit
3376 4632 3564 4701 cogita-

1997 4721 2153 4774 tiones
2200 4720 2486 4785 hominum,
2512 4721 2769 4791 quomodo
2799 4735 2941 4773 uana:
2982 4728 3116 4773 sunt.
3148 4719 3290 4773 Nihil
3325 4720 3568 4774 utilitatis

1996 4811 2200 4866 confert
2228 4812 2293 4865 ad
2341 4811 2567 4865 salutem
2597 4810 2824 4864 verbosa
2855 4808 3177 4875 eloquentia.
3211 4807 3391 4877 Itaque
3417 4824 3568 4861 nemo

2002 4903 2246 4973 glorietur
2301 4904 2355 4956 in
2407 4902 2716 4967 hominibus,
2745 4900 2798 4954 in
2846 4899 3327 4968 pseudoapostolis,
3351 4900 3445 4955 svd
3471 4914 3570 4955 nec

2002 4995 2056 5049 in
2085 4995 2265 5062 aliquo
2314 4994 2421 5047 alio
2449 4993 2534 5047 vel
2564 5006 2689 5061 rege
2731 4983 2833 5045 vel'
2856 4990 3159 5045 sacerdote.
3194 4988 3379 5044 Omnia
3410 4999 3571 5046 vestra

2001 5094 2140 5147 sunt,
2155 5085 2256 5137 sive
2272 5081 2600 5147 Paulus,sive
2620 5079 2823 5151 Apollo,
2849 5080 2953 5133 sive
2964 5078 3179 5151 Cephas,
3202 5082 3305 5136 siue
3326 5082 3571 5146 mundus,

2003 5178 2106 5231 sive
2133 5178 2256 5241 vita,
2280 5176 2380 5229 sive
2405 5190 2561 5228 mors.
2588 5174 2697 5228 Nos
2722 5174 2883 5228 vestri
2900 5188 3103 5242 sumus,
3126 5190 3231 5229 non
3255 5191 3350 5231 vos
3379 5176 3570 5231 nostri.

2007 5268 2125 5325 Sive
2161 5268 2451 5337 prtrsentia,
2474 5266 2577 5320 sive
2618 5266 2812 5336 futura.
2851 5265 3036 5320 Omnia
3062 5268 3199 5321 enim
3239 5275 3403 5320 uestra
3432 5274 3569 5319 sunt.

2003 5360 2189 5413 Omnia
2211 5367 2426 5427 propter
2447 5367 2658 5413 sanctos
2678 5368 2858 5411 creata
2875 5366 3017 5422 sunt,
3042 5369 3291 5427 tanquam
3314 5358 3443 5410 nihil
3476 5356 3571 5409 ha-

2004 5434 2191 5504 bentes
2218 5459 2271 5505 et
2293 5449 2467 5503 omnia
2501 5448 2854 5516 possidentes.
2886 5449 3010 5503 Sive
3050 5447 3284 5501 volueris
3313 5446 3377 5499 ad
3408 5446 3567 5500 liber-

2008 5554 2166 5599 tatem
2193 5542 2393 5597 referre
2420 5540 2592 5610 :quod
2624 5541 2783 5595 vultis
2812 5540 3028 5608 eligere,
3043 5539 3154 5592 sive
3178 5545 3427 5603 mortem,
3460 5538 3575 5592 sive

2008 5635 2190 5699 vitam,
2210 5633 2322 5688 sive
2351 5632 2652 5701 prensentia,
2673 5630 2785 5686 sive
2802 5629 3006 5694 futura.
3032 5626 3137 5681 Vos
3160 5634 3327 5681 autem
3351 5625 3572 5685 Christi.
