3968 6166
416 299 526 356 515

1522 285 1826 345 PNMASII
1865 282 2317 342 ADRUMETANI
2360 279 2575 338 EPISC.
3531 285 3611 339 516

420 409 657 464 Christus
704 415 873 473 autem
922 403 1035 457 Dei.
1090 401 1181 456 Sic
1209 398 1455 455 Christus
1502 398 1616 462 Dei,
1667 398 1810 451 sicut
1863 395 2005 449 Deus
2032 396 2082 456 Α
2107 391 2321 456 allecto,
2341 392 2467 460 quia
2495 388 2595 444 sibi
2626 385 2987 452 ascribe‘haut,
3019 385 3157 454 quod
3187 398 3305 441 esse
3328 386 3615 448 videbamur.

419 497 641 565 Christi,
675 496 720 550 si
763 495 830 549 sd
858 493 1196 548 divinitatem
1226 499 1381 559 aptes
1410 505 1426 541 :
1455 501 1760 557 quanquam
1811 500 2004 541 secun-

422 590 550 644 dum
580 586 853 641 hominem
889 591 1101 647 tractet,
1134 581 1222 651 qui
1251 587 1444 634 unctus
1470 588 1576 634 est.

392 698 399 715 θ
493 678 622 741 CAP.
650 692 721 730 tv.
749 676 838 731 Sic
865 690 956 728 nos
982 673 1230 727 existimet
1264 670 1438 737 homo,
1461 680 1517 723 ut
1541 668 1798 723 ministros
1819 666 2010 722 Christi

423 779 472 824 et
512 769 887 837 dispensatores
934 765 1334 818 ministeriorum
1380 762 1495 816 Dei.
1525 762 1639 815 Non
1672 770 1730 815 ut
1772 760 2009 830 aquales

424 863 658 918 Christo.
680 860 782 915 Hic
797 861 914 931 jam
940 859 1188 926 quwritur
1208 857 1341 910 inter
1364 856 1737 926 dispensatores
1763 864 1819 906 ut
1841 852 2008 921 ﬁdelis

427 955 541 1022 quis
582 955 894 1009 inveniatur.
928 950 1308 1019 lnterrogantis
1340 962 1438 999 vox
1470 954 1554 1000 est
1584 962 1599 1001 :
1629 945 1730 999 hoc
1759 954 1862 1011 εει,
1899 944 2008 1014 jam

428 1047 515 1098 hic
544 1057 640 1098 vos
677 1030 873 1108 putatis
905 1038 1392 1107 conscientiasjudi
1430 1036 1549 1090 are?
1572 1034 1702 1087 Mihi
1725 1049 1894 1088 autem
1915 1049 2011 1105 pro

425 1136 635 1187 minimo
667 1141 739 1186 est
774 1140 883 1185 uta
907 1132 1044 1185 vobis
1066 1130 1293 1205 judicer,
1324 1137 1413 1180 aut
1438 1129 1500 1180 ab
1528 1129 1749 1180 humano
1775 1128 1856 1179 die
1881 1141 1900 1179 :
1921 1124 2009 1178 scd

428 1240 589 1292 neque
616 1238 695 1276 me
721 1224 888 1291 ipsum
908 1222 1111 1289 judico.
1148 1220 1213 1273 Et
1237 1220 1378 1273 diem
1414 1218 1650 1271 hominis
1677 1208 1784 1269 non
1811 1227 2010 1269 concu-

429 1314 560 1383 pivi,
587 1314 688 1367 hoc
723 1323 806 1366 est
839 1321 1070 1378 tempus.
1104 1311 1234 1363 Nam
1267 1307 1353 1361 hic
1396 1307 1688 1361 humanum
1722 1305 1888 1371 diem,
1920 1306 2009 1358 in-

430 1406 725 1469 tellectum,
763 1403 844 1457 vel
896 1416 992 1455 eor
1036 1401 1271 1469 sapiens,
1305 1414 1410 1452 non
1445 1396 1674 1452 absurde
1723 1396 2006 1463 accipitur,

427 1497 517 1565 qui
557 1503 735 1564 potest
762 1493 1025 1559 judicare.
1074 1490 1224 1544 Nihil
1268 1491 1404 1542 enim
1433 1489 1561 1541 mihi
1614 1486 1847 1539 conscius
1873 1501 2005 1537 sum.

431 1587 574 1642 Nihil
597 1585 741 1639 mali.
778 1583 884 1639 Sed
914 1598 1015 1636 non
1056 1582 1110 1634 in
1150 1582 1244 1634 hoc
1288 1580 1601 1647 iustiﬁcatus
1647 1594 1782 1632 sum.
1818 1576 1873 1630 In
1908 1574 2011 1631 hoc

433 1688 696 1746 tempore,
728 1683 819 1727 aut
848 1674 956 1738 die,
989 1671 1072 1727 vel
1101 1680 1270 1740 certe,
1305 1673 1351 1724 si
1391 1684 1477 1724 me
1528 1684 1687 1723 nemo
1720 1670 2005 1736 vituperet,

2112 481 2180 534 Et
2197 483 2396 535 utinam
2410 479 2711 552 regnaretis,
2738 487 2793 532 ut
2817 487 2863 531 et
2887 494 2976 531 nos
2993 477 3241 531 vobiscum
3258 485 3621 548 regnaremusﬂn

2112 571 2264 626 nullo
2294 573 2463 626 nostri
2489 569 2759 639 indigetis,
2792 569 2878 623 vel
2910 568 3201 639 indiguistis
3222 568 3357 624 :sive
3378 579 3625 640 regnaretis

2111 669 2166 717 et
2196 675 2295 716 nos
2324 661 2601 718 vobiscum
2626 674 2995 729 reguaremus,
3023 659 3107 712 vel
3135 661 3323 724 socios,
3352 661 3393 715 si
3423 677 3513 715 nun
3540 679 3628 717 ma-

2110 752 2308 822 gistros
2326 752 2738 821 computat-etis.
2767 749 2907 803 Puto
2936 750 3069 803 enim
3093 750 3225 819 quod
3255 750 3381 804 Deus
3417 768 3497 806 nos
3529 771 3630 824 apo-

2111 842 2268 896 stolos
2295 842 2593 896 notissimos
2633 841 2876 906 ostendit,
2920 847 3160 909 tanquam
3201 843 3346 893 morti
3373 842 3627 900 deuinctus.

2117 930 2290 985 Veluti
2320 930 2463 1001 quod
2492 931 2544 985 in
2574 930 2899 1001 Apocalypsi
2932 931 3193 1000 promisit,
3225 932 3493 987 novissimo
3522 943 3629 989 tent-

2112 1035 2243 1091 pore
2272 1034 2334 1076 se
2376 1022 2664 1075 missurum
2696 1021 2832 1075 duos
2878 1020 2944 1074 ad
2995 1032 3217 1075 mortem
3247 1038 3260 1073 :
3288 1021 3366 1076 vel
3407 1038 3494 1077 nos
3525 1027 3629 1093 1am,

2111 1110 2207 1181 qui
2246 1111 2316 1167 ad
2343 1119 2536 1183 gentes
2584 1112 2736 1174 missi
2775 1125 2984 1165 sumus.
3021 1111 3154 1175 Quia
3182 1114 3498 1181 spectaculum
3537 1118 3633 1185 {acti

2109 1216 2292 1257 sumus
2314 1203 2523 1265 mundo,
2555 1212 2601 1256 et
2630 1202 2827 1271 angelis
2846 1210 2896 1255 et
2926 1201 3231 1257 hominibus.
3254 1203 3441 1259 Oufnes
3479 1221 3633 1276 asp:-

2112 1300 2260 1345 ctant
2299 1300 2511 1345 nostras
2554 1290 2799 1361 injurias,
2853 1291 2939 1345 vel
2982 1303 3272 1357 certamen,
3318 1294 3570 1349 Christiani
3591 1309 3634 1352 et

2112 1381 2304 1450 pagani
2333 1399 2348 1448 ;
2380 1382 2465 1435 vel
2506 1390 2657 1437 certe
2693 1383 2913 1452 angelos
2939 1382 3251 1450 simpliciter
3274 1384 3363 1436 ait.
3388 1382 3488 1438 Nos
3521 1389 3636 1441 stulti

2113 1481 2326 1542 propter
2352 1472 2630 1539 Christum,
2656 1490 2743 1528 vos
2767 1485 2935 1528 autem
2964 1475 3235 1542 prudentes
3259 1476 3308 1529 in
3330 1476 3526 1532 Christo.
3552 1480 3637 1533 Nos

2112 1562 2291 1617 omnia
2330 1565 2659 1618 sustinemus
2692 1576 2908 1633 propter
2944 1561 3254 1618 Christum:
3287 1581 3371 1620 \OS
3399 1578 3553 1622 autem
3577 1572 3639 1624 sie

2112 1655 2273 1711 vultis
2320 1669 2443 1710 esse
2481 1654 2797 1725 Christiani,
2854 1665 2910 1709 ut
2956 1655 3292 1724 prudentiam
3349 1658 3514 1713 saeculi
3552 1675 3635 1715 non

431 1784 536 1822 non
562 1766 691 1821 mihi
718 1765 840 1818 inde
869 1762 1093 1817 blandiri
1120 1762 1315 1826 debeo,
1347 1761 1430 1815 vel
1456 1761 1639 1815 extolli
1667 1778 1681 1812 :
1706 1766 1798 1812 aut
1825 1759 1869 1811 si
1896 1757 2008 1811 nul-
2041 1771 2089 1832 Β
2117 1754 2394 1817 amittatis,
2423 1769 2524 1810 nec
2559 1754 2759 1825 aliquid
2793 1770 2888 1824 pro
2914 1754 3135 1810 Christo
3167 1757 3293 1826 pati.
3327 1754 3429 1810 Nos
3464 1758 3636 1826 inﬁrmi,

432 1860 542 1915 lum
571 1860 772 1914 crimen
802 1855 1015 1923 admisi,
1043 1856 1247 1909 minuta
1278 1855 1416 1908 forte
1448 1868 1552 1907 non
1576 1854 1795 1906 omnino
1827 1865 2009 1919 pereas

430 1949 537 2004 rui.
565 1950 661 2014 Qui
691 1961 857 2001 autem
877 1946 1074 2018 judicet
1097 1963 1173 1999 me
1198 1943 1451 1998 Dominus
1474 1952 1570 1997 est.
1599 1945 1739 1998 Ante
1760 1942 1900 1997 diem
1925 1942 2012 2010 ju-

429 2040 574 2094 tlicii.
603 2039 782 2108 Itaque
810 2039 968 2091 nolite
988 2047 1103 2089 ante
1130 2047 1325 2106 tempus
1348 2036 1606 2106 judicare.
1637 2033 1887 2088 Occultas
1917 2047 2010 2086 co-

431 2130 758 2199 gitationes:
788 2128 908 2196 quia
936 2129 1095 2181 homo
1120 2128 1267 2181 videt
1305 2127 1358 2180 in
1384 2125 1539 2191 facie,
1570 2124 1712 2179 Deus
1739 2132 1916 2179 autem
1949 2122 2003 2178 in

423 2221 612 2274 corde.
647 2220 991 2285 Quoadusque
1020 2219 1183 2272 veniat
1213 2216 1488 2283 Dominus,
1517 2217 1676 2287 quiet
1702 2216 2008 2269 illuminabit

422 2311 720 2364 abscondita
741 2309 1079 2373 tenebrarum,
1099 2318 1147 2361 et
1164 2307 1507 2378 manifestabit
1522 2308 1737 2362 consilia
1751 2307 2005 2360 cordinm.

424 2402 560 2469 Quia
606 2415 692 2455 me
741 2400 933 2454 melius
965 2400 1219 2455 Dominus
1266 2400 1432 2464 novit,
1464 2415 1627 2471 quam
1658 2400 1741 2454 vel
1762 2413 1887 2468 ego,
1922 2402 2007 2454 vel

425 2493 568 2547 ullus
593 2492 870 2545 hominim
900 2494 1020 2544 scit.
1039 2490 1105 2543 Et
1127 2500 1247 2544 tunc
1279 2492 1391 2545 laus
1414 2493 1508 2545 erit
1530 2492 1800 2558 unicuique
1819 2507 1851 2543 a
1881 2491 2002 2543 Dio.

412 2584 521 2653 .llle
551 2598 677 2638 vero
699 2582 982 2637 laudabilis
1007 2590 1113 2650 est,
1140 2598 1299 2653 quem
1335 2584 1475 2637 Deus
1501 2582 1825 2637 laudabilem
1856 2580 2003 2661 facit.

427 2674 559 2729 11ωο
585 2686 778 2742 autem,
804 2675 1008 2745 fratres,
1038 2676 1399 2746 transﬁguravi
1428 2676 1480 2728 in
1505 2689 1583 2727 me
1602 2683 1648 2728 et
1668 2672 1854 2743 Apollo
1880 2677 2006 2744 pro-

423 2777 535 2839 pter
561 2784 669 2833 uos,
702 2778 759 2820 ut
801 2768 857 2820 in
890 2767 1033 2822 nobis
1082 2769 1311 2822 discatis.
1349 2766 1415 2822 Ut
1443 2782 1474 2821 a
1506 2768 1660 2821 nobis
1694 2765 2007 2821 humilitatis

423 2857 649 2911 sumatis
672 2858 999 2928 exemplum.
1034 2857 1114 2911 Ne
1134 2874 1293 2927 supra
1319 2873 1473 2926 quam
1504 2860 1754 2926 scriptum
1784 2866 1875 2911 est.
1905 2858 2008 2912 Su-

426 2963 519 3018 pra
549 2959 653 3015 est,
684 2951 823 3019 quod
866 2966 969 3004 non
1001 2959 1084 3004 est
1114 2953 1395 3018 scriptum.
1432 2949 1575 3005 Unus
1598 2952 1669 3011 ad
1700 2965 1843 3004 ersus
1872 2950 2004 3003 alte-

421 3053 538 3091 rum
560 3039 765 3107 infletur
805 3054 899 3107 pro
929 3039 1053 3092 alio.
1090 3038 1145 3092 ιιι
1173 3049 1278 3108 est,
1311 3040 1661 3093 c0ntentioue
1691 3047 1806 3092 orta
1853 3037 2006 3093 inﬂe-

2114 1864 2201 1902 uos
2227 1856 2395 1901 autem
2424 1848 2582 1919 fortes
2610 1849 2665 1901 in
2707 1848 2933 1902 Christo.
2960 1848 3128 1914 Quasi
3154 1864 3256 1903 non
3280 1852 3520 1919 possimus
3542 1852 3636 1906 red-

2111 1937 2240 1992 dere
2260 1939 2455 2006 vicem,
2486 1938 2628 2007 quod
2650 1937 2926 1992 saecularis
2955 1947 3138 2007 potest
3159 1939 3443 2009 prudentia.
3467 1939 3550 1994 l‘os
3569 1958 3639 1995 no-

2111 2028 2250 2093 biles,
2283 2044 2377 2082 nas
2408 2037 2576 2081 autem
2602 2028 2873 2099 ignobiles.
2892 2030 3026 2096 Quia
3059 2040 3110 2084 et
3139 2032 3407 2085 scientiam
3433 2046 3579 2098 suam,
3601 2047 3640 2087 et

2109 2120 2445 2175 nobilitatem
2489 2120 2705 2189 generis
2754 2120 3218 2191 pseudoapostoli,
3257 2122 3365 2177 sive
3391 2122 3530 2193 aliqui
3551 2139 3640 2179 ere.

2109 2211 2296 2266 dentes
2328 2211 2711 2281 praeferebant.
2740 2211 2914 2284 (Isque
2934 2214 2987 2267 in
3004 2214 3146 2267 hanc
3164 2213 3337 2268 horam
3359 2218 3638 2271 «esurimus.

2107 2315 2157 2359 et
2177 2306 2395 2372 sitimus,
2423 2315 2469 2359 et
2498 2306 2627 2359 nudi
2645 2322 2839 2373 sumus,
2864 2318 2911 2361 et
2939 2307 3180 2379 colaphis
3212 2312 3457 2364 credimur.
3476 2311 3541 2365 Ex
3560 2326 3641 2383 quo

2108 2396 2371 2464 capimus
2404 2397 2700 2466 praedicare
2748 2413 2917 2467 usque
2965 2400 3020 2475 in
3058 2400 3163 2455 hoc
3203 2412 3403 2471 tempus
3447 2403 3494 2456 iu
3528 2404 3641 2457 nullo

2109 2484 2522 2541 abundavin‘ius.
2548 2487 2616 2542 Et
2642 2488 2904 2544 instabiles
2925 2507 3129 2546 sumus.
3150 2491 3408 2562 Nusquam
3432 2493 3641 2548 habemus

2108 2577 2314 2645 sedem,
2352 2580 2439 2635 vel
2480 2591 2626 2636 certe
2674 2581 2755 2636 sic
2798 2581 2949 2636 vobis
2990 2584 3229 2638 videtur.
3274 2583 3339 2637 Et
3379 2586 3637 2649 laborantia,

2108 2679 2376 2740 cperantes
2403 2672 2638 2727 manibus
2666 2675 2898 2728 nostris:
2931 2676 3313 2741 maledicimur,
3351 2687 3396 2731 et
3435 2678 3639 2731 benedici-

2109 2777 2221 2817 mus
2242 2778 2264 2817 :
2293 2764 2692 2832 persecutionem
2721 2767 2970 2834 patimur,
3003 2776 3055 2821 et
3094 2769 3412 2824 sustinemus.
3440 2769 3519 2824 Sic
3540 2786 3639 2839 0pc-

2110 2854 2354 2919 rsbatur,
2381 2863 2437 2909 ut
2463 2863 2576 2909 tota
2604 2856 2691 2910 die
2716 2857 2959 2919 doceret.
2982 2867 3039 2913 et
3073 2871 3231 2915 nocte
3259 2861 3641 2926 laboraret,utnle

2111 2958 2332 3020 postera
2360 2949 2451 3004 die
2483 2963 2675 3018 panem
2700 2951 3077 3019 manducaret,
3107 2969 3212 3009 non
3242 2965 3297 3009 ut
3320 2957 3501 3011 solidos
3519 2971 3642 3025 repo-

2110 3055 2263 3102 neret
2291 3046 2377 3100 die
2415 3056 2579 3101 noctu
2600 3062 2686 3113 rue
2733 3047 2785 3101 in
2833 3047 2922 3101 tali
2965 3064 3139 3117 opere
3181 3051 3533 3120 impendenda,
3563 3050 3639 3104 sed

423 3130 555 3184 tuini
585 3132 704 3199 quis
733 3132 922 3184 melior
965 3131 1056 3184 sit.
1097 3131 1220 3196 Quis
1252 3131 1385 3184 enim
1434 3139 1485 3183 te
1529 3129 1810 3183 discernit?
1837 3128 2002 3198 Cujus
2030 3137 2075 3198 ς
2108 3137 2249 3193 unde
2276 3146 2384 3192 tam
2407 3138 2543 3207 ipse,
2575 3154 2733 3208 quam
2765 3139 3014 3209 discipuli
3044 3142 3128 3196 sui
3155 3142 3407 3198 viverent.
3436 3143 3643 3210 Blasphe-

422 3222 679 3276 momenti
717 3221 938 3289 es‘lJlic
961 3236 1259 3276 conversus
1287 3233 1370 3275 est
1415 3222 1481 3275 ad
1525 3221 1741 3276 inﬂatos
1770 3219 1998 3277 scientia

420 3315 704 3368 sermonis.
740 3312 831 3367 Vel
854 3324 1003 3367 certe
1030 3328 1044 3364 :
1072 3313 1201 3379 Quis
1231 3321 1283 3367 te
1318 3312 1576 3366 discernit
1604 3329 1632 3365 a
1667 3326 1840 3367 massa
1868 3326 1995 3381 per-

423 3407 662 3473 ditionis,
693 3408 793 3462 nisi
831 3408 1004 3461 Deus?
1029 3408 1161 3461 Nam
1192 3422 1297 3461 non
1328 3407 1517 3462 merita
1549 3415 1665 3476 tua,
1708 3422 1806 3461 nec
1828 3406 1999 3463 scien-

426 3497 496 3550 tia
528 3506 634 3551 tua.
669 3498 872 3553 Dicitur
902 3498 1102 3552 homini
1134 3509 1387 3568 tanquam
1434 3500 1501 3553 de
1543 3498 1836 3568 semetipso
1864 3514 2002 3569 prte-

423 3587 652 3640 sutnenti
675 3604 688 3639 :
714 3588 841 3654 Quis
867 3588 1008 3641 enim
1031 3599 1081 3641 te
1109 3588 1390 3652 discernit,
1423 3589 1605 3657 utique
1636 3590 1705 3642 ab
1736 3589 1830 3642 ira:
1859 3591 2003 3643 vasis

421 3690 453 3729 a
493 3690 668 3730 massa
699 3677 1037 3746 perditionis,
1067 3691 1186 3746 qua:
1237 3692 1331 3745 per
1360 3692 1522 3731 unum
1552 3692 1739 3733 omnes
1767 3678 1916 3732 misit
1946 3679 2000 3733 in

424 3767 1002 3835 damnationemiQui;
1032 3778 1084 3822 te
1109 3769 1479 3823 discernit?Et
1505 3776 1756 3839 tanquam
1782 3784 2005 3839 respou-

423 3859 608 3924 disset,
639 3858 896 3914 discernit
943 3874 1030 3913 me
1080 3860 1211 3914 lides
1242 3874 1383 3925 mea,
1413 3864 1751 3928 propositum
1800 3876 1999 3929 meum,

423 3955 669 4007 meritum
702 3967 878 4005 meum
910 3969 923 4005 :
955 3952 1089 4017 Quid
1112 3954 1253 4007 enim
1286 3951 1473 4019 habes,
1500 3952 1690 4023 inquit,
1722 3952 1862 4021 quod
1896 3969 2001 4008 non

423 4046 713 4114 accepisti?
739 4047 785 4100 si
822 4057 999 4101 autem
1055 4046 1331 4116 accepisti,
1373 4046 1500 4116 quid
1548 4046 1819 4117 gloriaris,
1852 4048 2004 4118 quasi

423 4151 528 4190 non
558 4137 866 4207 acceperis?
896 4137 995 4190 huc
1020 4147 1124 4202 est,
1152 4137 1304 4207 quasi
1326 4139 1392 4192 de
1418 4148 1506 4192 tuo
1533 4140 1605 4191 sit
1630 4154 1662 4192 ιι
1687 4138 1771 4193 ide
1800 4138 2005 4193 discer-

424 4230 602 4294 neris;
632 4245 760 4299 ergo
801 4230 891 4284 ille
930 4230 1206 4297 discernit,
1239 4233 1326 4299 qui
1360 4232 1502 4287 unde
1528 4232 1859 4287 discet-naris
1904 4233 2005 4286 im-

427 4320 605 4388 pertit,
653 4336 864 4389 prunam
915 4321 1016 4375 deb
1041 4331 1147 4375 tam
1188 4326 1547 4388 removendo,
1608 4334 1664 4379 et
1713 4325 2001 4379 indebitam

423 4412 644 4480 gratiam
680 4412 975 4481 largiendo.
1014 4414 1149 4479 Quid
1187 4425 1356 4468 autem
1384 4416 1536 4470 habes
1566 4420 1704 4484 quod
1734 4434 1836 4472 non
1860 4434 2004 4472 accc-

2106 3245 2325 3298 mamur,
2350 3242 2395 3284 et
2423 3230 2765 3287 obsecramus.
2796 3233 2895 3287 Pro
2927 3234 3029 3299 eis,
3062 3235 3153 3304 qui
3180 3251 3276 3291 nos
3300 3236 3643 3306 blasphemant.

2105 3318 2377 3392 Tanquam
2416 3333 2756 3393 purgamenta
2784 3322 2943 3395 hujus
2982 3327 3173 3379 mundi
3212 3331 3331 3397 [acti
3356 3344 3532 3381 sumus.
3570 3325 3646 3380 Ju-

2105 3419 2222 3467 stus
2264 3412 2569 3467 immundus
2607 3425 2689 3468 est
2734 3415 2873 3483 apud
2916 3415 3113 3471 malos.
3151 3417 3387 3470 Omnium
3412 3418 3648 3486 peripscma

2105 3519 2266 3574 usque
2313 3503 2503 3558 adhuc.
2534 3504 2788 3559 Omnium
2842 3504 3156 3572 humillimi,
3201 3508 3388 3578 alijecti
3416 3552 3429 3575 ,
3486 3516 3533 3562 et
3567 3506 3645 3559 de-

2108 3596 2296 3665 specti,
2329 3597 2595 3666 mappula.
2620 3596 2742 3651 Non
2782 3607 2837 3651 ut
2871 3601 3193 3669 confundam
3224 3616 3329 3667 uos,
3361 3601 3460 3654 hsce
3480 3599 3646 3653 scribo:

2106 3687 2197 3741 sed
2234 3696 2290 3741 ut
2332 3687 2468 3757 ﬁlios
2515 3705 2653 3744 meos
2680 3689 3005 3744 charissimos
3053 3706 3257 3747 moneo.
3289 3692 3520 3747 Poterant
3544 3706 3648 3745 con-

2107 3777 2278 3848 fundi,
2313 3779 2360 3833 si
2406 3780 2527 3835 illos
2558 3796 2663 3836 non
2711 3782 3090 3838 consolaretur
3122 3801 3280 3841 :~non
3329 3787 3389 3840 ad
3419 3783 3644 3839 confusio-

2107 3887 2251 3937 nem,
2283 3873 2378 3927 sed
2418 3873 2483 3927 ad
2516 3874 2813 3942 proiectum
2841 3890 3082 3932 vestrum
3112 3879 3311 3934 scribo.
3343 3878 3469 3932 Nam
3508 3878 3546 3932 si
3579 3878 3648 3930 de.

2106 3980 2213 4018 cem
2252 3962 2421 4019 millia
2447 3966 2846 4038 pwdagogorum
2885 3968 3121 4024 habeatis
3147 3971 3201 4023 in
3221 3968 3434 4043 Christo,
3463 3970 3540 4023 sed
3568 3984 3648 4021 non

2109 4055 2296 4109 multos
2316 4067 2508 4125 patres.
2526 4057 2725 4114 Omnes
2747 4069 3008 4129 quotquot
3025 4062 3141 4130 jam
3169 4064 3306 4118 natis
3334 4071 3647 4133 apponuntur,

2110 4157 2288 4216 patres
2331 4163 2453 4204 esse
2492 4165 2598 4204 non
2643 4164 2888 4219 possunt.
2920 4151 3061 4206 Nam
3100 4158 3154 4209 in
3196 4155 3396 4210 Christo
3432 4153 3543 4207 Jesu
3577 4168 3649 4222 per

2109 4235 2446 4311 Evangelium
2475 4257 2568 4310 ego
2612 4258 2698 4295 vos
2740 4246 2918 4313 genui.
2962 4245 3046 4299 Me
3093 4238 3321 4316 pt’imum
3371 4248 3650 4316 praedicante

2110 4264 2446 4311 nvultgettum
2475 4264 2568 4310 ego
2612 4264 2698 4295 vos
2740 4264 2918 4313 genut.
2962 4264 3046 4299 me
3093 4264 3321 4316 primum
3430 4264 3647 4302 teotcanle

2110 4330 2337 4384 Domino
2366 4331 2695 4387 credidistis.
2720 4332 2869 4403 Rogo
2898 4350 3018 4405 ergo
3048 4352 3159 4402 vos,
3183 4264 3456 4391 ίηιὶιαεοῇ
3479 4337 3561 4389 mei
3584 4350 3647 4386 cs-

2109 4429 2228 4475 tote.
2274 4422 2541 4476 Bonorum
2595 4423 2825 4477 ﬁliorum
2864 4433 2949 4479 est
2989 4429 3039 4479 in
3068 4428 3320 4484 omnibus
3365 4426 3541 4481 imitari
3576 4438 3649 4492 pa-

426 4502 748 4571 pisli7Quid
781 4504 945 4557 habes
974 4517 1037 4556 es
1083 4515 1155 4568 te,
1205 4507 1303 4558 nisi
1350 4506 1485 4561 forte
1514 4509 1830 4576 peccatum?
1870 4510 2003 4564 Nam
2034 4505 2082 4565 D
2113 4513 2458 4579 rentesteo
2487 4517 2603 4569 misi
2627 4519 2696 4569 ad
2718 4532 2803 4570 vos
2836 4517 3281 4589 Timotlteum,qui
3304 4532 3373 4574 est
3400 4522 3649 4587 ﬁliusmcus

424 4596 538 4650 sive
567 4594 807 4658 scientia,
839 4596 954 4648 sive
992 4595 1188 4664 aliquid
1218 4596 1340 4649 bopi
1381 4598 1431 4651 in
1463 4608 1513 4651 te
1542 4608 1644 4663 est,
1678 4599 1875 4653 donum
1909 4600 2005 4654 Dei

422 4694 505 4740 est
535 4701 548 4737 :
580 4686 719 4754 quod
760 4686 805 4738 si
853 4700 916 4739 ex
963 4693 1013 4740 te
1057 4701 1177 4742 esse
1226 4687 1561 4753 credideris,
1616 4690 1824 4744 dicetur
1868 4693 2000 4747 tibi:

421 4774 557 4842 Quid
609 4775 795 4841 habes,
827 4775 966 4843 quod
998 4791 1106 4830 non
1154 4778 1453 4848 accepisti?
1481 4791 1536 4833 et
1581 4781 1761 4835 evenit
1807 4783 1922 4849 tibi,
1958 4785 2003 4839 si

422 4868 514 4921 tibi
554 4866 753 4934 aliquid
799 4868 1049 4932 ascribis,
1082 4877 1136 4923 et
1186 4885 1289 4922 non
1344 4870 1473 4935 Deo,
1522 4871 1651 4926 illud
1702 4873 1935 4943 Evangel
1965 4874 2000 4940 i,

421 4958 654 5024 qnod,de
685 4961 893 5028 ingrato
919 4959 1117 5014 dicitur
1143 4976 1156 5013 :
1187 4961 1284 5027 Qui
1307 4962 1452 5015 enim
1482 4978 1586 5017 non
1607 4963 1787 5030 habet,
1818 4966 1867 5019 id
1895 4975 1999 5033 e~t,

418 5064 447 5101 a
484 5048 621 5113 Deo,
645 5050 804 5103 etiam
836 5052 975 5119 quod
1008 5052 1215 5107 videtur
1258 5053 1480 5118 habere,
1514 5054 1787 5111 auferetur
1814 5058 1881 5113 ab
1912 5074 1997 5113 eo.

423 5141 489 5193 Et
505 5138 627 5192 ideo
648 5138 980 5195 declinemus
996 5144 1320 5212 superbiam,
1341 5155 1393 5200 et
1412 5145 1600 5201 demus
1626 5147 1732 5201 Deo
1752 5149 1999 5218 gloriam,

421 5246 451 5283 a
482 5245 590 5305 quo
627 5237 710 5283 est
736 5244 897 5283 omne
938 5234 1123 5286 datum
1165 5237 1425 5304 Optimum
1457 5253 1473 5289 :
1507 5252 1572 5290 ne
1599 5238 1643 5292 si
1671 5253 1699 5291 a
1733 5239 1887 5292 nobis
1917 5240 2001 5294 vel

422 5323 701 5386 tidem,vel
729 5323 863 5376 bona
892 5338 1051 5391 opera
1083 5340 1200 5381 esse
1230 5329 1519 5394 credimus,
1544 5332 1830 5399 perdamus
1857 5333 1998 5399 quod

423 5413 620 5467 habere
666 5413 927 5466 videmur.
962 5412 1023 5466 Si
1073 5425 1236 5467 autem
1278 5421 1537 5487 accepisti,
1584 5421 1708 5487 quid
1737 5421 1998 5491 gloriaris,

419 5509 562 5574 quasi
592 5523 691 5560 non
720 5506 1012 5575 acceperis?
1032 5508 1191 5572 Quasi
1222 5509 1418 5576 aliquid
1452 5522 1596 5565 tuum
1634 5512 1851 5567 habeas.
1877 5513 1999 5567 Jmn

421 5600 639 5651 saturati
661 5602 798 5658 estis.
812 5601 922 5669 jam
947 5600 1127 5653 divites
1150 5600 1273 5669 facti
1291 5604 1407 5655 estis
1424 5617 1443 5668 ;
1459 5604 1567 5658 sine
1590 5604 1731 5658 nobis
1752 5607 1994 5674 regnetis.

431 5690 677 5744 Doct:ina
713 5692 793 5746 vel
821 5693 1062 5747 scicntia.
1098 5694 1206 5749 lloc
1236 5697 1559 5767 increpantis
1610 5701 1992 5768 pronuntiatur

2105 4607 2434 4661 charissimus
2474 4618 2523 4661 et
2550 4608 2719 4678 ﬁdelis
2754 4611 2806 4663 in
2838 4610 3079 4667 Domino.
3104 4614 3318 4682 Quanto
3347 4613 3535 4668 ﬁdelior
3561 4626 3646 4663 caeo

2072 4716 2085 4721 ί
2110 4700 2259 4767 teris,
2293 4710 2441 4754 tanto
2469 4700 2683 4757 charior
2713 4704 2997 4760 universis.
3020 4705 3120 4771 Qui
3143 4724 3228 4760 vos
3248 4705 3646 4769 commonefaciat.

2109 4791 2209 4857 Qui
2230 4805 2326 4844 vos
2345 4801 2399 4847 et
2420 4794 2552 4847 meis
2568 4793 2780 4861 litteris,
2800 4806 2854 4849 et
2884 4810 2982 4851 suo
3006 4798 3227 4853 doceret
3248 4799 3513 4866 exemplo:
3530 4794 3647 4849 aliud

2109 4882 2250 4935 enim
2279 4882 2395 4937 sine
2416 4883 2523 4938 alio
2554 4900 2657 4938 non
2678 4886 2872 4953 poterit
2900 4900 3022 4942 esse
3046 4888 3360 4957 perlectum.
3384 4888 3495 4941 Vias
3516 4902 3644 4944 nicas.

2109 4990 2225 5040 qua:
2250 4984 2367 5026 sunt
2396 4976 2446 5027 in
2476 4974 2697 5029 Christo.
2727 4976 2937 5042 Vita,et
2964 4991 3177 5031 cursum
3204 4994 3398 5042 meum,
3423 4988 3567 5046 atque
3590 4977 3650 5027 Ι.ι‹

2110 5065 2289 5118 bores.
2326 5063 2474 5119 Sicut
2499 5066 2682 5134 ubique
2720 5067 2773 5119 in
2812 5070 2950 5120 omni
2982 5066 3217 5122 Ecclesia
3247 5071 3419 5123 doceo.
3455 5068 3579 5131 νῆας,
3606 5075 3650 5118 ct

2109 5155 2498 5219 doctrinam,et
2520 5158 2986 5214 conversationem
3018 5160 3213 5228 quibus
3243 5162 3431 5231 ubique
3456 5158 3648 5228 atqnalis

2112 5245 2323 5311 incedo,
2349 5254 2403 5299 et
2429 5260 2457 5299 a
2490 5248 2638 5301 nullo
2669 5249 2959 5319 quidquam
2994 5251 3125 5305 lucri
3158 5253 3238 5306 vel
3262 5254 3513 5306 commodi
3539 5261 3647 5303 tem-

2112 5339 2255 5406 poris
2287 5340 2565 5407 prtesentis
2611 5341 2835 5408 accipio.
2871 5341 3141 5411 Tanquam
3190 5361 3292 5397 non
3318 5353 3535 5397 venturus
3568 5342 3648 5395 sim

2105 5432 2173 5484 ad
2200 5448 2303 5497 vos,
2336 5432 2407 5484 sic
2439 5431 2607 5500 inflati
2653 5442 2770 5486 sunt
2822 5434 3053 5503 quidam.
3089 5436 3297 5489 Tandiu
3350 5435 3548 5489 inﬂatus
3581 5440 3649 5486 e-‘t

2103 5524 2315 5592 aliquis,
2343 5523 2576 5593 quandiu
2618 5539 2722 5579 non
2753 5535 2917 5594 venit,
2949 5529 3038 5595 qui
3079 5542 3258 5580 veram
3301 5528 3453 5581 habet
3495 5526 3647 5579 scien-

2106 5617 2230 5669 tiam
2268 5632 2280 5667 :
2315 5632 2420 5668 non
2455 5616 2598 5669 illam
2642 5632 2762 5685 qua:
2809 5618 3034 5672 stultitia
3065 5627 3148 5671 est
3186 5618 3323 5687 apud
3358 5620 3526 5670 Detnn.
3566 5615 3647 5666 Η-

2102 5708 2240 5762 niam
2268 5717 2437 5761 autem
2487 5707 2583 5762 cito
2627 5708 2695 5761 ad
2721 5724 2807 5763 vos
2827 5750 2843 5774 ,
2876 5710 2918 5765 si
2950 5707 3198 5765 Dominus
3226 5708 3429 5764 calcavit
3454 5722 3473 5763 :
3494 5715 3534 5763 et
3577 5721 3646 5757 co-
