3968 6166
331 242 431 297 517

1122 245 1185 301 IN
1224 243 1605 302 EPISTOLAM
1646 244 1663 300 l
1704 243 1794 298 AD
1832 239 2237 298 CORINTIIIOS
2275 241 2789 298 COMHENTARIA.
3458 249 3553 303 ΗΒ

324 370 566 425 guaseam
593 370 694 408 non
714 370 991 411 sermonem
1014 370 1189 410 eorum
1207 357 1291 423 qui
1320 356 1486 426 inﬂati
1516 364 1652 420 sunt,
1675 354 1764 407 sed
1793 354 1892 406 vir-
1921 355 1968 412 Δ
1996 348 2139 404 dulci
2164 350 2415 405 acerbum
2450 352 2675 405 factum?
2722 351 2839 403 Non
2885 352 3055 421 utique
3081 354 3369 423 fornicariis
3410 354 3563 421 huius

325 456 503 499 tatem.
523 446 779 501 Virtutem
804 445 944 512 lldei,
972 461 1090 516 qua:
1115 447 1166 501 in
1184 446 1434 514 Operibus
1456 446 1647 500 Christi
1674 454 1775 508 est,
1808 442 1894 498 vel

322 535 510 605 signis.
548 535 667 589 Non
695 537 824 590 enim
852 537 905 589 in
950 552 1179 590 sermone
1223 546 1297 589 est
1324 551 1537 603 regnum
1584 533 1697 597 Dei,
1725 533 1813 586 sed
1843 536 1896 586 in

320 627 526 681 virtute.
560 626 763 681 Novum
793 627 1212 685 Te~tamentum.
1247 626 1385 693 Quid
1424 627 1596 679 vultis.
1626 624 1895 695 Benignus

322 717 597 785 magister,
612 716 701 785 qui
724 715 1102 785 discipulorum
1122 715 1509 771 correctionem
1526 716 1576 769 in
1600 728 1783 769 eorum
1803 730 1895 783 po-

322 803 433 859 suit
471 804 766 860 voluntate.
796 805 852 858 Si
879 821 981 861 non
1005 805 1392 870 emendatis,in
1421 806 1595 875 virga;
1620 806 1663 859 si
1689 815 1890 870 autem,

323 893 376 946 in
419 895 806 949 conSOIatione.
835 894 902 948 In
939 896 1080 964 virga
1099 897 1296 948 veniam
1323 896 1391 948 ad
1418 912 1524 961 vos,
1553 913 1621 948 an
1649 896 1701 949 in
1733 897 1894 949 chari-

323 992 447 1048 tate,
472 995 519 1038 et
564 985 748 1054 spiritu
786 985 1222 1038 mansuetudinis?
1263 986 1317 1039 lu
1349 986 1492 1055 virga
1517 986 1739 1054 justitia:
1787 1001 1890 1056 qua

321 1076 472 1143 virga
507 1090 633 1132 usus
672 1085 754 1130 est
783 1076 970 1132 Petrus
1000 1077 1065 1131 ad
1098 1078 1356 1132 Ananiam
1397 1086 1451 1132 et
1490 1077 1794 1146 Saphiram,
1838 1089 1893 1134 et

326 1163 521 1218 Paulus
558 1165 623 1218 ad
653 1166 899 1235 Magum:
928 1167 1192 1236 simulque
1234 1166 1699 1233 considerandum,
1748 1167 1891 1237 quod

321 1254 436 1321 ipsa
465 1256 542 1309 ira
592 1256 643 1310 iu
672 1267 849 1311 nostra
897 1258 964 1311 sit
1010 1258 1178 1326 posita
1228 1254 1523 1325 potestate,
1559 1272 1664 1312 non
1712 1272 1810 1312 nos
1840 1257 1891 1312 in

322 1346 468 1400 illius
486 1363 499 1397 :
516 1356 570 1400 et
597 1354 721 1401 tunc
739 1347 993 1411 exeritur,
1012 1348 1222 1415 quando
1245 1347 1334 1401 Dei
1361 1346 1548 1415 injuria
1570 1348 1887 1402 vindicatur.

394 1434 527 1490 Car.
557 1451 610 1489 v.
642 1435 859 1491 Omnino
884 1437 1095 1491 auditur
1116 1438 1243 1490 inter
1262 1453 1347 1491 vos
1378 1438 1668 1507 fornicatio.
1702 1437 1756 1491 ltt
1787 1438 1889 1491 Ec-

321 1526 487 1582 clesia
516 1528 600 1582 cui
633 1543 725 1583 vos
754 1530 1016 1597 prteestis.
1044 1528 1110 1582 Et
1133 1529 1249 1583 talis
1278 1531 1575 1599 fornicatio,
1605 1532 1772 1599 qualis
1802 1546 1892 1584 nec

322 1616 458 1669 inter
472 1627 663 1683 gentes.
691 1617 931 1672 Ostendit
951 1633 1047 1672 cur
1071 1617 1202 1672 iram
1228 1618 1561 1684 prtemiserit.
1589 1616 1672 1671 Ita
1692 1628 1744 1671 ut
1768 1633 1892 1672 uxo-

1998 440 2176 494 mundi
2193 480 2209 505 ,
2241 450 2327 493 aut
2347 441 2533 504 avaris,
2567 451 2654 493 aut
2682 442 2980 509 rapacibus,
3012 454 3097 496 aut
3126 444 3276 498 idolis
3302 447 3565 498 srrricnti-

1997 531 2105 585 bus.
2140 532 2252 586 Non
2280 532 2515 602 gentium
2566 531 2883 586 lornicariis.
2927 532 3163 598 Alioquin
3194 534 3476 588 debueratis
3507 536 3570 589 de
3624 582 3657 605 ,,

2004 636 2096 677 hoc
2137 623 2327 675 mundo
2376 624 2563 680 exisse.
2610 623 2729 676 Alio
2774 617 2972 694 genere
3005 623 3309 680 debueratis
3356 626 3565 688 exisse.

1997 725 2101 769 non
2133 712 2241 776 sic,
2273 721 2367 766 aut
2394 723 2539 767 certe
2576 712 2624 766 si
2663 713 2773 780 sic,
2806 714 2994 768 melius
3030 713 3182 767 vobis
3213 714 3382 769 fuerat
3410 717 3565 770 mori.

1995 801 2153 856 Nunc
2179 813 2346 857 autem
2372 804 2552 872 scripsi
2578 804 2738 869 vobis,
2770 822 2871 857 non
2900 806 3230 860 commisceri.
3262 807 3370 859 lloc
3395 808 3565 874 ipsum

1994 909 2134 949 nunc
2164 896 2350 964 scripsi
2380 896 2517 964 quod
2568 896 2709 949 dico.
2755 897 2815 951 Si
2846 898 2888 948 is
2924 897 3013 965 qui
3057 899 3214 964 frater
3242 898 3530 949 nominatur
3550 938 3568 964 ,

1992 994 2064 1038 est
2097 985 2422 1053 fornicarius,
2450 997 2536 1040 aut
2554 1002 2765 1050 avarus,
2798 997 2886 1039 aut
2907 986 3057 1040 idolis
3078 988 3292 1041 serviens
3341 996 3429 1041 aut
3455 1006 3565 1042 ma-

1994 1074 2206 1139 ledicus,
2237 1085 2323 1127 aut
2353 1075 2602 1139 ebriosus,
2634 1084 2724 1127 aut
2752 1092 2933 1144 rapax.
2965 1075 3081 1129 Non
3113 1090 3175 1130 ex
3209 1068 3325 1131 solo
3354 1078 3570 1132 nomine

1994 1164 2253 1219 dicendus
2283 1176 2363 1219 est
2391 1166 2575 1228 frater,
2609 1166 2699 1219 sed
2725 1182 2787 1220 ex
2817 1176 2958 1221 actu.
2990 1166 3096 1221 Sed
3119 1168 3161 1220 si
3188 1168 3306 1236 quis
3335 1166 3568 1222 fornica-

1994 1262 2079 1309 tor
2104 1255 2437 1317 nominatur,
2470 1254 2607 1324 quod
2633 1263 2685 1308 et
2715 1256 2767 1308 in
2794 1256 2974 1310 Veteri
2998 1256 3339 1312 Testamento
3364 1256 3568 1312 iuveni-

1994 1355 2117 1400 tur:
2153 1346 2253 1413 Qui
2285 1361 2342 1400 se
2368 1346 2540 1415 jungit
2570 1346 2889 1413 foruicariis,
2920 1363 3146 1417 nequam
3169 1350 3270 1403 erit
3300 1367 3313 1403 :
3340 1349 3565 1417 putredo

1993 1443 2047 1490 et
2089 1450 2298 1491 wrmes
2345 1435 2735 1490 hmreditabunt
2780 1451 2921 1490 eum.
2974 1437 3101 1490 Cum
3140 1439 3435 1510 hujusmodi
3475 1454 3565 1492 nec

1992 1526 2154 1580 cibum
2181 1530 2394 1580 sumere.
2422 1528 2559 1591 Quid
2590 1528 2722 1580 enim
2752 1520 2877 1581 mihi
2900 1526 2963 1579 de
2988 1528 3050 1580 iis
3079 1528 3165 1596 qui
3191 1529 3316 1597 foris
3343 1539 3454 1582 sunt
3475 1531 3567 1598 ju-

1991 1617 2201 1671 dicare?
2230 1617 2415 1671 Nonne
2449 1616 2514 1670 de
2542 1617 2605 1670 iis
2635 1618 2722 1679 qui
2740 1618 2886 1687 intus
2911 1626 3027 1669 sunt
3057 1632 3140 1670 vos
3157 1619 3439 1686 judicatis?
3459 1618 3568 1674 Nec

318 1721 431 1759 rem
462 1707 620 1776 patris
647 1708 731 1761 sui
759 1708 946 1775 aliquis
975 1707 1176 1761 habeat.
1206 1707 1567 1762 Concuhinam
1595 1708 1760 1776 patris
1789 1708 1888 1762 sibi
1925 1713 1964 1771 Β
1993 1707 2150 1761 istum
2179 1720 2512 1771 communem
2542 1721 2697 1775 quem
2723 1707 2984 1769 concessi,
3012 1720 3131 1760 cum
3153 1707 3401 1777 gestibus
3421 1708 3464 1761 si
3489 1708 3567 1763 ire

322 1797 624 1873 sociaverit.
643 1795 707 1849 Et
727 1813 811 1851 vos
829 1798 993 1866 inﬂati
1007 1799 1141 1852 estis.
1163 1796 1329 1852 lnllati
1347 1798 1476 1853 estis
1492 1813 1625 1853 vana
1643 1799 1886 1865 scientia,

319 1886 408 1940 vel
437 1886 681 1954 superbia
701 1926 717 1951 ,
748 1896 800 1942 et
847 1902 951 1941 non
972 1896 1057 1942 est
1094 1889 1244 1942 vobis
1273 1902 1400 1941 cura
1445 1888 1511 1942 de
1542 1889 1622 1942 his
1663 1891 1750 1959 qui
1800 1904 1890 1957 pr-

322 1985 487 2030 reunt
516 2014 531 2038 ,
560 1985 616 2028 ut
640 1977 1055 2041 conveniantur,
1089 1986 1139 2030 et
1169 1986 1260 2031 aut
1289 1978 1620 2047 corrigantur
1644 2020 1658 2042 ,
1687 1987 1776 2032 aut
1806 1993 1890 2033 re-

313 2064 590 2133 jiciantur.
614 2064 676 2117 Et
706 2082 805 2119 non
829 2068 986 2137 magis
1008 2066 1196 2120 luctum
1222 2068 1479 2121 habuistis.
1502 2069 1627 2121 Boni
1653 2078 1891 2135 pastores

319 2170 537 2223 semper
564 2171 662 2225 pro
680 2157 871 2226 populi
923 2160 1151 2226 peccatis
1191 2158 1385 2213 ﬂevere
1407 2200 1421 2223 ,
1453 2159 1591 2213 sicut
1632 2158 1891 2213 Jeremias

320 2245 488 2299 dicit:
514 2245 641 2313 Quis
664 2246 809 2300 dabit
831 2247 990 2316 capiti
1016 2262 1131 2302 meo
1156 2250 1465 2317 aquam,cui
1490 2264 1592 2302 non
1626 2248 1888 2315 voluntas,

320 2336 423 2391 sed
448 2335 694 2407 lacrymte
734 2336 992 2392 defuere?
1024 2337 1091 2392 Ut
1119 2339 1332 2392 tol.'atur
1363 2339 1425 2391 de
1470 2338 1637 2392 medio
1673 2349 1890 2391 vestrum

318 2428 414 2495 qui
434 2429 525 2480 hoc
556 2444 681 2496 opus
708 2427 843 2496 fecit.
878 2428 1004 2483 Sive
1032 2430 1120 2498 qui
1145 2429 1289 2496 fecit,
1325 2429 1442 2483 sive
1478 2429 1703 2484 Satanas
1733 2428 1888 2482 tolla-

321 2527 435 2585 tur,
467 2518 587 2572 dum
626 2535 729 2573 non
765 2519 924 2574 habet
952 2535 1045 2588 per
1076 2535 1231 2588 quem
1278 2520 1508 2587 operari.
1545 2518 1655 2588 Ego
1689 2520 1890 2590 quidem

318 2606 504 2660 absens
530 2624 763 2675 corpore,
815 2624 1036 2677 pra‘sens
1077 2618 1243 2661 autem
1286 2608 1494 2679 spiritu,
1520 2610 1633 2678 jam
1663 2609 1893 2676 judicavi

319 2706 382 2750 ut
413 2713 628 2764 prtesens
656 2715 766 2752 eum
794 2700 882 2763 qui
903 2700 976 2752 sic
1005 2710 1240 2769 operatus
1266 2708 1357 2763 est,
1382 2699 1433 2751 in
1456 2698 1659 2753 nomine
1686 2697 1892 2752 Domini

317 2788 484 2841 nostri
511 2785 632 2841 Iesu
657 2788 880 2856 Christi,
921 2790 1240 2861 congregatis
1280 2789 1437 2844 vobis.
1468 2789 1542 2843 Ne
1592 2799 1795 2844 tan'um
1826 2806 1891 2844 ex

316 2877 505 2931 auditu
529 2877 768 2946 judicare
815 2887 1107 2946 putaretur.
1145 2878 1209 2932 Et
1245 2896 1354 2933 meo
1397 2881 1603 2948 spiritu.
1655 2881 1889 2935 bit-arum

317 2964 615 3019 litterarum
642 2965 861 3034 judicio.
897 2965 1020 3020 Cum
1049 2969 1229 3020 virtute
1263 2967 1471 3022 Domini
1497 2970 1641 3024 Jesu.
1682 2970 1889 3024 Domini

1991 1797 2287 1852 volueritis.
2321 1796 2459 1850 Nam
2488 1813 2570 1851 eos
2596 1799 2681 1867 qui
2711 1797 2835 1866 foris
2855 1806 2971 1851 sunt
3002 1794 3138 1850 Deus
3155 1798 3431 1868 judicabit.
3463 1797 3565 1852 Fo-

1990 1890 2065 1943 ris
2091 1888 2381 1944 Ecclesiam
2407 1897 2531 1944 sunt
2557 1887 2747 1956 Judaei,
2780 1887 3036 1953 hreretici,
3061 1890 3141 1943 vel
3172 1889 3417 1958 gentiles.
3453 1891 3558 1942 Au-

1988 1984 2118 2051 ferte
2143 1982 2333 2036 malum
2362 1997 2425 2035 ea:
2465 1980 2605 2036 vobis
2637 1981 2783 2051 ipsis.
2816 1978 2929 2036 Non
2973 1995 3039 2037 ex
3068 1982 3346 2050 gentibus,
3374 1981 3467 2037 sed
3496 1995 3563 2036 ex

1989 2074 2163 2129 vobis.

2059 2164 2187 2219 CAP.
2222 2180 2294 2219 Vl.
2326 2164 2488 2221 Audet
2510 2165 2694 2235 aliquis
2722 2174 2938 2219 vestrum
2967 2162 3155 2217 habens
3192 2164 3442 2232 negotium
3470 2163 3564 2214 ad-

1988 2272 2157 2310 versus
2186 2257 2420 2312 alterum.
2454 2262 2627 2312 Ausus
2664 2268 2746 2313 est
2783 2257 2975 2326 aliquis
3019 2264 3202 2312 contra
3244 2266 3560 2324 praeceptum

1994 2348 2202 2403 Domini
2233 2349 2413 2403 venire
2441 2350 2669 2404 dicentis
2695 2366 2708 2401 :
2738 2346 2794 2403 Si
2825 2348 2941 2417 quis
2970 2357 3139 2402 tecum
3170 2347 3395 2401 voluerit
3419 2346 3561 2415 judi-

1991 2437 2072 2491 cio
2103 2439 2447 2507 contendere,
2483 2449 2538 2494 et
2569 2439 2799 2493 tunicam
2834 2448 2977 2491 tuam
3006 2438 3226 2502 tollere,
3251 2438 3454 2491 dimitte
3486 2437 3563 2491 illi

1990 2535 2045 2580 e'.
2090 2527 2345 2596 pallium?
2389 2527 2488 2585 llic
2531 2527 2841 2597 intelligitur
2867 2526 3009 2597 quod
3061 2526 3293 2580 maxime
3342 2536 3563 2596 propter

1994 2617 2371 2682 fornicationes
2399 2628 2785 2673 accusarentur
2812 2618 2863 2671 in
2899 2615 3101 2685 judicio
3128 2615 3368 2671 saeculari
3397 2633 3409 2667 :
3439 2618 3561 2685 quia

1991 2704 2117 2759 illud
2149 2705 2234 2760 hic
2261 2706 2312 2759 in
2342 2705 2514 2761 media
2544 2721 2701 2761 causa
2740 2704 3106 2760 fornicationis
3147 2704 3385 2758 immisit.
3416 2702 3563 2757 Judi-

1992 2796 2099 2848 cari
2126 2796 2262 2863 apud
2293 2797 2522 2865 iniquos,
2554 2805 2600 2850 et
2629 2812 2727 2849 non
2756 2796 2897 2865 apud
2917 2798 3156 2849 sanctos?
3183 2796 3279 2849 llic
3311 2796 3562 2864 probatur

1988 2886 2193 2954 judices
2221 2888 2444 2956 gentiles
2475 2887 2657 2951 fuisse,
2685 2888 2823 2956 quod
2854 2887 3019 2958 iniqui
3052 2888 3315 2943 dicuntur.
3350 2889 3429 2942 An
3474 2907 3560 2943 nc-

1990 2977 2129 3053 scitis
2155 2980 2395 3048 quoniam
2425 2979 2588 3032 sancti
2614 2979 2677 3032 de
2705 2979 2895 3032 mundo
2908 2976 3256 3049 judicabant?
3279 2980 3423 3033 Sicut
3445 2978 3563 3034 Sal-

316 3077 529 3133 quoque
556 3079 659 3117 non
690 3064 857 3117 deerit
892 3066 1081 3118 virtus.
1114 3063 1338 3118 Tradere
1362 3066 1650 3135 hujusmodi
1683 3064 1890 3121 Satante
1917 3057 1963 3121 C
1992 3050 2143 3121 valor
2161 3067 2234 3122 ait
2258 3085 2270 3119 :
2297 3067 2560 3123 Sedebitis
2585 3083 2745 3138 super
2765 3066 3043 3123 duodecim
3065 3067 3241 3133 sedes,
3259 3067 3561 3142 judicautes

316 3157 373 3209 in
399 3155 650 3207 interitum
677 3155 861 3208 carnis.
912 3154 981 3208 Ut
1020 3155 1210 3209 habeat
1243 3166 1558 3223 potestatem
1600 3157 1888 3225 accipiendi

316 3244 492 3308 illum,
521 3252 577 3298 ut
605 3246 686 3298 vel
718 3245 794 3298 sic
826 3255 1189 3312 convertatur,
1219 3246 1342 3300 dum
1367 3247 1555 3301 viderit
1591 3262 1648 3301 se
1674 3262 1772 3302 nec
1801 3246 1888 3301 hic

315 3332 532 3397 cumis,
578 3349 677 3388 nec
722 3334 774 3387 in
816 3333 991 3387 futuro
1028 3334 1245 3402 spiritus
1291 3337 1526 3406 requiem
1560 3337 1882 3392 habiturum.

316 3418 624 3475 Cavendum
655 3441 667 3475 :
702 3423 822 3490 quia
852 3424 939 3490 qui
979 3426 1498 3491 excommunicatur,
1532 3427 1743 3482 Satanae
1781 3438 1886 3481 tra-

315 3510 481 3563 ditur.
514 3510 579 3565 Ut
610 3512 815 3578 spiritus
844 3514 1011 3566 salvus
1048 3514 1111 3566 sit
1140 3514 1191 3566 in
1216 3514 1298 3567 die
1330 3513 1534 3566 Domini
1556 3512 1699 3569 Iesu.
1733 3515 1884 3583 Quod

314 3601 363 3654 si
385 3601 433 3653 in
456 3600 695 3666 spiritum
717 3605 943 3661 Satanas
967 3618 1068 3657 non
1097 3605 1362 3673 acceperit
1391 3613 1729 3675 potestatem,
1756 3607 1882 3662 dum

312 3694 575 3762 corrigit,
611 3695 776 3749 solius
825 3696 1026 3750 Domini
1054 3697 1253 3765 judicio
1282 3706 1613 3751 reservatur.
1662 3698 1781 3752 Non
1809 3709 1884 3753 est

312 3785 447 3837 bona
467 3785 702 3856 gloriatio
724 3802 779 3840 ve
808 3797 905 3840 tra.
934 3787 1030 3855 Qui
1055 3788 1210 3841 talem
1244 3788 1293 3841 in
1324 3787 1558 3843 Ecclesia
1586 3790 1875 3843 admittitis.

314 3874 540 3929 Nescit's
567 3876 683 3945 quia
723 3879 973 3931 modicum
1000 3879 1300 3947 fermentum
1331 3890 1484 3933 totam
1514 3897 1727 3934 massam
1759 3898 1884 3935 cor-

307 3967 547 4033 rumpit?
578 3965 872 4037 lguoratis,
927 3969 1046 4039 quia
1090 3970 1244 4023 unius
1291 3970 1413 4023 mali
1455 3971 1701 4040 exemplo
1731 3972 1879 4024 multi

312 4067 538 4125 possunt
575 4060 767 4128 perire,
822 4068 876 4113 et
918 4074 1013 4127 per
1033 4060 1186 4116 unius
1231 4063 1480 4116 delictum
1526 4061 1577 4114 in
1610 4061 1756 4114 omni
1787 4075 1881 4129 po.

309 4148 463 4217 pulo,
498 4150 572 4203 ira
605 4149 697 4204 Dei
741 4151 1048 4217 supervenit
1078 4151 1129 4203 in
1177 4151 1369 4219 papula
1399 4149 1743 4205 Judzeorum?
1774 4147 1884 4203 Ea:-

311 4248 529 4307 purgate
555 4247 705 4345 ne“
716 4240 1041 4308 fermentum,
1067 4249 1121 4292 ut
1156 4241 1264 4294 sitis
1291 4257 1418 4294 nova
1457 4241 1745 4310 conspersio
1768 4282 1783 4307 ,
1812 4243 1883 4295 si-

307 4346 397 4390 cut
442 4337 562 4390 estis
620 4335 806 4406 a'symi.
848 4335 986 4390 Nihil
1033 4336 1085 4391 in
1129 4335 1279 4391 vob’s
1325 4344 1598 4392 remaneat
1646 4336 1881 4404 pristinze

1992 3155 2271 3213 duodecim
2305 3156 2473 3212 tribus
2503 3157 2687 3213 Israel.
2717 3157 2867 3224 Quod
2898 3167 3077 3212 autem
3106 3156 3212 3212 illis
3232 3156 3404 3223 dixit,
3446 3172 3562 3213 om-

1991 3246 2148 3301 nibus
2168 3246 2322 3312 dixit,
2354 3247 2443 3316 qui
2468 3261 2561 3303 eos
2592 3247 2786 3302 fuerint
2808 3247 3020 3302 imitati.
3050 3246 3183 3301 Nam
3205 3246 3273 3301 de
3301 3247 3406 3302 illis
3432 3247 3562 3302 duo-

1991 3335 2162 3390 decim
2192 3351 2330 3392 unus
2361 3338 2552 3411 periit,
2582 3346 2636 3392 et
2666 3339 2803 3392 a'ius
2830 3338 2920 3407 qui
2952 3337 3099 3392 illum
3140 3352 3247 3392 non
3278 3337 3519 3393 audierat
3541 3379 3555 3399 ,

1988 3427 2103 3497 ejus
2144 3430 2259 3485 loco
2289 3431 2584 3484 successit:
2614 3438 2670 3484 et
2717 3429 2910 3484 Paulus
2949 3438 3003 3484 et
3031 3429 3299 3485 Barnabas
3329 3432 3554 3500 apostoli

1987 3517 2221 3576 fuerunt.
2243 3519 2308 3573 Et
2330 3521 2374 3574 si
2394 3521 2448 3574 in
2468 3521 2603 3574 vobis
2608 3521 2929 3591 judicabittsr
2952 3521 3194 3589 mundus,
3219 3522 3418 3592 indigni
3443 3528 3562 3577 estis

1986 3610 2075 3679 qui
2113 3609 2176 3663 de
2222 3610 2446 3663 minimis
2480 3612 2724 3681 judicet‘s
2744 3611 2770 3665 t
2797 3610 2921 3666 Sive
2951 3624 3045 3680 per
3078 3625 3194 3676 vos,
3239 3612 3351 3667 sive
3378 3623 3559 3666 vestro

1985 3698 2252 3768 exemplo.
2284 3698 2505 3753 Nescitis
2525 3700 2762 3769 quoniam
2801 3702 3008 3771 angelos
3033 3701 3413 3770 judicabimus?
3435 3701 3556 3756 Illos

1986 3791 2203 3858 angelos
2223 3790 2311 3858 qui
2342 3800 2528 3843 contra
2570 3799 2809 3844 naturam
2849 3799 3202 3858 peccaverunt
3235 3790 3551 3859 judicabant

1986 3878 2021 3932 ii
2051 3878 2139 3946 qui
2166 3892 2325 3946 supra
2358 3887 2600 3932 naturam
2630 3881 2928 3933 castitatem
2952 3893 3071 3931 cum
3102 3879 3193 3933 Dei
3220 3879 3417 3934 auxilio
3437 3892 3552 3933 ser-

1986 3980 2260 4020 vaverunt.
2291 3967 2494 4031 Quanto
2532 3968 2693 4035 magis
2722 3966 3026 4021 saxularia?
3067 3967 3139 4022 De
3167 3968 3324 4024 rebus
3352 3970 3553 4024 seaculi.

1987 4054 2271 4111 chularia
2299 4057 2453 4125 igitur
2482 4056 2689 4126 judicia
2727 4056 2773 4110 si
2812 4055 3124 4122 habueritis,
3168 4058 3557 4125 contemmibiles

1983 4148 2073 4218 qui
2101 4157 2219 4200 sunt
2249 4149 2302 4200 in
2328 4145 2587 4215 Ecclesia,
2627 4147 2744 4201 illos
2768 4147 3055 4201 constituite
3091 4148 3160 4200 ad
3186 4148 3552 4220 judicandum.

1986 4238 2218 4295 Possunt
2242 4239 2308 4295 de
2338 4238 2418 4294 his
2446 4239 2605 4295 etiam
2652 4240 2724 4294 illi
2766 4239 3037 4310 judicare,
3072 4240 3161 4309 qui
3193 4249 3316 4295 sunt
3352 4242 3554 4295 minimi

1986 4332 2038 4387 in
2070 4331 2306 4387 Ecclesia
2328 4371 2343 4397 ,
2372 4339 2464 4385 aut
2489 4338 2638 4385 certe
2668 4330 2755 4401 qui
2786 4329 3006 4399 injurias
3035 4344 3158 4385 suas
3186 4340 3553 4386 contemnunt.

304 4426 753 4482 Conversationis.
788 4426 991 4481 Etenim
1019 4428 1206 4494 pascha
1236 4436 1460 4481 nostrum
1494 4427 1783 4480 immolatus
1808 4437 1880 4481 est
1912 4418 1961 4478 Ι)
1985 4424 2281 4480 Notandum
2308 4423 2447 4494 quod
2481 4422 2729 4476 minimos
2751 4423 2929 4487 dicat,
2974 4422 3061 4492 qui
3090 4421 3140 4477 in
3173 4423 3264 4478 Dei
3303 4423 3417 4494 lege
3447 4441 3552 4480 non

304 4515 565 4570 Christus.
592 4516 734 4571 Facti
769 4531 862 4586 per
889 4516 1207 4585 baptismum
1231 4518 1506 4584 mundi,de
1531 4518 1710 4572 surculi
1738 4518 1881 4573 vitiis

300 4608 378 4662 ad
407 4608 630 4662 virtutes
661 4608 865 4663 Domini
896 4617 1245 4662 transeamus.
1276 4607 1455 4677 Itaque
1474 4610 1753 4677 epulemur,
1778 4626 1878 4662 non

296 4699 362 4750 in
376 4702 623 4765 fermento
636 4699 809 4765 veteri,
833 4714 991 4765 neque
1008 4698 1059 4751 in
1080 4698 1318 4767 fermento
1342 4699 1603 4752 malitiose:
1624 4701 1876 4767 nequities,

1982 4524 2104 4569 sunt
2127 4513 2391 4580 instructi,
2424 4511 2518 4566 sed
2545 4512 2596 4566 in
2621 4511 2825 4567 steculi.
2854 4512 2934 4564 Ad
2962 4513 3309 4566 verecundiam
3340 4525 3555 4570 vestram

1982 4604 2118 4658 dico.
2150 4602 2302 4670 Quod
2344 4601 2582 4656 dicturus
2610 4616 2751 4666 sum,
2779 4610 2835 4655 ut
2864 4601 3180 4657 trubescant
3209 4605 3295 4672 qui
3333 4614 3456 4659 sunt
3478 4616 3555 4659 ta-

1982 4694 2081 4747 les.
2116 4692 2205 4747 Sic
2231 4707 2332 4745 non
2353 4701 2427 4745 est
2454 4695 2585 4743 inter
2626 4706 2713 4744 vos
2754 4691 2957 4758 sapiens
2977 4692 3238 4761 quisquam
3272 4694 3360 4761 qui
3396 4697 3551 4761 possit

296 4786 399 4841 sed
429 4786 481 4839 in
506 4788 695 4857 azymis
720 4787 1023 4841 sinceritatis
1059 4796 1106 4841 et
1141 4787 1390 4840 veritatis.
1424 4788 1622 4855 Scripsi
1648 4787 1785 4841 vobis
1825 4790 1878 4841 in
1970 4780 2212 4852 judicare
2254 4780 2383 4834 ίητετ
2422 4782 2629 4848 fratrem
2674 4781 2859 4833 mut"?
2892 4780 3135 4850 Nunquid
3165 4797 3268 4835 ηοη
3299 4783 3417 4835 εδιῖ
3446 4784 3549 4837 Sed

294 4877 564 4945 epistola,
592 4895 655 4932 ne
692 4878 1115 4932 commisceamini
1136 4878 1444 4945 fornicariis.
1475 4878 1506 4913 ⁸
1530 4877 1642 4932 Non
1672 4891 1836 4947 agnus
1856 4918 1872 4943 ,

294 4971 399 5038 qui
441 4978 553 5022 erat
580 4968 742 5038 figura
764 4967 996 5035 Christi,
1026 4977 1080 5020 et
1108 4967 1182 5021 illi
1225 4966 1437 5036 quidem
1463 4975 1665 5035 septem
1689 4967 1874 5021 diebus

293 5068 501 5128 azyma
531 5058 903 5122 comedebant,
936 5071 1035 5111 nos
1061 5071 1290 5125 semper,
1317 5059 1361 5111 si
1382 5057 1652 5126 simplices
1672 5073 1874 5122 sumus,

293 5150 437 5216 quia
463 5157 517 5202 et
542 5156 741 5213 septem
771 5147 957 5202 diebus
985 5147 1213 5201 mundus
1238 5156 1320 5202 est
1356 5146 1525 5202 factus
1558 5165 1571 5199 :
1595 5149 1625 5183 ⁸
1644 5149 1877 5217 quotidie

298 5237 471 5292 nobis
496 5252 664 5308 agnus
697 5236 958 5291 occiditur
986 5254 1000 5290 :
1033 5236 1270 5306 quotidie
1312 5240 1508 5305 pascha
1536 5236 1834 5291 celebratur
1862 5257 1873 5290 :

288 5331 396 5399 qui
432 5328 748 5383 fermentum
775 5328 987 5382 malitias
1014 5338 1066 5381 et
1087 5327 1332 5396 nequitize
1353 5343 1459 5381 non
1487 5327 1663 5383 habet.
1691 5327 1802 5381 Non
1827 5329 1880 5384 in

292 5421 592 5474 saturitate
618 5419 843 5484 ventris,
873 5433 990 5487 qua:
1016 5416 1079 5470 ad
1107 5417 1267 5471 Deum
1296 5434 1403 5470 non
1430 5418 1672 5485 pertinet,
1705 5418 1797 5472 sed
1829 5421 1878 5472 in

289 5510 653 5580 simplicitate
690 5510 883 5565 mentis
934 5518 985 5563 ct
1022 5509 1198 5561 cordis
1246 5511 1492 5575 puritate.
1546 5507 1879 5563 Fermentum

285 5605 452 5659 enim
484 5602 611 5672 quid
657 5613 769 5666 est,
812 5601 908 5655 nisi
954 5599 1220 5668 corruptio
1250 5609 1453 5654 natura:
1480 5640 1494 5664 ,
1544 5600 1768 5671 idipsum
1814 5601 1881 5657 de

1983 4874 2140 4942 frater
2175 4888 2293 4926 cum
2319 4873 2475 4940 fratre
2492 4871 2691 4943 judicio
2718 4872 2992 4936 contendit,
3016 4871 3177 4925 ethoc
3201 4874 3340 4942 apud
3369 4875 3552 4941 inlide-

1983 4967 2075 5019 les.
2117 4964 2395 5033 Duplicant
2438 4972 2709 5033 peccatum
2752 4972 2806 5017 et
2840 4961 2979 5031 quod
3018 4961 3263 5031 litigant,
3310 4973 3365 5018 et
3408 4967 3550 5035 quod

1983 5057 2121 5126 apud
2149 5056 2390 5110 inﬁdeles
2432 5056 2653 5123 litigant.
2685 5052 2807 5105 Jam
2845 5052 3047 5121 quidem
3077 5055 3280 5108 omnino
3310 5055 3549 5112 delictum
3644 5070 3665 5093 ⁸

1982 5158 2054 5203 est
2085 5148 2136 5200 in
2163 5146 2319 5209 vobis,
2351 5147 2484 5215 quod
2494 5146 2695 5215 judicia
2732 5144 2924 5198 habetis
2966 5144 3096 5197 inter
3138 5160 3244 5199 vos.
3279 5146 3510 5202 Primum
3532 5190 3548 5214 ,

1982 5238 2101 5309 quia
2133 5246 2450 5305 prscceptum
2482 5234 2677 5289 Christi
2716 5236 3086 5299 contemnitis,
3115 5235 3222 5304 jam
3274 5246 3548 5306 peccatum

1985 5328 2207 5385 habetis.
2247 5330 2415 5396 Quare
2444 5344 2543 5382 non
2583 5328 2740 5398 magis
2788 5329 3038 5399 injuriam
3084 5330 3352 5395 accipitis?
3384 5331 3548 5396 Quare

1985 5440 2083 5476 non
2114 5422 2272 5491 magis
2301 5420 2532 5490 fraudem
2562 5422 2834 5490 patimini?
2860 5421 2967 5475 Illis
2997 5422 3247 5491 loquitur,
3278 5424 3365 5490 qui
3392 5422 3549 5475 facio-

1986 5519 2131 5579 bant,
2164 5533 2266 5572 non
2297 5517 2385 5587 qui
2419 5516 2752 5588 patiebantur
2783 5535 2798 5573 :
2828 5519 3105 5573 Sustinere
3128 5517 3332 5573 debetis
3358 5520 3401 5573 si
3433 5525 3550 5590 quis
3636 5538 3647 5548 '

1986 5606 2138 5661 vobis
2169 5607 2353 5662 fecerit
2400 5608 2669 5678 injuriam.
2723 5607 2827 5664 Sed
2868 5623 2952 5661 vos
2995 5604 3239 5679 injuriam
3284 5611 3452 5679 facitis
3501 5625 3550 5667 et

368 5720 401 5754 ν
439 5716 725 5774 lusanabili
752 5715 875 5769 vitio
904 5714 1104 5769 laborat
1134 5715 1277 5767 locus
1306 5710 1445 5767 inter
1467 5712 1599 5770 duos
1626 5719 1908 5777 asteriscos
1939 5718 2192 5778 inclusus.
2226 5718 2377 5774 Ευιτ.
