3968 6166
413 320 529 377 519'

1516 310 1809 369 I‘RIMASH
1846 309 2292 366 ADRUMETANI
2332 310 2546 366 EPISC.

3547 313 3651 371 520

412 430 689 503 fraudatis,
725 436 771 485 et
801 428 893 484 hoc
920 428 1182 501 fratribus.
1218 427 1295 482 An
1324 428 1527 483 nescitis
1564 428 1685 497 quia
1711 426 1875 495 iniqui
1908 439 1989 477 re-
2014 424 2063 483 Α
2091 423 2169 478 sic
2197 422 2492 492 graviorem
2522 421 2651 477 dicit
2674 423 2795 477 esse
2825 420 3260 488 fornicationem,
3287 439 3448 494 quam
3472 427 3572 480 scit
3595 431 3657 486 tu

414 538 572 591 gnum
603 520 696 575 Dei
733 538 834 575 non
863 520 1223 589 possidebunt?
1265 510 1471 586 Quibus
1514 532 1615 573 nec
1659 517 1830 571 vicem
1860 516 1985 571 licet

416 611 638 667 reddere
663 612 909 665 inimicis.
941 610 1118 665 Nolite
1134 625 1324 677 errare,
1347 626 1509 681 neque
1524 609 1808 679 ferniearii,
1826 623 1985 678 neque

415 700 565 755 idolis
607 702 901 767 servientes,
934 716 1093 771 neque
1115 700 1363 764 adulteri,
1401 714 1560 766 neque
1586 697 1795 762 molles,
1826 712 1986 767 neque

415 792 756 847 masculorum
769 794 1131 858 concubitores,
1145 807 1303 861 neque
1316 792 1472 860 fures,
1487 805 1646 860 neque
1659 791 1799 843 avari
1805 804 1986 857 ,neque

415 884 614 950 ebriosi,
643 900 800 953 neque
820 881 1075 948 maledici,
1103 898 1257 951 neque
1280 896 1489 953 rapaces
1509 895 1719 949 regnum
1742 878 1834 932 Dei
1863 894 1984 948 pos-

415 948 670 1028 sidebunt.
690 948 861 1028 Nolite
880 972 1081 1039 seduci,
1105 948 1557 1026 existimantes‘de
1568 948 1775 1032 multis,
1794 978 1848 1022 et
1873 981 1980 1021 non

417 1054 577 1120 etiam
604 1064 671 1119 de
712 1080 815 1120 uno
845 1073 1061 1134 peccato
1091 1063 1436 1132 puniendum.
1466 1058 1538 1113 Et
1573 1060 1679 1112 hac
1705 1057 1982 1125 aliquando

416 1159 619 1227 quidem
649 1158 834 1227 fuistis.
867 1157 1044 1212 Nolite
1082 1156 1269 1210 timere
1309 1154 1379 1209 de
1413 1152 1695 1221 praeteritis
1729 1169 1743 1205 :
1778 1159 1979 1204 tantum

420 1260 486 1297 ne
514 1251 631 1313 post
661 1245 978 1313 baptismum
1006 1244 1352 1299 criminosum
1385 1241 1582 1309 aliquid
1611 1239 1974 1295 cominittatis.

418 1334 525 1389 Sed
558 1335 716 1387 abluti
745 1336 894 1400 estis,
937 1335 1026 1387 sed
1069 1332 1370 1400 sancti/irati
1396 1333 1517 1385 estis
1538 1374 1553 1397 ,
1601 1331 1688 1385 sed
1707 1329 1983 1400 justiﬁcati

412 1425 531 1478 estis
571 1425 625 1478 in
666 1426 867 1478 nomine
908 1424 1117 1478 Domini
1151 1423 1276 1477 Jesu
1323 1420 1514 1476 Christi
1550 1432 1599 1477 et
1629 1422 1831 1492 Spiritu
1884 1419 1983 1474 Dei

410 1516 594 1568 nostri.
643 1515 822 1569 Abluti
850 1513 902 1568 in
932 1516 1147 1568 nomine
1177 1512 1382 1568 Domini
1420 1512 1546 1568 Jesu
1573 1510 1803 1577 Christi,
1850 1524 1978 1565 san-

410 1605 631 1659 ctilicati
654 1619 748 1673 per
765 1605 1020 1671 Spiritum
1051 1611 1313 1658 sanctum.
1346 1602 1443 1658 Hic
1469 1611 1633 1656 totam
1660 1601 1975 1657 Trinitatem

416 1695 669 1765 intellige.
704 1694 889 1747 Omnia
910 1693 1033 1747 mihi
1061 1693 1230 1761 licent,
1257 1693 1344 1748 sed
1365 1708 1467 1747 non
1490 1692 1659 1747 omnia
1680 1693 1975 1762 expediunt.

2086 513 2192 568 illis
2221 527 2377 580 esse,
2409 527 2529 581 quae
2563 514 2700 582 apud
2746 513 2866 566 illos
2909 512 3041 569 levis
3086 514 3365 569 videbatur
3387 557 3403 581 ,
3445 517 3567 583 quia
3595 518 3652 573 in

2084 604 2520 659 consuetudinem
2563 604 2716 659 ierat.
2767 604 2849 657 An
2894 606 3097 659 nescitis
3141 608 3381 674 quoniam
3424 606 3656 661 membra

2084 705 2246 750 uestra
2273 696 2513 765 templum
2539 707 2653 750 sunt
2687 695 2914 765 Spiritus
2951 697 3116 751 sancti
3151 697 3240 767 qui
3281 698 3335 750 in
3364 698 3504 751 vobis
3540 698 3658 752 est?

2083 800 2232 854 quem
2257 786 2449 839 habetis
2492 802 2524 838 a
2559 784 2703 853 Deo,
2739 795 2785 838 et
2826 802 2926 839 non
2955 788 3077 840 estis
3101 786 3268 841 uestri.
3314 785 3485 858 Empti
3514 789 3655 841 enim

2081 876 2201 928 estis
2237 878 2395 944 pretio
2424 893 2625 947 magno.
2657 877 2754 942 Qui
2785 893 2889 932 non
2913 888 2997 933 est
3022 894 3149 934 suus
3170 922 3183 942 ,
3214 894 3319 934 non
3350 880 3516 935 debet
3555 878 3661 933 sibi

2082 965 2280 1029 vivere,
2308 966 2402 1021 sed
2440 968 2512 1021 illi
2546 968 2696 1035 cujus
2725 976 2808 1022 est
2838 971 3108 1037 sanguine
3154 981 3517 1038 comparatus.
3554 971 3659 1036 Qui

2081 1056 2213 1124 vult,
2246 1055 2435 1125 inquit,
2468 1066 2588 1125 post
2608 1073 2693 1112 me
2714 1060 2914 1123 venire,
2941 1058 3168 1129 abneget
3194 1074 3254 1113 se
3273 1059 3393 1115 sibi.
3415 1058 3469 1115 Si
3494 1060 3665 1113 homo

2081 1160 2112 1199 a
2133 1159 2290 1201 servo
2310 1161 2470 1216 parva
2487 1149 2705 1219 pecunia
2725 1159 3032 1217 comparato
3051 1150 3356 1204 continuum
3378 1151 3663 1203 servitium

2080 1238 2295 1306 quierit,
2326 1250 2527 1307 quanto
2573 1240 2744 1309 magis
2788 1240 2907 1306 ille,
2940 1240 3028 1309 qui
3062 1240 3178 1309 plus
3206 1255 3304 1307 pro
3331 1241 3484 1295 nobis
3509 1241 3661 1309 quod

2080 1326 2233 1383 daret
2261 1343 2366 1383 non
2398 1328 2610 1395 habuit,
2642 1344 2801 1398 quam
2837 1332 3220 1401 semetipsum?
3244 1330 3566 1401 σιω-ἕρσαι.
3600 1332 3655 1385 Id

2079 1420 2241 1488 agite,
2274 1429 2332 1474 ut
2363 1420 2689 1489 gloriﬁcetur
2710 1436 2806 1489 per
2831 1436 2927 1475 vos
2956 1421 3119 1487 Deus,
3150 1431 3205 1475 et
3233 1436 3327 1489 per
3351 1436 3519 1489 opera
3561 1435 3659 1476 ve-

2079 1518 2211 1563 stra.
2238 1508 2305 1562 Et
2326 1520 2523 1576 portate
2546 1509 2823 1564 Dominum
2851 1513 2902 1563 in
2927 1526 3138 1579 corpore
3159 1521 3340 1565 vestro.
3371 1511 3439 1566 Ut
3461 1520 3651 1579 porte-

2081 1613 2201 1655 mns
2230 1600 2510 1670 imaginem
2533 1603 2830 1657 cmlestem.
2860 1601 3179 1664 Notandum,
3206 1603 3345 1671 quod
3369 1603 3458 1657 hic
3480 1603 3659 1658 Deum

2080 1704 2239 1760 quem
2263 1700 2477 1760 portare
2495 1691 2767 1760 jubemur,
2798 1691 3055 1761 Spiritum
3084 1701 3326 1747 sanctum
3354 1693 3489 1747 dicit
3520 1709 3537 1746 :
3566 1707 3663 1745 cu-

414 1788 545 1853 Quia
570 1788 636 1841 de
660 1786 1009 1841 fornicatione
1049 1795 1265 1851 tractat,
1306 1786 1419 1841 vult
1445 1785 1722 1839 materiam
1750 1783 1978 1838 fornica-
2009 1780 2054 1841 B
2077 1781 2166 1855 jus
2197 1782 2444 1849 superius
2487 1781 2723 1836 membra
2770 1789 2950 1839 nostra
2989 1783 3242 1848 templum
3267 1795 3383 1836 esse
3422 1790 3662 1837 testatus

412 1874 572 1929 tionis
592 1875 893 1930 ostendere.
916 1875 1099 1929 Omnia
1116 1877 1240 1929 mihi
1266 1877 1439 1939 licent,
1457 1875 1544 1930 sed
1566 1890 1657 1943 ego
1676 1875 1767 1927 sub
1786 1865 1979 1928 nullius

412 1965 614 2033 redigar
643 1974 908 2033 potestate.
963 1966 1111 2021 Licet
1146 1967 1298 2020 nobis
1326 1965 1646 2019 manducare
1681 1972 1734 2018 et
1761 1964 2006 2029 bibere;

413 2058 507 2111 sed
547 2057 595 2110 si
636 2058 1022 2126 subjecerimus
1065 2073 1165 2113 nos
1209 2058 1624 2121 comessationi,
1666 2058 1767 2113 hoc
1805 2058 1976 2125 ipsum

413 2146 618 2200 licitum
652 2148 906 2217 perducet
944 2163 1042 2203 nos
1068 2149 1135 2202 ad
1167 2149 1408 2204 illicitum
1431 2189 1446 2215 ,
1481 2150 1582 2202 hoc
1605 2158 1723 2213 est,
1754 2149 1820 2204 ad
1866 2149 1978 2203 for-

412 2239 750 2294 nicationem.
781 2238 870 2295 Sic
896 2248 950 2294 et
975 2240 1042 2295 de
1067 2240 1265 2310 nuptiis
1285 2280 1300 2306 ,
1323 2249 1376 2295 et
1403 2240 1471 2295 de
1501 2240 1721 2306 divitiis,
1746 2248 1798 2293 et
1819 2250 1980 2295 caete-

412 2328 487 2382 ris
513 2328 813 2397 ltttjttSttlodi
834 2329 993 2384 rebus
1017 2340 1191 2400 potest
1238 2330 1500 2402 intelligi,
1551 2346 1670 2399 quas
1718 2346 1823 2385 non
1854 2339 1979 2387 sunt

413 2430 718 2490 peccatum,
751 2422 843 2476 sed
867 2422 933 2476 ad
960 2422 1294 2478 occasionem
1321 2430 1542 2491 possunt
1563 2422 1856 2491 perducere
1884 2422 1979 2476 de-

413 2513 678 2567 lictorum.
718 2510 848 2566 Esca
875 2514 1063 2578 ventri,
1091 2521 1137 2566 et
1160 2521 1326 2566 venter
1364 2512 1487 2566 escis
1511 2526 1531 2564 :
1560 2509 1699 2566 Deus
1733 2518 1903 2565 autem
1927 2520 1975 2565 et

415 2605 567 2667 hunc,
596 2611 643 2655 et
672 2602 778 2656 hth
807 2604 1051 2658 destruet.
1085 2603 1151 2656 Et
1194 2602 1308 2657 haec
1343 2603 1481 2672 duo,
1515 2603 1567 2657 id
1598 2610 1709 2667 est,
1756 2613 1810 2658 et
1847 2618 1977 2658 veno

415 2703 582 2759 trem,
626 2702 679 2748 et
707 2707 913 2760 escam,
942 2704 995 2749 et
1030 2694 1202 2761 ipsum
1233 2694 1530 2761 hominem,
1562 2695 1650 2764 qui
1673 2694 1726 2749 in
1757 2694 1839 2750 his
1872 2704 1975 2750 est.

413 2782 607 2852 Corpus
624 2793 785 2836 autem
808 2799 907 2836 non
930 2784 1274 2853 fornicationi,
1294 2786 1382 2837 sed
1402 2784 1644 2852 Domino,
1660 2794 1704 2838 et
1729 2784 1977 2840 Dominus

412 2874 632 2944 corpori.
678 2873 816 2928 Deus
845 2873 1116 2928 vobiscum
1147 2882 1230 2928 est
1255 2918 1269 2942 ,
1311 2876 1544 2944 quandiu
1574 2891 1666 2930 vos
1696 2876 1825 2931 estis
1853 2890 1974 2931 cum

414 2966 541 3020 illo:
570 2964 613 3019 si
653 2973 828 3019 autem
869 2964 1256 3034 dereliqueritis
1301 2980 1422 3020 eum
1444 3005 1460 3032 ,
1492 2965 1823 3035 derelinquet
1857 2982 1972 3022 vos.

414 3056 552 3111 Deus
579 3072 693 3110 vero
722 3066 770 3110 et
801 3054 1075 3109 Dominum
1100 3057 1375 3122 suscitavit,
1403 3067 1447 3110 et
1475 3073 1565 3112 nos
1598 3059 1858 3111 suscitabit
1888 3075 1979 3127 per

2082 1880 2186 1935 εει,
2217 1871 2442 1927 dicens:
2474 1872 2577 1927 Vos
2618 1874 2751 1927 estis
2792 1873 3043 1941 templum
3075 1872 3268 1939 Dei,'et
3288 1873 3523 1942 Spiritus
3563 1872 3661 1927 Dei

2083 1960 2287 2015 habitat
2315 1962 2368 2016 in
2395 1962 2566 2017 vobis.
2597 1962 2662 2016 Et
2690 1978 2849 2027 nunc,
2879 1963 3200 2030 Clotilicate,
3225 1964 3412 2033 inquit,
3443 1973 3499 2018 et
3522 1978 3660 2033 por-

2082 2058 2191 2105 tate
2217 2051 2381 2106 Deum
2416 2052 2467 2106 in
2498 2066 2724 2122 corpore
2749 2060 2949 2121 vestro,
2979 2053 3161 2124 utique
3199 2054 3361 2109 Deum
3388 2053 3661 2124 Spiritum

2081 2153 2346 2195 sanctum.

2152 2259 2280 2315 CAP.
2307 2276 2399 2314 tm.
2429 2260 2503 2314 De
2533 2260 2712 2332 quibus
2736 2271 2906 2317 autem
2938 2263 3230 2332 scripsistis.
3281 2263 3660 2333 Interrogatus

2080 2349 2371 2418 respondet
2400 2367 2413 2405 :
2442 2350 2642 2405 Bonum
2674 2361 2745 2405 est
2778 2352 2967 2406 homini
3006 2354 3266 2406 mulierem
3291 2369 3390 2406 non
3422 2364 3663 2423 tangere.

2080 2439 2287 2496 Bonum
2317 2450 2432 2495 erat
2458 2441 2606 2505 illud,
2631 2441 2774 2511 quod
2802 2443 3057 2506 Optimum
3089 2442 3364 2512 praedicavi
3397 2458 3411 2495 :
3443 2443 3490 2496 si
3528 2458 3665 2513 ergo

2078 2531 2277 2587 bonum
2308 2530 2520 2586 babenti
2562 2547 2666 2586 non
2711 2541 2963 2601 tangere,
3010 2541 3206 2602 quanto
3251 2535 3418 2601 magis
3449 2533 3495 2587 si
3548 2550 3661 2586 non

2080 2619 2294 2675 duxerit
2319 2621 2509 2676 melius
2533 2622 2547 2675 l
2581 2622 2960 2677 incontinentis
2989 2630 3045 2678 et
3072 2633 3309 2691 tempore
3330 2631 3383 2675 et
3414 2632 3591 2678 ειεωέ
3612 2632 3668 2677 et

2082 2710 2393 2767 inﬁrmitate
2437 2711 2753 2781 prohibetur
2783 2730 2796 2765 :
2830 2713 3051 2768 castitas
3092 2724 3268 2768 autem
3297 2728 3517 2782 semper
3571 2729 3670 2782 po—

2082 2812 2223 2869 test,
2256 2803 2367 2859 Deo
2416 2803 2660 2873 adjutore
2701 2815 2753 2859 et
2788 2796 3045 2872 Custode,
3090 2806 3308 2860 servari.
3358 2806 3492 2860 lllud
3531 2821 3671 2877 ergo

2079 2893 2252 2962 magis
2276 2893 2613 2960 quaerendum
2637 2902 2718 2949 est
2737 2894 2875 2963 quod
2895 2903 3152 2949 aeternum
3180 2905 3278 2948 est.
3303 2894 3481 2961 Quare
3504 2910 3670 2965 ergo,

2080 2980 2318 3038 Crescite
2344 2990 2399 3036 et
2433 2982 2856 3051 multiplicamini
2888 2993 2942 3038 et
2990 2985 3193 3051 replete
3228 2993 3421 3039 terram
3451 2986 3475 3039 ?
3520 3002 3675 3041 nunc

2082 3083 2260 3130 autem
2288 3075 2448 3131 etiam
2481 3075 2592 3143 ipsa
2623 3084 2761 3129 terra
2788 3078 2897 3143 jam
2936 3091 3040 3131 non
3080 3078 3221 3145 capit
3249 3076 3517 3132 homines.
3563 3078 3673 3135 Sed

413 3147 736 3203 uirtutem.Si
763 3147 1035 3238 suscitavit
1052 3147 1351 3238 Dominum,
1372 3156 1426 3202 et
1449 3162 1766 3217 nosquoque
1790 3148 1978 3206 eadem
2007 3135 2053 3199 C
2087 3168 2288 3235 ρθιυει,
2323 3135 2531 3235 inquit"
2564 3182 2752 3221 omnes
2778 3135 2845 3221 de
2885 3175 3022 3222 terra
3078 3135 3290 3224 mare,
3320 3172 3492 3238 pomi,
3518 3212 3539 3237 ,
3578 3173 3673 3227 sed

415 3238 610 3291 virtute
631 3237 927 3291 suscitabit.
960 3235 1015 3291 Si
1038 3237 1152 3305 ejus
1175 3237 1406 3290 membra
1430 3252 1633 3303 sumus,
1656 3253 1782 3308 ergo
1819 3237 1979 3293 debe-

415 3341 535 3380 mus
564 3327 801 3381 membra
844 3335 1026 3381 nostra
1054 3326 1419 3393 sanctilicare,
1466 3335 1524 3381 ut
1564 3326 1617 3381 in
1657 3342 1721 3383 eo
1765 3343 1981 3385 manere

415 3432 734 3472 mereamur.
768 3415 989 3470 Nescitis
1016 3417 1256 3485 quoniam
1296 3432 1512 3486 corpora
1550 3428 1714 3471 vestra
1759 3419 1981 3473 membra

419 3511 608 3566 Clu-isti
630 3512 784 3565 sunt?
807 3510 992 3566 Omnis
1018 3509 1259 3566 Ecclesia
1284 3524 1479 3578 corpus
1507 3507 1706 3564 Christi
1727 3518 1808 3565 est
1829 3525 1844 3574 ;
1870 3511 1980 3566 sin-

414 3608 520 3677 guli
551 3618 724 3664 autem
751 3608 1006 3664 membra.
1039 3608 1242 3663 Tollens
1268 3624 1388 3680 ergo
1414 3608 1633 3662 membra
1663 3607 1871 3673 Christi,
1899 3610 1981 3676 fa-

414 3701 543 3754 ciam
568 3700 785 3753 membra
813 3700 1123 3754 meretricis?
1142 3700 1305 3756 Absit.
1330 3700 1443 3761 Non
1467 3700 1599 3755 dixit
1619 3700 1977 3764 fornicatoris,

414 3790 507 3843 sed
537 3789 829 3844 meretricis
857 3799 947 3842 :ut
974 3789 1282 3845 ostenderet
1305 3804 1426 3844 eum
1459 3789 1699 3856 ejusdem
1731 3803 1849 3844 esse
1870 3789 1979 3843 cri-

416 3880 577 3935 minis
624 3890 678 3935 et
708 3881 961 3945 nominis,
985 3880 1137 3950 cujus
1177 3881 1426 3936 meretrix
1474 3895 1593 3935 eum
1625 3896 1723 3952 qua
1754 3878 1982 3935 fornica-

415 3984 500 4027 tur
522 3991 534 4025 :
556 3973 676 4043 quia
706 3973 1208 4027 hominibus-minus
1239 3972 1445 4027 videtur
1482 3985 1701 4043 peccare
1719 3972 1800 4025 vir
1823 3985 1979 4041 quam

416 4065 630 4119 mulier.
668 4064 835 4119 Simul
877 4064 1167 4118 notandum
1193 4104 1207 4128 ,
1239 4064 1360 4133 quia
1400 4073 1524 4117 ante
1566 4062 1703 4116 tollit
1740 4061 1980 4116 membra

416 4156 637 4220 Christi,
662 4158 757 4229 qui
789 4154 1026 4209 facturus
1052 4165 1133 4211 est
1153 4155 1448 4210 meretricis
1479 4172 1492 4208 :
1524 4155 1578 4209 in
1599 4168 1664 4209 eo
1694 4154 1982 4209 fornicator

418 4247 638 4316 majoris
662 4254 743 4300 est
772 4246 1006 4300 criminis
1030 4286 1045 4312 ,
1075 4245 1198 4314 quia
1227 4245 1364 4300 tollit
1394 4245 1630 4300 membra
1660 4242 1891 4313 Christi,
1930 4252 1983 4298 et

418 4338 543 4392 facit
562 4351 627 4391 ea
656 4335 891 4389 membra
932 4334 1249 4389 meretricis.
1284 4334 1364 4388 Αη
1400 4335 1602 4389 nescitis
1630 4336 1866 4404 quoniam
1894 4335 1983 4404 qui

418 4426 639 4479 adheret
666 4425 938 4495 meretrici,
969 4440 1125 4477 unum
1151 4440 1332 4494 corpus
1361 4425 1618 4494 efficitur?
1656 4425 1817 4477 Erunt
1850 4427 1983 4479 enim

2082 3257 2254 3312 noluit
2285 3273 2299 3312 :
2332 3258 2504 3326 potuit
2523 3258 2664 3312 enim
2697 3269 2750 3312 et
2777 3260 3023 3327 pinnatos
3049 3271 3100 3315 et
3128 3271 3379 3316 cornutos
3412 3262 3677 3318 homines

2081 3347 2280 3402 facere.
2323 3347 2426 3401 Sed
2456 3348 2632 3402 omnia
2672 3349 2960 3404 secundum
3011 3350 3275 3405 rationem
3322 3334 3425 3405 sibi
3477 3364 3675 3408 notam

2081 3439 2285 3508 optime
2326 3438 2469 3495 fecit.
2505 3440 2678 3508 ipsam
2727 3440 2956 3511 denique
2998 3442 3159 3497 Evam
3209 3445 3377 3497 noluit
3407 3444 3477 3499 de
3518 3428 3678 3501 ἤδη

2081 3529 2290 3597 facere,
2321 3530 2416 3584 sed
2446 3530 2513 3586 de
2542 3540 2712 3586 costa.
2755 3530 2812 3585 Si
2856 3539 3031 3586 autem
3070 3542 3220 3602 putas
3252 3532 3407 3587 modo
3456 3534 3511 3589 id
3550 3551 3679 3590 esse

2082 3621 2141 3677 in
2186 3621 2462 3688 omnibus,
2497 3622 2704 3677 imitare
2747 3621 2874 3677 Cain
2916 3632 2971 3677 et
3010 3634 3231 3678 czeteros
3270 3625 3360 3693 qui
3417 3626 3680 3694 proprias

2083 3727 2301 3767 sorores
2329 3711 2551 3766 duxere.
2584 3712 2640 3765 Si
2688 3726 2814 3782 ergo
2846 3713 2948 3768 hoc
2984 3712 3063 3768 sic
3085 3722 3238 3782 erat,
3268 3714 3449 3769 omnia
3494 3714 3675 3771 Deum

2082 3805 2375 3860 secundum
2422 3804 2809 3874 praescientiam
2856 3820 2957 3873 qua
3008 3805 3149 3862 Deus
3200 3817 3281 3861 est
3330 3811 3679 3877 temporibus

2085 3897 2363 3951 ordinasse
2392 3896 2695 3951 credamus.
2736 3897 2868 3952 Illud
2901 3897 3057 3951 etiam
3088 3898 3409 3952 credendum
3437 3942 3453 3966 ,
3502 3900 3559 3953 si
3592 3902 3677 3955 vel

2086 3986 2247 4041 modo
2267 3986 2555 4042 secundum
2583 3988 2752 4057 legem
2770 3988 2971 4042 nubant
2988 4003 3094 4043 non
3120 4004 3367 4059 peccare;
3398 3992 3485 4044 lex
3520 3993 3675 4046 enim

2086 4088 2304 4149 propter
2325 4078 2465 4133 ﬁlios
2487 4079 2687 4135 nubere
2712 4081 2991 4149 permittit,
3007 4098 3111 4135 non
3131 4093 3345 4150 prapter
3368 4082 3674 4138 luxuriam.

2086 4170 2144 4224 ln
2170 4169 2272 4225 hoc
2296 4186 2355 4225 se
2378 4170 2537 4225 etiam
2568 4172 2886 4226 animalibus
2915 4171 3208 4227 deteriores
3240 4172 3441 4227 faciunt
3483 4174 3675 4229 homi-

2088 4274 2206 4326 nes,
2235 4262 2378 4330 quod
2409 4276 2529 4316 cum
2562 4277 2658 4317 nec
2690 4264 2973 4332 praegnatis
3001 4273 3255 4332 parcunt,
3287 4267 3592 4320 ostendunt
3618 4283 3679 4322 se

2088 4349 2337 4405 homines
2367 4364 2563 4405 uxores
2587 4367 2691 4406 non
2714 4362 2929 4422 pr0pter
2961 4352 3097 4407 ﬁlios
3117 4332 3403 4422 θεωρία.
3435 4354 3544 4422 Qui
3579 4372 3681 4409 au.

2092 4450 2201 4495 tem
2230 4441 2341 4495 sola
2381 4440 2609 4495 ﬁliorum
2640 4455 2800 4496 causa
2824 4482 2840 4509 ,
2887 4453 3163 4511 postquam
3215 4443 3423 4512 peperit
3472 4445 3680 4498 mulier

420 4517 523 4569 duo
556 4518 607 4567 in
637 4530 791 4567 carne
819 4531 940 4567 una.
975 4514 1252 4581 Quomodo
1291 4530 1411 4569 cum
1444 4530 1607 4570 uxore
1636 4514 1803 4582 licite,
1832 4516 1911 4570 sic
1933 4525 1984 4569 et
2013 4504 2063 4565 ι)
2088 4532 2325 4588 abstinet
2358 4547 2450 4599 se,
2482 4541 2535 4587 ει
2567 4533 2690 4588 dum
2722 4533 2947 4588 13cm“,
2989 4533 3198 4599 infans,
3227 4543 3280 4589 ει
3311 4549 3404 4604 ρει.
3449 4544 3677 4590 male,“

422 4620 541 4660 cum
572 4606 850 4659 meretrice
886 4620 989 4658 una
1019 4619 1143 4659 caro
1164 4606 1395 4661 efficitur
1426 4622 1518 4676 per
1556 4619 1792 4661 amorem
1812 4607 1981 4661 illici-

421 4708 556 4751 tum.
610 4695 710 4762 Qui
751 4703 915 4747 autem
944 4696 1170 4749 adhwret
1211 4694 1451 4764 Domino,
1499 4714 1627 4750 unus
1656 4698 1864 4768 spiritus
1888 4705 1980 4751 est.

425 4792 704 4861 Quomodo
732 4795 818 4862 qui
853 4793 1031 4847 carnis
1059 4806 1216 4861 Opera
1241 4791 1364 4846 facit
1399 4806 1521 4846 caro
1548 4799 1669 4857 est,
1711 4792 1781 4846 ita
1812 4802 1866 4847 et
1894 4794 1979 4863 qui

424 4884 512 4938 Dei
540 4898 699 4952 Opera
729 4883 872 4952 facit,
902 4898 1039 4938 unus
1083 4883 1300 4952 spiritus
1336 4892 1440 4938 est.
1481 4881 1666 4954 Fugite
1692 4886 1987 4949 fornicatio-

420 4991 550 5028 nem.
579 4974 825 5031 Vidéntes
850 4990 1005 5045 quam
1026 4974 1199 5045 gravis
1230 4974 1315 5029 sit.
1348 4973 1506 5029 Omne
1527 4986 1801 5045 peccatum,
1825 4978 1986 5046 quod-

420 5082 615 5133 cunque
638 5066 811 5134 fecerit
834 5068 1003 5135 homo,
1028 5075 1174 5121 extra
1199 5083 1385 5135 corpus
1407 5077 1499 5122 est.
1516 5067 1684 5120 Omne
1713 5077 1983 5135 peccatum

425 5157 491 5209 ab
519 5171 623 5208 uno
654 5166 819 5225 potest
850 5157 987 5225 ﬁeri,
1018 5160 1104 5227 qui
1136 5173 1329 5229 corpus
1357 5159 1460 5212 dici
1499 5173 1601 5212 non
1644 5168 1851 5227 potest,
1890 5156 1984 5214 sed

425 5245 725 5299 membrum
757 5265 769 5299 :
804 5248 853 5298 in
907 5249 1253 5304 fornicatione
1286 5261 1462 5303 autem
1502 5249 1607 5303 duo
1651 5257 1903 5318 pereunt,
1936 5259 1988 5303 et

424 5336 529 5389 duo
561 5346 778 5405 possunt
818 5335 921 5389 dici
955 5353 1186 5405 corpus:
1214 5342 1432 5407 gravius
1461 5356 1588 5407 ergo
1620 5350 1702 5394 est
1750 5339 1835 5393 ubi
1882 5340 1989 5393 duo

425 5441 684 5500 pereunt,
721 5444 885 5505 quain
922 5430 1011 5484 ubi
1041 5446 1173 5484 unus
1202 5450 1215 5485 :
1248 5432 1369 5500 quia
1401 5431 1601 5500 reliqua
1630 5441 1841 5500 peccata
1867 5446 1991 5500 pos-

424 5532 630 5576 suntet
660 5520 777 5575 sine
818 5534 1044 5587 corpore
1097 5522 1231 5574 ﬁeri.
1278 5522 1375 5585 Qui
1410 5532 1576 5575 autem
1618 5526 1898 5589 fornicatur
1936 5523 1989 5575 in

424 5626 608 5681 corpus
627 5628 776 5663 suum
810 5620 1001 5676 peccat.
1033 5608 1257 5677 Quidam
1282 5612 1347 5664 de
1367 5625 1587 5679 corpore
1620 5613 1872 5666 Ecclesia:
1900 5626 1995 5679 pu-

432 5711 544 5753 tant
574 5703 774 5753 dictum
808 5718 820 5752 :
854 5702 947 5755 sed
980 5704 1030 5754 in
1073 5714 1267 5770 corpus
1293 5715 1448 5754 suum
1500 5712 1708 5768 peccat.
1738 5704 1809 5755 ait
1839 5718 1851 5753 :
1883 5703 1994 5757 sive

2089 4624 2229 4680 forte
2254 4626 2363 4695 jam
2394 4633 2547 4694 partu
2577 4638 2840 4692 cessante,
2873 4635 3108 4679 cessatur
3136 4634 3190 4680 et
3232 4625 3300 4679 ab
3342 4626 3507 4695 Opere
3538 4643 3681 4695 nup-

2093 4714 2201 4769 tiali
2232 4734 2245 4769 :
2276 4730 2381 4769 non
2410 4724 2659 4783 tangere,
2688 4716 2979 4770 secundum
3012 4731 3193 4777 usum,
3223 4726 3330 4769 non
3368 4718 3677 4770 secundum

2093 4815 2289 4861 tactum
2321 4806 2638 4874 simplicem.
2664 4805 2885 4876 PrOpter
2907 4807 3292 4878 fornicationem
3314 4814 3486 4859 autem
3509 4823 3681 4859 unus-

2092 4898 2301 4965 quisque
2325 4913 2468 4950 suam
2489 4912 2695 4950 uxorem
2716 4897 2916 4963 habeat,
2939 4906 2984 4950 et
3007 4913 3317 4967 unaqutrque
3337 4914 3487 4950 suum
3502 4898 3677 4951 virum

2093 4987 2294 5041 habeat.
2320 4986 2479 5041 Uxori
2493 4988 2563 5040 vir
2584 4986 2805 5040 debitum
2819 4988 2995 5041 reddat
3011 4989 3271 5042 :similitcr
3292 4997 3464 5041 autem
3479 4999 3524 5039 et
3539 5004 3679 5041 uxor

2094 5078 2217 5129 uiro.
2244 5075 2676 5130 Fornicatoribus
2706 5077 2973 5130 concessit
3002 5087 3057 5131 ut
3079 5077 3297 5142 nubant,
3329 5078 3673 5132 incontinens

2094 5180 2160 5219 ne
2182 5163 2473 5218 fornicatur
2503 5181 2516 5217 :
2544 5165 2683 5220 sicut
2702 5165 2745 5218 si
2778 5165 2907 5219 dicit
2927 5164 3163 5220 medicus
3193 5167 3402 5220 inﬁrmo
3424 5184 3437 5219 :
3461 5167 3673 5219 Bonum

2095 5254 2185 5309 tibi
2218 5265 2334 5308 erat
2367 5270 2474 5310 non
2506 5255 2831 5309 manducare
2859 5270 3011 5325 poma
3039 5276 3051 5308 :
3083 5265 3136 5310 et
3166 5257 3255 5311 ille
3279 5272 3382 5310 non
3412 5273 3470 5311 se
3495 5257 3672 5326 possi‘

2091 5345 2385 5410 continere,
2409 5354 2467 5399 ut
2495 5346 2624 5399 velit
2650 5347 2974 5398 manducare
3003 5345 3137 5401 ﬁcus
3161 5363 3175 5398 :
3205 5356 3388 5416 postea
3428 5346 3673 5400 medier

2093 5434 2345 5488 concedat
2378 5435 2450 5487 illi
2487 5435 2617 5488 dura
2645 5450 2796 5489 οωιιει
2814 5426 2844 5469 ⁸
2870 5434 3171 5497 tantumne
3193 5437 3491 5501 manducet,
3522 5436 3674 5489 unde

2095 5528 2372 5579 moriatur.
2404 5525 2553 5581 Unde
2578 5527 2913 5595 praedicanda
2939 5536 3021 5584 est
3048 5528 3304 5597 perfectio
3334 5547 3346 5580 :
3379 5527 3463 5596 qui
3486 5537 3674 5579 autem

2097 5631 2201 5670 non
2234 5625 2438 5685 potest,
2467 5617 2698 5671 dandum
2737 5618 3030 5672 remedium
3075 5620 3331 5687 nuptiale.
3375 5618 3560 5672 Mulier
3588 5636 3674 5671 sui

2099 5709 2325 5775 corporis
2355 5716 2651 5777 potestatem
2689 5724 2790 5761 non
2827 5708 3005 5775 habet,
3043 5710 3130 5763 sed
3160 5710 3252 5766 uir.
3301 5710 3429 5777 Qui:
3475 5720 3674 5778 sponte

500 5810 529 5841 ⁸
560 5810 863 5877 Lugendum
892 5813 1240 5883 probabiliter
1268 5815 1535 5882 duracina,
1563 5832 1593 5869 a
1626 5817 1946 5889 duracinum,
1977 5824 2117 5894 quod
2141 5831 2223 5879 est
2251 5822 2453 5880 Gallice
2485 5823 2769 5894 bigarreau.
2807 5824 2954 5881 Εωτ.
