3968 6166
253 302 333 357 Sil
999 292 1062 350 IN
1110 295 1495 353 EPISTOLMI
1534 297 1556 351 I
1598 297 1687 352 AD
1726 294 2130 353 CORINTIIIOS
2168 292 2682 352 COMMENTARIA.
3379 282 3481 346 523

250 412 334 466 sibi
375 405 586 463 abstulit
633 403 954 460 libertatem.
1007 405 1253 459 Similiter
1292 416 1462 460 autem
1495 415 1542 461 et
1589 407 1665 460 vir
1712 407 1795 461 sui
1824 413 1867 466 Λ
1896 406 2129 472 crﬁant,
2147 414 2331 459 etcum
2352 404 2655 461 viderintex
2672 401 2898 457 ehriosis
2914 402 3216 467 sobrias,”
3232 409 3473 472 superbis

251 500 447 571 corporis
478 504 771 567 potestatem
804 511 907 547 non
944 495 1113 559 habet,
1146 497 1236 549 sed
1262 497 1461 549 mulier.
1495 497 1801 565 Agnchant

253 591 334 644 viri
360 604 455 642 non
484 586 589 641 sibi
616 586 780 640 licere
808 585 966 639 aliam
1005 596 1198 653 praeter
1227 602 1447 641 uxorem
1470 600 1799 655 agnoscere,

250 683 357 751 quia
379 679 561 748 :equali
587 687 734 733 sorte
761 676 866 729 sibi
911 677 1136 729 invicem
1168 686 1293 730 sunt
1317 676 1515 731 subditi
1556 684 1612 729 et
1652 675 1801 729 debi-

253 782 395 825 tores.
430 766 600 820 Nolite
634 764 878 835 fraudare
918 764 1156 829 invicem,
1201 765 1298 817 nisi
1326 765 1536 833 forteea:
1560 778 1805 817 consensu

249 861 310 912 ad
329 871 535 927 tempus,
568 864 623 909 ut
652 856 834 909 vacetis
865 842 1091 907 orationi
1115 867 1134 906 :
1155 862 1200 906 et
1224 854 1404 906 iterum
1426 853 1730 906 revertimini
1753 853 1806 905 in

246 952 475 1018 idipsum.
508 948 621 1000 Non
659 952 832 1013 potest
864 957 1057 998 vacare
1083 943 1313 996 orationi
1346 942 1437 1012 qui
1468 940 1809 995 incontinens

252 1050 341 1095 est.
361 1041 465 1094 Non
488 1038 660 1093 solum
679 1046 852 1090 autem
874 1033 1199 1090 continentia
1227 1032 1281 1087 in
1303 1033 1450 1087 Novo
1467 1030 1809 1087 Testamento

250 1131 514 1186 laudabilis
538 1136 652 1193 est,
684 1125 779 1181 sed
814 1135 866 1180 et
903 1125 955 1179 iu
989 1124 1168 1179 Veteri
1193 1112 1558 1187 Testamento,
1588 1121 1812 1176 descen-

249 1236 397 1275 surus
428 1220 565 1273 Deus
612 1218 665 1271 in
693 1227 926 1271 montem
969 1215 1152 1280 Sinai,
1192 1214 1510 1269 sanctiﬁcari
1537 1214 1690 1283 jubet
1718 1228 1813 1282 po-

250 1311 418 1378 pulum
445 1323 474 1362 a
498 1306 810 1361 mulieribus
829 1304 1039 1373 triduo;
1061 1313 1263 1379 quanto
1286 1305 1445 1375 igitur
1462 1305 1628 1373 magis
1649 1304 1814 1358 Deum

251 1402 425 1455 videre
450 1400 640 1467 poterit
670 1398 759 1467 qui
802 1411 1016 1466 semper
1056 1409 1238 1451 castus
1277 1412 1400 1453 esse
1434 1397 1697 1452 voluerit?
1726 1397 1814 1452 Si-

248 1490 442 1545 militer
470 1498 522 1542 et
544 1488 795 1542 sacerdos
838 1487 1003 1541 David
1032 1486 1572 1556 probibuit'sanctum
1620 1500 1812 1553 panem

246 1594 515 1651 quousque
554 1580 784 1635 mundus
808 1595 837 1634 a
868 1579 1188 1635 mulieribus
1211 1593 1330 1634 esse
1352 1587 1699 1649 cognosceret
1727 1596 1740 1633 :
1765 1586 1819 1633 et

250 1674 435 1725 Petrus
462 1671 611 1738 jubet
641 1670 801 1724 etiam
833 1684 862 1723 a
891 1670 1049 1725 licitis
1083 1679 1403 1739 temperare.
1445 1669 1527 1724 Ne
1553 1676 1706 1723 tentet
1736 1684 1820 1724 cos

1904 497 2349 562 humiles,dicant
2369 514 2380 549 :
2402 497 2536 551 Vere
2564 494 2646 549 lex
2676 494 2766 548 Dei
2798 501 2898 557 est,
2924 506 3043 560 quae
3069 494 3149 547 sic
3163 496 3329 561 potuit
3355 512 3475 551 mtt-
3530 480 3537 485 δ

1903 595 2018 642 tare
2045 602 2222 642 mores
2261 587 2499 641 inclitos.
2540 583 2717 640 Credo
2750 582 2859 651 jam
2894 593 3210 651 provenerat
3236 594 3295 639 ut
3337 602 3476 642 non-

1905 677 2067 731 nullae
2098 676 2308 733 femina:
2351 691 2447 744 per
2475 676 2620 731 viros
2669 672 2888 738 ﬁdeles,
2920 679 2975 727 et
3018 671 3119 726 viri
3150 687 3241 741 per
3284 689 3479 731 uxores

1904 766 2093 822 ﬁdeles
2118 761 2170 821 in
2202 765 2307 821 ﬁde
2353 765 2635 821 venirent:
2667 774 2716 819 et
2745 761 2990 832 quamvis
3033 775 3138 817 non
3172 762 3355 818 dicens
3384 779 3482 818 no-

1905 858 2071 921 mina,
2104 855 2369 926 exemplis
2393 864 2480 911 est
2501 863 2679 909 tamen
2709 852 2955 907 hortatus
2972 853 3038 907 ad
3059 852 3481 908 conﬁrmandum

1907 944 2189 1000 consilium
2238 959 2416 1000 suum.
2460 943 2528 999 Et
2566 943 2886 1012 sanctiﬁcata
2926 950 3001 996 est
3040 943 3223 997 mulier
3261 944 3485 1012 inﬁdelis

1911 1050 2001 1104 per
2019 1034 2181 1088 virum
2203 1033 2426 1103 ﬁdelem.
2453 1033 2695 1102 Alioquin
2724 1032 2821 1101 lilii
2842 1033 2991 1086 vestri
3015 1034 3268 1087 immundi
3295 1043 3481 1099 essent,

1912 1140 2048 1180 nunc
2095 1133 2262 1179 autem
2307 1124 2472 1179 sancti
2515 1132 2654 1179 sunt.
2686 1122 2745 1179 Si
2790 1123 2949 1178 ambo
2999 1124 3239 1180 inﬁdeles
3268 1127 3483 1192 essetis,

1914 1215 2221 1273 necessario
2251 1215 2346 1270 ﬁlii
2366 1230 2462 1270 vos
2489 1214 2864 1280 imitarentur:
2894 1230 3032 1270 nunc
3057 1225 3232 1271 autem
3264 1216 3487 1273 lorsi‘an

1917 1307 2127 1363 ﬁdelem
2167 1308 2476 1373 imitantur,
2512 1316 2566 1363 et
2612 1307 2785 1371 sancti
2827 1317 2989 1361 sunt:
3025 1309 3145 1377 quia
3183 1310 3390 1364 etiamsi
3419 1312 3487 1366 de

1917 1399 2126 1453 duobus
2158 1398 2401 1453 ﬁdelibus
2431 1406 2719 1453 nascantur
2742 1440 2757 1464 ,
2788 1397 2867 1451 sic
2895 1406 3200 1464 nascantur,
3232 1407 3484 1466 tanquam

1918 1492 1965 1546 si
1993 1490 2226 1547 oleaster
2248 1506 2314 1546 ex
2340 1490 2498 1545 oliva.
2523 1488 2960 1545 Oleasuumdico
2991 1497 3208 1559 propter
3232 1491 3491 1560 originale

1921 1591 2197 1651 peccatum
2217 1621 2233 1647 ,
2261 1588 2319 1637 et
2340 1576 2558 1650 propter
2587 1580 2690 1657 hoc
2713 1586 2840 1634 sunt
2862 1578 2962 1633 sub
2990 1578 3235 1644 diabolo,
3269 1580 3368 1633 nisi
3407 1594 3493 1634 re-

1921 1679 2213 1728 nascantur
2256 1672 2310 1726 in
2357 1670 2572 1726 Christo
2600 1686 2613 1721 :
2641 1669 2765 1740 quia
2801 1668 3044 1723 diabolus
3090 1669 3263 1736 culpa:
3308 1680 3494 1723 auctor

248 1762 465 1815 Satanas
495 1770 700 1828 propter
726 1759 1143 1813 incontinentiam
1167 1769 1399 1813 vestram.
1428 1758 1504 1815 Ne
1520 1774 1625 1812 uno
1651 1772 1711 1813 se
1735 1771 1819 1812 re-
1849 1773 1897 1833 Β
1920 1774 2025 1831 est,
2050 1779 2155 1817 non
2179 1771 2402 1817 naturae.
2429 1760 2547 1815 Jam
2569 1758 2729 1815 credo
2764 1759 2903 1827 quod
2929 1768 3079 1815 erant
3111 1760 3313 1827 parvuli
3341 1757 3496 1814 Chri-

250 1853 511 1914 trahente,
540 1851 674 1904 alius
705 1851 1018 1912 fornicatur,
1052 1860 1107 1905 et
1136 1851 1359 1905 Satanas
1380 1852 1552 1905 locum
1583 1849 1822 1904 tentandi

252 1943 501 1996 inveniat.
542 1940 648 1993 Hoc
675 1951 842 2014 autem
868 1941 981 1993 dico
1003 1942 1278 1994 secundum
1307 1940 1706 2010 indulgentiam,
1721 1955 1821 1992 non

254 2034 521 2086 secundum
550 2032 838 2102 imperium.
881 2030 1018 2084 Volo
1055 2042 1223 2085 autem
1259 2046 1428 2085 omnes
1453 2030 1679 2083 homines
1720 2045 1828 2084 esse

255 2126 375 2177 sicut
404 2126 677 2195 meipsum.
721 2124 835 2179 Hoc
867 2123 1094 2178 inﬁrmis
1121 2123 1369 2191 indulgeo
1390 2163 1405 2188 ,
1438 2137 1543 2178 non
1574 2122 1827 2192 perlectis

258 2215 504 2283 principio
530 2254 546 2276 ,
579 2216 667 2281 qui
693 2227 882 2269 omnes
914 2214 1158 2271 homines
1187 2213 1346 2268 velim
1375 2228 1460 2268 me
1499 2214 1551 2267 in
1580 2213 1827 2268 omnibus

260 2306 471 2369 imitari,
501 2305 593 2373 qui
617 2305 730 2358 scio
756 2316 1012 2375 quantum
1036 2304 1205 2374 possit
1232 2305 1451 2360 castitas
1472 2305 1609 2374 apud
1640 2305 1824 2359 Deum.

261 2395 358 2450 Sed
381 2396 721 2464 unusquisque
748 2400 1013 2467 preprtum
1055 2396 1202 2450 habet
1228 2396 1421 2449 donum
1447 2413 1511 2450 ea;
1536 2396 1671 2462 Deo,
1696 2396 1829 2449 alius

257 2486 452 2553 quidem
478 2487 583 2553 sic,
631 2485 767 2539 alius
812 2501 929 2540 vero
973 2488 1068 2541 sic.
1119 2485 1399 2555 Pruprium
1446 2485 1677 2549 donum,
1707 2489 1830 2554 quia

262 2576 398 2631 Deus
438 2576 688 2632 dividens
717 2576 937 2647 singulis
968 2586 1124 2647 prout
1169 2578 1318 2645 vult,
1347 2578 1470 2648 quia
1517 2592 1615 2633 nec
1641 2592 1832 2633 omnes

261 2669 473 2735 capiunt
505 2668 726 2722 verbum
780 2668 902 2724 hoc.
934 2667 1198 2725 Caeterum
1246 2671 1291 2725 si
1343 2684 1530 2725 omnes
1574 2678 1831 2740 possunt,

263 2758 521 2826 quomodo
559 2759 684 2815 dicit
734 2760 1007 2830 Scriptura
1035 2799 1053 2827 ,
1106 2761 1247 2831 quod
1292 2777 1454 2819 nemo
1500 2775 1618 2817 esse
1664 2762 1836 2831 possit

262 2851 560 2914 continens,
588 2850 689 2903 nisi
719 2857 772 2902 tu
799 2849 1045 2905 dederis’
1072 2850 1279 2906 Donum
1303 2866 1367 2907 ex
1392 2851 1525 2919 Deo,
1554 2851 1691 2905 alius
1719 2851 1836 2919 qui-

263 2939 380 2991 dem
409 2937 489 2992 sic
508 2979 526 3002 ,
558 2939 694 2993 alius
722 2954 853 2994 vero
891 2940 991 2993 sic.
1022 2940 1190 2996 Audis
1217 2940 1414 2996 donum
1443 2980 1458 3006 ,
1486 2950 1662 2996 ccssct
1693 2955 1836 3009 prae-

264 3031 515 3099 sumptio.
552 3031 676 3085 Dico
698 3042 868 3085 autem
889 3049 990 3086 non
1020 3035 1193 3103 nuptis
1212 3075 1228 3099 ,
1259 3042 1306 3087 et
1342 3035 1529 3088 viduis.
1555 3033 1745 3104 incipit
1768 3033 1837 3089 de

1925 1853 2104 1922 stiani,
2128 1852 2221 1922 qui
2246 1853 2360 1908 sive
2377 1860 2597 1907 auctore
2616 1866 2722 1906 uno
2750 1866 2815 1907 ex
2847 1850 3175 1920 parentibus,
3202 1852 3318 1906 sive
3346 1866 3496 1906 lter-

1925 1960 2030 2013 que
2049 1945 2424 1999 consentiente
2450 1942 2773 1998 sanctiﬁcati
2803 1950 2959 1997 erant
2989 1959 3000 1994 :
3026 1942 3167 2012 quod
3191 1958 3301 1997 non
3321 1943 3494 2011 ﬁeret,

1926 2035 1969 2088 si
1991 2047 2100 2089 uno
2120 2033 2375 2089 credente
2403 2018 2783 2088 dissociaretur
2801 2029 3127 2100 coniugium.
3164 2031 3313 2097 Quod
3342 2035 3386 2087 si
3413 2037 3499 2087 in-

1928 2124 2097 2191 ﬁdelis
2130 2123 2378 2191 discedit,
2415 2122 2664 2176 discedat.
2696 2121 2810 2177 Non
2853 2129 2938 2176 est
2962 2122 3105 2175 enim
3137 2122 3308 2191 major
3346 2125 3501 2177 mari-
3574 2192 3575 2195 η

1930 2221 2015 2268 tus
2088 2226 2246 2279 quam
2270 2211 2434 2267 Deus.
2465 2210 2587 2265 Non
2610 2219 2683 2265 est
2709 2211 2842 2265 enim
2862 2211 3088 2264 servituti
3116 2212 3373 2283 subjectus
3392 2214 3501 2282 fra-

1930 2314 2029 2371 ter,
2071 2315 2161 2359 aut
2184 2319 2349 2361 soror.
2379 2302 2623 2374 Nunquid
2648 2303 2727 2358 sic
2765 2303 2885 2368 quis
2907 2303 3108 2369 nubet,
3134 2316 3192 2359 ut
3215 2310 3420 2361 serviat
3448 2317 3504 2363 et

1932 2405 2116 2467 pereat
2142 2404 2361 2466 propter
2378 2396 2604 2451 alterum
2627 2392 2933 2449 inﬁdelem?
2953 2395 3017 2449 Et
3040 2396 3349 2462 notandum,
3376 2397 3500 2467 quia

1929 2488 2159 2543 invicem
2184 2488 2331 2544 servi
2357 2494 2503 2541 sunt.
2534 2486 2601 2539 In
2628 2486 2897 2555 ejusmodi.
2934 2484 2988 2541 In
3013 2487 3277 2555 ejusmodi
3299 2504 3379 2553 re,
3409 2500 3504 2546 aut

1930 2593 2110 2634 causa.
2148 2576 2215 2633 In
2239 2593 2362 2649 pace
2394 2588 2562 2632 autem
2588 2579 2780 2631 vocavit
2816 2594 2909 2631 nos
2938 2577 3090 2633 Deus.
3124 2578 3180 2632 In
3212 2580 3455 2636 libertate
3486 2599 3501 2635 :

1935 2684 2040 2725 non
2070 2677 2198 2738 ergo
2223 2668 2484 2725 debemus
2514 2681 2613 2722 nos
2632 2667 2772 2721 ultro
2790 2668 3016 2722 discere.
3047 2666 3193 2723 Unde
3221 2672 3355 2724 sitim
3381 2673 3503 2736 scis,

1934 2760 2136 2817 mulier.
2152 2761 2195 2814 si
2217 2761 2377 2812 uirum
2392 2760 2585 2813 salvum
2609 2758 2797 2829 facies?
2818 2760 2917 2813 Aut
2936 2759 3069 2813 unde
3081 2760 3201 2825 scis,
3216 2761 3310 2827 vir,
3329 2763 3371 2815 si
3389 2779 3474 2817 mu
3488 2793 3505 2805 -

1934 2852 2106 2906 lierem
2120 2849 2314 2905 salvam
2331 2852 2522 2920 facies?
2547 2849 2665 2905 Nisi
2686 2850 2956 2920 unicuique
2979 2851 3109 2904 sicut
3132 2852 3301 2905 divisit
3325 2851 3507 2907 Domi-

1937 2957 2030 2996 nus
2052 2956 2071 2995 :
2095 2956 2498 3011 unumquemque
2539 2941 2669 2995 sicut
2712 2943 2905 2994 voravit
2944 2939 3103 2995 Deus.
3140 2942 3195 2996 ln
3222 2944 3384 2999 dubio
3413 2962 3508 3013 po-

1938 3032 2044 3087 suit
2086 3046 2103 3086 :
2150 3031 2246 3086 sed
2300 3045 2551 3100 semper,
2612 3030 2658 3085 si
2710 3030 2836 3101 quid
2896 3031 3201 3102 ambiguum
3259 3044 3379 3099 est,
3455 3037 3510 3091 in

266 3120 347 3174 his
373 3122 463 3191 qui
494 3137 688 3178 uxores
724 3122 828 3178 non
859 3124 1076 3190 habent,
1123 3135 1178 3180 et
1202 3126 1268 3179 de
1308 3125 1502 3181 viduis.
1535 3125 1734 3181 Bonum
1762 3137 1835 3182 est
1864 3122 1911 3186 C
1942 3124 2147 3180 meliori
2200 3131 2349 3193 parte
2387 3123 2694 3178 intellectus
2734 3123 3009 3178 ducendus
3048 3133 3149 3178 est.
3205 3122 3288 3179 Ita
3325 3134 3373 3179 et
3401 3142 3511 3181 am-

264 3212 366 3266 ittis
402 3216 446 3268 si
472 3216 548 3267 sic
574 3225 843 3280 maneant,
874 3216 1006 3270 sicut
1044 3226 1090 3270 et
1138 3233 1247 3286 ego.
1283 3216 1412 3283 Quis
1462 3225 1638 3287 potest
1661 3219 1842 3274 dicere

265 3319 372 3359 non
401 3321 524 3362 esse
556 3306 772 3372 bonum,
807 3308 950 3377 quod
983 3310 1095 3377 ipse
1128 3308 1253 3363 dicit
1284 3324 1404 3365 esse
1434 3310 1663 3366 bonum?
1690 3310 1840 3379 Quis,

269 3412 419 3464 rogo,
457 3399 656 3467 possit,
689 3401 788 3454 nisi
823 3400 961 3455 forte
1005 3401 1358 3457 Jovinianus?
1392 3402 1540 3469 Quod
1578 3405 1622 3458 si
1660 3421 1760 3458 non
1791 3421 1844 3459 se

269 3489 547 3557 continent,
580 3490 794 3543 nubant.
825 3492 930 3544 Aut
952 3490 1347 3549 incontinenter
1369 3494 1601 3561 patieris,
1632 3502 1721 3549 aut
1749 3511 1846 3549 nu-

275 3577 402 3633 bere
431 3595 535 3633 non
557 3580 741 3647 debes,
766 3580 811 3634 si
837 3581 1120 3636 continens
1145 3595 1266 3637 esse
1282 3583 1384 3636 vis.
1406 3580 1594 3637 Melius
1615 3595 1686 3637 est
1712 3586 1847 3638 enim

274 3672 463 3725 nubere
486 3689 638 3741 quam
667 3674 770 3725 uri.
803 3672 1109 3727 Fornicatio
1140 3674 1261 3743 igne
1293 3673 1528 3741 punitur,
1558 3674 1695 3728 sicut
1718 3674 1849 3729 dicit

273 3760 438 3816 ludas
469 3765 534 3818 de
564 3780 698 3817 nuru
731 3780 847 3819 sna.
882 3766 1210 3819 Producatur
1231 3806 1246 3832 ,
1280 3765 1478 3833 inquit,
1506 3774 1559 3819 et
1601 3766 1852 3821 incenda-

279 3858 382 3904 tur.
414 3854 491 3906 Ad
516 3852 967 3922 comparationem
990 3868 1117 3922 ergo
1141 3854 1524 3919 fornicationis,
1554 3866 1636 3909 est
1661 3855 1848 3910 melius

281 3942 497 3995 nubere.
530 3942 631 3996 His
653 3950 821 3997 autent
851 3943 938 4011 qui
969 3944 1291 3997 matrimonio
1304 3945 1478 4015 juncti
1502 3952 1641 4011 sunt,
1671 3945 1852 4014 prisci-

281 4032 367 4094 pio
395 4049 491 4085 non
520 4049 613 4103 ego
640 4075 655 4097 ,
696 4034 785 4088 sed
821 4032 1089 4088 Dominus.
1123 4033 1218 4087 llic
1247 4034 1462 4102 proprie
1504 4034 1738 4103 loquitur
1784 4034 1850 4086 ad

279 4123 611 4190 coniugatus,
646 4139 712 4178 ne
740 4123 1071 4177 dimitterent
1100 4138 1324 4190 uxores,
1346 4133 1406 4177 ut.
1437 4122 1569 4177 alias
1590 4121 1853 4176 ducerent

284 4221 374 4262 aut
422 4213 703 4279 pulchras,
754 4224 841 4267 aut
882 4214 1111 4281 divites,
1163 4215 1300 4268 sicut
1346 4213 1515 4268 Judazi
1560 4213 1847 4269 iaciebant.

291 4298 502 4355 Uxorem
523 4322 552 4355 a
578 4305 683 4357 viro
704 4319 804 4357 non
825 4305 1097 4359 discedere.
1113 4304 1166 4359 Si
1189 4305 1307 4373 quis
1324 4304 1584 4359 dimiserit
1602 4319 1851 4370 uxorem,

288 4404 493 4460 excepta
515 4409 674 4448 causa
699 4395 1086 4456 lornicationis,
1113 4394 1238 4449 facit
1263 4410 1379 4449 eam
1404 4394 1680 4450 mmchari.
1704 4394 1854 4462 Quod

1942 3215 2077 3268 bulet
2107 3230 2127 3268 ~:
2164 3224 2210 3268 et
2237 3214 2366 3272 sicut
2410 3214 2464 3267 in
2492 3212 2723 3267 omnibus
2751 3214 2973 3268 ecclesiis
3015 3212 3189 3268 doceo.
3219 3215 3343 3271 Sive
3388 3231 3510 3271 cum

1943 3320 2113 3369 uxore
2140 3346 2154 3367 .
2190 3306 2303 3360 sive
2333 3304 2451 3359 sine
2491 3318 2676 3359 uxore.
2721 3305 2845 3361 Sive
2875 3304 3221 3360 circumcisus
3245 3346 3262 3372 ,
3306 3307 3420 3363 sive
3460 3309 3512 3362 in

1944 3396 2203 3467 praeputio
2228 3414 2240 3448 :
2270 3396 2381 3450 sive
2411 3409 2618 3461 servus,
2644 3397 2758 3451 sive
2783 3396 2935 3451 liber.
2962 3395 3300 3453 Circumcisus
3330 3399 3513 3467 aliquis

1944 3497 2147 3541 vocatus
2175 3495 2250 3540 est
2282 3501 2300 3539 :
2327 3502 2429 3539 non
2456 3486 2681 3539 adducat
2702 3486 3029 3554 prwputt'ttm.
3057 3485 3182 3542 Sive
3203 3502 3321 3542 cum
3350 3504 3515 3545 uxore

1944 3589 2166 3632 vocatus
2188 3585 2303 3642 est,
2331 3591 2439 3633 non
2462 3575 2696 3630 dimittat
2718 3591 2867 3643 eam,
2898 3576 3012 3630 sive
3037 3577 3153 3630 sine
3180 3591 3376 3642 uxore,
3406 3594 3514 3633 non

1946 3668 1997 3722 ei
2023 3680 2156 3735 opus
2185 3666 2404 3730 nubere,
2435 3666 2482 3719 si
2511 3664 2562 3718 in
2590 3679 2656 3720 eo
2682 3665 2905 3721 consilio
2930 3666 3239 3734 acquiescit,
3268 3674 3322 3721 et
3348 3669 3391 3721 si
3424 3683 3516 3736 po-

1949 3765 2056 3811 test
2105 3758 2401 3812 continere.
2456 3753 2589 3808 Nam
2639 3754 2986 3809 circumcisus
3034 3756 3283 3827 quoniam
3336 3757 3519 3811 habuit

1949 3847 2296 3916 praeputium,
2336 3858 2591 3899 revocare
2632 3858 2736 3897 non
2784 3851 2957 3911 potest
3000 3858 3061 3899 se
3107 3845 3378 3913 superﬂuo
3416 3847 3519 3900 cir-

1953 3936 2249 3990 cutncisum
2278 3932 2419 4003 quod
2455 3948 2552 3988 suo
2592 3942 2830 4000 tempore
2864 3947 2998 4001 opus
3034 3934 3169 3987 luit;
3205 3948 3309 3990 non
3346 3935 3519 4001 dit-at,

1954 4026 2142 4080 melius
2168 4025 2337 4105 fuerat
2362 4025 2406 4079 si
2435 4038 2542 4077 non
2568 4022 2787 4078 fuissem
2825 4022 3200 4088 circumcisus,
3238 4041 3345 4080 non
3378 4028 3521 4083 vivat

1952 4114 2240 4188 gentiliter.
2267 4111 2331 4168 In
2358 4114 2604 4184 prteputio
2627 4112 2812 4181 aliquis
2834 4122 3039 4169 uocatus
3062 4116 3169 4169 est?
3189 4131 3288 4170 non
3312 4118 3523 4170 circum-

1954 4204 2173 4257 cidatur.
2196 4202 2310 4256 Non
2330 4212 2477 4272 putet
2502 4200 2658 4256 ﬁdem
2690 4200 2892 4255 Domini
2915 4216 3127 4256 causam
3154 4218 3272 4257 esse
3298 4205 3521 4261 dlSSltIll.

1955 4295 2024 4349 Et
2055 4294 2373 4348 circumcisio
2412 4294 2542 4348 nihil
2582 4302 2689 4361 est,
2720 4302 2765 4347 et
2792 4295 3099 4364 prwputium
3132 4296 3262 4348 nihil
3298 4307 3403 4362 est;
3435 4300 3524 4351 sed

1957 4389 2236 4445 obseruatio
2269 4388 2628 4441 mandatorum
2674 4388 2787 4441 Dei.
2826 4386 3180 4458 Unusquisque
3216 4390 3268 4443 in
3308 4406 3407 4459 qua
3443 4408 3526 4445 ro.

290 4479 333 4529 si
354 4484 649 4547 discesserit,
680 4500 885 4538 manere
912 4486 1199 4551 innuptam.
1226 4485 1339 4541 Non
1370 4487 1439 4540 ita
1467 4486 1764 4553 discedere,
1797 4497 1855 4543 ut
1884 4474 1932 4534 Ι)
1957 4478 2153 4532 ratione
2180 4485 2384 4530 uocatus
2411 4483 2513 4541 est,
2544 4476 2597 4530 in
2622 4492 2682 4530 ea
2709 4485 3004 4545 permaneat
3032 4478 3174 4545 apud
3210 4478 3388 4532 Deum.
3421 4482 3528 4536 N.-c

292 4572 376 4624 alii
414 4576 607 4628 nubat:
640 4578 685 4629 si
716 4577 785 4629 ob
830 4576 1060 4645 aliquam
1108 4590 1325 4631 causam
1376 4576 1687 4631 discesserit
1711 4618 1727 4643 ,
1760 4578 1855 4633 alii

296 4676 391 4714 non
421 4666 596 4718 nubat.
642 4666 740 4717 Aut
781 4667 886 4718 viro
926 4681 1017 4719 suo
1050 4667 1393 4721 reconciliari.
1444 4668 1508 4720 Et
1545 4668 1619 4721 vir
1642 4684 1853 4723 uxorem

295 4767 391 4804 non
411 4755 643 4809 dimittat.
666 4756 800 4809 Nam
826 4758 1024 4812 ca'teris
1051 4773 1141 4828 ego
1162 4758 1294 4822 dico,
1324 4775 1425 4823 non
1452 4759 1718 4815 Dominus.
1746 4761 1854 4816 Me-

296 4841 392 4896 lius
414 4847 553 4900 estsi
582 4846 650 4899 ad
676 4847 846 4900 virum
861 4861 1016 4901 suum
1032 4857 1524 4918 revertutur,quam
1553 4851 1641 4902 alii
1665 4851 1848 4905 nnbat.

299 4932 354 4983 Si
378 4940 483 5001 quis
503 4941 659 5006 frater
688 4954 896 4991 uxorem
923 4938 1068 4991 habet
1097 4939 1382 5007 inﬁdelem,
1413 4949 1460 4993 et
1482 4942 1588 4994 Iure
1609 4943 1856 4995 consentit

304 5020 508 5081 habitare
537 5044 651 5081 cum
680 5027 789 5091 illo,
815 5045 916 5081 non
943 5028 1169 5082 dimittat
1200 5029 1360 5083 illam.
1390 5027 1456 5082 Et
1477 5031 1522 5084 si
1547 5047 1645 5099 qua
1674 5032 1858 5084 mulier

301 5107 433 5169 babet
455 5120 609 5171 virum
628 5118 907 5186 inﬁdelem,
928 5130 973 5173 et
996 5120 1076 5171 hic
1099 5121 1348 5173 consentit
1370 5120 1721 5174 Itabitarecum
1744 5110 1857 5185 illa,

297 5212 388 5258 Non
400 5208 610 5261 dimittat
634 5208 814 5262 tirum.
831 5208 886 5264 Si
902 5209 1020 5277 quis
1042 5223 1180 5263 unus
1199 5207 1423 5262 credidit
1439 5223 1469 5262 e
1487 5208 1695 5263 duobus
1716 5228 1726 5263 :
1754 5225 1860 5263 non

289 5301 390 5352 'luo
416 5300 712 5366 permiserit
738 5298 1004 5353 inﬁdelem
1037 5298 1176 5352 ﬁdeli
1210 5313 1313 5352 non
1334 5299 1506 5367 jttngi,
1532 5300 1623 5353 sed
1662 5301 1728 5353 de
1746 5301 1855 5368 jam

269 5388 575 5457 c‘Dnjunctis
609 5390 859 5457 loquitur.
889 5388 1255 5456 Sanctiﬁcatus
1278 5398 1351 5442 est
1373 5389 1504 5449 enim
1534 5390 1609 5441 vir
1632 5392 1856 5459 inﬁdelis

1956 4569 2140 4632 obest,
2187 4581 2287 4621 nec
2327 4566 2543 4634 prodest
2574 4566 2624 4619 in
2657 4566 2757 4621 hoc
2799 4578 3057 4636 tempore.
3100 4568 3288 4624 Servus
3327 4584 3528 4625 vocatus

1956 4661 2052 4714 es?
2077 4676 2179 4713 non
2231 4659 2296 4712 sit
2338 4658 2426 4711 tibi
2455 4673 2610 4712 curae.
2643 4659 2819 4727 Aliqui
2885 4661 3195 4715 servitutem
3225 4663 3528 4732 coniugium

1960 4748 2141 4802 volunt
2165 4747 2405 4817 intelligi.
2435 4748 2540 4801 Sed
2567 4757 2612 4799 ct
2635 4748 2679 4801 si
2708 4758 2845 4816 potes
2872 4747 2996 4802 liber
3017 4750 3127 4816 ﬁeri
3144 4790 3159 4816 ,
3182 4753 3343 4820 magis
3369 4764 3526 4807 utere.

1961 4838 2093 4904 Quia
2138 4839 2275 4892 Deus
2304 4838 2637 4893 conditiones
2668 4853 2770 4891 non
2805 4838 3059 4907 respicit,
3090 4840 3181 4892 sed
3216 4854 3445 4895 mentem
3476 4852 3531 4897 et

1962 4926 2285 4981 voluntatem
2314 4942 2327 4979 :
2360 4941 2459 4980 nec
2491 4927 2668 4993 didas,
2703 4926 2971 4995 quomodo
3015 4941 3227 4992 possunt
3269 4928 3380 4983 Deo
3422 4934 3531 5000 plu-

1960 5033 2111 5083 cere,
2145 5032 2330 5071 servus
2359 5018 2518 5070 sum?
2552 5017 2650 5083 Qui
2679 5018 2813 5069 enim
2843 5018 2895 5069 in
2926 5015 3143 5069 Domino
3178 5031 3383 5074 vocatus
3423 5040 3532 5077 διν·
3594 5052 3595 5057 η

1962 5125 2081 5173 vus,
2125 5108 2333 5161 libertus
2378 5122 2449 5160 est
2500 5108 2705 5160 Domini
2734 5126 2751 5165 ε
2792 5108 3025 5161 similiter
3055 5111 3140 5178 qui
3171 5112 3296 5167 liber
3324 5128 3533 5170 vocittus

1961 5212 2072 5265 est,
2123 5216 2298 5255 servus
2347 5211 2419 5253 est
2472 5201 2657 5255 Christi
2730 5200 2826 5266 Qui
2871 5200 3103 5258 hominis
3140 5221 3353 5273 servus,
3393 5212 3535 5277 apud

1967 5294 2131 5347 Deum
2165 5292 2297 5346 liber
2327 5301 2413 5346 est
2440 5308 2451 5342 ε
2483 5302 2538 5345 et
2570 5292 2656 5361 qui
2687 5291 2826 5360 apud
2858 5292 3102 5349 homines
3141 5306 3226 5351 est
3268 5299 3419 5362 liber,
3451 5309 3536 5354 cst

1966 5399 2149 5440 servus
2192 5384 2284 5437 Dei
2314 5399 2328 5435 :
2362 5397 2489 5451 ergo
2526 5382 2682 5437 ambo
2724 5399 2888 5437 unum
2924 5394 3069 5439 sunt.
3110 5386 3221 5441 Non
3268 5398 3347 5441 cst
3391 5391 3536 5444 enim

251 5460 325 5525 δη
358 5482 571 5534 muliere
608 5479 770 5547 ﬁdeli.
795 5479 950 5548 Saepe
970 5479 1191 5548 contigit
1213 5487 1270 5531 ut
1296 5477 1587 5533 lucriﬁcret
1616 5496 1709 5547 per
1738 5496 1857 5534 mu-

224 5547 487 5629 liEretn.
524 5572 649 5624 Ideo
676 5572 747 5623 ait
779 5570 964 5623 beatus
998 5569 1207 5633 Petrus,
1235 5579 1291 5623 ut
1318 5569 1360 5623 si
1385 5570 1474 5637 qui
1503 5584 1607 5623 non
1636 5571 1862 5624 erodunt
1968 5570 2119 5622 nolite
2145 5569 2256 5631 ﬁeri
2283 5570 2409 5621 servi
2443 5569 2724 5623 hominum.
2771 5568 3130 5637 Unusquisque
3171 5572 3221 5623 in
3261 5589 3360 5642 quo
3390 5591 3537 5629 voca-

206 5644 465 5727 ‘erbo,
502 5676 599 5730 per
624 5660 918 5713 mulierum
936 5660 1422 5726 conversationem,
1449 5659 1565 5717 sine
1594 5662 1755 5715 verbo
1778 5664 1861 5717 lu-
1970 5668 2048 5711 tus
2086 5665 2188 5723 est,
2234 5660 2439 5727 fratres.
2464 5659 2534 5739 in
2574 5664 2668 5711 hoc
2708 5665 2907 5711 maneat
2946 5662 3088 5727 apud
3133 5660 3316 5719 Dcuvt.
3363 5664 3533 5722 Nolite

570 5778 841 5836 Panos"
888 5772 1168 5834 LXVIII.

2993 5775 3065 5838 17

1965 5476 2203 5543 acceptio
2235 5491 2582 5545 personarum
2619 5475 2758 5545 apud
2789 5476 2976 5530 Deum.
3011 5476 3184 5533 Pretio
3210 5481 3359 5547 empti
3384 5484 3533 5551 estis,
