3968 6166
525 272 625 330 Ὡδ

1626 274 1915 332 ΡΒΙΜΑὸΙΙ
1958 274 2403 334 ADRUMETANI
2443 278 2656 337 EPISC.

3648 276 3736 341 εει

522 399 739 461 propter
775 386 1020 444 homines
1065 402 1186 444 serv
1224 403 1267 442 ,ε
1307 389 1373 444 ad
1413 390 1654 456 oculum,
1697 402 1753 446 ut
1792 394 2096 448 hominibus
2130 400 2173 453 Α
2205 393 2425 447 alterius
2454 394 2620 449 simus
2651 403 2873 448 natum.
2904 392 3033 448 Nam
3065 396 3279 465 sapiens
3310 395 3531 451 aliorum
3559 400 3738 458 casibus

521 486 817 554 placeatis:
846 484 938 538 sed
966 484 1146 537 omnia
1182 493 1399 552 propter
1444 485 1642 549 Deum,
1682 487 1960 540 credentes
1998 502 2092 540 vos

396 555 429 643 ἦ)
520 574 827 631 mercedem
852 582 1234 629 consecuturos
1260 589 1287 626 a
1320 574 1447 629 Deo.
1480 573 1554 627 De
1602 576 1879 643 virginibus
1917 587 2090 630 autem

522 674 829 734 praeceptum
870 662 1077 718 Domini
1116 680 1218 718 non
1259 664 1436 718 habeo.
1488 664 1713 732 Scrigtis
1770 667 2087 733 respondit:

522 757 644 824 quia
683 755 759 808 illi
784 754 1075 809 dicebant:
1109 754 1206 811 Ubi
1249 762 1511 823 praecepta
1552 763 1636 810 est
1672 756 1997 825 virginitas?
2036 769 2092 811 ut

524 845 849 914 superﬂuum
881 845 1325 912 demonstrarent,
1348 844 1470 914 quia
1500 846 1641 913 quod
1675 846 1778 899 sub
1822 834 2106 915 praecepto.

526 942 641 1001 est,
684 948 790 987 non
832 932 1105 1001 impletum
1148 933 1381 1001 punitur,
1425 934 1699 1000 impletum
1738 942 1913 998 autem
1956 948 2092 1002 prte-

525 1026 690 1078 mium
723 1039 826 1077 non
859 1023 1035 1076 habet.
1068 1022 1360 1076 Consilium
1393 1023 1517 1087 dat,
1550 1022 1826 1077 Salvatore
1855 1024 2088 1088 dicente,

525 1116 639 1168 Non
671 1130 857 1169 omnes
886 1116 1100 1181 capiunt
1129 1116 1349 1170 verbum
1390 1115 1528 1170 istud
1572 1134 1584 1168 :
1628 1116 1722 1170 sed
1763 1117 1958 1186 quibus
1997 1119 2093 1172 da-

526 1216 634 1259 tum
666 1213 769 1260 est.
797 1205 927 1259 Nam
957 1205 1000 1259 si
1026 1207 1275 1275 generale
1302 1215 1465 1269 esset,
1488 1208 1626 1275 quod
1651 1216 1823 1276 potest
1850 1224 2007 1273 unus,
2039 1217 2094 1264 et

525 1312 711 1349 omnes
753 1307 988 1363 possent.
1045 1297 1268 1351 Occasio
1308 1299 1566 1351 castitatis
1604 1310 1688 1353 est
1723 1298 2089 1354 abstinentia:

523 1384 734 1457 occasio
762 1398 939 1439 autem
973 1386 1370 1439 incontinentitc
1391 1429 1404 1451 ,
1440 1388 1642 1442 luxuria
1673 1399 1773 1443 εει.
1811 1391 1970 1443 Datur
1999 1406 2094 1444 au-

526 1485 630 1528 tem
659 1488 687 1526 a
716 1474 845 1538 Deo,
874 1474 996 1541 quia
1026 1474 1192 1544 ipsius
1218 1478 1487 1545 proprium
1518 1478 1713 1533 donum
1742 1489 1852 1545 est,
1883 1480 2094 1535 diceute

529 1564 820 1631 propheta:
854 1564 984 1617 Cum
1019 1567 1178 1619 sciam
1213 1568 1330 1634 quia
1364 1584 1518 1622 nemo
1547 1581 1626 1624 est
1659 1571 1959 1635 continens,
1993 1572 2091 1625 nisi

524 1658 607 1708 cui
639 1655 947 1711 credideris.
985 1656 1261 1710 Consilium
1289 1667 1456 1711 autem
1486 1660 1572 1714 do.
1610 1661 1796 1729 Implet
1824 1653 1953 1715 illud
1990 1662 2090 1714 Do-

2199 486 2535 537 emendatur.
2570 486 2695 539 ldco
2724 485 2977 540 Salomon
3002 502 3015 539 :
3046 486 3174 552 Cor,
3206 487 3410 556 inquit,
3439 492 3673 557 sapientis
3696 496 3738 548 in

2198 571 2359 624 domo
2399 573 2574 627 luctus
2601 613 2617 637 ,
2649 589 2741 628 cor
2767 582 2952 628 autem
2990 575 3291 644 insipientis
3319 577 3371 630 in
3405 576 3567 632 domo
3588 584 3742 635 convi-

2198 665 2287 716 vii.
2323 662 2566 718 Prteterit
2595 666 2730 719 enim
2759 666 2927 733 figura
2955 667 3112 732 huius
3137 668 3339 723 mundi.
3387 668 3498 723 Hoc
3525 672 3743 726 sarculum

2195 753 2364 824 ﬁgura
2394 752 2555 808 futuri
2587 762 2691 809 est.
2725 754 2779 811 Si
2811 756 2977 826 ﬁgura
3006 756 3127 811 talis
3157 767 3239 812 est
3259 799 3273 824 ,
3306 758 3477 827 qualis
3506 760 3606 814 erit
3629 763 3745 816 veri-

2199 843 2324 897 tas?
2353 843 2504 897 Sicut
2533 843 2686 898 stella
2701 846 2885 913 Jigttra
2912 853 2995 900 est
3019 846 3167 900 solis.
3211 845 3336 901 Volo
3360 857 3533 902 autem
3557 866 3638 904 vos
3661 853 3748 906 sine

2193 932 2539 1001 sollicitudine
2560 948 2683 987 esse.
2703 933 2826 989 Ideo
2844 948 2947 989 non
2979 935 3128 989 nubit
3153 936 3289 1006 quis,
3314 946 3370 991 ut
3395 938 3596 992 mundo
3616 940 3645 976 ⁸
3662 942 3748 996 sol-

2196 1020 2412 1074 licitudo
2441 1022 2715 1090 discedat,
2751 1040 2819 1079 ne
2848 1025 3016 1094 spina:
3042 1026 3308 1081 sut'locent
3344 1041 3534 1083 semen
3557 1070 3573 1093 ,
3614 1040 3666 1085 et
3697 1046 3751 1086 ne

2195 1108 2403 1162 dicant:
2428 1110 2619 1164 Villam
2645 1114 2977 1182 comparavi,
3008 1113 3170 1168 boves
3195 1117 3299 1170 emi
3320 1157 3335 1182 ,
3362 1132 3587 1171 uxorem
3613 1118 3748 1172 duxi:

2196 1207 2250 1252 et
2275 1215 2379 1251 non
2410 1201 2580 1267 possit
2606 1216 2824 1256 ccenare
2849 1217 2972 1257 cum
3000 1217 3220 1274 Sponsa.
3246 1205 3348 1270 Qui
3371 1207 3483 1260 sine
3502 1223 3659 1262 uxore
3677 1219 3751 1271 est,

2194 1288 2447 1345 sollicitus
2473 1298 2551 1344 est
2582 1307 2697 1361 quo:
2731 1291 2937 1373 Πανιιὶ
2963 1302 3078 1348 sunt
3096 1335 3110 1358 ,
3139 1297 3391 1365 quomodo
3420 1296 3623 1366 placeat
3651 1298 3751 1354 Deo.

2196 1379 2298 1444 Qui
2322 1391 2491 1433 autem
2516 1398 2625 1434 cum
2653 1397 2810 1435 uxore
2835 1392 2940 1451 est,
2973 1384 3221 1438 sollicitus
3250 1396 3323 1440 est
3351 1402 3463 1455 qua:
3491 1398 3613 1439 sunt
3632 1405 3757 1441 mun-

2197 1471 2286 1534 di,
2320 1460 2574 1537 qu‘omodo
2601 1473 2803 1537 placeat
2830 1475 3001 1527 uxori.
3035 1473 3471 1545 Interrogandum
3503 1477 3596 1530 cui
3620 1492 3757 1546 espe-

2198 1562 2313 1615 diat
2354 1562 2563 1631 placere
2584 1604 2599 1626 ,
2637 1563 2776 1628 Deo,
2808 1579 2877 1617 an
2908 1564 3115 1619 mulieri
3146 1566 3438 1620 moriturae.
3487 1565 3557 1619 Et
3591 1568 3754 1620 divisus

2200 1661 2295 1705 est.
2328 1651 2382 1704 Μ
2388 1653 2519 1706 ulicr
2547 1654 2761 1724 innupta
2787 1662 2832 1707 et
2859 1656 2998 1723 virgo
3028 1654 3360 1727 cogitatque
3390 1638 3615 1709 Domini
3640 1670 3756 1714 sunt.

528 1746 692 1811 mini,
726 1748 867 1815 quod
900 1750 947 1802 ei
981 1748 1035 1809 in
1065 1748 1228 1813 ﬁgura
1260 1750 1533 1804 stibularii
1564 1751 1737 1807 dixit:
1768 1753 1822 1807 Si
1852 1753 1974 1820 quid
2005 1766 2094 1806 su-
2127 1756 2170 1815 Β
2197 1742 2250 1798 Si
2280 1742 2483 1798 divisus
2503 1786 2519 1811 .
2551 1759 2671 1800 esse
2701 1762 2806 1800 non
2839 1757 3020 1816 petes!
3045 1762 3208 1801 unum
3242 1764 3257 1800 =
3291 1763 3410 1802 nam
3443 1750 3621 1803 unitas
3648 1749 3759 1804 divi-

526 1839 896 1907 perogaveris,
951 1854 1051 1907 ego
1099 1840 1319 1895 veniens
1372 1840 1592 1895 reddam
1651 1842 1769 1895 tibi.
1824 1841 2099 1910 Tanquam

524 1933 925 1988 misericordiam
952 1942 1245 1987 consecutus
1271 1951 1303 1988 α
1329 1934 1542 1989 Domino
1564 1944 1619 1989 ut
1645 1935 1740 1990 sim
1761 1935 1949 2004 fidelis.
1976 1938 2101 1989 0m-

528 2024 708 2079 nia'ad
742 2025 833 2079 Dei
867 2024 1288 2079 miscricordiam
1313 2025 1498 2089 refert,
1530 2032 1587 2079 ut
1611 2040 1708 2080 suo
1734 2027 1980 2093 exemplo
1994 2024 2098 2079 do-

527 2124 678 2180 ceat,
711 2116 812 2170 nisi
865 2117 916 2168 in
976 2116 1085 2169 lleo
1122 2130 1242 2170 esse
1280 2115 1635 2185 gloriandum.
1672 2114 1868 2171 Fidelis
1910 2132 2098 2171 servus

525 2213 608 2259 est
644 2206 763 2272 qui,
807 2204 1053 2269 omnibus
1093 2206 1493 2273 praetermissis,
1533 2205 1734 2262 domini
1775 2207 1855 2261 sui
1885 2220 2099 2275 semper

522 2296 742 2350 servitio
769 2305 1080 2364 occupatur,
1113 2295 1179 2349 at!
1209 2296 1347 2365 quod
1379 2310 1475 2350 eos
1503 2310 1600 2350 suo
1629 2297 1878 2364 exemplo
1908 2310 2098 2359 provo-

522 2397 607 2442 cat
628 2426 643 2452 ,
676 2396 731 2441 ut
761 2386 861 2456 ipsi
891 2386 990 2440 soli
1019 2386 1329 2442 desiderent
1356 2389 1579 2444 servire.
1616 2390 1674 2442 Et
1705 2404 1862 2443 nemo
1888 2389 1955 2442 de
1984 2389 2097 2442 suis

526 2482 733 2536 meriis
763 2490 1050 2551 praesumat
1071 2522 1086 2546 ,
1122 2482 1332 2550 quando
1361 2483 1450 2537 ille
1474 2491 1530 2537 ut
1559 2482 1729 2537 ﬁdelis
1757 2483 1857 2545 sit,
1889 2481 2096 2535 miseri-

524 2576 760 2628 cordiam
796 2574 1004 2627 Domini
1032 2588 1091 2627 se
1138 2573 1387 2642 adeptum
1419 2582 1662 2630 testatur.
1696 2572 1952 2627 Existimo
1978 2589 2096 2643 ergo

523 2665 621 2718 hoc
655 2665 838 2717 bonurn
878 2680 1005 2717 esse.
1052 2664 1309 2718 Existimo
1332 2703 1347 2727 ,
1389 2664 1489 2718 hoc
1529 2678 1632 2717 non
1664 2677 1783 2718 esse
1820 2663 1969 2731 quasi
1998 2664 2094 2715 du-

525 2758 688 2823 bium,
720 2758 811 2812 sed
839 2766 1044 2811 certum
1080 2774 1092 2809 :
1125 2756 1259 2812 εἰναι
1290 2766 1392 2821 εει,
1428 2754 1562 2809 Puto
1590 2756 1729 2824 quod
1770 2765 1821 2808 et
1842 2770 1943 2824 ego
1982 2754 2095 2822 spi-

522 2853 680 2906 ritum
728 2851 819 2904 Dci
863 2850 1109 2903 habeam.
1156 2847 1375 2919 Propter
1418 2847 1686 2901 instantem
1726 2848 2092 2904 necessitatem.

523 2952 649 3007 Sive
669 2948 999 3005 cnsmdiendi
1018 2947 1299 3016 justitiam,
1322 2947 1434 3002 sive
1455 2946 1667 3001 carendi
1695 2946 1874 2999 mundi
1898 2945 2093 3000 sollicio

521 3043 726 3097 tudine.
763 3042 1012 3109 Quoniam
1040 3040 1224 3093 bonum
1250 3048 1322 3093 est
1354 3037 1548 3091 homini
1578 3037 1653 3091 sic.
1676 3053 1807 3103 esse.
1840 3037 2092 3105 Alligatus

521 3151 573 3187 es
603 3134 779 3200 uxori,
810 3133 914 3185 noli
939 3146 1161 3200 querere
1186 3129 1505 3185 solutionem.
1534 3128 1724 3181 Malum

522 3238 627 3277 non
657 3236 776 3277 esse
803 3264 817 3287 ,
847 3222 970 3291 qu'a
1003 3222 1249 3289 primitus
1280 3218 1452 3287 perdit
1483 3218 1757 3287 praemium
1789 3217 2047 3271 castitatis-
2076 3235 2088 3271 :

522 3329 624 3367 non
656 3312 793 3382 quod
837 3322 1039 3381 peccet.
1082 3310 1296 3365 Solutus
1335 3325 1386 3362 es
1428 3308 1491 3362 ab
1519 3324 1709 3372 uxore,
1742 3308 2094 3376 noliquwrcre

522 3420 749 3458 uxorein.
779 3402 856 3456 lta
892 3402 1055 3465 dicit,
1090 3416 1192 3455 non
1226 3399 1493 3469 ligandum
1514 3438 1529 3463 ,
1557 3397 1823 3468 quomodo
1853 3412 1956 3453 non
1987 3397 2092 3453 sol-

521 3496 771 3550 vendum.
818 3496 877 3549 Si
917 3505 1085 3548 autem
1125 3495 1377 3563 accepeis
1420 3508 1658 3561 uxorem,
1700 3508 1802 3546 non
1852 3493 2089 3559 peccasti.

520 3589 618 3652 Qui
653 3588 785 3641 liber
817 3602 906 3652 es,
940 3586 983 3640 si
1017 3600 1118 3639 non
1151 3585 1229 3637 vis
1258 3598 1376 3638 esse
1407 3583 1598 3653 major,
1632 3591 1748 3637 esto
1780 3583 1862 3637 vel
1897 3583 2093 3636 minor.

521 3680 587 3733 Et
616 3680 661 3734 si
691 3681 915 3749 nupserit
941 3679 1104 3747 virgo,
1132 3692 1233 3729 non
1263 3675 1510 3744 peccabit.
1540 3675 1745 3744 Nuptiis
1775 3687 1870 3743 per
1897 3686 1956 3729 se
1988 3689 2090 3727 non

519 3770 715 3824 habent
744 3780 1039 3838 peccatum,
1063 3767 1160 3822 sed
1179 3782 1275 3836 per
1301 3765 1712 3821 si'llicitudinem
1743 3765 1922 3818 saeculi
1949 3778 2093 3831 saepe

488 3868 491 3869 ⁷
521 3872 797 3932 peccatum
830 3864 1128 3917 incurrunt.
1166 3859 1569 3915 Tribulationem
1611 3867 1778 3911 tamen
1806 3856 1975 3909 carnis
2002 3858 2089 3908 ha-

521 3957 703 4010 bebant
724 3955 1044 4026 hujusmodi.
1062 3954 1171 4010 Sub
1194 3951 1475 4006 maledicto
1494 3965 1554 4005 se
1576 3948 2091 4018 Evzesubjieientcs,

521 4061 631 4114 qua
668 4046 789 4100 ideo
822 4047 872 4099 in
904 4053 1055 4114 partu
1096 4042 1526 4099 maledictionem
1569 4042 1812 4112 accepit,
1838 4041 2091 4111 quoniam

521 4138 722 4193 sciebat
750 4136 890 4190 Deus
918 4135 1310 4189 incontinentes
1335 4134 1542 4188 futuros
1584 4132 1862 4195 homines,
1905 4141 1962 4185 ut
2006 4132 2090 4185 vel

523 4238 667 4282 metu
684 4227 884 4281 doloris
898 4240 924 4278 a
944 4226 1161 4280 libidine
1178 4234 1553 4293 temperarent.
1576 4223 1913 4293 Adjiciuntur
1930 4222 2090 4276 etiam

520 4320 725 4388 vagitus
755 4317 1010 4371 infantum
1032 4358 1047 4382 ,
1077 4316 1306 4370 ﬁliorum
1336 4324 1536 4369 mortes
1555 4354 1569 4378 ,
1595 4329 1692 4369 nec
1724 4328 1829 4367 non
1851 4320 1904 4367 et
1928 4313 2087 4366 abor-

525 4422 633 4465 tus.
667 4409 777 4477 Ego
805 4416 969 4461 autem
997 4408 1133 4461 vobis
1164 4423 1340 4475 parco.
1375 4407 1495 4461 Ideo
1526 4407 1649 4475 quia
1678 4406 1973 4460 secundum
2004 4405 2089 4458 in-

519 4500 837 4568 dulgentiam
860 4496 1099 4565 coniugia
1117 4512 1220 4549 non
1244 4497 1460 4549 omnino
1486 4496 1760 4562 l-ruhibeo.
1784 4494 1898 4546 Hoc
1920 4495 2089 4561 itaque

520 4592 657 4653 dico,
690 4592 895 4660 fratres.
923 4588 1018 4640 llic
1046 4601 1233 4641 omnes
1259 4586 1321 4639 ad
1350 4587 1727 4639 continentiam
1756 4585 2083 4638 cohortatur.

518 4683 737 4752 'l'empus
765 4683 905 4733 brtve
933 4688 1027 4733 est.
1062 4676 1330 4747 Reliquum
1367 4686 1439 4730 est
1468 4686 1519 4729 ut
1549 4685 1594 4729 et
1622 4677 1708 4745 qui
1742 4674 1925 4729 habent
1963 4692 2091 4729 uxo-

518 4791 594 4829 res
617 4815 631 4839 ,
663 4776 766 4828 sint
792 4782 1031 4843 tanquam
1071 4787 1172 4824 non
1204 4769 1457 4823 habentes.
1490 4768 1625 4825 Vitae
1653 4777 1849 4823 nostra:
1878 4779 2087 4836 tempus

516 4868 677 4920 lircve
707 4875 788 4919 est
809 4908 822 4926 .
855 4867 975 4933 quia
1007 4863 1113 4916 cito
1142 4870 1233 4915 aut
1259 4860 1442 4928 unius,
1477 4869 1567 4914 aut
1596 4862 1872 4916 amborum
1916 4870 2087 4916 morte

474 4954 811 5010 'sulventur.
864 4955 952 5010 Sic
1003 4954 1439 5024 intelligendum,
1493 4962 1711 5023 propter
1761 4961 2084 5007 brevitatem

519 5051 659 5103 nulla
688 5065 807 5103 esse
834 5050 1067 5117 putanda
1094 5048 1159 5103 ad
1187 5048 1640 5117 comparationem
1669 5046 1983 5100 futurorum.
2022 5044 2088 5098 Et

516 5140 598 5204 qui
636 5140 790 5206 flent,
823 5148 1063 5206 tanquam
1093 5154 1192 5193 non
1221 5140 1434 5209 fientes;
1472 5148 1522 5191 et
1559 5140 1643 5205 qui
1680 5138 1932 5206 gaudent,
1975 5146 2087 5190 tan-

516 5242 668 5294 quam
699 5245 799 5280 nan
830 5232 1138 5295 gaudentes;
1162 5240 1211 5291 et
1233 5232 1319 5299 qui
1347 5238 1551 5294 emunt,
1582 5241 1821 5298 tanquam
1844 5246 1943 5282 non
1972 5247 2086 5297 pas-

517 5319 769 5380 sidentes;
793 5328 838 5368 et
858 5316 943 5385 qui
964 5326 1174 5369 utuntur
1197 5320 1291 5371 hoc
1314 5320 1527 5385 mundo,
1550 5329 1787 5386 tanquam
1814 5336 1912 5373 non
1938 5330 2084 5373 utan~

520 5419 620 5462 tur.
662 5409 719 5462 In
759 5408 862 5461 hoc
902 5408 1133 5474 sarculo,
1176 5410 1295 5475 quia
1338 5412 1513 5463 omnia
1546 5413 1595 5464 in
1630 5411 1775 5465 brevi
1817 5414 2085 5465 tluieutur.

518 5502 842 5567 Temporum
890 5500 1209 5553 brevitatem
1242 5501 1496 5554 desorihit
1520 5503 1769 5557 Salomon
1808 5519 1822 5556 :
1855 5502 2088 5571 Tempus

520 5601 574 5644 et
618 5603 889 5655 tempora;
932 5603 1031 5643 nos
1069 5598 1243 5643 autem
1286 5594 1521 5663 quotidie
1565 5596 1807 5650 videmus
1847 5597 2088 5652 homines

524 5688 813 5741 morientes
834 5728 847 5749 ,
882 5698 937 5742 et
965 5671 1197 5743 internus
1237 5691 1439 5746 futuros
1470 5699 1570 5751 nos
1599 5696 1888 5763 credimus,
1934 5702 2086 5769 quasi

596 5779 622 5805 “
654 5778 835 5831 Melius
866 5778 1124 5841 lrgcrrtur
1156 5785 1352 5835 mundi.
1388 5785 1539 5838 Eutr.

1948 5892 1951 5895 λ
1960 5882 1993 5895 ob
2034 5884 2035 5887 ‘

2204 1832 2407 1887 sionem
2433 1847 2536 1887 non
2556 1833 2763 1903 recipit.
2798 1835 2866 1889 L't
2891 1838 2955 1889 sit
2975 1845 3149 1890 sancta
3171 1844 3219 1889 et
3244 1852 3482 1907 corpore,
3507 1848 3557 1889 et
3578 1838 3756 1908 spiritu.

2197 1918 2434 1990 Corpore
2456 1964 2470 1987 ,
2502 1924 2569 1979 ab
2596 1939 2695 1979 usu
2720 1941 2735 1989 ;
2764 1926 2952 1995 spiritu
2971 1966 2987 1991 ,
3018 1940 3049 1980 a
3082 1926 3441 1983 sollicitudine
3471 1928 3555 1981 vel
3588 1942 3759 1982 concu-

2200 2012 2464 2079 piscentia
2496 2014 2892 2084 cogitationum.
2924 2017 3051 2082 Qua
3076 2028 3241 2072 autem
3279 2029 3443 2086 nupta
3484 2028 3562 2073 est
3583 2064 3598 2086 ,
3640 2020 3759 2087 cogi-

2202 2110 2277 2154 tat
2319 2117 2435 2170 qua:
2472 2112 2592 2157 sunt
2632 2102 2833 2159 mundi.
2876 2106 3006 2173 Qua:
3047 2117 3210 2176 nupta
3252 2117 3369 2175 est,
3409 2109 3457 2179 si
3498 2123 3623 2176 quin
3657 2118 3758 2163 sunt

2211 2192 2397 2261 mundi
2437 2195 2674 2262 cogitat,
2714 2198 2800 2250 cui
2843 2197 3053 2266 placere
3092 2198 3398 2265 desiderat,
3441 2200 3663 2269 incipiet
3695 2200 3757 2253 illi

2203 2283 2438 2350 prmponi
2471 2296 2633 2352 nupta
2661 2327 2677 2351 ,
2707 2301 2827 2355 quae
2870 2286 3031 2343 habet
3070 2290 3469 2345 excusationem
3510 2291 3757 2359 cOgitandi

2200 2386 2319 2431 qum
2346 2372 2528 2427 mundi
2557 2384 2674 2427 sunt
2693 2412 2710 2439 ,
2739 2377 3022 2434 occasione
3046 2378 3251 2434 mariti.
3286 2378 3565 2445 Quomodo
3589 2380 3761 2450 placeat

2198 2462 2324 2513 viro.
2360 2461 2463 2517 Ista
2493 2476 2592 2517 nec
2621 2478 2847 2533 corpore
2868 2506 2883 2532 ,
2916 2481 3014 2523 nec
3041 2468 3229 2537 spiritu
3261 2478 3342 2524 est
3373 2478 3588 2525 sancta.
3620 2469 3760 2524 Porro

2200 2552 2295 2604 hoc
2323 2552 2391 2603 ad
2422 2553 2693 2608 utilitatem
2708 2564 2937 2631 uestram
2965 2558 3103 2614 dico.
3135 2558 3211 2615 Ne
3241 2559 3513 2615 videretur
3554 2563 3761 2616 inﬁmis

2198 2642 2331 2695 dure
2364 2644 2576 2700 locutus
2604 2661 2759 2711 esse,
2793 2650 2952 2704 modo
2995 2658 3217 2705 excusat
3253 2666 3350 2719 se;
3392 2654 3489 2709 sed
3531 2656 3647 2723 ipsa
3684 2670 3764 2709 ex-

2198 2732 2408 2786 cusatio
2439 2736 2826 2791 consideranda
2855 2748 2958 2793 est.
2992 2738 3113 2793 Non
3141 2750 3194 2793 ut
3225 2741 3462 2809 laqueum
3491 2742 3636 2798 vobis
3662 2745 3766 2813 inji-

2197 2821 2350 2875 ciam.
2385 2823 2496 2877 Non
2530 2825 2748 2894 impono
2776 2829 3150 2885 necessitatem
3181 2831 3451 2901 innuptis,
3483 2834 3583 2890 sed
3611 2836 3767 2891 consi-

2198 2910 2325 2964 lium
2357 2911 2459 2977 do,
2490 2914 2615 2982 quid
2646 2917 2816 2983 magis
2853 2918 3004 2972 vobis
3033 2919 3302 2987 expediat.
3336 2921 3444 2977 Sed
3466 2924 3539 2976 ad
3567 2926 3624 2977 id
3647 2928 3766 2993 quod

2201 3002 2472 3057 honestum
2514 3015 2585 3058 est
2603 3045 2619 3071 ,
2648 3017 2709 3061 et
2736 3010 2875 3077 quod
2903 3010 3207 3079 facultatem
3238 3014 3456 3080 prebeat
3479 3016 3595 3071 sine
3622 3018 3767 3083 inspe-

1752 3137 1834 3182 εει
1860 3093 1986 3196 ετὼ
2016 3127 2092 3181 sic
2123 3109 2166 3171 ρ
2199 3094 2424 3196 dimento
2456 3093 2731 3151 Dominum
2770 3104 3090 3156 obsecrandi.
3146 3105 3288 3174 Ergo
3332 3121 3431 3161 nec
3471 3108 3640 3174 utile,
3680 3121 3767 3163 nec

2200 3183 2484 3240 honestum
2512 3196 2656 3252 erat,
2681 3190 2821 3257 quod
2853 3191 2925 3245 illi
2951 3194 3225 3250 volebant.
3256 3196 3318 3251 Si
3346 3198 3457 3263 quis
3484 3208 3657 3252 autem
3679 3210 3766 3251 tur-

2195 3290 2307 3338 pem
2336 3292 2389 3329 se
2415 3277 2573 3331 videri
2602 3280 2856 3337 existimat
2882 3300 3037 3354 super
3064 3288 3256 3355 virgine
3283 3304 3378 3341 sua
3396 3332 3412 3354 ,
3440 3292 3579 3357 quod
3604 3292 3668 3345 sit
3692 3307 3768 3345 suo

2196 3364 2488 3431 peradulta.
2533 3366 2726 3434 Turpis
2770 3369 3050 3437 videbitur,
3095 3374 3141 3427 si
3182 3390 3303 3429 cum
3351 3376 3416 3429 ad
3478 3378 3761 3446 perfectam

2196 3468 2226 3505 ει
2246 3462 2407 3509 tatem
2439 3459 2682 3526 venerit,
2710 3470 2958 3516 neutrum
2984 3463 3277 3532 deliberet,
3305 3467 3389 3521 vel
3417 3468 3762 3539 virginitatem

2196 3557 2433 3612 servare,
2462 3548 2541 3603 vel
2569 3551 2803 3616 nubere;
2828 3562 2921 3607 aut
2940 3554 2986 3607 si
3014 3555 3214 3610 volenti
3244 3558 3474 3623 nubere,
3505 3576 3614 3613 non
3644 3576 3759 3627 per~

2196 3634 2399 3703 mittat,
2434 3649 2485 3692 et
2516 3638 2607 3692 illa
2637 3639 2796 3696 fuerit
2823 3641 3106 3699 fornicata.
3151 3646 3280 3700 Nam
3321 3649 3364 3701 si
3399 3652 3757 3718 unusquisque

2197 3725 2297 3781 hoc
2326 3728 2392 3781 ad
2422 3742 2639 3785 carnem
2667 3747 2815 3787 suam
2845 3745 3092 3803 revocet,
3124 3745 3179 3792 et
3205 3738 3382 3792 videat
3411 3754 3473 3794 se
3500 3741 3763 3811 virginita-

2200 3825 2306 3869 tem
2336 3830 2557 3873 servare
2589 3834 2692 3874 non
2724 3836 2910 3891 posse,
2944 3824 3136 3891 nubat,
3170 3841 3237 3880 ne
3264 3827 3579 3883 loruicando
3603 3831 3763 3898 turpis

2195 3917 2465 3974 appareat.
2501 3908 2567 3963 Et
2596 3911 2668 3964 ita
2712 3923 2906 3982 oportet
2957 3915 3093 3982 fieri.
3135 3916 3208 3970 Ita
3243 3932 3466 3974 necesse
3495 3931 3611 3984 est,
3643 3936 3761 3990 pro-

2195 4004 2310 4063 pter
2333 3998 2661 4055 voluntatem
2683 4003 2893 4070 puellae.
2921 4003 3071 4069 Quod
3094 4006 3199 4059 vult
3222 4007 3382 4075 faciat
3405 4025 3425 4062 :
3450 4027 3551 4063 non
3569 4023 3754 4079 peccat,

2192 4088 2236 4141 si
2263 4089 2438 4144 nubat.
2471 4090 2724 4147 Parentes
2751 4094 2965 4162 quidem
2990 4096 3188 4153 debent
3214 4112 3333 4153 eam
3362 4115 3531 4169 usque
3557 4102 3617 4155 ad
3649 4116 3761 4155 ma-

2200 4189 2373 4235 turam
2414 4191 2626 4239 aetatem
2665 4186 2970 4252 custodire,
3001 4198 3055 4244 et
3084 4189 3278 4244 docere
3305 4194 3620 4247 castitatem.
3661 4192 3758 4247 Sed

2191 4272 2235 4326 si
2269 4252 2500 4328 adiuerit
2520 4314 2535 4338 ,
2565 4274 2659 4329 (lat
2684 4277 2822 4345 quod
2852 4292 3072 4334 necesse
3095 4290 3214 4345 est;
3260 4296 3364 4335 non
3397 4293 3584 4352 peccat
3614 4296 3755 4350 pater

2195 4360 2386 4427 puella:
2408 4400 2422 4426 ,
2458 4361 2574 4417 sive
2603 4365 2714 4431 ipsa
2748 4366 2954 4430 puella,
2996 4369 3039 4421 si
3080 4368 3264 4423 nubat.
3310 4368 3450 4423 Nam
3480 4373 3566 4439 qui
3591 4372 3758 4426 statuit

2117 4450 2243 4538 Din
2281 4451 2431 4503 corde
2468 4466 2560 4503 suo
2599 4453 2802 4516 ﬁrmus.
2847 4454 3064 4509 Firmus
3105 4458 3192 4511 ille
3229 4459 3416 4512 stamit
3452 4460 3602 4529 cujus
3639 4460 3757 4512 lilia:

2196 4539 2441 4592 voluntas
2482 4540 2766 4595 lirmaverit
2808 4544 3156 4600 voluntatem.
3202 4546 3321 4601 Non
3361 4548 3552 4604 habens
3588 4566 3755 4603 neces-

2194 4632 2416 4683 sitatem.
2450 4630 2585 4685 Hinc
2614 4639 2952 4700 cognoscitur
2983 4636 3130 4689 illum
3162 4639 3541 4694 necessitatem
3572 4640 3758 4693 habete

2198 4721 2347 4787 lilize,
2378 4722 2443 4777 de
2469 4737 2574 4791 quo
2601 4724 2769 4790 dixit,
2802 4724 3111 4780 Potestatem
3138 4738 3308 4782 autent
3336 4729 3524 4786 habens
3552 4746 3648 4785 sua:
3675 4745 3759 4781 τοο

2194 4814 2436 4879 luntatis,
2467 4824 2513 4867 et
2542 4815 2635 4867 hoc
2656 4817 2912 4886 judicavit
2942 4819 2993 4871 in
3024 4823 3175 4873 corde
3207 4837 3333 4885 suo,
3365 4838 3567 4877 servare
3607 4823 3755 4893 virgi-

2196 4920 2488 4973 ncmsuam,
2513 4906 2633 4960 bene
2650 4906 2795 4974 facit.
2811 4908 2992 4963 Potest
3018 4908 3192 4965 facere
3212 4913 3353 4978 quod
3376 4914 3508 4966 vult.
3530 4911 3690 4983 Igitur
3710 4921 3761 4964 et

2197 4996 2283 5061 qui
2304 4996 2629 5049 matrimonio
2644 4999 2819 5069 jungit
2838 4998 3081 5069 virginem
3104 5016 3270 5066 suam,
3298 5002 3417 5055 bene
3442 5003 3581 5071 facit,
3605 5012 3643 5057 et
3662 5004 3757 5069 qui

2195 5102 2295 5138 non
2309 5088 2506 5157 jungit,
2533 5088 2712 5141 melius
2735 5091 2877 5159 facit.
2896 5089 3211 5145 Conclusiva
3237 5093 3483 5148 collectio
3504 5104 3612 5148 est:
3632 5093 3755 5146 Pru-

2193 5174 2445 5230 dentibus
2473 5193 2602 5232 sane
2629 5193 2841 5247 semper
2867 5181 3085 5236 meliora
3114 5183 3368 5239 sectanda
3396 5196 3542 5237 sunt.
3577 5183 3749 5237 .ilulia

2190 5268 2405 5335 alligata
2434 5277 2507 5321 est
2536 5281 2730 5337 quanto
2761 5280 2983 5338 tempore
3011 5273 3088 5325 vir
3115 5275 3228 5343 ejus
3268 5276 3409 5330 vr'vit.
3454 5276 3548 5330 ilic
3586 5278 3644 5328 de
3671 5272 3752 5325 vi~

2192 5357 2311 5410 duis
2342 5357 2569 5427 incipit:
2602 5363 2721 5428 quia
2754 5373 2806 5414 et
2837 5362 2905 5415 de
2933 5363 3064 5428 ipsis
3093 5365 3497 5420 consuluerunt;
3544 5362 3679 5430 Quod
3712 5378 3758 5412 si

2190 5448 2451 5500 dormierit
2482 5451 2558 5502 uir
2583 5452 2715 5519 ejus,
2745 5450 2958 5504 liberata
2983 5462 3073 5505 est.
3104 5452 3200 5506 Cui
3226 5455 3332 5508 vult
3357 5456 3542 5519 nubat,
3574 5464 3755 5509 tantum

2192 5538 2244 5588 iu
2278 5536 2514 5591 Domino.
2558 5539 2748 5593 Libera
2783 5540 2920 5595 facta
2951 5557 2979 5595 a
3012 5542 3225 5597 vinculo
3268 5546 3533 5615 conjugali
3570 5558 3753 5600 secon-

2191 5628 2315 5678 dum
2364 5628 2531 5698 legem
2560 5645 2573 5680 :
2609 5630 2651 5682 si
2684 5645 2782 5685 nec
2810 5640 2934 5685 tunc
2974 5646 3034 5687 se
3080 5635 3311 5701 potuerit
3339 5638 3633 5697 continere,
3658 5632 3748 5686 eui

2194 5718 2415 5770 volui-rit
2444 5719 2602 5774 nubat
2622 5760 2637 5790 ,
2664 5723 3030 5779 tantummodo
3055 5725 3106 5779 in
3144 5726 3381 5783 Christo.
3411 5725 3604 5780 Βαιιὶον
3630 5726 3742 5785 erit,

3032 5860 3167 5887 μιν.-
