3968 6166
282 307 380 364 523

1049 299 1112 357 ιΝ
1155 295 1531 357 EPISTULA“
1560 298 1587 375 λι
1632 296 1718 352 AD
1760 283 2165 349 CORINTlllOS
2205 285 2719 349 COMMENI'ARIA.

3422 285 3524 342 5‘26

279 426 419 478 sisic
448 421 797 491 permanserit.
837 418 989 472 Beata
1028 416 1225 472 habens
1265 417 1513 469 maritum
1542 455 1557 478 ,
1598 413 1641 466 si
1684 410 1850 481 possit
1885 410 1922 467 Α
1956 408 2045 459 tia.
2093 408 2204 461 Non
2245 422 2431 481 omnes
2480 409 2651 461 sciunt
2675 450 2687 469 ,
2728 406 2865 475 quod
2906 414 3119 473 propter
3162 412 3524 471 contemptum

278 515 544 567 ctistodire
568 512 825 581 justitiam
846 552 860 574 ,
884 519 936 562 et
968 519 1168 562 tantum
1197 504 1409 576 pro,t'er
1436 507 1572 559 lilios
1602 504 1846 557 maritum

277 604 555 676 Cognoscit
592 620 605 655 :
639 603 843 655 beatior
873 601 1026 654 vidua
1050 641 1064 663 ,
1096 601 1216 670 quia
1248 601 1414 667 magis
1456 596 1656 649 laborat
1693 608 1848 663 quam

282 707 447 764 nupta
467 736 481 758 ,
525 703 579 747 ct
610 694 768 746 habet
802 692 1104 745 mercedem
1135 690 1391 743 castitatis
1411 727 1426 751 ,
1458 696 1509 741 et
1538 701 1693 739 orare
1721 700 1753 753 q
1793 699 1852 736 o-

285 788 419 839 tidie
471 785 632 838 libera
683 783 1011 836 conscientia
1062 789 1252 848 potest.
1311 779 1466 847 Virgo
1510 776 1849 839 beatissima,

282 877 407 941 quia
439 873 825 940 compendiose
863 872 1042 925 labore
1073 870 1137 923 ad
1169 869 1369 938 grande
1400 868 1675 932 pra'mium
1708 876 1853 933 pote-

280 967 356 1021 rit
388 965 690 1033 pervenire.
729 963 1017 1016 Secundum
1060 976 1223 1013 meum
1264 958 1548 1012 comitium.
1593 957 1741 1023 Quod
1787 955 1855 1008 do

285 1057 599 1126 virginibus.
655 1054 786 1106 Puto
816 1064 983 1106 autem
1012 1052 1147 1121 quod
1178 1060 1225 1104 et
1251 1066 1342 1119 ego
1372 1051 1611 1119 spiritum
1642 1048 1735 1107 Dei
1763 1049 1857 1100 hu—

280 1154 453 1208 beum.
485 1154 655 1207 Nolite
688 1163 873 1219 putare
907 1153 1029 1219 quia
1061 1167 1125 1205 ex
1160 1165 1244 1203 me
1276 1149 1376 1202 hoc
1407 1150 1577 1215 ipsum
1610 1148 1678 1200 sit
1717 1149 1854 1214 quod

280 1245 445 1299 dico:
476 1244 704 1311 Spiritus
746 1243 836 1295 Dei
879 1242 930 1294 in
973 1257 1057 1295 me
1100 1241 1351 1309 loquitur,
1387 1253 1541 1308 quem
1587 1239 1858 1291 contemni

280 1349 397 1387 non
430 1331 661 1401 expedit.
694 1331 818 1390 llic,
850 1338 1011 1398 puto,
1047 1344 1152 1381 non
1180 1327 1506 1381 dubietatem
1539 1327 1819 1395 signiﬁcat.

362 1424 487 1477 Cse.
524 1437 637 1475 vut.
674 1421 749 1474 De
779 1422 854 1472 his
881 1428 1049 1473 autem
1074 1434 1188 1487 qua:
1213 1418 1365 1471 idolis
1392 1418 1764 1484 sacriﬁcantur.
1801 1417 1861 1468 lit

280 1515 362 1567 de
393 1515 472 1566 his
504 1514 575 1565 illi
610 1513 955 1579 scripserant,
981 1512 1120 1563 sicut
1147 1517 1199 1563 et
1227 1509 1294 1563 de
1323 1508 1708 1577 superimibus,
1740 1508 1856 1575 quia

277 1602 684 1656 manducabant
729 1604 780 1654 in
812 1600 1027 1669 templis
1050 1641 1064 1665 ,
1101 1599 1336 1653 dicentes
1357 1640 1372 1662 ,
1406 1597 1591 1652 Omnis
1620 1608 1856 1652 creatura

280 1695 385 1747 Dei
406 1692 552 1747 bona
573 1735 587 1757 ,
615 1702 668 1747 et
700 1692 897 1747 idolum
927 1692 1058 1745 nihil
1087 1700 1203 1755 est,
1233 1703 1282 1745 et
1315 1691 1408 1744 hac
1440 1691 1668 1761 imagine
1694 1691 1861 1759 magis

1955 498 2054 549 hoc
2086 496 2327 563 faciatis:
2370 498 2459 549 scd
2495 504 2681 560 putant
2719 512 2810 547 vos
2860 504 3073 562 prmiter
3126 493 3523 548 venerationem

1957 586 2081 639 illud
2102 586 2295 641 facere.
2318 587 2537 652 Quidam
2560 597 2726 639 autem
2753 603 2866 639 cum
2889 587 3194 638 conscientia
3220 601 3373 655 isque
3392 601 3530 637 nunc

1944 677 2114 742 idoli,
2142 678 2287 744 quasi
2340 678 2681 747 idolothgtum
2730 676 3040 729 manducant
3081 691 3097 726 :
3132 684 3175 727 et
3220 677 3530 729 conscientia

1954 767 2202 836 ipsorum.
2222 783 2333 820 cum
2364 768 2428 821 sit
2456 767 2684 832 inﬁrma,
2718 766 2985 836 polluitur.
3014 763 3198 816 Adhuc
3226 765 3304 817 sic
3333 763 3532 819 habent

1958 858 2011 909 in
2043 858 2402 919 conscientia,
2438 856 2709 924 qumnodo
2736 865 3019 922 antequam
3048 851 3348 906 crederent.
3398 852 3533 905 Esca

1960 953 2129 998 autem
2162 960 2262 997 non
2295 959 2387 997 nos
2413 944 2731 997 commendat
2761 941 2869 1001 Deo
2895 956 2914 994 :
2938 956 3098 1007 neque
3120 942 3164 994 si
3190 957 3291 994 non
3316 941 3537 993 mandu-

1958 1038 2257 1102 caverimus,
2276 1038 2586 1103 deﬁciamus,
2610 1052 2770 1106 neque
2789 1038 2832 1089 si
2858 1036 3351 1100 manducaverimus,
3371 1036 3527 1087 abun:

1959 1130 2213 1183 dabimus.
2242 1129 2388 1183 Sicut
2420 1128 2545 1182 dicit
2578 1128 2787 1197 Aggeus
2818 1126 3072 1195 pr0pheta
3096 1166 3110 1191 ,
3145 1125 3209 1178 Et
3237 1128 3279 1177 si
3310 1127 3533 1179 mandu-

1958 1220 2211 1272 caveritis
2243 1230 2295 1270 et
2336 1218 2610 1281 biberitis,
2656 1231 2833 1272 nonne
2874 1217 3023 1270 vobis
3064 1216 3452 1269 manducahitis
3480 1229 3533 1269 et

1962 1306 2205 1361 biletis?
2244 1306 2423 1360 Videte
2454 1316 2622 1359 autem
2654 1322 2716 1358 ne
2742 1310 2873 1375 forte
2900 1304 3009 1358 hwc
3037 1306 3235 1358 licentia
3261 1316 3425 1358 vestra
3450 1307 3533 1373 of~

1969 1396 2285 1464 fendiculum
2325 1396 2412 1461 ﬁat
2451 1395 2689 1462 inﬁrmis.
2721 1394 2904 1448 Potest
2934 1394 3035 1447 hoc
3065 1393 3220 1446 simul
3251 1401 3302 1446 cl.
3331 1393 3399 1446 de
3432 1393 3536 1446 ἰιΙις

1966 1482 2234 1551 religiosis
2264 1484 2347 1537 vel
2381 1483 2591 1535 clericis
2623 1482 2721 1536 dici
2748 1523 2763 1546 ,
2806 1483 2895 1551 qui
2938 1482 3078 1551 quod
3120 1483 3312 1536 docent
3342 1483 3535 1546 verbo,

1964 1572 2241 1625 ch‘ruunt
2272 1573 2538 1639 escmplo,
2568 1572 2690 1624 till'll
2726 1580 2777 1625 et
2805 1571 3006 1625 divitiis
3035 1570 3316 1635 incubant,
3340 1582 3394 1625 et
3420 1587 3536 1639 pre-

1966 1673 1985 1716 t
2009 1664 2117 1718 osis
2140 1664 2376 1717 vestibus
2398 1664 2815 1716 circumdantur.
2838 1649 2897 1716 Si
2918 1663 3051 1715 enim
3071 1663 3182 1732 quis
3201 1663 3377 1714 viderit
3396 1680 3534 1727 eum,

276 1800 451 1853 quam
485 1786 705 1838 veritate
736 1783 957 1837 rationis
987 1781 1254 1837 errabant.
1288 1781 1489 1837 Scimus
1518 1782 1637 1850 quia
1665 1796 1857 1834 omnes.

1970 1774 2047 1827 qu:
2071 1758 2217 1810 habet
2242 1758 2504 1809 scientiam
2522 1799 2536 1825 ,
2560 1756 2611 1808 in
2631 1754 2789 1809 idolio
2807 1755 3168 1824 recumbentem
3190 1796 3204 1815 ,
3233 1772 3399 1808 nonne
3420 1772 3540 1807 con-

278 1876 400 1929 Nos
427 1890 658 1939 omnes;
692 1890 812 1928 nam
845 1890 950 1928 non
979 1874 1088 1938 illi,
1121 1875 1186 1927 de
1212 1873 1403 1942 quibus
1429 1872 1590 1937 dicit,
1622 1869 1725 1925 Sed
1758 1887 1862 1924 non

280 1970 343 2019 in
381 1966 625 2020 omnibus
654 1975 733 2019 est
767 1965 1020 2030 scientia,
1066 1964 1118 2017 id
1156 1971 1267 2029 est,
1308 1962 1529 2017 scientia
1569 1975 1597 2013 a
1639 1960 1863 2013 Domino

278 2057 434 2109 data.
464 2055 744 2109 Scientiam
766 2054 1024 2107 habemus.
1053 2054 1198 2108 lianc
1219 2052 1376 2107 habet
1401 2051 1859 2116 consuetudinem,

283 2154 351 2198 ut
399 2144 625 2212 primum
660 2144 855 2198 leniter
881 2143 1231 2213 ingrediatur,
1262 2151 1317 2197 et
1346 2144 1398 2196 in
1430 2141 1720 2196 πιονίεείωο
1759 2141 1861 2193 vim

279 2248 404 2287 suae
434 2233 695 2288 oratiOnis
727 2234 993 2288 ostendat.
1029 2234 1257 2289 Scienlia
1286 2234 1458 2301 inﬂat.
1502 2232 1704 2300 lllaque
1732 2232 1863 2284 stul-

278 2323 402 2375 titia
434 2331 520 2377 est
551 2324 686 2391 apud
724 2324 908 2376 Dium.
949 2322 1005 2377 Si
1043 2323 1262 2377 scientia
1307 2324 1488 2385 inﬁat,
1520 2322 1702 2390 utquid
1744 2321 1863 2377 illos

276 2412 464 2467 adhuc
490 2414 607 2481 plus
633 2414 741 2467 vult
767 2415 1004 2468 instare?
1029 2415 1145 2482 Ipse
1172 2415 1331 2469 etiam
1358 2414 1424 2468 de
1450 2430 1510 2469 se
1537 2412 1700 2479 dicit,
1728 2414 1789 2467 Et
1816 2413 1862 2468 si

279 2503 576 2572 imperitus
614 2518 898 2569 sermone,
929 2504 1024 2558 sed
1055 2520 1161 2559 non
1192 2504 1436 2559 scientia.
1471 2504 1535 2556 Et
1566 2519 1660 2571 pro
1690 2504 1861 2571 Ephe-

277 2592 386 2645 siis
416 2601 569 2655 orat,
604 2601 660 2645 ut
688 2593 907 2646 scientia
940 2594 1265 2661 repirantur.
1301 2595 1364 2647 Et
1395 2593 1445 2646 in
1484 2591 1581 2645 hac
1602 2592 1722 2661 'ipsa
1753 2593 1864 2662 epi-

275 2684 422 2734 stola
469 2686 666 2751 gratias
705 2686 849 2753 agit,
890 2684 1031 2753 quod
1062 2686 1252 2754 repleti
1281 2686 1387 2737 sint
1417 2685 1637 2739 scicntia
1678 2684 1862 2753 hujus-

276 2773 459 2837 modi,
504 2774 727 2827 scientia
771 2790 887 2842 qntn
920 2776 1199 2843 imaginem
1245 2776 1411 2844 magis
1447 2775 1667 2830 rationis
1706 2791 1862 2844 quam

280 2864 581 2916 veritatem
613 2864 880 2917 ostendit:
916 2879 1023 2917 non
1052 2864 1269 2917 scientia
1315 2880 1433 2933 qua:
1485 2873 1655 2933 potest
1683 2879 1866 2935 repre-

279 2953 482 3006 hendi.
515 2952 751 3006 Charitas
779 2969 896 3007 vero
924 2955 1170 3023 tediﬁcat.
1205 2954 1295 3007 Illa
1349 2955 1580 3009 charitas
1612 2970 1730 3026 qua:
1760 2970 1863 3010 non

277 3046 486 3115 quaerit
518 3060 636 3116 quae
667 3061 762 3101 sua
792 3054 956 3113 sunt,
991 3047 1084 3102 sed
1115 3046 1382 3116 quomodo
1410 3062 1505 3116 per
1527 3063 1642 3103 eam
1669 3047 1865 3103 Christi

1965 1848 2176 1902 scientia
2198 1849 2327 1913 eius,
2358 1862 2475 1900 cum
2508 1846 2571 1898 sit
2602 1845 2831 1913 inﬁrma,
2862 1844 3199 1911 tediﬁcabitur
3227 1848 3294 1897 ad
3324 1848 3538 1897 mandu-

1964 1939 2185 1989 candum
2210 1936 2535 2006 idolothyta?
2564 1932 2629 1987 Et
2653 1934 2801 2002 periit
2830 1936 3064 2003 inﬁrmus
3090 1936 3140 1989 in
3169 1945 3255 1988 tua
3282 1938 3541 1989 concien-

1965 2031 2056 2093 tia,
2076 2032 2254 2098 frater,
2275 2039 2480 2098 propter
2501 2043 2646 2095 quem
2664 2028 2895 2081 Christus
2917 2038 3142 2081 mortuus
3160 2037 3249 2082 est.
3272 2028 3360 2083 Sic
3375 2040 3539 2082 autem

1968 2116 2229 2189 peccantes
2251 2123 2301 2172 in
2330 2124 2534 2191 fratres,
2561 2130 2606 2172 et
2630 2120 2960 2188 pt-rcuticntcs
2985 2120 3338 2171 conscientiam
3366 2135 3537 2171 corum

1964 2213 2245 2280 inﬁrmam,
2260 2211 2312 2263 in
2334 2209 2537 2263 Christo
2561 2210 2796 2277 peccatis.
2812 2208 3124 2276 Quicunque
3148 2210 3539 2262 scandalizave-

1969 2302 2043 2355 rit
2062 2315 2229 2355 unum
2253 2299 2319 2353 de
2348 2299 2552 2367 pusilli~
2581 2300 2715 2361 istis,
2738 2297 2952 2367 expedit
2980 2298 3051 2351 illi
3075 2307 3130 2351 ut
3150 2298 3286 2351 mola
3304 2299 3537 2352 asinaria

1966 2392 2323 2457 suspeudatur
2365 2389 2506 2443 collo
2546 2388 2698 2458 ejus,
2740 2397 2794 2441 et
2839 2390 3075 2442 mittatur
3123 2389 3173 2441 in
3219 2390 3535 2455 profundum

1967 2485 2156 2539 matis:
2180 2483 2348 2537 levius
2370 2489 2452 2536 est
2475 2480 2601 2534 illud
2618 2521 2632 2543 ,
2658 2480 2796 2547 quod
2817 2494 3002 2549 grave.
3026 2479 3343 2549 Quapropter
3359 2484 3403 2533 si
3421 2498 3535 2535 esca

1966 2573 2279 2627 scandalizat
2309 2575 2518 2640 fratrem
2550 2584 2711 2621 meum
2735 2608 2751 2631 ,
2784 2584 2883 2621 non
2916 2569 3228 2622 manducabo
3256 2585 3283 2622 c
3316 2586 3458 2624 ruent
3486 2573 3542 2624 in

1933 2716 1936 2720 .
1965 2667 2236 2727 cternum,
2256 2680 2316 2717 ne
2337 2665 2552 2733 fratrem
2575 2678 2741 2716 meum
2762 2662 3129 2716 scandalizent.
3147 2662 3259 2716 Non
3283 2664 3396 2718 sola
3418 2679 3538 2719 esca

1967 2768 2014 2812 et
2042 2771 2197 2821 caro,
2227 2755 2319 2811 sed
2350 2769 2535 2810 omnes
2568 2755 2787 2822 reliquae
2817 2768 2921 2808 res.

2036 2874 2163 2928 CAP.
2194 2887 2270 2928 ιι.
2306 2871 2423 2925 Νοη
2446 2886 2555 2923 sum
2582 2870 2745 2923 liber?
2765 2885 2864 2922 non
2891 2885 3000 2921 sum
3027 2868 3329 2933 apostolus?
3356 2869 3426 2922 ita
3457 2869 3531 2923 le.-

1968 2962 2197 3033 gendum
2240 2970 2354 3031 est,
2396 2958 2641 3027 Nunquid
2684 2973 2787 3013 non
2828 2959 2988 3013 sum?
3028 2956 3193 3012 Suum
3235 2960 3537 3027 exemplum

1969 3053 2078 3108 illis
2094 3051 2334 3121 replicat,
2357 3050 2499 3121 quod
2524 3063 2646 3105 cum
2674 3048 2948 3104 habuisset
2969 3049 3145 3102 omnia
3174 3050 3225 3102 in
3255 3058 3536 3116 potestate,

277 3148 496 3203 corpus
531 3135 791 3202 proﬁciat.
837 3136 1070 3191 Scientia
1099 3137 1216 3191 sine
1245 3138 1503 3193 charitate
1533 3137 1711 3201 inﬂat,
1741 3153 1861 3193 cum
1890 3126 1937 3190 C
1969 3142 2201 3196 noluerit
2227 3140 2430 3205 facere,
2457 3138 2600 3209 quod
2627 3138 2707 3193 illi
2732 3137 2959 3204 licebat,
2983 3147 3179 3207 prteter
3204 3138 3427 3190 aliorum
3456 3152 3540 3191 sa-

276 3227 556 3280 charitate
577 3226 819 3280 mdilicat.
849 3226 908 3282 Si
928 3227 1040 3296 quis
1062 3242 1115 3280 se
1137 3228 1394 3280 existimat
1416 3230 1546 3281 scire
1568 3227 1782 3297 aliquid.
1807 3227 1863 3281 Si

272 3315 403 3389 quis
437 3314 540 3370 sibi
573 3315 781 3374 videtur
809 3315 1049 3383 sapiens,
1083 3331 1188 3370 non
1226 3325 1310 3371 est
1342 3318 1594 3385 sapiens;
1626 3333 1745 3371 nam
1776 3319 1863 3387 qui

274 3426 415 3465 vere
448 3411 666 3478 sapiens
694 3420 813 3477 est,
847 3406 1268 3479 insipientiorcm
1301 3421 1359 3462 se
1385 3408 1632 3463 omnibus
1660 3408 1830 3463 credit
1849 3449 1862 3470 .

275 3512 333 3556 et
366 3502 470 3555 ille
500 3515 623 3554 vere
650 3508 734 3554 est
760 3500 1007 3569 sapiens,
1040 3500 1130 3570 qui
1168 3501 1420 3568 quidquid
1462 3500 1584 3553 boni
1625 3499 1793 3568 sapit,
1836 3511 1865 3550 a

277 3590 399 3645 Deo
431 3606 493 3643 se
519 3590 788 3657 accepisse
819 3598 1063 3644 testatur.
1112 3588 1357 3641 Nondum
1388 3589 1617 3657 coqnovit
1635 3628 1649 3651 ,
1690 3590 1864 3656 qttem-

275 3682 574 3735 admodum
615 3691 845 3750 oporteat
888 3698 1002 3734 eum
1039 3682 1186 3735 srire.
1229 3682 1328 3747 Qut
1368 3682 1468 3735 sibi
1510 3681 1690 3735 tribuit
1729 3681 1867 3749 quod

272 3777 388 3827 scit
417 3786 521 3841 per
546 3773 760 3826 stultam
790 3773 1258 3841 praesumptionem
1279 3811 1295 3834 ,
1326 3771 1494 3826 nescit
1520 3772 1867 3841 quemadmo-

275 3867 418 3919 dum
451 3875 697 3933 oporteat
721 3880 841 3919 eum
872 3865 1032 3919 scire.
1063 3865 1124 3919 Si
1149 3866 1264 3934 quis
1289 3874 1454 3919 autem
1479 3866 1643 3934 diligit
1672 3865 1832 3917 Deum
1851 3904 1867 3929 ,

272 3957 367 4009 hic
397 3956 637 4025 cognitus
664 3966 734 4009 cst
764 3958 827 4010 ab
870 3973 947 4010 eo.
991 3956 1327 4011 tEdiﬁcando
1370 3958 1656 4011 Ecclesiam
1697 3958 1871 4027 diligit

277 4048 464 4103 Deum
486 4088 501 4112 ,
532 4048 656 4115 quia
688 4056 743 4103 et
770 4050 1071 4116 proximum
1102 4050 1243 4103 hunc
1269 4050 1418 4103 novit
1440 4049 1718 4121 Dominus,
1748 4050 1868 4115 quia

271 4142 544 4209 cognovit
577 4141 831 4195 Dominus
861 4144 947 4209 qui
975 4151 1098 4195 sunt
1123 4142 1260 4210 ejus.
1296 4142 1368 4194 De
1397 4143 1520 4194 escis
1552 4153 1718 4195 autem
1757 4156 1871 4209 quae

272 4231 445 4284 idolis
472 4230 822 4292 immolantur,
845 4233 1027 4284 scimus
1052 4234 1169 4301 quia
1192 4230 1320 4284 nihil
1340 4241 1413 4284 est
1434 4232 1632 4284 idolum
1656 4231 1707 4283 in
1727 4246 1872 4283 inun-

271 4322 378 4384 εἰσ,
406 4320 618 4389 etquod
648 4321 819 4374 nullus
848 4329 920 4373 est
950 4319 1118 4384 Deus,
1149 4322 1247 4374 nisi
1276 4337 1427 4376 unus.
1459 4320 1702 4388 Repetit,
1729 4319 1870 4388 quod

271 4411 545 4479 superius
574 4409 809 4472 dixerat.
843 4411 1077 4473 scimus,
1111 4424 1164 4463 et
1194 4409 1320 4477 quid
1351 4409 1419 4462 sit
1447 4409 1675 4463 ostendit
1702 4451 1718 4474 ,
1747 4409 1868 4474 quia

1968 3230 2155 3285 lutem.
2185 3228 2373 3284 Nonne
2399 3227 2576 3283 Iesum
2609 3228 2884 3282 Dominum
2911 3240 3140 3281 nostrum
3164 3228 3302 3282 vidi?
3320 3222 3541 3294 Quandb

1965 3319 2012 3372 ei
2043 3318 2288 3388 apparuit
2321 3318 2373 3371 in
2401 3320 2506 3371 via.
2542 3316 2732 3371 Nonne
2758 3332 2885 3386 Opus
2912 3332 3074 3370 meum
3100 3332 3186 3370 vos
3209 3319 3325 3371 estis
3354 3320 3405 3370 in
3433 3317 3540 3369 Do-

1966 3409 2150 3464 mino?
2185 3408 2247 3462 Et
2277 3408 2322 3462 si
2350 3409 2469 3462 aliis
2494 3424 2596 3461 non
2624 3424 2736 3462 sum
2769 3407 3067 3478 apostolus,
3097 3409 3187 3461 scd
3214 3420 3376 3463 tamen
3403 3412 3541 3463 vobis

1964 3516 2097 3553 sum.
2133 3499 2285 3566 Aliis,
2319 3498 2384 3553 ad
2424 3510 2560 3567 quos
2608 3511 2712 3552 non
2759 3511 2875 3552 sum
2918 3497 3133 3551 missvts.
3184 3496 3321 3551 Nam
3361 3500 3539 3569 signa-

1969 3591 2140 3644 culum
2172 3593 2490 3659 apostolatus
2517 3591 2616 3643 mci
2646 3606 2731 3643 vos
2755 3590 2873 3643 estis
2900 3588 2956 3642 in
2996 3588 3238 3643 Domino.
3283 3588 3539 3643 Iudicium

1968 3679 2298 3749 apostolatus
2328 3681 2433 3735 mei
2464 3688 2577 3743 est,
2609 3677 2749 3748 quod
2778 3692 2873 3732 vos
2898 3677 3206 3732 credidistis
3233 3679 3284 3731 in
3319 3679 3544 3733 Domino

1971 3788 2067 3841 per
2110 3787 2215 3826 me.
2262 3772 2382 3826 Mea
2422 3772 2652 3841 defensio
2690 3771 2831 3839 apud
2857 3787 2942 3825 eos
2968 3771 3056 3841 qui
3085 3788 3165 3825 me
3194 3773 3538 3845 interrogant,

1972 3868 2078 3920 lucc
2106 3875 2201 3919 est.
2233 3865 2334 3919 Per
2376 3866 2491 3919 hmc
2519 3864 2777 3918 deti-ador
2805 3879 2926 3919 es~e
2965 3866 3259 3932 apostolus.
3293 3866 3544 3936 Nunquid

1960 3974 2076 4010 ~non
2123 3956 2366 4009 habemus
2406 3963 2700 4025 potestatem
2728 3955 3073 4008 manducandi
3110 3964 3155 4007 et
3189 3956 3424 4012 bibendi?
3471 3959 3546 4012 De

1974 4059 2153 4101 vestro
2183 4049 2300 4101 sine
2332 4047 2513 4100 labore
2545 4056 2750 4102 nostro.
2788 4046 3039 4114 Nunquid
3067 4064 3167 4100 non
3194 4050 3430 4103 habemus
3456 4067 3548 4119 po-

1974 4147 2205 4190 tcstttlent
2231 4152 2459 4189 sororem
2481 4137 2748 4191 mulierem
2770 4138 3221 4193 circumducendi?
3243 4140 3372 4206 Quze
3396 4142 3548 4193 nobis

1980 4229 2325 4284 ministraret.
2361 4229 2476 4283 Non
2506 4228 2640 4282 dixit
2672 4228 2937 4295 ducendi,
2966 4231 3056 4285 sed
3086 4232 3545 4298 circumducendi,

1982 4337 2050 4375 ne
2079 4320 2200 4385 quis
2229 4320 2296 4375 de
2325 4335 2493 4375 uxore
2523 4334 2617 4374 sua
2645 4320 2816 4388 ipsum
2844 4321 3044 4377 dixisse
3073 4332 3297 4391 putaret.
3332 4324 3477 4378 Sicut
3502 4336 3550 4378 et

1977 4413 2143 4466 ταπετὶ
2171 4412 2392 4480 apostoli
2413 4453 2427 4473 ,
2457 4422 2504 4464 et
2531 4411 2716 4480 fratres
2750 4410 2985 4477 Domini,
3019 4425 3066 4466 et
3100 4414 3314 4483 Ccphas.
3346 4416 3456 4469 Non
3490 4419 3552 4470 il-

272 4499 426 4552 nihil
460 4506 541 4549 est
569 4498 786 4551 idolum.
819 4497 956 4551 Nam
1007 4498 1101 4554 etsi
1124 4508 1239 4550 sunt
1265 4497 1349 4564 qui
1376 4498 1613 4549 dicantur
1635 4496 1741 4549 Dii.
1771 4494 1865 4547 ΡΟ·
1900 4481 1955 4542 Ῑ)
1983 4505 2061 4556 los
2091 4503 2284 4557 indicat
2312 4520 2326 4557 :
2375 4503 2467 4557 sed
2509 4504 2628 4569 quia
2670 4503 2740 4556 ili
2782 4503 3107 4559 ﬁdelioribus
3156 4481 3509 4575 pre‘dn‘abanl
3532 4548 3546 4571 ,

274 4599 397 4644 test
428 4588 537 4642 dici
566 4588 703 4657 quod
727 4589 953 4652 dicatur,
984 4596 1040 4641 et
1069 4602 1171 4640 non
1200 4588 1289 4641 sit.
1320 4587 1437 4641 Sit-e
1461 4591 1513 4640 in
1538 4588 1662 4640 cozlo
1690 4587 1792 4639 sive
1817 4587 1870 4639 in

272 4689 432 4733 terra
462 4693 479 4729 :
509 4679 758 4745 siquidem
786 4687 903 4731 sunt
936 4676 1021 4729 Dii
1046 4676 1221 4740 multi,
1254 4687 1297 4729 et
1332 4676 1537 4729 Domini
1564 4677 1712 4730 multi
1730 4690 1750 4730 :
1778 4693 1870 4729 no-

273 4773 363 4825 bis
397 4782 571 4824 tamen
589 4787 719 4823 unus
747 4770 876 4823 Deus
902 4767 1080 4832 Pater,
1102 4785 1166 4821 ex
1181 4784 1280 4836 quo
1300 4768 1889 4831 omnia,etnosinillunt:

276 4861 494 4931 Angeli
527 4870 579 4913 et
604 4859 778 4914 sancti
802 4858 1040 4929 ,quibus
1069 4858 1227 4925 dicit,
1266 4859 1376 4927 Ego
1404 4858 1545 4921 dixi,
1586 4859 1666 4912 Dii
1707 4858 1872 4923 estis,

271 4960 338 5004 et
381 4950 597 5003 Domini
624 4988 638 5010 ,
670 4948 837 5001 sancti
869 4963 1054 5002 eorum
1086 4962 1220 5016 quos
1258 4947 1595 5015 judicabant,
1642 4948 1768 5003 Sive
1799 4950 1877 5002 sic

276 5038 373 5094 Dii
420 5038 474 5089 iu
505 5038 643 5092 caelo
665 5078 678 5099 ,
710 5047 766 5091 et
798 5037 1006 5091 Domini
1037 5037 1090 5089 in
1125 5048 1288 5091 terra.
1325 5036 1420 5090 Hic
1458 5036 1640 5090 Ariani
1679 5037 1875 5090 calum-

269 5134 543 5195 niantur,
570 5131 838 5185 Christum
870 5130 1037 5184 Deum
1066 5144 1185 5183 esse
1212 5140 1490 5199 negantes,
1523 5130 1640 5196 quia
1673 5138 1873 5182 tantum

274 5223 571 5280 Dominus
600 5222 919 5291 appellatur.
951 5220 1155 5287 Quibus
1185 5218 1612 5287 respondendum
1653 5226 1735 5273 est
1764 5237 1774 5271 :
1819 5219 1874 5273 Si

271 5318 428 5371 ideo
456 5330 562 5367 non
588 5314 695 5366 erit
723 5312 863 5366 Deus
885 5352 900 5377 ,
928 5312 1053 5381 quia
1078 5325 1211 5365 unus
1241 5310 1379 5385 Deus
1405 5318 1485 5364 est
1520 5308 1692 5372 Pater,
1746 5323 1874 5379 ergo

266 5420 334 5464 et
362 5405 536 5460 Pater
559 5420 664 5459 non
687 5404 788 5459 erit
812 5402 1086 5468 Dominus,
1116 5401 1236 5470 quia
1264 5401 1518 5454 Dominus
1548 5414 1684 5453 unus
1725 5400 1877 5454 Chri-

266 5507 421 5553 stus
466 5511 480 5548 :
515 5492 580 5546 Et
618 5511 747 5547 unus
799 5493 1049 5545 Dominus
1087 5490 1236 5543 Jesus
1285 5489 1541 5549 Christus.
1596 5506 1685 5557 per
1727 5504 1871 5557 quem

265 5583 510 5648 omnia,
542 5592 590 5635 et
620 5599 712 5636 nos
741 5598 828 5651 per
854 5581 1042 5648 ipsum.
1076 5579 1174 5645 Qui
1206 5584 1382 5633 ontnia
1416 5595 1479 5630 ex
1514 5578 1677 5630 nvhilo
1713 5578 1832 5631 fecit
1858 5619 1871 5641 ,

265 5674 379 5729 ubi
412 5669 731 5726 Trinitatem
765 5670 1016 5738 intellige.
1042 5669 1146 5721 Sed
1174 5685 1270 5721 non
1300 5668 1348 5721 in
1376 5668 1607 5721 omnibus
1632 5675 1702 5719 est
1725 5669 1879 5720 scien-

1980 4593 2196 4649 liberius
2244 4608 2431 4661 panem
2481 4593 2847 4661 quotidianum
2902 4596 3267 4661 accipiebant,
3316 4599 3440 4665 quia
3496 4608 3550 4650 et

1981 4685 2118 4753 apud
2160 4682 2373 4737 Judaos
2416 4685 2527 4738 haec
2581 4697 2692 4739 erat
2739 4687 3071 4742 consuetudo
3107 4688 3407 4742 doctorum.
3453 4689 3553 4741 Aut

1980 4775 2120 4829 solus
2164 4790 2257 4845 ego
2300 4783 2345 4827 et
2400 4775 2660 4828 Barnabas
2700 4792 2800 4830 non
2838 4776 3081 4831 habemus
3120 4764 3413 4848 potestatein
3455 4778 3550 4831 hoc

1982 4867 2272 4936 oper-andi?
2310 4866 2406 4932 Qui
2446 4868 2509 4919 ad
2550 4875 2732 4935 gentes
2765 4870 2908 4923 missi
2949 4885 3152 4923 sumus.
3193 4872 3315 4935 Quis
3345 4872 3546 4924 militat.

1986 4956 2085 5009 Dat
2124 4957 2224 5009 alia
2265 4943 2543 5024 exempla,
2586 4958 2775 5022 quibus
2816 4960 3003 5027 probet
3039 4960 3139 5013 sibi
3172 4960 3409 5015 debitum
3452 4963 3553 5015 hoc.

1987 5046 2169 5101 fuisse.
2197 5048 2321 5102 Suis
2344 5050 2609 5118 stipendiis
2638 5050 2899 5117 unquam?
2928 5051 2991 5104 Et
3018 5065 3122 5103 non
3152 5053 3397 5120 publicis.
3427 5058 3553 5115 (luit

1986 5138 2178 5203 plantat
2210 5139 2423 5198 l‘llti‘a'lt,
2458 5149 2506 5192 et
2538 5139 2601 5192 de
2633 5139 2798 5204 fructu
2827 5140 2939 5209 ejus
2966 5157 3066 5194 non
3095 5143 3205 5195 edet
3230 5142 3254 5195 .7
3282 5143 3382 5198 Per
3407 5158 3554 5196 com.

1988 5229 2313 5295 piratiuncm
2344 5229 2427 5282 hic
2458 5232 2711 5294 populum
2740 5231 2862 5281 dicit
2892 5231 3131 5295 vineam,
3156 5233 3293 5285 sicnt
3319 5234 3386 5284 ibi
3407 5275 3421 5295 ,
3455 5234 3545 5282 \‘i-

1986 5335 2135 5371 neam
2156 5321 2220 5371 de
2242 5318 2471 5388 A‘Lgypto
2494 5321 2822 5373 transtulisti.
2851 5321 2976 5386 Quis
3001 5325 3155 5388 pascit
3178 5339 3399 5392 gregem,
3422 5333 3464 5372 et
3490 5328 3553 5376 de

1982 5410 2112 5460 lacte
2127 5410 2289 5475 gregis
2319 5424 2418 5459 non
2441 5411 2750 5463 mandarat?
2774 5412 2835 5463 Et
2863 5411 3004 5466 dabo
3029 5412 3176 5465 vobis
3203 5423 3442 5481 pastores
3463 5428 3549 5464 se-

1981 5497 2212 5549 cundum
2246 5510 2341 5550 τοι·
2373 5512 2547 5551 meum
2568 5538 2582 5561 ,
2616 5508 2671 5551 et.
2706 5508 2925 5565 pasceut
2957 5514 3052 5553 vos
3086 5515 3206 5554 cum
3245 5500 3550 5568 disciplina.

1991 5585 2235 5654 Nunquid
2259 5589 2531 5639 secundum
2560 5588 2812 5642 hominem
2838 5589 2945 5643 ha'c
2974 5588 3123 5645 dico?
3154 5591 3226 5644 Ex
3258 5606 3364 5645 me.
3397 5591 3475 5644 An
3507 5604 3556 5645 et

1985 5677 2067 5727 lca:
2096 5678 2200 5728 lucc
2229 5694 2326 5730 non
2359 5676 2521 5732 dicit?
2554 5677 2812 5750 Scriptum
2842 5688 2912 5731 est
2942 5681 3073 5733 enim
3104 5682 3154 5735 in
3197 5682 3305 5752 lege
3344 5679 3511 5752 Moysi
3539 5723 3555 5747 ,
