3904 6176
530 345 629 399 5‘27

1637 336 1924 391 runnsn
1969 312 2409 390 innumeram
2451 329 2656 386 ωδε.

3606 334 3685 391 5‘28

538 459 651 510 Non
680 456 913 525 alligabis
946 469 998 507 os
1026 453 1135 506 bovi
1165 452 1445 503 trituranti.
1478 449 1665 503 Omnia
1701 450 1833 516 legis
1862 450 2102 502 tcstimo—
2135 451 2174 506 Α
2209 448 2383 499 dicans
2425 446 2534 498 sine
2573 451 2772 513 sumptu
2815 458 2997 511 ponam
3032 441 3359 511 Evangeliam.
3391 444 3520 500 Unde
3553 448 3690 505 balteo

531 550 629 603 niis
656 564 684 601 c
724 548 877 599 nlirtn
897 553 950 596 tt.
985 542 1228 611 Nunquid
1260 541 1323 594 de
1354 540 1379 591 b
1398 540 1507 592 -bns
1535 556 1656 591 cura
1683 550 1756 592 est
1786 538 1890 590 Deo
1914 539 1937 589 ἵ)
1963 538 2104 603 Quo-

531 639 690 691 modo
726 649 857 704 ergo
894 634 959 685 de
999 630 1301 699 passeribus
1346 628 1450 681 Deo
1490 642 1614 681 c.ra
1654 636 1764 691 est,
1800 636 1851 680 ιι
1892 629 1942 679 in
1974 626 2107 679 Jona

532 729 724 781 dicitur
763 726 828 777 de
868 722 1093 784 N‘ttive,
1136 720 1186 772 in
1225 733 1324 786 qua
1366 727 1489 771 sunt
1530 716 1803 770 hominum
1845 716 1965 782 plus
2008 713 2109 767 1ἳο

533 816 719 876 millia,
747 821 801 865 et
832 825 1020 878 pecora
1055 806 1262 861 multa?
1291 805 1393 861 Sed
1432 815 1486 861 et
1526 806 1638 873 ipsa
1680 814 1894 872 promer
1935 802 2110 856 homi-

537 919 655 955 nem
687 911 868 955 creata
899 910 1040 953 sunt.
1072 898 1199 949 Nam
1228 896 1508 949 delicieute
1536 894 1777 951 homine.
1805 904 1857 948 et
1887 893 1983 947 ista
2015 893 2111 946 de-

538 997 733 1046 tic'cnt.
766 992 844 1042 An
872 998 1080 1056 prap'er
1100 990 1207 1039 'nos
1244 988 1411 1053 utique
1437 984 1595 1037 dicit?
1622 982 1760 1037 Nam
1788 992 1994 1053 prOpter
2022 997 2114 1034 nos

538 1085 706 1145 utique
748 1081 937 1145 scripta
977 1086 1114 1131 sunt.
1164 1075 1412 1141 Quoniam
1452 1074 1589 1127 dtbet
1632 1075 1683 1126 in
1724 1089 1812 1140 spe
1847 1073 1932 1139 qui
1969 1079 2112 1135 arat,

538 1186 718 1232 arare,
761 1179 807 1220 et
847 1168 931 1237 qui
964 1168 1196 1231 triturat,
1226 1165 1278 1217 in
1307 1181 1395 1232 spe
1424 1167 1621 1234 {luctus
1651 1164 1981 1233 percipiendi.
2017 1163 2116 1216 De-

545 1266 631 1315 lect
665 1262 891 1313 fructum
923 1258 1004 1310 sui
1034 1270 1250 1325 sperare
1282 1255 1477 1307 laboris
1498 1294 1511 1318 ,
1543 1263 1595 1306 ct
1624 1254 1713 1319 qui
1747 1253 1990 1317 triturat,
2022 1251 2116 1305 de-

545 1355 590 1404 ba
616 1361 633 1404 t
663 1352 728 1404 de
762 1354 871 1417 ipsa
904 1361 1027 1401 area
1061 1347 1403 1398 manducare.
1441 1345 1511 1397 Ut
1548 1358 1641 1412 per
1672 1342 1808 1395 hanc
1838 1354 2118 1408 compara-

546 1442 746 1494 tiuuent
782 1440 1007 1492 libenter
1038 1435 1296 1489 tribuatur
1334 1434 1398 1487 iis
1435 1432 1521 1501 qui
1563 1433 1614 1485 in
1654 1432 1814 1486 verbo
1853 1431 2114 1485 laborant.

545 1532 604 1583 Si
652 1546 742 1583 nos
789 1529 926 1580 vobis
965 1524 1256 1595 spiritualia
1293 1522 1686 1586 seminavimus,
1732 1535 1974 1592 magnum
2023 1510 2125 1575 est:

550 1623 662 1674 Non
695 1630 803 1672 erat
838 1632 1082 1693 magnum
1104 1656 1118 1681 ,
1152 1630 1256 1669 non
1287 1629 1381 1668 vos
1410 1613 1756 1682 gravabamus
1776 1653 1792 1678 ,
1826 1611 1870 1666 si
1899 1610 2121 1665 velimus

548 1714 792 1777 accipere
813 1752 826 1774 ,
860 1708 955 1762 sed
986 1708 1231 1761 nolumus
1262 1715 1475 1774 propter
1504 1718 1617 1758 vos.
1660 1701 1720 1757 Si
1759 1716 1851 1755 nos
1891 1700 2121 1753 carnalia

2213 536 2551 591 mercedem?
2580 546 2629 588 et
2661 536 2772 603 ipse
2802 534 2902 588 silli
2937 535 3231 601 restiondit,
3272 547 3323 588 ιιι
3363 540 3505 606 gratis
3530 554 3691 595 annun-

2214 627 2356 681 tio-m.
2395 627 2461 681 Ut
2493 643 2591 679 non
2623 626 2804 678 abutar
2831 635 3071 690 potestate
3098 641 3202 678 mea
3231 627 3279 678 in
3315 627 3570 697 Euangelio.
3594 630 3694 686 Sive

2216 731 2284 768 ne
2326 726 2443 769 utar
2489 723 2749 783 potestate
2787 728 2944 782 quam
2991 715 3188 780 accepi.
3229 715 3345 770 Sive
3378 717 3490 769 dum
3524 720 3701 774 voluero

2216 803 2478 871 arripere,
2507 802 2664 856 vilem
2705 802 2892 854 faciam
2941 812 3244 869 potestatem
3273 818 3450 867 meam,
3477 820 3581 859 cum
3607 822 3701 875 pro-

2221 904 2337 961 pter
2385 902 2625 947 ventrem
2671 908 2844 946 meum
2898 892 3090 947 docere
3140 895 3423 949 exiStimor.
3454 896 3572 949 Nam
3616 914 3705 951 cum

2222 983 2346 1036 liber
2370 998 2529 1036 es.em
2561 997 2625 1036 ex
2665 981 2915 1044 omnibus,
2963 983 3186 1035 omnium
3219 999 3294 1037 me
3328 1000 3505 1037 servum
3530 986 3628 1054 feci,
3664 997 3708 1039 ut

2221 1075 2390 1144 plures
2431 1074 2803 1142 lucrifacerem.
2854 1073 2986 1126 Cum
3036 1074 3228 1142 possim
3256 1077 3326 1129 uti
3356 1077 3574 1131 libertate
3598 1093 3712 1141 mea.

2223 1171 2277 1215 et
2305 1163 2371 1215 de
2399 1162 2609 1216 tat-teris
2637 1175 2743 1215 non
2773 1176 2981 1225 curare,
3010 1163 3253 1217 omnibus
3279 1172 3439 1218 tamen
3459 1179 3713 1234 compsssus

2222 1264 2362 1314 sum,
2389 1260 2446 1304 ut
2473 1265 2567 1309 eos
2594 1251 2878 1307 Salutarem.
2906 1251 2971 1304 Et
2999 1253 3160 1321 [actus
3187 1269 3296 1306 sum
3316 1251 3498 1307 Judteis
3522 1265 3717 1320 tanquam

2222 1336 2461 1404 Iudaeus,
2480 1349 2535 1392 ut
2562 1338 2771 1394 Juda'os
2806 1340 3051 1394 lucrarer.
3077 1341 3293 1407 Quando
3317 1356 3373 1396 se
3401 1345 3653 1411 puriﬁcavlt
3678 1348 3716 1398 in

2226 1429 2447 1497 templo,
2488 1430 2627 1499 quod
2661 1442 2899 1498 tempore
2941 1434 3127 1500 gratiae
3171 1445 3380 1487 noverat
3424 1448 3531 1489 esse
3570 1451 3719 1501 super-

2228 1519 2411 1574 ﬂuum.
2469 1519 2569 1573 llis
2610 1522 2696 1589 qui
2724 1522 2815 1574 sub
2854 1523 2961 1591 lege
2986 1532 3125 1587 sunt,
3175 1523 3313 1589 quasi
3340 1524 3423 1576 sub
3460 1524 3558 1593 lege
3579 1541 3720 1577 essent.

2227 1610 2472 1664 Ostendit
2498 1609 2768 1678 quomodo
2799 1610 2955 1665 fuerit
2978 1625 3100 1667 cum
3127 1614 3205 1667 eis
3244 1622 3293 1667 et
3319 1614 3421 1683 ipse
3441 1613 3646 1679 Judaeus,
3680 1623 3723 1668 ut

2228 1700 2280 1754 ei
2298 1700 2511 1756 daretur
2536 1700 2747 1758 occasio
2770 1702 3087 1770 prmdicandi
3108 1704 3205 1757 εἰς.
3230 1703 3348 1757 Cum
3375 1705 3473 1772 ipse
3498 1721 3583 1757 non
3603 1721 3724 1758 essent

548 1811 710 1855 restra
740 1807 1005 1852 metamus.
1040 1798 1379 1864 Quaecunque
1407 1794 1706 1848 necessaria
1746 1799 1889 1845 sunt.
1931 1789 1992 1845 Si
2028 1789 2120 1842 alii
2156 1813 2203 1871 Β
2236 1790 2325 1843 sub
2359 1792 2484 1861 lege,
2523 1801 2576 1845 ut
2609 1807 2696 1846 eos
2722 1793 2805 1859 qui
2848 1792 2939 1844 sub
2962 1795 3069 1862 lege
3112 1804 3252 1847 erant
3282 1794 3615 1862 lucrifacerem.
3637 1794 3726 1849 Non

550 1893 806 1962 potestatis
830 1901 1003 1944 vestra
1025 1889 1297 1960 participes
1322 1894 1469 1947 sunt,
1492 1901 1652 1955 quare
1676 1900 1775 1937 non
1807 1883 1973 1950 potius
1997 1882 2122 1936 nos?

554 1984 659 2038 Sed
690 2000 790 2036 non
820 1984 898 2034 usi
924 1996 1098 2034 sumus
1127 1980 1221 2033 hac
1248 1987 1511 2048 potestate.
1546 1978 1620 2030 De
1669 1973 2128 2045 pseudoapostolis

552 2073 713 2137 dicit,
746 2072 938 2138 quibus
970 2085 1074 2123 non
1104 2070 1415 2131 debebatur,
1456 2069 1542 2136 qui
1575 2065 1709 2120 nihil
1738 2066 1838 2119 illis
1869 2064 2131 2132 praestite-

557 2173 691 2215 rant.
727 2163 834 2216 Sed
865 2162 1036 2214 omnia
1067 2161 1211 2213 sustiv
1234 2175 1393 2212 emus.
1429 2159 1489 2210 Et
1522 2157 1713 2209 famem
1738 2197 1753 2221 ,
1785 2165 1838 2208 et
1867 2155 2009 2206 sitim
2031 2191 2045 2214 ,
2079 2162 2133 2205 et

557 2250 870 2304 nuditatem.
918 2251 997 2303 t\'e
1042 2249 1179 2318 quod
1226 2247 1594 2314 oﬂ‘endieufnm
1633 2249 1804 2298 demus
1855 2243 2131 2312 Evangelia

557 2339 766 2394 Christi.
801 2340 873 2393 Ne
903 2340 952 2391 in
983 2340 1159 2406 a'iquo
1184 2338 1355 2403 tllSltllt
1375 2345 1461 2389 eat
1492 2336 1797 2403 pra-dicatio
1822 2344 1998 2387 nostra
2019 2372 2034 2396 ,
2068 2347 2133 2387 ne

558 2433 630 2487 illi
661 2433 851 2499 quibus
882 2434 1335 2501 cvangeltzamus,
1368 2447 1460 2495 per
1487 2446 1583 2483 nos
1608 2429 1909 2493 oll'cndant,
1942 2430 2133 2481 adver-

559 2523 714 2577 s:niis
737 2525 1019 2576 occasione
1047 2532 1264 2587 accepta
1305 2519 1705 2585 duvtrantibus.
1747 2516 1969 2573 Nescitis
2009 2528 2132 2579 quos

562 2617 699 2667 niam
738 2620 821 2682 qui
850 2616 900 2666 in
932 2615 1158 2666 sacrario
1186 2622 1481 2680 operantur,
1512 2626 1624 2680 quia
1660 2610 1722 2662 de
1756 2625 1901 2663 sacra
1932 2609 1982 2661 io
2019 2617 2136 2662 sunt

560 2707 755 2759 edant?
785 2706 882 2769 Qui
910 2704 1098 2755 altario
1130 2703 1414 2757 deserviunt
1443 2718 1557 2754 eum
1588 2701 1775 2754 altario
1807 2701 2133 2769 participant.

565 2795 712 2861 Apud
740 2793 950 2848 Judaaos
974 2794 1265 2846 secundum
1297 2791 1486 2860 legem.
1516 2789 1601 2843 Ita
1625 2800 1673 2844 et
1703 2789 1955 2843 Dominus
1981 2790 2134 2842 ador-

563 2887 698 2940 navit
728 2887 791 2938 iis
821 2890 906 2952 qui
940 2883 1197 2954 Evangeli,
1224 2902 1271 2937 ιιι
1310 2885 1615 2937 annnntiant
1653 2882 1716 2937 de
1758 2882 2033 2953 Evangelia
2063 2882 2138 2935 vi-

564 2994 696 3032 rere.
727 2976 873 3031 Sicut
903 2977 1062 3041 dicit,
1104 2976 1300 3043 Dignus
1329 2985 1408 3029 est
1436 2974 1712 3041 aperarius
1743 2976 1989 3030 mercede
2016 2987 2132 3027 sua.

568 3069 701 3123 Dicit
732 3068 1020 3136 Apostolus
1039 3107 1053 3128 ,
1088 3068 1249 3121 licere
1279 3067 1379 3121 sibi
1408 3066 1621 3135 quidem
1652 3078 1705 3121 ct
1744 3065 2062 3134 permissum
2103 3079 2134 3119 a

2237 1893 2319 1935 est
2348 1885 2446 1935 sub
2470 1882 2606 1949 lege,
2639 1897 2755 1951 qua:
2779 1884 3009 1951 parvulis
3032 1884 3157 1938 data
3184 1893 3284 1951 est,
3311 1886 3395 1953 qui
3422 1886 3569 1951 gratia
3587 1885 3728 1953 implet

2232 1976 2435 2041 legent;
2477 1973 2623 2040 justo
2647 1974 2786 2026 enim
2821 1974 2905 2028 lex
2956 1990 3062 2029 non
3093 1985 3176 2030 est
3216 1979 3399 2045 posita.
3428 1976 3518 2029 llis
3540 1978 3613 2046 qui
3647 1979 3727 2027 sine

2230 2066 2339 2132 lt'ge
2361 2074 2525 2125 erant,
2556 2075 2792 2130 tanquam
2819 2066 2928 2119 sine
2947 2066 3054 2136 lege
3083 2083 3260 2131 essem,
3294 2084 3405 2120 cum
3430 2070 3527 2121 sine
3548 2069 3637 2137 lege
3660 2068 3729 2119 Dei

2233 2170 2331 2206 non
2362 2169 2539 2206 essent.
2572 2157 2615 2209 Α
2638 2155 2923 2223 gentilibus
2946 2157 3178 2225 primum
3206 2157 3366 2211 solam
3396 2158 3536 2211 ﬁdem
3567 2172 3726 2226 quare-

2234 2245 2375 2308 batn,
2408 2247 2554 2315 quasi
2587 2261 2690 2301 non
2720 2246 2969 2302 haberem
3004 2260 3267 2317 prceceptu
3294 2251 3418 2319 legis
3442 2251 3730 2316 Christi,th

2235 2335 2353 2389 illos
2375 2340 2663 2391 observare
2686 2338 2958 2391 docerem.
2994 2339 3107 2393 Sed
3129 2341 3181 2392 in
3205 2339 3307 2410 leg:
3327 2357 3475 2393 essem
3498 2339 3672 2404 Christi,
3693 2349 3730 2391 ut

2236 2424 2582 2494 lucrifacerem
2609 2442 2692 2480 eos
2732 2428 2821 2496 qui
2863 2431 2973 2481 sine
3000 2427 3116 2498 lege
3144 2440 3305 2483 erant.
3335 2429 3514 2484 Contra
3541 2431 3729 2487 Arianos.

2236 2515 2325 2584 qui
2349 2529 2541 2585 negant
2578 2517 2847 2572 Christum
2880 2536 3001 2575 esse
3027 2521 3218 2576 Deum.
3269 2524 3390 2575 Nam
3418 2537 3524 2575 cum
3547 2521 3667 2583 dicit,
3692 2536 3733 2573 se

2236 2607 2351 2659 sine
2381 2608 2495 2675 lege
2525 2607 2616 2661 Dei
2646 2623 2750 2662 non
2774 2624 2917 2675 esse,
2941 2611 3034 2665 sed
3059 2612 3117 2665 in
3140 2613 3257 2682 lege
3284 2627 3396 2667 esse
3415 2611 3499 2665 Chi
3514 2612 3605 2674 isti,
3623 2610 3737 2661 Chr.-

2238 2708 2376 2754 stum
2401 2698 2569 2756 Deum
2586 2715 2705 2756 esse
2734 2701 2946 2758 fatetur.
2967 2702 3168 2758 Factus
3186 2722 3295 2758 sum
3315 2706 3515 2776 inﬁrmis
3533 2703 3735 2771 iit/imus,

2239 2800 2293 2842 ut
2347 2791 2576 2859 inﬁrmos
2617 2792 2994 2861 lucrifacerent.
3026 2793 3163 2848 Cum
3209 2796 3426 2849 inlirtnis
3471 2795 3593 2846 olera
3626 2806 3740 2844 mau-

2238 2879 2449 2944 ducavi,
2474 2895 2594 2935 cum
2627 2896 2835 2950 possem
2875 2898 3064 2939 COI'IICS
3097 2886 3417 2940 manducare
3450 2885 3553 2938 sine
3574 2884 3736 2937 timore.

2242 2972 2336 3027 Vel
2364 2975 2379 3027 i
2403 2975 2491 3030 lud
2519 2991 2533 3027 :
2561 2977 2670 3045 Ego
2701 2992 2785 3031 me
2814 2977 2941 3031 nihil
2968 2978 3213 3048 judleavi
3245 2982 3381 3035 scire
3409 2980 3531 3034 inter
3548 2994 3644 3044 vos,
3663 2978 3740 3031 nisi

2240 3064 2506 3121 Christum
2526 3068 2730 3135 Jesntn,
2755 3080 2807 3124 et
2834 3070 2973 3125 hunc
3001 3073 3340 3128 cruciﬁxum.
3377 3072 3593 3126 Omnibus
3612 3069 3744 3122 omnia

567 3160 787 3213 Domino
812 3175 949 3225 esse,
975 3167 1030 3213 ut
1047 3159 1133 3229 q'ui
1159 3158 1496 3228 Evangelium
1520 3158 1853 3224 annuntiant,
1876 3159 1942 3214 de
1966 3158 2139 3212 Evan-
2165 3163 2210 3223 (ζ
2244 3161 2411 3226 [actus
2431 3174 2564 3212 sum.
2587 3160 2698 3214 Non
2728 3162 2856 3214 mihi
2883 3162 3082 3231 aquuid
3107 3179 3350 3235 qtuerens
3372 3164 3499 3233 quod
3520 3162 3626 3216 nubi
3648 3159 3747 3213 utile

566 3253 701 3321 gelio
732 3255 934 3315 vivant,
967 3251 1015 3304 id
1061 3262 1176 3313 est,
1226 3250 1294 3306 de
1334 3251 1616 3319 Evangelia
1656 3249 1883 3305 habeant
1919 3265 1980 3304 ea
2019 3264 2136 3318 qua:

566 3343 689 3397 huic
730 3345 850 3396 vitat
889 3350 1013 3396 sunt
1052 3341 1389 3405 necessaria,
1428 3340 1521 3395 sed
1564 3350 1742 3394 tamen
1780 3355 1838 3395 se
1876 3355 1981 3394 non
2021 3353 2139 3395 esse

566 3434 786 3488 abusum
826 3433 922 3485 hac
963 3440 1239 3502 pote~tate.
1285 3432 1450 3487 Erant
1478 3432 1617 3486 enim
1649 3432 1831 3496 multi,
1859 3431 1949 3499 qui
1979 3446 2136 3485 occa-

567 3525 765 3578 sionem
813 3524 1008 3578 habcre
1056 3523 1339 3589 cupiebant
1382 3522 1721 3590 acquirendi,
1772 3533 1825 3576 et
1869 3521 2136 3576 vendendi

570 3616 907 3685 Evangelium
932 3655 946 3680 ,
983 3614 1172 3685 quibus
1209 3629 1327 3668 eam
1370 3616 1552 3668 volens
1589 3623 1882 3681 amputare.
1907 3616 2136 3680 Aposto-

569 3710 684 3773 lus,
737 3709 979 3761 manilius
1026 3706 1140 3761 suis
1187 3706 1379 3759 victum
1433 3721 1587 3781 suum
1638 3706 1901 3761 toleravit.
1943 3705 2017 3759 De
2058 3706 2139 3759 bis

568 3803 709 3856 enim
741 3799 848 3853 alio
882 3800 998 3853 loco
1026 3798 1193 3853 ditit:
1229 3797 1297 3853 Ut
1321 3805 1589 3863 amputem
1631 3798 2002 3861 occasionem,
2049 3797 2138 3865 qui

566 3902 803 3963 (ιιιιιπιιιιι
844 3894 1201 3947 occasionem.
1245 3893 1553 3959 Quanquam
1592 3891 1751 3945 etiam
1791 3892 1926 3943 sicut
1961 3892 2138 3944 cmteri

566 3984 687 4038 boni
718 3983 942 4052 apostoli
985 3984 1244 4051 permissu
1286 3981 1494 4037 Domini
1537 3981 1706 4050 possit
1743 3980 1810 4035 de
1854 3980 2140 4048 Evangelia

567 4077 776 4139 vivere,
825 4086 999 4129 tamen
1049 4089 1152 4128 non
1204 4074 1255 4128 in
1300 4088 1364 4127 eo
1414 4073 1552 4126 victu
1600 4072 1933 4126 constituerit
1982 4071 2137 4124 linem

568 4166 996 4235 cvangelizandi,
1042 4176 1095 4218 ιιι
1142 4180 1245 4219 ηοιι
1298 4163 1415 4218 ideo
1451 4162 1877 4232 evangelizaret,
1919 4171 1973 4214 ut
2015 4176 2139 4219 uer-

568 4259 772 4312 veuirct
800 4258 863 4310 ad
894 4258 1068 4312 cibntn
1093 4296 1106 4319 ,
1138 4266 1191 4309 et
1231 4256 1272 4309 si
1316 4271 1416 4323 qua
1457 4264 1580 4309 sunt
1624 4256 1746 4309 talia
1789 4254 2139 4308 necessaria?

565 4350 654 4401 erl
688 4349 808 4401 ideo
839 4349 933 4400 ista
965 4355 1230 4409 sumeret,
1263 4357 1318 4398 ut
1358 4345 1484 4399 illud
1517 4346 1792 4414 impleret,
1820 4360 1888 4399 ne
1914 4360 2018 4398 non
2048 4359 2139 4398 vo-

566 4440 681 4491 lens
701 4480 713 4497 ,
748 4439 839 4492 sed
875 4436 1193 4489 necessitate
1223 4435 1629 4503 evangelizaret.
1666 4434 1775 4505 Ego
1801 4443 1969 4487 autem
1995 4434 2139 4489 nullo

2214 3272 2219 3273 ν
2241 3259 2345 3304 est.
2380 3248 2447 3303 Ut
2473 3266 2645 3305 omnes
2671 3252 2889 3319 {acerem
2920 3256 3111 3310 salvos.
3135 3254 3496 3326 Cogitandum,
3517 3254 3616 3323 quia
3643 3253 3745 3303 ῐὶιυιις

2239 3343 2469 3410 suscepit
2513 3342 2804 3407 hominem,
2838 3352 3040 3398 etcum
3073 3356 3223 3401 esset
3266 3350 3380 3401 sfne
3423 3354 3627 3414 peccato,
3655 3356 3746 3409 με’

2239 3442 2356 3486 cata
2382 3442 2565 3488 nostra
2591 3434 2845 3503 portavit.
2881 3434 2987 3489 Nos
3015 3446 3201 3491 autem
3231 3437 3463 3490 homines
3478 3450 3633 3489 Stltlllh
3657 3445 3747 3500 pec-

2241 3535 2470 3578 catores.
2499 3524 2851 3579 Considerare
2871 3524 3135 3581 debemus
3155 3527 3297 3595 quod
3318 3526 3646 3595 agritudinem
3666 3522 3750 3572 sive

2240 3607 2455 3679 atﬁma‘,
2488 3616 2600 3668 sive
2627 3615 2890 3683 corporis,
2913 3630 3073 3685 quam
3106 3618 3160 3671 in
3188 3617 3399 3671 homine
3418 3616 3516 3669 alio
3540 3613 3750 3669 videmItS.

2238 3707 2398 3760 etiam
2429 3714 2485 3760 et
2536 3721 2633 3760 nos
2674 3706 2873 3761 habere
2902 3708 3199 3775 potuimus,
3235 3718 3325 3763 aut
3373 3720 3641 3779 possumus.
3669 3701 3752 3754 Iloc

2239 3809 2369 3863 ergo
2397 3796 2745 3849 exhibeatnus
2775 3796 2825 3849 ei
2853 3795 3006 3866 cujus
3035 3798 3400 3854 inﬁrmitatem
3432 3803 3618 3867 portare
3638 3791 3753 3847 Volu-

2242 3902 2379 3951 mus.
2422 3890 2561 3957 quod
2601 3889 2672 3944 ab
2702 3888 2794 3943 illo
2822 3890 2976 3945 nobis
3001 3892 3234 3947 velimus
3274 3890 3519 3950 exhiberi.
3549 3887 3588 3942 si
3614 3899 3691 3939 nos
3712 3882 3753 3936 in

2241 3992 2303 4031 ea
2326 3991 2584 4044 essemus,
2612 3987 2665 4033 et
2692 3980 2804 4047 ipse
2827 3994 2930 4034 non
2956 3993 3124 4039 esset.
3153 3984 3231 4037 Ad
3263 3983 3398 4053 quod
3423 3980 3663 4047 pertinet:
3686 3975 3751 4027 Ιη·

2246 4067 2414 4123 vicem
2442 4084 2604 4123 onera
2636 4081 2813 4124 vestra
2843 4080 3074 4139 portate.
3112 4074 3300 4127 Omnia
3331 4082 3491 4126 autem
3519 4069 3635 4141 {acia
3661 4077 3754 4135 pro.

2244 4168 2354 4227 pter
2385 4158 2741 4230 Evangelium,
2788 4169 2843 4213 ut
2888 4163 3146 4233 particeps
3183 4167 3293 4236 (jus
3321 4165 3514 4233 efﬁciam
3551 4161 3609 4215 Ut
3645 4159 3686 4210 in
3710 4169 3760 4207 eo

2244 4250 2468 4305 habeam
2492 4263 2715 4319 partem.
2742 4250 2962 4305 Nescitis
2980 4256 3118 4321 quod
3140 4256 3179 4309 ii
3210 4256 3303 4324 qui
3319 4255 3370 4308 in
3398 4252 3551 4308 stadio
3568 4252 3754 4305 currunt.

2243 4360 2415 4398 omnes
2443 4344 2649 4409 quidem
2678 4353 2914 4411 currunt,
2946 4348 3036 4400 sed
3063 4364 3201 4401 unus
3227 4348 3407 4417 accipit
3428 4341 3660 4398 brat-ium?
3687 4340 3756 4390 hc-

2246 4435 2433 4489 bemus
2457 4449 2642 4490 omnes
2665 4450 2884 4491 currere
2907 4454 2921 4502 ;
2954 4454 3076 4492 nam
3099 4441 3143 4492 si
3175 4441 3244 4493 ibi
3270 4454 3403 4493 unus
3418 4437 3500 4505 qui
3524 4434 3679 4487 vicerit
3694 4443 3758 4478 ac-

566 4530 743 4581 [totum
781 4545 900 4580 usus
930 4542 1064 4579 sunt.
1101 4526 1218 4580 Non
1244 4527 1423 4595 scripsi
1448 4535 1620 4579 autem
1650 4528 1755 4579 lucc
1776 4567 1790 4587 ,
1822 4535 1876 4577 ut
1905 4528 1976 4576 ita
2014 4526 2142 4593 ﬁant
2174 4516 2220 4574 D
2246 4526 2395 4595 cipit,
2427 4536 2625 4595 quanto
2657 4527 2823 4595 magis
2854 4541 2971 4595 nos,
3000 4530 3090 4597 qui
3120 4545 3312 4584 omnes
3348 4529 3483 4581 dono
3509 4524 3591 4579 Dei
3622 4532 3763 4587 νυεειν

564 4622 614 4672 in
647 4636 742 4672 me.
779 4619 893 4672 Non
926 4618 1038 4671 hcce
1067 4618 1181 4672 ideo
1211 4616 1417 4679 scribo,
1451 4625 1505 4669 ut
1537 4617 1625 4669 ﬁat
1650 4617 1788 4685 quod
1821 4632 1925 4670 non
1951 4626 2034 4671 est
2062 4617 2140 4670 l'a-

569 4721 747 4764 rtum:
789 4708 884 4764 sed
926 4707 1075 4761 vobis
1104 4706 1404 4773 exemplum
1441 4703 1664 4758 faciendi
1702 4705 1789 4758 do.
1830 4704 2028 4758 Bonum
2068 4715 2138 4759 est

562 4805 696 4858 cnim
736 4802 861 4855 mihi
902 4799 1062 4868 magis
1107 4799 1266 4863 mori,
1311 4814 1462 4867 quam
1503 4806 1555 4850 ut
1577 4798 1793 4867 gloriam
1832 4815 1997 4851 meam
2025 4800 2138 4864 quis

563 4905 789 4947 coacuet.
828 4889 1045 4943 Etiamsi
1079 4889 1275 4941 moriar
1303 4888 1473 4951 fame,
1506 4903 1608 4939 non
1656 4888 1998 4943 evacuabit":-
2028 4889 2142 4944 Im:

563 4985 759 5051 gloria,
793 4998 951 5052 qram
985 4981 1153 5035 habeo
1190 4994 1351 5032 secuti
1376 4982 1480 5031 tum
1514 4978 1677 5037 Deum
1700 5019 1715 5043 ,
1746 4989 1801 5033 ut
1833 4980 1960 5035 nihil
1989 4997 2018 5034 a
2050 4998 2141 5036 vo-

566 5080 645 5132 bis
688 5080 965 5146 accipiam.
1012 5074 1154 5129 Nunt
1199 5076 1241 5127 si
1285 5074 1712 5143 euangelizavero.
1758 5089 1855 5126 non
1898 5084 1971 5127 est
2016 5075 2141 5128 mihi

565 5170 760 5233 gloria,
793 5169 1061 5223 necessitas
1088 5169 1223 5221 enim
1249 5167 1372 5220 mihi
1399 5166 1660 5218 incumbit.
1692 5167 1820 5219 Cum
1853 5168 2029 5222 omnia
2062 5169 2139 5223 fe-

567 5259 747 5312 CL’l'ltlS
790 5259 982 5320 dicae,
1013 5255 1162 5310 Servi
1209 5256 1424 5309 inutiles
1466 5271 1680 5319 sumus,
1721 5256 1862 5324 quod
1902 5258 2139 5312 debitum

567 5350 741 5403 las-ere
761 5389 775 5411 ,
811 5349 1053 5401 iecimus.
1084 5345 1172 5400 Va:
1199 5349 1333 5399 enim
1359 5345 1485 5399 mihi
1508 5357 1613 5411 est,
1642 5349 1683 5399 si
1707 5364 1808 5399 non
1828 5350 2142 5418 euangeliza-

568 5458 704 5495 t'ero.
732 5440 946 5493 ι’ωιιιιιιι
973 5436 1163 5491 habeo.
1190 5434 1250 5488 Si
1270 5437 1399 5489 enim
1420 5438 1587 5490 volens
1611 5437 1703 5489 hoc
1725 5454 1843 5506 ago,
1869 5441 2143 5493 mercedem

568 5530 743 5583 Imbro.
771 5528 831 5582 Si
857 5534 1028 5580 autem
1056 5525 1244 5577 invitus
1262 5564 1277 5588 ,
1306 5523 1618 5593 dispensatio
1662 5525 1786 5577 milii
1828 5527 2020 5579 credita
2045 5538 2139 5581 est.

569 5620 715 5671 Tunc
757 5618 858 5671 erit
893 5614 1273 5676 voluntarium,
1308 5614 1353 5665 si
1381 5611 1539 5666 etiam
1570 5612 1806 5667 debitum
1836 5624 2145 5670 contemna-

573 5718 672 5761 tur.
728 5711 853 5773 Qua:
891 5718 961 5761 est
1004 5722 1121 5775 ergo
1162 5718 1346 5757 merces
1389 5705 1540 5757 mea?
1568 5713 1621 5757 ut
1654 5703 1982 5775 Evangelium
2014 5724 2145 5775 pra-

2132 5804 2161 5835 δ

2246 4632 2363 4671 mus
2392 4618 2626 4683 vincere,
2658 4629 2708 4672 et
2740 4632 2925 4673 omnes
2963 4620 3166 4687 pariter
3197 4636 3291 4688 per
3330 4620 3467 4673 illius
3508 4610 3760 4671 misericor-

2244 4709 2384 4762 diam
2415 4708 2700 4763 coronati?
2730 4707 2818 4762 Sic
2841 4710 3046 4775 currite,
3078 4720 3131 4761 ut
3158 4727 3332 4765 omnes
3357 4698 3759 4774 comprehendunt.

2245 4798 2391 4855 Si-ad
2421 4798 2601 4863 lldem,
2630 4798 2762 4852 ﬁdes
2782 4813 2900 4852 cum
2931 4800 3182 4867 operibus
3207 4801 3299 4863 sit,
3328 4799 3370 4851 si
3398 4803 3460 4851 ad
3494 4796 3759 4849 doctrinam.

2245 4891 2483 4946 doctrina
2511 4890 2748 4945 firmetur
2772 4890 3039 4959 exemplo.
3066 4891 3249 4944 Omnis
3274 4901 3438 4944 autem
3466 4888 3546 4957 qui
3569 4886 3617 4938 in
3638 4892 3763 4953 ego"!

2245 4982 2522 5045 contendit,
2572 4982 2635 5034 ab
2665 4982 2896 5035 omnibus
2925 4999 2979 5036 se
3006 4985 3245 5036 abstinet.
3292 4981 3355 5034 Et
3397 4979 3485 5033 ille
3524 4976 3699 5046 quidem
3722 4976 3763 5017 ut

2245 5070 2630 5140 corruptibilem
2679 5089 2917 5126 coronam
2964 5073 3204 5140 accipiat.
3257 5072 3336 5127 Ab
3367 5069 3597 5126 omnibus
3638 5058 3763 5117 estis.

2245 5179 2364 5232 qua:
2391 5164 2690 5233 impediunt
2715 5179 2952 5233 cursum,
2976 5166 3058 5220 vel
3077 5166 3219 5220 unde
3246 5165 3384 5219 alius
3411 5160 3762 5218 scandalizatur-

2245 5254 2332 5308 Sic
2358 5268 2487 5324 ergo
2511 5269 2808 5322 curramus,
2831 5264 2889 5310 ut
2907 5256 3637 5326 comprehendamusmmnes
3656 5244 3765 5301 enim

2250 5349 2337 5417 qui
2366 5357 2510 5403 recte
2537 5359 2775 5414 currunt,
2803 5349 3286 5417 comprehendunt.
3312 5350 3424 5403 Non
3450 5349 3577 5401 sicut
3607 5344 3651 5395 in
3668 5353 3769 5405 ag"-

2253 5453 2319 5492 ne
2346 5438 2623 5505 theatrico,
2657 5441 3082 5509 ontnesquidem
3115 5447 3362 5505 currunt,
3400 5437 3490 5492 sed
3520 5448 3641 5489 unus
3660 5424 3767 5484 acci'

2252 5530 2326 5596 pit
2354 5529 2603 5597 palmam.
2644 5528 2931 5585 curramus
2971 5529 3261 5596 credendo,
3290 5527 3567 5598 sperando,
3592 5519 3767 5579 deside

2252 5618 2454 5683 rando;
2488 5633 2765 5674 curramus
2787 5634 2980 5691 corpus
3004 5620 3339 5689 castigando,
3364 5631 3416 5675 et
3438 5610 3767 5684 eleemosynis,

2254 5710 2306 5762 in
2334 5708 2489 5765 bonis
2508 5708 2720 5778 dandis,
2745 5712 3003 5782 malisque
3023 5712 3381 5783 ignoscendis,
3415 5708 3641 5767 hilariter
3656 5713 3767 5759 etet
