3968 6166
419 298 530 354 5‘39

1208 309 1270 364 ΙΝ
1305 307 1680 365 Εριδτωωδι
1722 307 1738 360 l
1777 306 1866 362 AD
1903 303 2310 367 CORINTlllOS
2347 310 2856 377 COMMENTAle

3571 314 3672 369 550

417 410 590 466 Corde
629 412 902 479 faciendo,
954 424 1007 470 et
1054 418 1377 473 currentium
1428 421 1567 472 vires
1599 430 1653 472 ut
1688 417 2005 488 adjuttvntur
2035 417 2081 475 Δ
2108 420 2221 487 ejus
2252 421 2337 487 qui
2380 421 2430 474 in
2464 436 2549 476 me
2585 422 2813 490 loquitur
2854 421 3138 478 Christus?
3170 424 3345 495 Neque
3391 441 3672 477 tlturmurac

420 503 655 569 orando,
695 512 748 559 et
788 508 864 560 sic
894 508 1169 564 audiamus
1218 511 1566 579 perfectionis
1597 521 1883 579 prmcepla,
1934 527 1999 565 ne

424 610 649 649 currere
673 598 996 665 neglisamns
1024 602 1088 653 ad
1121 602 1502 669 plenitudinem
1527 602 1825 667 eharitatis,
1855 612 1908 654 et
1937 616 2002 656 ne

429 689 588 743 nobis
637 690 950 756 tribuamus,
1003 694 1141 762 quod
1172 697 1456 750 currimus.
1494 694 1602 748 Nos
1632 706 1799 748 autem
1836 696 2001 747 incor-

424 792 654 849 ruptam.
690 781 765 835 Illi
798 782 847 835 in
875 783 1135 838 incertum
1161 794 1400 851 currunt,
1428 782 1546 854 quid
1570 786 1784 839 vincere
1815 799 2002 840 omnes

425 884 538 922 non
564 879 800 938 possunt.
838 871 945 942 Ego
971 874 1125 941 igitur
1151 876 1222 929 sic
1247 890 1421 940 curro,
1456 893 1555 929 non
1586 876 1731 943 quasi
1755 876 1808 927 in
1837 876 2001 927 iacere

424 968 557 1013 tum.
582 959 680 1023 Qui
704 970 917 1029 prepter
941 962 1223 1017 humanum
1252 964 1487 1020 favorem
1519 967 1792 1035 pr:edieat,
1828 966 2001 1019 incer-

425 1056 512 1101 tus
543 1049 712 1104 estde
752 1053 1016 1110 mercede.
1050 1054 1141 1109 Sic
1166 1073 1357 1126 pugno,
1388 1073 1488 1110 non
1524 1058 1667 1125 quasi
1695 1074 1863 1112 aerem
1894 1074 2001 1110 rer-

422 1143 633 1208 berans,
653 1144 741 1195 sed
764 1145 955 1214 castigo
981 1161 1163 1214 corpus
1196 1164 1380 1201 meum.
1407 1147 1517 1204 Non
1542 1149 1682 1218 ﬁngo
1704 1160 1999 1211 certamen,

422 1240 521 1283 aut.
551 1233 602 1285 in
632 1248 821 1287 vanum
852 1250 1045 1305 pugno.
1077 1236 1144 1289 Et
1165 1239 1217 1291 in
1236 1243 1523 1293 servitutem
1548 1241 1742 1311 redigo,
1776 1257 1838 1294 ne
1867 1241 2001 1309 forte

422 1338 546 1374 cum
573 1324 685 1375 aliis
715 1326 1108 1391 pz-wtliraverim,
1140 1343 1233 1396 per
1262 1329 1664 1397 abstinentiam,
1691 1337 1747 1383 ut
1778 1330 1916 1384 Elias
1946 1329 1997 1382 in

428 1414 648 1477 melote.
707 1414 865 1467 Isaias
895 1417 948 1468 in
968 1415 1164 1481 cilicio,
1194 1429 1250 1473 et
1295 1422 1475 1474 cmteri
1510 1421 1559 1473 in
1593 1421 1841 1489 diversis,
1893 1422 2001 1489 ipse

425 1504 673 1570 reprobus
700 1506 907 1573 emciar.
941 1505 1223 1575 Reprobus
1254 1508 1369 1578 ipse
1403 1500 1648 1576 efficitur,
1675 1510 1763 1581 qui
1794 1519 1997 1565 tantum

428 1593 591 1648 vt-rbo
621 1596 795 1659 docet,
831 1612 935 1650 non
969 1601 1233 1667 exemplo.

497 1684 629 1740 Car.
663 1701 719 1739 ι.
754 1686 890 1739 Nolo
912 1689 1047 1741 enim
1086 1706 1171 1743 ros
1208 1692 1464 1767 ignoqare,
1520 1696 1724 1763 fratres,
1755 1696 1995 1763 quoniam

2112 508 2300 576 eeritis’,
2332 512 2458 564 sicut
2489 513 2696 582 quidam
2723 531 2897 567 eorum
2940 525 3408 579 murmurarerunt,
3437 527 3481 568 ct
3512 520 3669 587 puris

2104 613 2218 656 runt
2250 602 2309 655 ab
2341 606 2744 657 exterminatore.
2772 604 2823 657 in
2853 605 3299 659 tribulationibus.
3334 605 3459 658 Htrc
3502 615 3670 657 auum

2105 695 2273 746 omnia
2293 694 2340 745 in
2358 694 2523 764 ﬁgura
2546 693 2897 762 confingebant
2925 694 3045 747 illis.
3069 693 3253 747 Omnia
3274 710 3387 761 qtno
3415 694 3516 747 illis
3546 710 3671 746 ene-

2107 783 2335 850 tigrrunt
2364 782 2655 835 secundum
2690 784 2821 834 lat-ta
2851 798 2942 835 sua
2976 782 3185 850 quidem
3222 783 3669 848 tereperuntned

2107 883 2280 927 tamen
2337 882 2614 940 propterea
2663 874 2853 938 scripta
2887 883 3032 939 sunt,
3064 882 3121 924 ut
3152 887 3253 924 non
3289 888 3384 925 nos
3430 886 3671 940 pu'emus

2108 963 2321 1026 impune
2374 975 2592 1028 peccare
2629 979 2637 1011 :
2670 962 2713 1013 si
2746 963 2846 1013 illis
2885 962 2970 1029 qui
3006 960 3208 1025 larvuli
3244 970 3395 1013 erant
3442 978 3541 1013 non
3586 977 3628 1028 p:
3653 988 3671 1003 -

2106 1050 2293 1118 percit,
2326 1060 2523 1118 quanto
2552 1051 2718 1119 magis
2750 1050 2925 1111 nobis,
2956 1052 3041 1117 qui
3073 1051 3237 1119 legem
3273 1049 3557 1118 perfectam
3587 1057 3665 1103 ar‘

2107 1142 2360 1208 cepimus,
2392 1142 2435 1195 si
2467 1158 2568 1195 non
2595 1143 2992 1195 custodiamus?
3026 1140 3230 1207 Scripta
3259 1149 3376 1192 sunt
3414 1149 3579 1193 autem
3611 1136 3672 1191 ι.τὶ

2108 1233 2470 1301 correptionem
2517 1243 2763 1297 nostram,
2810 1234 2859 1285 in
2891 1250 3014 1301 quos
3044 1235 3168 1299 ﬁnes
3202 1237 3498 1288 sa’culoruut
3530 1236 3676 1287 dettc-

2106 1334 2307 1375 nerunt.
2342 1324 2395 1375 lu
2425 1338 2553 1391 quos
2588 1333 2692 1376 tota
2724 1322 2974 1389 perfertio
3006 1325 3167 1387 cadit,
3220 1325 3266 1377 id
3300 1336 3400 1390 est,
3436 1327 3669 1390 comple-

2108 1423 2211 1466 ltnn
2243 1415 2489 1481 estquod
2538 1414 2607 1466 illi
2639 1415 2719 1465 vel
2758 1430 2844 1480 pra
2868 1414 3131 1477 dixerunt,
3170 1415 3251 1467 vel
3299 1418 3671 1482 przeligurave»

2104 1515 2247 1558 runt.
2276 1504 2461 1574 Itaque
2504 1511 2589 1572 qui
2614 1523 2665 1560 se
2697 1502 2948 1559 cristilnat
2979 1518 3128 1570 stare,
3183 1508 3343 1559 videat
3392 1525 3452 1560 ne
3502 1513 3611 1560 cudi
3636 1519 3670 1563 t.

2105 1596 2205 1651 Per
2231 1597 2329 1650 hoc
2350 1597 2521 1666 ipsum
2551 1598 2687 1665 quod
2718 1614 2774 1652 se
2800 1608 2942 1668 putat
2974 1609 3136 1662 stare,
3158 1599 3316 1659 cadit,
3342 1600 3463 1653 dum
3485 1614 3672 1667 super-

2104 1687 2199 1751 bil,
2227 1696 2279 1741 et
2307 1688 2371 1741 de
2399 1701 2458 1742 se
2484 1690 2768 1756 przesnnlit.
2812 1689 3042 1742 Truttttio
3072 1705 3154 1741 ros
3176 1706 3274 1741 non
3303 1689 3506 1759 appreo.
3527 1690 3670 1749 ndat,

426 1784 595 1842 patres
626 1779 787 1831 nostri
816 1794 986 1832 omnes
1012 1781 1101 1833 sub
1130 1783 1260 1836 nube
1282 1763 1507 1851 fuerunt.
1537 1784 1613 1840 Ne
1637 1785 1755 1854 quis
1784 1786 1885 1841 sibi
1907 1796 1997 1840 aut
2034 1763 2075 1815 Β
2103 1778 2202 1831 nisi
2231 1776 2475 1831 humana.
2519 1777 2652 1833 Sunt
2697 1779 2937 1831 humanm
2972 1780 3311 1843 tentationes,
3364 1795 3481 1833 cum
3534 1779 3671 1831 bono

428 1866 481 1919 in
513 1867 771 1933 baptismo
795 1870 1041 1934 confidat,
1068 1883 1159 1927 aut
1192 1874 1243 1927 in
1274 1889 1392 1928 esca
1424 1875 1704 1943 spirituali,
1733 1885 1822 1931 aut
1846 1887 1993 1944 potu,

427 1965 479 2009 et
512 1966 657 2025 putet
683 1958 847 2013 Deum
889 1961 989 2016 sibi
1032 1978 1271 2031 parcere,
1299 1964 1343 2018 si
1376 1968 1673 2033 peccaverit
1708 1967 1997 2022 rriminali-

427 2059 530 2102 ter.
576 2051 760 2104 Omnia
798 2068 914 2121 quae
942 2055 1135 2123 p0pulo
1169 2056 1330 2111 lsrael
1375 2057 1507 2111 facta
1538 2068 1659 2111 sunt
1704 2060 1754 2111 in
1808 2060 1992 2128 ﬁgura,

428 2137 580 2191 nobis
610 2140 858 2194 eveniunt
896 2141 951 2195 in
993 2145 1212 2199 veritate
1238 2162 1249 2196 :
1279 2145 1415 2199 sicut
1444 2146 1518 2200 illi
1554 2162 1645 2215 per
1681 2146 1897 2218 Moysen
1930 2164 1994 2201 ex

425 2226 655 2296 .‘Epypto
688 2230 891 2285 liberati
920 2242 1066 2298 sunt,
1099 2235 1174 2288 sic
1214 2250 1312 2289 nos
1357 2252 1449 2305 per
1481 2238 1796 2305 baptismum
1828 2255 1858 2293 e
1889 2254 1993 2294 sa:—

422 2330 454 2369 c
477 2318 544 2369 'lo
578 2335 591 2369 :
623 2320 815 2374 deinde
858 2331 914 2377 ut
944 2326 1313 2381 catechumeni
1350 2343 1443 2393 per
1488 2329 1695 2383 deserta
1726 2329 1995 2394 ducimur,

420 2416 481 2461 ut
513 2425 607 2477 per
632 2414 922 2468 exercitum
963 2417 1338 2472 obliviscamur
1382 2420 1596 2491 Egypti
1641 2424 1990 2492 voluptatem,

420 2507 474 2551 et
504 2500 805 2555 nesciamus
846 2506 1039 2559 reverti
1071 2507 1121 2561 in
1162 2509 1413 2563 saeculum
1442 2528 1455 2567 :
1489 2521 1685 2565 etcum
1719 2514 1990 2567 transieri-

420 2601 540 2641 mus
572 2604 739 2652 mare,
790 2593 1013 2646 moritur
1034 2595 1187 2650 nobis
1210 2596 1413 2652 Pharao
1441 2614 1560 2653 cum
1585 2603 1821 2657 exercitu
1849 2618 1945 2657 suo
1974 2620 1988 2668 ;

421 2687 609 2744 postea
631 2696 877 2735 mannam
900 2686 1246 2754 accipiemus,
1267 2698 1320 2743 et
1343 2703 1531 2760 aquam
1558 2692 1624 2746 de
1645 2700 1826 2763 petra;
1854 2704 1993 2763 post-

417 2783 480 2823 ea
513 2780 691 2827 autem
721 2776 1030 2830 ostendetur
1059 2780 1212 2833 nobis
1248 2782 1461 2838 claritas
1500 2786 1756 2854 scientiae,
1813 2795 1871 2840 et
1905 2802 1990 2841 re-

416 2859 696 2928 frigerium
746 2868 1144 2923 consolationis.
1192 2870 1243 2925 Si
1285 2882 1461 2928 autetn
1510 2885 1629 2944 post
1672 2876 1774 2931 ista
1812 2876 1991 2931 omnia

415 2955 818 3019 peccaverimns
842 2959 1066 3025 capitale
1097 2972 1392 3029 peccatum,
1431 2964 1529 3019 ista
1559 2966 1711 3022 nobis
1737 2981 1841 3021 non
1866 2982 1990 3036 pro-

411 3051 565 3095 sunt.
592 3044 695 3098 Sed
720 3054 769 3099 ta
810 3062 967 3116 quam
1002 3051 1191 3118 ingrati
1221 3053 1409 3119 majori
1436 3069 1606 3122 poena
1623 3056 1984 3125 subjiciemur,

2098 1872 2323 1939 quisque
2345 1873 2522 1924 animo
2554 1873 2840 1925 secundum
2873 1872 3155 1924 humanam
3191 1882 3392 1925 tantum
3421 1872 3673 1940 fragilita-

2099 1968 2201 2012 tem
2228 1960 2278 2013 in
2304 1960 2482 2029 aliquo
2511 1961 2735 2016 consilio
2762 1961 2972 2026 labitur,
2995 1972 3083 2013 aut
3115 1962 3353 2014 irritatur
3376 1960 3428 2014 in
3455 1962 3666 2014 fratrem

2097 2053 2271 2107 studio
2314 2054 2634 2121 corrigendi,
2680 2055 2833 2122 paulo
2866 2067 3036 2108 tamen
3079 2057 3305 2124 amplius
3335 2073 3491 2126 quam
3523 2056 3665 2109 chri-

2096 2145 2266 2198 S‘iana
2314 2147 2666 2215 tranquillitas
2712 2148 2944 2216 postulat
2986 2167 2996 2198 :
3041 2147 3107 2201 de
3144 2149 3331 2213 quibus
3387 2151 3669 2215 Apostolus

2096 2233 2225 2287 dicit
2256 2252 2267 2285 :
2302 2234 2547 2289 Tentatio
2579 2250 2670 2288 vos
2716 2251 2819 2288 non
2849 2236 3233 2305 apprehendat,
3285 2237 3379 2289 nisi
3414 2240 3663 2288 humani.

2096 2323 2267 2376 Nolite
2297 2322 2445 2376 vobis
2473 2322 2598 2391 ipsis
2624 2324 2797 2377 lacere
2827 2327 3170 2377 teltlalionem
3204 2323 3432 2391 aliquam
3466 2340 3477 2374 :
3503 2323 3546 2375 si
3572 2339 3663 2374 vos

2098 2412 2337 2467 homines
2368 2426 2656 2483 coegerunt
2692 2415 2990 2477 loxmentis,
3026 2415 3327 2468 consentire
3371 2430 3472 2467 non
3514 2415 3667 2469 debe-

2097 2504 2245 2566 retis,
2271 2513 2327 2556 ιιι
2356 2519 2383 2556 a
2405 2504 2508 2557 ﬁde
2534 2503 2812 2558 recedatis.
2844 2505 3075 2557 llomana
3106 2506 3324 2559 tentatio
3354 2517 3433 2558 est
3462 2508 3661 2557 arbitrii

2096 2607 2224 2645 Vana
2258 2594 2617 2663 pra'sumptio,
2649 2593 2729 2648 vel
2764 2594 2897 2647 sicut
2929 2596 3041 2659 ipse
3072 2598 3312 2661 superius
3342 2598 3477 2647 dixit
3501 2614 3513 2649 :
3534 2598 3662 2648 Cum

2093 2685 2236 2738 enim
2264 2684 2332 2738 sit
2363 2686 2501 2739 inter
2529 2700 2622 2739 vos
2654 2687 2819 2748 zelus,
2849 2696 2900 2740 et
2942 2687 3230 2750 aztnttlatio,
3267 2703 3443 2740 nonne
3494 2688 3665 2741 homi-

2093 2789 2191 2839 nes
2229 2775 2390 2840 estis,
2428 2784 2480 2828 et
2518 2776 2809 2828 secundum
2856 2775 3121 2829 hominem
3159 2777 3483 2831 ambulatis?
3527 2777 3661 2844 Quid

2095 2872 2198 2918 tam
2226 2862 2535 2929 humanum,
2566 2878 2722 2934 quam
2747 2864 2811 2919 de
2839 2865 3060 2920 occultis
3088 2866 3357 2919 hominum
3386 2882 3487 2919 non
3519 2873 3658 2920 recte

2090 2958 2329 3012 sentire?
2353 2967 2409 3011 ut
2430 2957 2590 3010 homo
2606 2958 2789 3012 credat
2820 2959 3036 3024 bonum,
3067 2973 3221 3027 quem
3247 2959 3415 3014 nescit
3441 2959 3657 3017 malum,

2090 3059 2145 3104 et
2169 3050 2360 3105 iterum
2410 3050 2659 3118 opinione
2690 3066 2795 3104 non
2842 3059 2989 3104 cetta
3038 3051 3219 3106 credat
3249 3051 3466 3113 malum,
3499 3065 3653 3114 (ptem

412 3133 460 3185 ei
497 3150 604 3188 non
635 3136 734 3190 hoc
773 3112 868 3205 per
892 3112 1261 3207 ptenitentiam
1287 3112 1573 3215 diluamus,
1617 3112 1755 3202 sietit
1788 3149 1853 3203 ad
1885 3112 2060 3205 113:6
2094 3154 2199 3193 non
2232 3112 2474 3208 probavit
2518 3143 2736 3207 malum,
2776 3152 2831 3196 et
2864 3150 2988 3194 ante
3034 3150 3240 3209 tempus
3263 3142 3483 3210 judicet,
3517 3112 3657 3211 quod

409 3225 595 3281 brzeos
622 3227 749 3282 dicit
780 3249 794 3282 ε
827 3231 1028 3285 lrritam
1078 3236 1194 3303 quis
1224 3235 1423 3291 faciens
1458 3238 1625 3308 legem
1655 3240 1837 3311 Moysi,
1872 3241 1991 3297 sine

408 3317 521 3368 ulla
548 3319 888 3377 miseratione
919 3325 1134 3390 punitur
1159 3326 1181 3377 ?
1212 3327 1421 3392 Quanto
1449 3330 1617 3394 magis
1669 3331 1987 3399 baptismum

412 3404 617 3462 Christi
640 3409 663 3462 i
692 3408 758 3462 Et
785 3428 954 3467 omnes
975 3431 1117 3468 mare
1142 3418 1468 3473 transierunt.
1492 3419 1633 3474 Mare
1659 3421 1891 3476 Rubrum
1917 3422 1989 3477 si-

408 3499 631 3567 gnﬁeat
656 3501 996 3569 baptismum,
1026 3506 1221 3562 Christi
1258 3510 1516 3579 sanguine
1550 3511 1879 3566 decoratum.
1921 3513 1986 3565 Et

407 3607 591 3643 onmes
617 3593 668 3644 in
698 3592 875 3663 Moyse
905 3596 1145 3665 baptismi
1179 3607 1320 3653 sunt.
1353 3600 1561 3669 Moyses
1596 3601 1785 3656 ductor
1822 3602 1985 3672 signi-

408 3679 542 3732 ticat
566 3679 873 3748 Christum;
903 3686 1128 3754 populus
1172 3688 1436 3743 transiens
1467 3690 1601 3757 signi
1645 3701 1731 3744 cat
1759 3690 1982 3757 lideles;

408 3788 563 3826 mors
585 3773 954 3847 Egyptiorum
992 3778 1255 3845 signiﬁcat
1276 3779 1617 3837 abolitionem
1650 3793 1981 3850 peccatorum

408 3862 468 3915 in
500 3863 639 3919 nube
674 3876 727 3920 et
754 3869 805 3919 iu
833 3869 986 3933 mari,
1018 3886 1135 3939 qua:
1176 3871 1344 3927 nubes
1392 3873 1551 3928 habet
1580 3875 1881 3938 humorem,
1928 3875 1982 3930 id

402 3963 514 4013 est,
543 3968 731 4022 aquam
762 3957 1026 4025 baptismi.
1059 3958 1123 4012 Et
1168 3975 1339 4015 omnes
1365 3965 1592 4017 eamdem
1632 3979 1797 4016 esc:m
1823 3965 1979 4031 spiri-

404 4044 564 4098 talem
593 4047 1042 4113 manducaverunt,
1069 4060 1115 4103 et
1140 4068 1311 4106 omnes
1327 4055 1553 4107 eumdem
1573 4065 1746 4124 potum
1774 4055 1981 4122 spirita-

402 4136 508 4187 lem
536 4136 784 4192 biberunt.
819 4137 1061 4193 Bibebant
1098 4151 1267 4196 autem
1291 4144 1355 4196 de
1381 4146 1622 4214 spiritali,
1649 4152 1981 4213 consequente

397 4239 493 4276 eos
514 4235 672 4292 petra.
709 4226 859 4281 Petra
880 4242 1045 4284 autem
1067 4241 1174 4285 erat
1202 4231 1454 4288 Christus.
1491 4235 1544 4289 In
1569 4238 1841 4305 mysterio.
1874 4235 1980 4290 Sed

401 4335 510 4372 non
559 4322 612 4374 in
654 4323 885 4392 pluribus
929 4341 1103 4379 eorum
1142 4327 1501 4395 beneplacitum
1547 4337 1621 4381 est
1670 4327 1792 4381 Deo.
1838 4326 1976 4380 Nam

400 4413 646 4476 prostrati
682 4422 800 4465 sunt
840 4414 891 4466 in
933 4415 1152 4472 deserto.
1194 4416 1382 4471 Manna
1424 4417 1475 4469 in
1513 4428 1693 4487 typum
1733 4420 1974 4487 corporis

398 4500 624 4553 Christi.
647 4501 776 4556 Herc
803 4514 967 4557 autem
998 4507 1049 4558 in
1072 4507 1240 4575 ﬁgura
1265 4506 1401 4574 facta
1428 4517 1544 4561 sunt
1575 4509 1752 4572 nostri,
1787 4519 1842 4562 ut
1870 4526 1972 4564 non

398 4594 562 4644 simus
595 4596 1003 4661 concupiscentes
1040 4596 1312 4662 malorum,
1358 4598 1489 4651 sicut
1516 4607 1562 4651 et
1602 4600 1681 4651 illi
1709 4602 1975 4669 conrupie»

394 4694 543 4736 runt.
586 4685 717 4752 Ipsis
757 4697 878 4741 tunc
919 4686 1116 4742 veritas
1159 4697 1292 4753 erat,
1341 4689 1433 4742 sed
1477 4699 1709 4743 nostram
1754 4691 1969 4759 ﬁguram

398 4774 775 4842 prml’erehanl.
816 4777 997 4845 Neque
1026 4780 1308 4833 idololatra:
1332 4780 1635 4848 eﬂiriamiui,
1678 4783 1807 4834 sicut
1854 4784 1971 4852 qui-

393 4864 519 4917 dam
542 4884 603 4919 ex
629 4869 769 4937 ipsis,
799 4872 1225 4935 quemadmodum
1262 4872 1507 4941 scriptum
1546 4880 1617 4924 es!
1650 4886 1668 4925 :
1697 4871 1842 4926 Sedit
1878 4889 1971 4937 po-

396 4960 550 5022 pulus
592 4961 895 5014 manducare
918 4973 964 5013 et
986 4962 1170 5027 bibere,
1202 4970 1246 5015 et
1274 4971 1601 5016 surrexerunt
1633 4962 1826 5015 ludere.
1862 4962 1969 5016 Ne-

391 5061 494 5112 que
523 5049 851 5116 fornicamur,
879 5052 1007 5105 sicut
1034 5052 1241 5121 quidam
1265 5069 1327 5105 ea:
1348 5053 1471 5122 ipsis
1498 5052 1734 5122 fornicati
1755 5062 1896 5117 sunt,
1920 5062 1967 5107 et

390 5138 684 5193 ceciderunt
708 5156 813 5193 una
834 5143 915 5197 die
950 5143 1127 5212 uiginti
1155 5144 1254 5195 tria
1276 5143 1458 5197 millia.
1484 5142 1708 5212 Propter
1734 5143 1855 5197 illos
1873 5143 1962 5211 qui

392 5232 447 5285 ia
476 5231 629 5287 idolis
657 5234 1055 5289 recumbebant.
1086 5234 1260 5303 Neque
1286 5243 1531 5289 tentemus
1560 5236 1843 5300 Christum,
1866 5234 1966 5289 sic-

387 5333 447 5377 ut
496 5326 703 5389 quidam
728 5340 899 5379 eorum
939 5335 1271 5393 tentaverunt,
1301 5335 1347 5381 et
1390 5344 1421 5381 a
1463 5329 1777 5394 serpentibus
1803 5330 1966 5399 per'e-

387 5429 530 5472 runt.
563 5420 830 5486 Dicentes,
855 5422 1088 5489 nunquid
1119 5431 1291 5489 potest
1316 5421 1489 5475 Deus?
1514 5422 1577 5475 Et
1607 5420 1689 5475 hic
1717 5420 1963 5475 Christus

390 5510 531 5563 Deus
570 5510 898 5573 ostenditur,
938 5512 1059 5581 quia
1100 5512 1355 5581 scriptum
1397 5520 1480 5566 est
1522 5512 1684 5566 Deum
1720 5512 1957 5567 dixisse:

389 5603 454 5655 Et
481 5611 813 5658 tentaverunt
835 5618 940 5657 me.
979 5605 1085 5657 lloe
1109 5602 1304 5658 decies.
1336 5603 1459 5658 Ideo
1482 5614 1665 5658 autem
1692 5604 1817 5659 dicit
1840 5604 1960 5658 illos

386 5703 617 5760 tentare,
645 5693 780 5749 sicut
800 5693 928 5749 dicit
966 5694 1070 5751 illis
1102 5712 1115 5745 :
1150 5695 1230 5749 Au
1261 5695 1681 5765 experimentum
1726 5697 1961 5765 quaeritis

2092 3230 2281 3285 nescit.
2332 3230 2578 3285 Tentatio
2624 3232 2850 3284 humana
2904 3239 3075 3299 potest
3119 3231 3243 3294 dici,
3294 3240 3347 3284 et
3392 3233 3659 3299 suggestu)

2093 3338 2272 3391 prava,
2312 3337 2432 3393 qua:
2463 3323 2545 3377 vel
2576 3323 2626 3376 in
2656 3324 2835 3377 anima
2863 3323 3051 3391 surgit,
3087 3323 3165 3375 vel
3198 3338 3315 3391 quae
3349 3338 3441 3390 per
3469 3338 3657 3390 pravos

2093 3416 2335 3470 homines
2363 3416 2680 3485 suggeritur,
2715 3415 2870 3469 sicuti
2920 3426 3022 3479 est,
3071 3423 3162 3468 aut
3201 3414 3387 3467 falsum
3421 3414 3659 3467 testimo-

2090 3508 2234 3562 nium
2265 3508 2466 3575 dicere,
2497 3517 2588 3561 aut
2620 3508 2924 3563 inimicitias
2962 3508 3256 3570 intendere,
3284 3517 3370 3561 aut
3398 3507 3655 3561 ultionem

2089 3601 2383 3670 requirere,
2406 3611 2461 3655 et
2488 3602 2689 3671 reliqua
2720 3601 3039 3671 bujusmodi.
3065 3602 3233 3656 Aliter
3255 3601 3393 3654 enim
3434 3601 3657 3663 sentire,

2086 3705 2244 3760 quam
2273 3690 2567 3760 perlectum
2593 3702 2695 3757 est,
2728 3701 2901 3759 potest
2939 3692 3037 3745 dici
3075 3692 3299 3743 humana
3332 3690 3572 3753 tentati»,
3605 3700 3657 3742 et

2087 3796 2259 3850 pugna
2299 3781 2474 3835 carnis
2496 3789 2670 3850 potest
2696 3780 2922 3833 humana
2955 3780 3173 3834 tentatio
3206 3779 3326 3841 dici,
3372 3778 3496 3830 dum
3526 3792 3654 3829 caro

2085 3873 2416 3940 concupiscit
2442 3871 2699 3925 adversus
2742 3870 3008 3937 Spiritum,
3055 3878 3108 3923 et
3146 3869 3361 3937 spiritus
3403 3869 3654 3921 adversus

2085 3978 2322 4016 carnem.
2355 3959 2553 4015 Fidelis
2573 3971 2741 4013 au'em
2776 3959 2913 4012 Deus
2942 3968 3036 4023 est,
3061 3961 3145 4026 qui
3178 3975 3277 4011 non
3322 3958 3540 4024 patietur
3567 3973 3652 4009 vos

2086 4053 2268 4107 tentari
2303 4066 2463 4119 supra
2511 4050 2564 4102 id
2589 4050 2724 4118 quod
2762 4050 2985 4119 potestis.
3024 4047 3127 4100 Vos
3150 4055 3284 4100 state
3331 4046 3569 4107 ﬁrmiter,
3599 4058 3650 4096 et

2084 4145 2175 4199 ille
2204 4144 2353 4197 vobis
2382 4144 2633 4197 virtutem
2662 4141 2859 4195 tribuet
2898 4140 3176 4195 tolerandi.
3212 4140 3318 4196 S'ed
3340 4141 3487 4207 faciet
3533 4154 3650 4191 cum

2081 4237 2357 4291 tentatione
2386 4237 2536 4289 etiam
2565 4244 2880 4304 proventum,
2912 4242 2963 4286 ut
2998 4233 3199 4297 possitis
3228 4233 3494 4286 sustinere.
3517 4230 3650 4283 Illud

2082 4327 2231 4381 vobis
2260 4327 2414 4381 faciet
2444 4325 2745 4394 provenire,
2774 4324 2913 4393 quod
2962 4325 3203 4392 peteritis
3242 4324 3525 4385 sustinere,
3560 4330 3652 4374 aut

2081 4419 2149 4474 de
2192 4419 2304 4486 ipsa
2348 4416 2685 4472 tribulatione
2731 4416 2936 4470 lucrum
2980 4417 3190 4468 auitnze.
3241 4413 3459 4481 Pmpter
3492 4428 3557 4481 qu
3594 4415 3649 4474 d,

2077 4510 2368 4565 cltarissinti
2397 4509 2543 4573 mihi,
2587 4508 2749 4577 fugite
2787 4509 2853 4562 ab
2885 4507 3140 4562 idolorum
3176 4506 3315 4560 cultu
3343 4523 3394 4559 α.
3436 4504 3499 4561 Ut
3539 4522 3655 4574 pru-

2078 4601 2307 4655 dentibus
2337 4599 2537 4668 loquor,
2563 4614 2646 4652 vos
2667 4598 2903 4670 judicate
2925 4599 3059 4665 quod
3087 4599 3225 4652 dico.
3254 4597 3475 4665 Propter
3508 4596 3646 4664 quod

2077 4708 2181 4746 non
2200 4691 2468 4748 deberetis
2487 4691 2744 4746 neciaviti
2774 4690 2878 4745 hoc
2902 4690 3097 4744 facere.
3124 4689 3272 4745 Culirc
3295 4688 3650 4742 brnedictionis

2075 4784 2160 4836 cui
2216 4783 2575 4836 benedicimus.
2623 4782 2748 4836 Ideo
2798 4782 3026 4849 primum
3072 4781 3289 4831 calicem
3322 4779 3645 4831 nominavit.

2076 4875 2194 4942 quia
2232 4882 2418 4941 postea
2448 4873 2513 4926 de
2544 4886 2678 4942 pane
2707 4872 2824 4938 plus
2873 4871 3234 4937 di~putaturus
3271 4880 3406 4919 erat.
3463 4867 3648 4918 Nonne

2076 4963 2468 5017 communicatio
2497 4962 2761 5032 sanguinis
2802 4958 2996 5013 Christi
3042 4957 3148 5010 est?
3195 4958 3342 5011 S.cut
3374 4957 3502 5008 dixit
3534 4956 3649 5011 Sal-

2075 5065 2233 5110 vator
2264 5073 2275 5109 :
2309 5055 2410 5122 Qui
2458 5054 2744 5108 mandueat
2783 5066 2997 5105 carnem
3030 5063 3222 5113 meam,
3264 5058 3319 5103 et
3366 5046 3496 5102 bibit
3523 5062 3645 5102 sau-

2074 5145 2287 5214 guinem
2320 5158 2520 5209 meum,
2556 5142 2609 5195 in
2633 5156 2717 5195 me
2749 5150 2947 5202 ntanel,
2980 5147 3030 5192 et
3062 5152 3161 5207 ego
3189 5136 3241 5191 in
3267 5152 3351 5192 eo.
3390 5136 3456 5191 Et
3499 5138 3647 5207 panis

2072 5250 2220 5304 quem
2251 5234 2557 5304 frangimus,
2597 5246 2764 5284 nonne
2806 5244 2898 5297 par
2923 5230 3131 5299 icipatio
3176 5230 3403 5297 corporis
3439 5228 3643 5281 Domini

2073 5339 2145 5381 est
2165 5329 2188 5397 ἵζ
2212 5326 2301 5381 Sic
2328 5334 2381 5380 et
2404 5325 2665 5379 idolorum
2691 5323 2840 5392 panis
2864 5322 3161 5376 daemonum
3187 5320 3518 5390 partieipatio
3538 5328 3639 5371 est.

2074 5420 2324 5484 Quoniam
2352 5434 2481 5471 unus
2504 5418 2651 5485 panis
2680 5425 2726 5467 et
2750 5432 2907 5469 unum
2935 5432 3119 5483 corpus
3143 5417 3285 5467 multi
3308 5428 3504 5477 sumus,
3533 5426 3643 5463 om-

2071 5529 2155 5565 nrs
2182 5512 2264 5579 qni
2289 5512 2349 5562 de
2380 5525 2479 5562 uno
2508 5524 2637 5579 pane
2668 5509 3053 5577 participamus.
3085 5506 3171 5561 Sic
3198 5514 3249 5558 et
3278 5503 3321 5556 si
3350 5504 3414 5555 de
3452 5503 3638 5553 eodem

2072 5618 2204 5672 pane
2253 5602 2631 5655 manducamus
2662 5600 2803 5653 unde
2836 5599 3146 5659 ido'olatraz,
3179 5611 3339 5649 unum
3388 5608 3505 5649 eum
3538 5594 3641 5646 illis

2070 5709 2261 5761 Corpus
2314 5690 2595 5749 el‘liiituur.
2655 5690 2830 5745 V:dcte
2874 5689 3037 5744 lsrael
3085 5688 3361 5742 srrundnm
3415 5701 3634 5742 clunem.
