3904 6176
398 316 493 374 5'3:

1523 326 1808 383 PRl-MASII
1850 320 2300 382 ADRUME'I'.\NI
2345 325 2553 382 El‘lSC.
3493 331 3577 386 532

399 433 638 489 Carnalis
693 435 855 491 lsraet
905 437 1149 491 carnales
1208 434 1410 491 hos-tias
1472 437 1629 493 ollert
1649 479 1663 504 ,
1723 439 1975 507 spiritalis
2004 441 2057 500 Α
2081 438 2381 493 immolare.
2409 438 2529 494 Sive
2549 454 2665 509 ergo
2691 436 3026 505 manducetis,
3050 438 3143 491 sive
3168 439 3338 505 bibitis,
3358 442 3449 494 sive
3462 444 3581 497 aliud

398 527 686 595 spiritales,
718 538 773 584 et
803 528 1074 598 quomodo
1118 529 1191 583 illi
1225 527 1509 599 participes
1532 530 1715 585 altaris
1747 531 1864 596 Dei,
1894 530 1972 585 sic

396 625 502 675 iste
536 620 719 674 altaris
748 622 1031 675 idolorum.
1065 620 1251 675 Nonne
1270 622 1358 690 qui
1395 623 1550 677 edunt
1572 622 1782 687 hostias,
1812 624 1974 691 parti-

389 712 533 779 Lipes
559 720 675 764 sunt
705 711 925 767 altaris?
955 712 1093 778 Quid
1117 728 1236 782 ergo
1255 713 1280 765 ξ)
1302 714 1413 765 dico
1435 712 1571 781 quod
1616 713 1765 766 idolis
1792 713 1974 766 immo-

401 802 561 855 latum
575 802 637 856 sit
653 804 871 873 aliquid,
893 813 981 856 aut
1008 803 1201 856 idolum
1217 806 1279 857 sit
1301 803 1535 868 aliquid?
1555 802 1629 857 Ne
1652 804 1728 857 illi
1754 817 1974 871 respon-

403 894 620 947 deretur
651 893 750 956 sic,
783 893 910 948 dicit
946 894 1093 963 quasi
1140 894 1337 947 idolum
1390 894 1584 961 aliquid
1630 893 1843 956 haheat,
1884 904 1974 947 aut

402 985 633 1053 aliquam
662 983 934 1046 malitiam,
966 984 1105 1054 quod
1133 985 1248 1039 sine
1280 983 1453 1036 anima
1479 994 1581 1037 est.
1609 981 1712 1038 Sed
1741 998 1853 1051 quin
1873 983 1973 1035 im-

400 1077 598 1130 molant
634 1084 825 1147 gentes,
855 1076 1121 1134 dwmoniis
1153 1075 1439 1136 immolant,
1466 1083 1511 1128 et
1544 1090 1645 1125 non
1673 1071 1780 1126 Deo
1798 1089 1818 1138 ;
1856 1072 1976 1125 nolo

402 1178 574 1220 autem
619 1182 706 1219 vos
752 1166 915 1218 socios
938 1165 1053 1233 ﬁeri
1096 1166 1483 1218 dwmouiorum.
1527 1164 1664 1219 Sunt
1706 1162 1981 1218 daemones

402 1259 491 1324 qui
533 1256 632 1308 i5ta
672 1254 935 1321 polluant,
976 1255 1066 1322 qui
1109 1256 1397 1322 praesident
1423 1254 1745 1319 simulacris,
1775 1253 1841 1306 ad
1882 1252 1979 1306 ho—

408 1344 576 1399 mines
596 1344 949 1406 seducendos.
976 1345 1098 1399 Non
1128 1348 1337 1417 potestis
1373 1361 1559 1399 mensae
1586 1344 1794 1399 Domini
1821 1345 1977 1413 parti-

409 1434 541 1502 cipes
577 1450 705 1500 esse,
746 1442 795 1486 et
833 1451 1020 1489 mensa:
1048 1436 1439 1489 dwmoniorum.
1487 1435 1597 1489 Non
1642 1435 1885 1503 potestis,
1926 1443 1977 1490 et

410 1539 525 1576 cuin
553 1523 663 1579 “eo
690 1524 820 1579 socii
851 1539 991 1591 esse,
1025 1534 1221 1582 etcum
1254 1526 1609 1592 daemonibus,
1638 1525 1758 1594 quia
1784 1525 1980 1579 utrius-

411 1628 513 1677 que
540 1628 739 1671 menste
766 1617 922 1669 vultis
961 1631 1083 1672 esse
1111 1618 1416 1686 participes.
1446 1619 1524 1671 An
1559 1619 1862 1671 wmulamur
1882 1615 1984 1670 Do-

428 1707 603 1759 uinum
625 1708 650 1759 ?
688 1706 837 1761 Sicut
875 1708 943 1761 ibi
975 1726 986 1759 :
1020 1708 1357 1763 [Emulantur
1391 1724 1485 1764 vos
1522 1724 1625 1763 non
1646 1709 1803 1763 bene.
1832 1707 1983 1762 Nun-

2075 531 2199 600 quid
2226 531 2414 600 facitis,
2457 537 2625 584 omnia
2654 532 2704 582 in
2728 530 2944 600 gloriam
2986 529 3074 583 Dei
3100 532 3263 597 facile.
3303 532 3426 586 Nihil
3464 538 3582 591 aliud

2074 622 2334 689 agendum
2368 631 2451 676 est
2477 620 2802 684 Christiano,
2836 620 2935 671 nisi
2966 628 3021 673 ut
3050 620 3099 673 in
3124 623 3258 675 omni
3306 636 3455 689 opere
3489 625 3585 692 eius

2078 712 2219 767 Deus
2262 712 2614 781 gloriﬁeetur,
2657 712 2785 765 nihil
2818 711 3157 779 superﬂuum.
3199 714 3317 767 Siue
3353 714 3589 778 offensione

2074 812 2227 856 estote
2253 801 2472 867 Judwis,
2507 814 2553 855 et
2574 802 2827 873 gentibus,
2860 812 2906 854 et
2946 801 3178 856 Ecclesia:
3214 802 3324 855 Dei.
3354 803 3461 857 Istis
3489 820 3586 857 om-

2074 894 2231 949 nibus
2264 894 2638 949 oll‘endiculum
2671 903 2806 949 erat.
2840 892 3007 947 Judrei
3037 893 3275 947 dicebant
3304 911 3315 947 :
3341 894 3589 950 Christiani

2075 986 2130 1038 in
2161 994 2359 1039 tantam
2390 985 2714 1039 dement’am
2749 984 3014 1048 abierunt,
3047 992 3103 1036 ut
3131 982 3284 1036 idolis
3320 983 3587 1046 immolent;

2075 1082 2261 1142 gentes
2299 1073 2545 1128 dicebant
2571 1091 2585 1126 :
2617 1073 2897 1140 Quomodo
2923 1087 3021 1126 nos
3051 1072 3323 1140 prohibent
3345 1073 3406 1126 ab
3444 1074 3591 1136 idolis,

2076 1177 2131 1222 et
2177 1166 2277 1235 ipsi
2328 1167 2604 1220 nobiscum
2652 1165 2889 1220 serviunt
2920 1163 3116 1217 idolis?
3150 1162 3419 1217 Christiani
3445 1174 3591 1216 autem

2080 1261 2239 1314 licere
2265 1267 2534 1327 putantes,
2566 1256 2927 1326 sequebantur
2948 1255 3271 1323 exemplum.
3299 1252 3430 1308 Sicut
3457 1267 3495 1307 et
3519 1270 3595 1323 ego

2080 1366 2171 1419 per
2188 1349 2356 1403 omnia
2379 1349 2611 1401 omnibus
2630 1346 2825 1415 placeo,
2851 1362 2951 1399 non
2974 1359 3199 1411 qumens
3222 1344 3349 1414 quod
3369 1344 3477 1395 mihi
3495 1344 3596 1397 utile

2082 1448 2174 1506 est,
2205 1439 2293 1494 sed
2318 1439 2455 1509 quod
2482 1439 2676 1500 multis,
2709 1447 2762 1490 ut
2799 1438 2925 1491 salvi
2965 1437 3108 1504 ﬁant.
3146 1434 3250 1505 Ego
3272 1449 3350 1491 me
3381 1435 3451 1488 sic
3475 1436 3599 1489 exhi-

2083 1533 2207 1596 beo,
2238 1541 2297 1586 ut
2324 1534 2581 1600 placeam.
2618 1530 2673 1583 Si
2701 1528 2820 1597 quis
2849 1538 3025 1584 autem
3053 1526 3213 1598 gratis
3242 1542 3322 1581 me
3360 1526 3477 1592 odit,
3506 1525 3599 1593 ipse

2084 1624 2238 1686 sciat,
2271 1637 2375 1675 non
2406 1636 2520 1674 mea
2552 1619 2705 1688 culpa
2727 1628 2829 1673 est.

2154 1712 2283 1766 CAP.
2314 1728 2384 1767 ιι.
2418 1710 2712 1764 Imitatores
2760 1710 2857 1762 mei
2894 1716 3070 1772 cstote,
3097 1708 3225 1761 sicut
3249 1717 3292 1761 et
3317 1724 3399 1776 ego
3424 1706 3598 1760 Christi.

412 1785 531 1861 quid
552 1796 789 1864 fortiores
823 1796 915 1849 illo
938 1799 1154 1877 sumus?
1183 1797 1366 1851 Omnia
1396 1798 1522 1850 mihi
1560 1800 1734 1862 licent,
1760 1800 1848 1851 sed
1878 1814 1979 1851 non
2013 1793 2054 1850 Β
2084 1805 2330 1859 Ctnistus
2372 1803 2507 1858 nihil
2553 1812 2767 1870 propter
2805 1816 2863 1854 se
2894 1810 2986 1853 aut
3018 1800 3165 1861 fecit,
3204 1810 3288 1851 aut
3322 1813 3487 1865 passus
3517 1807 3599 1861 est,

414 1888 579 1940 omnia
615 1889 913 1957 expediunt.
948 1889 1047 1955 Qui
1087 1891 1186 1943 ista
1226 1906 1330 1942 non
1362 1889 1508 1951 fecit,
1552 1890 1599 1942 si
1624 1879 1815 1944 scisset
1861 1888 1985 1943 hinc

417 1979 577 2032 iidem
611 1980 820 2047 probari
844 1980 1141 2044 lortiorem,
1171 1990 1226 2035 et
1258 1981 1371 2048 ipse
1412 1980 1538 2034 illud
1570 1979 1802 2044 fecisset,
1849 1988 1902 2035 ut
1932 1991 1984 2035 et

416 2073 472 2126 in
492 2070 592 2123 hoc
632 2071 786 2124 nobis
820 2071 976 2141 dare}
1005 2058 1325 2142 exemplum.
1356 2070 1541 2125 Omnia
1560 2072 1683 2124 mihi
1705 2072 1874 2137 licent,
1897 2073 1984 2124 sed

423 2178 518 2216 mm
543 2162 713 2214 omnia
739 2144 1015 2231 a'di/icdt'i’t.
1052 2163 1216 2216 Nemo
1243 2164 1376 2231 quod
1396 2179 1543 2217 suunt
1573 2172 1645 2217 est
1664 2172 1876 2232 quierat,
1897 2164 1985 2214 sed

418 2253 550 2317 quod
588 2249 821 2305 alterius.
865 2252 1034 2306 Omne
1074 2246 1212 2321 quod
1252 2252 1486 2320 expedit,
1531 2253 1655 2306 licet
1689 2266 1793 2304 non
1828 2266 1988 2305 omne

415 2342 557 2409 quod
582 2342 723 2405 licet.
765 2343 999 2413 expedi'.
1025 2344 1130 2398 Sed
1156 2360 1251 2397 nos
1281 2342 1526 2411 exemplo
1553 2342 1750 2397 Christi
1771 2356 1873 2396 non
1897 2343 1989 2396 de-

416 2437 608 2487 bemus
644 2432 983 2486 considerare
1018 2448 1137 2501 qua:
1177 2432 1369 2498 licent,
1409 2432 1503 2486 sed
1544 2447 1661 2499 qua:
1701 2430 1989 2499 expediunt

422 2522 597 2583 nobis,
646 2530 699 2575 et
734 2522 998 2575 aulilicant
1042 2522 1262 2583 alteros,
1305 2531 1361 2575 ut
1398 2537 1500 2575 non
1537 2535 1836 2591 qureramus
1872 2535 1988 2588 qua:

421 2611 575 2665 nobis
600 2611 728 2665 solis
758 2622 995 2680 prosunt,
1022 2626 1070 2667 et
1096 2614 1244 2667 alteri
1267 2621 1357 2667 aut
1387 2629 1490 2667 non
1521 2622 1762 2681 prosunt,
1795 2624 1878 2663 aut
1902 2629 1992 2664 no.

422 2708 547 2761 eent
579 2716 596 2754 ε
626 2717 745 2769 quae
768 2717 870 2756 non
897 2701 1265 2770 prohibentur,
1289 2703 1411 2771 quia
1438 2718 1533 2773 per
1571 2716 1631 2756 se
1662 2718 1765 2755 non
1799 2701 1991 2754 habent

422 2799 720 2865 peccatum,
740 2792 831 2846 sed
850 2794 1187 2846 occasionem
1212 2791 1412 2848 habent
1434 2793 1654 2861 peccati.
1674 2792 1836 2845 Omne
1858 2792 1991 2860 quod

422 2882 472 2932 in
490 2879 707 2935 macello
724 2882 877 2946 venit,
898 2883 1215 2936 manducata.
1231 2882 1379 2949 Quod
1396 2883 1519 2938 dixit
1544 2900 1557 2935 ;
1574 2883 1776 2935 Bonum
1790 2892 1872 2934 est
1889 2896 1991 2934 non

423 2969 745 3023 manducare
761 2982 1000 3033 carnem,
1019 2980 1073 3023 et
1100 2986 1204 3023 non
1223 2971 1404 3025 bibere
1433 2971 1609 3023 vinum
1632 2985 1647 3034 ;
1676 2978 1731 3022 et
1758 2969 1947 3022 iterum
1977 2986 1993 3023 :

424 3060 537 3113 Non
560 3059 890 3114 manducabo
913 3075 1127 3113 carnem
1149 3062 1199 3114 in
1222 3074 1481 3116 :etcrnum
1504 3058 1801 3129 :qnomodo
1817 3059 1991 3112 omnia

426 3151 660 3224 praecipit
690 3151 1092 3207 manducando?
1114 3152 1219 3208 Sed
1234 3152 1654 3220 conceditmagis
1674 3152 1993 3205 manducare
2021 3144 2065 3203 C

425 3255 636 3308 carnes,
669 3251 869 3300 tantum
904 3259 970 3298 ne
1000 3244 1291 3314 idolothyta
1316 3243 1657 3297 manducent.
1677 3242 1821 3295 Nihil
1838 3243 1995 3294 inter-

426 3342 680 3403 rogantes,
700 3344 902 3404 propter
914 3334 1291 3388 conscientiam.
1309 3333 1511 3386 Domini
1523 3342 1595 3387 est
1609 3345 1765 3400 terra,
1780 3344 1826 3384 et
1844 3332 1997 3398 pleni-

429 3414 550 3474 tudo
567 3424 695 3493 ejus.
721 3424 772 3477 Si
796 3423 1204 3491 interrogarent,
1235 3423 1689 3491 cognoscebantur
1709 3422 1995 3477 Christiani

430 3527 570 3577 esse,
595 3523 878 3582 etpropter
895 3514 1383 3569 irrisioncmomnia
1403 3516 1507 3569 illis
1532 3516 1779 3569 dicebant
1808 3515 1998 3568 immo-

432 3605 533 3659 lata
561 3618 699 3660 esse.
723 3605 781 3661 Si
795 3608 906 3674 quis
923 3616 1063 3659 vocat
1081 3623 1164 3660 vos
1181 3608 1466 3675 infidelium
1480 3608 1547 3658 ad
1560 3623 1772 3673 caenam,
1791 3606 2000 3675 etvultis

432 3697 525 3761 ire,
549 3713 694 3751 omne
712 3698 846 3767 quod
870 3700 1004 3752 vobis
1035 3699 1312 3768 apponiiur
1340 3698 1661 3761 manducate,
1687 3697 1816 3750 nihil
1845 3697 2002 3749 inter-

433 3798 689 3857 rogantes,
718 3798 922 3857 propter
947 3789 1324 3865 conscientiam.
1365 3788 1427 3843 Si
1452 3791 1564 3859 quis
1592 3799 1760 3841 autent
1793 3787 1999 3855 dixerit,

437 3884 532 3931 hoc
552 3880 865 3935 immolatum
884 3891 954 3941 est
973 3882 1143 3948 idolis,
1174 3882 1333 3934 nolite
1351 3882 1680 3951 manducare,
1708 3891 1913 3951 prepter
1934 3881 2002 3933 il-

438 3982 542 4029 tum
570 3972 655 4040 qui
699 3971 960 4039 indicarit,
994 3982 1039 4026 et
1072 3983 1276 4044 propter
1304 3973 1683 4025 conscientiam.
1726 3973 1792 4026 Et
1825 3975 1926 4025 hoc
1954 3972 2006 4025 in

437 4048 709 4119 "olulitate
731 4064 964 4130 ipsorum
998 4067 1173 4131 posuit
1204 4082 1218 4117 :
1244 4080 1349 4118 non
1380 4063 1533 4130 dixit,
1559 4062 1654 4127 Ite.
1681 4062 1833 4117 Tune
1863 4062 2005 4116 enim

439 4153 599 4219 debet
627 4152 963 4208 Christianus
995 4156 1071 4207 ire
1101 4155 1164 4208 ad
1209 4155 1502 4221 inﬁdelem,
1541 4156 1584 4209 si
1611 4154 1842 4223 aliquem
1886 4166 2009 4222 pro-

442 4246 635 4303 iectum
667 4245 879 4311 habeat,
912 4247 960 4300 id
994 4256 1095 4312 est,
1125 4249 1169 4301 si
1198 4251 1299 4300 scit
1326 4262 1386 4302 se
1415 4262 1571 4315 posse
1593 4245 1740 4299 illum
1773 4242 1969 4297 lucrari
1994 4260 2005 4293 :

442 4338 580 4389 sicut
604 4333 845 4390 Salvator
867 4345 1146 4405 propterea
1173 4336 1305 4403 ibat,
1330 4348 1411 4404 ut,
1427 4335 1763 4391 aut'virtutes
1789 4335 2006 4400 faceret,

442 4432 534 4475 aut
555 4423 854 4492 increparet
886 4442 898 4477 :
932 4426 1069 4478 sicut
1095 4426 1306 4499 quando
1334 4427 1425 4479 ivit
1455 4428 1517 4479 ad
1544 4425 1829 4496 quemdam
1871 4422 2010 4476 Pha-

2086 1896 2179 1950 sed
2212 1908 2429 1965 propter
2449 1893 2688 1947 omnium
2719 1892 2967 1947 salutem.
3004 1891 3081 1943 lta
3117 1899 3169 1943 et
3195 1888 3395 1953 Paulus,
3421 1890 3496 1955 qui
3519 1902 3602 1939 non

2052 2030 2053 2033 η
2087 1989 2277 2057 (ιιιωτίι
2320 1986 2460 2056 quod
2500 1986 2597 2040 sibi
2641 1985 2767 2037 utile
2800 1992 2902 2048 est,
2948 1982 3047 2035 sed
3075 1979 3211 2048 quod
3241 1979 3428 2031 multis.
3459 1975 3603 2029 Laudo

2087 2090 2255 2132 autem
2278 2095 2381 2142 vos,
2414 2079 2618 2147 fratres,
2650 2075 2784 2145 quod
2809 2091 2897 2143 per
2925 2073 3098 2126 omnia
3127 2072 3224 2141 mei
3242 2085 3465 2122 memores
3491 2069 3604 2119 estis.

2088 2167 2226 2233 Quid
2256 2176 2393 2231 erat,
2422 2165 2560 2234 quod
2592 2165 2769 2219 subito
2794 2164 2969 2217 laudat
2995 2176 3133 2229 quos
3160 2172 3279 2213 ante
3303 2156 3605 2225 vituperavit?

2093 2262 2111 2312 ι
2140 2264 2186 2312 bi
2222 2261 2350 2325 legis
2375 2259 2745 2312 auctoritatem
2777 2271 2880 2309 nou
2914 2255 3100 2319 habet,
3137 2252 3488 2308 blandimentis
3514 2264 3607 2316 pro-

2091 2363 2240 2405 vocat
2262 2350 2324 2404 ad
2349 2352 2630 2404 rationem.
2662 2347 2725 2401 Et
2747 2348 2873 2400 sicut
2899 2345 3098 2398 tradidi
3121 2344 3254 2397 vobis
3274 2351 3499 2412 prwcrpta
3519 2353 3608 2389 mea

2090 2444 2286 2496 teneris.
2320 2441 2408 2497 Sic
2434 2441 2581 2509 quasi
2616 2440 2807 2507 legem,
2840 2436 2962 2505 quia
2989 2435 3160 2488 nostis
3192 2450 3271 2486 me
3299 2430 3515 2499 Spiritum
3535 2427 3609 2480 Dei

2092 2533 2311 2593 habere,
2351 2531 2438 2599 qui
2481 2530 2535 2583 in
2579 2530 2693 2596 lege
2733 2537 2786 2582 et
2822 2525 3099 2595 prephetis
3148 2524 3346 2577 loeutus
3381 2527 3471 2574 est.
3508 2515 3609 2567 Volo

2090 2632 2260 2676 autem
2294 2636 2378 2673 ros
2415 2619 2566 2673 scire.
2611 2615 2782 2670 Etiam
2826 2615 2926 2668 hoc
2963 2612 3091 2667 volo
3134 2627 3228 2664 vos
3268 2621 3453 2663 tenere.
3491 2605 3611 2671 Quod

2092 2712 2253 2765 omnis
2278 2712 2372 2764 viri
2393 2720 2545 2780 caput
2573 2706 2805 2762 Christus
2827 2715 2921 2758 est.
2940 2704 3084 2757 Nulli
3106 2704 3137 2756 ιι
3177 2701 3368 2756 mitium
3384 2696 3610 2764 subjectus

2092 2812 2174 2857 est
2201 2803 2304 2868 vir,
2339 2800 2441 2855 nisi
2470 2798 2703 2865 Christo,
2738 2797 2824 2865 qui
2856 2802 2911 2848 et
2937 2794 3105 2849 homo
3132 2804 3233 2857 eSt,
3271 2802 3322 2845 et
3359 2789 3496 2843 Deus.
3533 2785 3611 2838 Ca-

2093 2905 2181 2964 put
2223 2904 2391 2947 autem
2423 2891 2673 2954 mulieris,
2724 2890 2824 2942 rir.
2872 2887 3066 2941 Mulier
3105 2896 3159 2940 et
3195 2886 3306 2939 viro
3341 2891 3389 2936 et
3436 2877 3613 2932 Christo

2094 2983 2327 3050 subjecta
2352 2996 2473 3036 esse
2502 2978 2681 3044 debet,
2713 2976 3003 3031 secundum
3029 2975 3271 3028 ordinem
3296 2982 3504 3029 naturce;
3531 2981 3612 3019 ce-

2097 3084 2262 3127 terutn
2291 3072 2340 3125 in
2368 3069 2585 3125 Christo
2619 3069 2745 3124 Jesu
2772 3080 2943 3133 neque
2974 3064 3266 3125 ﬂlJSCltlllS,
3298 3075 3454 3128 neque
3492 3055 3614 3109 {cmi-

2098 3178 2184 3227 na,
2217 3160 2311 3216 sed
2344 3159 2509 3213 voluit
2540 3171 2632 3211 eas
2679 3170 2800 3211 esse
2838 3153 3132 3222 subjectas.
3164 3152 3325 3219 Caput
3361 3162 3464 3201 vero
3496 3142 3618 3197 Chri-

2038 3290 2045 3295 ι
2096 3256 2162 3306 sti
2218 3250 2375 3304 Deus.
2407 3248 2625 3314 Christi,
2666 3246 2954 3301 seciindum
2992 3245 3286 3305 hominem,
3314 3239 3441 3293 unde
3465 3246 3509 3289 et
3543 3249 3620 3287 no-

2099 3358 2217 3395 tnen
2248 3340 2473 3409 accepit.
2501 3338 2631 3393 Nam
2674 3350 2866 3389 nomen
2897 3334 3017 3404 ejus
3050 3336 3103 3388 in
3133 3332 3343 3391 deitate.
3374 3325 3620 3383 secundum

2100 3434 2465 3497 Salomonem,
2500 3431 2616 3499 quis
2640 3436 2815 3495 potest
2844 3427 2981 3480 scire
3004 3426 3029 3478 ἲ
3061 3426 3346 3486 dicentem,
3391 3419 3523 3484 Quod
3549 3432 3627 3466 no-

2102 3541 2221 3578 men
2253 3522 2410 3592 ejus?
2429 3530 2521 3575 aut
2546 3520 2688 3590 quod
2714 3532 2906 3573 nomen
2934 3517 3029 3570 lilii
3057 3517 3207 3583 ejus?
3228 3513 3396 3566 Umnis
3416 3511 3481 3562 vir
3500 3521 3625 3560 orans

2102 3625 2192 3668 aut
2240 3614 2545 3683 praphetans
2588 3609 2748 3663 uelato
2791 3608 2987 3679 capite,
3035 3611 3270 3672 deturpal
3311 3610 3449 3666 caput
3486 3612 3624 3649 suum.

2107 3705 2282 3758 Omnis
2309 3714 2474 3756 autem
2508 3701 2687 3754 mulier
2707 3715 2878 3761 orans,
2912 3709 3000 3750 aut
3036 3698 3341 3766 prophetans
3381 3707 3472 3745 nou
3500 3689 3630 3740 relato

2105 3796 2286 3861 capite,
2333 3794 2568 3860 deturpat
2594 3800 2747 3858 caput
2776 3805 2955 3851 suum;
2987 3806 3149 3841 unum
3177 3789 3303 3841 enim
3328 3794 3395 3837 est
3427 3799 3479 3834 ue
3499 3781 3536 3832 si
3559 3780 3631 3831 di-

2106 3887 2329 3938 calcetur
2353 3898 2505 3936 :nam
2533 3883 2693 3935 sinon
2713 3882 2908 3934 velatur
2930 3880 3137 3945 mulier,
3167 3879 3447 3932 tondeatur.
3467 3872 3518 3925 Si
3542 3882 3636 3922 M0

2109 3989 2258 4043 turpe
2298 3983 2369 4027 est
2409 3972 2610 4025 mulieri
2656 3971 2869 4033 tonderi,
2920 3980 3005 4023 aut
3049 3970 3325 4030 decaloari,
3371 3966 3482 4018 velet
3512 3965 3639 4025 caput

2108 4080 2274 4119 suum.
2330 4063 2424 4117 Vir
2454 4064 2656 4133 quidem
2693 4078 2794 4115 non
2834 4061 2975 4114 debet
3020 4060 3191 4113 velare
3232 4067 3405 4127 caput,
3435 4051 3640 4120 quoniam

2112 4157 2280 4224 imago
2310 4162 2354 4207 et
2383 4153 2547 4223 gloria
2578 4162 2650 4206 est
2679 4150 2805 4216 Dei,
2840 4148 3023 4203 mulier
3063 4160 3232 4203 autem
3271 4147 3429 4218 gloria
3458 4140 3539 4196 viri
3566 4146 3642 4190 est.

2118 4248 2273 4302 Venit
2304 4246 2369 4300 ad
2401 4260 2641 4308 causam,
2676 4242 2797 4312 quia
2829 4253 2880 4296 et
2912 4242 3011 4296 viri
3058 4240 3313 4310 aliquanti
3343 4247 3530 4289 comam
3567 4242 3624 4281 nu

2115 4338 2369 4401 triebant,
2418 4347 2468 4390 et
2492 4336 2742 4390 mulieres
2786 4334 2928 4387 nudo
2950 4334 3123 4399 capite
3153 4332 3208 4385 in
3251 4328 3465 4384 ecclesia
3494 4333 3644 4391 proce-

2117 4428 2334 4493 debant,
2366 4437 2418 4481 et
2451 4428 2505 4480 in
2548 4426 2659 4480 suis
2702 4423 2912 4493 capillis
2957 4424 3353 4492 g‘oriabantur;
3395 4413 3521 4484 quod
3562 4422 3646 4463 non

444 4528 472 4568 r
495 4527 681 4578 satum,
714 4524 768 4566 et
802 4513 925 4569 dum
958 4514 1296 4581 pranderent,
1333 4500 1571 4582 primum
1594 4516 1765 4583 ipsum
1811 4512 2010 4579 docuit,
2046 4502 2093 4561 Ι)
2118 4518 2288 4570 solum
2334 4516 2696 4577 inhonestum,
2754 4514 2846 4568 sed
2878 4514 3038 4566 etiam
3078 4509 3332 4565 seandalo
3381 4513 3505 4560 erat.
3537 4500 3647 4565 Er§°

447 4617 551 4655 non
580 4602 772 4658 divites
796 4603 1088 4672 pascendos
1114 4619 1253 4667 esse,
1282 4604 1377 4659 scd
1408 4606 1629 4660 debiles.
1661 4604 1861 4658 Deinde
1879 4603 2017 4655 Pha-

446 4696 635 4747 risaos
664 4693 862 4760 docuit,
892 4693 1049 4748 etiam
1082 4694 1133 4747 in
1163 4695 1387 4763 prandio
1409 4694 1763 4748 humilitatem
1796 4708 2015 4748 servan-

447 4786 590 4839 dam.
618 4784 800 4840 Tertio
830 4786 1166 4855 legisperitos
1191 4787 1382 4854 arguit,
1415 4787 1503 4855 qui
1532 4786 1633 4839 sibi
1674 4785 1788 4853 plus
1818 4786 2016 4855 aliquid

448 4879 806 4945 \indicabant,
836 4889 886 4934 et
928 4894 1026 4934 nec
1067 4879 1166 4949 ipsi
1209 4884 1504 4950 arguebant
1552 4880 1882 4949 superbiam,
1923 4896 2020 4937 nec

448 4973 583 5025 alios
632 4971 1032 5041 permittebant.
1092 4972 1467 5027 Conscientiam
1516 4982 1687 5025 autem
1734 4973 1869 5037 dico,
1919 4988 2020 5025 non

452 5077 612 5123 ικαηι,
645 5064 734 5115 sed
763 5064 995 5117 alterius.
1028 5063 1103 5118 Ne
1138 5065 1398 5127 dicerent,
1432 5063 1701 5134 quomodo
1723 5078 1819 5117 nos
1842 5072 2020 5118 vetant

455 5151 753 5218 immolare,
784 5155 934 5221 quasi
964 5153 1158 5207 tualum
1182 5155 1270 5218 sit,
1301 5166 1353 5208 et
1383 5154 1453 5207 illi
1493 5154 1835 5215 manducant,
1868 5152 2020 5221 quasi

450 5255 635 5297 sancta
662 5252 715 5296 et
742 5246 977 5298 munda?
1008 5245 1200 5316 (liquid
1221 5247 1353 5301 enim
1378 5247 1581 5301 libertas
1625 5262 1733 5299 utea
1754 5245 2021 5316 jadicatur

455 5338 517 5388 ab
554 5335 661 5388 alia
700 5337 1050 5391 conscientia?
1081 5324 1212 5391 Cum
1255 5338 1386 5392 nihil
1423 5337 1552 5391 mihi
1594 5339 1777 5406 prosit.
1830 5337 1890 5392 Si
1929 5354 2021 5407 ego

370 5462 385 5470 ο
406 5497 416 5511 θ
453 5444 570 5479 cum
592 5428 761 5499 gratia
775 5428 1049 5498 participo,
1070 5430 1193 5497 quid
1218 5428 1536 5499 blasphemor
1564 5445 1655 5495 pro
1676 5444 1733 5483 eo
1753 5428 1889 5497 quod
1906 5442 2025 5496 gra-

455 5524 552 5575 tias
595 5524 735 5593 ago?
772 5523 961 5577 Omnia
999 5521 1195 5577 munia
1239 5530 1384 5587 sunt,
1421 5537 1540 5589 qua:
1571 5536 1692 5575 eum
1735 5520 2023 5589 gratiarum

463 5613 672 5667 ac-ione
699 5614 1084 5682 percipiuntur,
1100 5610 1192 5666 sed
1218 5611 1305 5666 ille
1333 5611 1433 5664 hoc
1460 5626 1563 5665 non
1581 5612 1848 5680 intelligit,
1876 5611 2026 5678 etju—

470 5706 611 5758 dicat
640 5721 743 5773 me,
777 5705 924 5775 quasi
949 5704 1139 5775 ﬁngam
1173 5720 1256 5759 tne
1282 5705 1479 5769 dicere,
1503 5704 1697 5758 malam
1723 5717 1842 5757 esse
1873 5701 2025 5755 idolis

2123 4609 2205 4664 vir
2250 4623 2352 4661 non
2402 4606 2580 4669 debet,
2617 4605 2806 4671 inquit,
2841 4603 3038 4655 habere
3083 4602 3341 4656 volumen,
3385 4595 3467 4661 qui
3505 4590 3647 4641 solum

2124 4698 2392 4755 Christum
2436 4698 2593 4751 habet
2637 4709 2812 4763 caput.
2864 4695 3049 4747 Mulier
3080 4703 3257 4743 autem
3309 4688 3457 4740 deluit
3487 4680 3650 4734 habi-rc

2124 4792 2390 4855 velamen,
2425 4788 2561 4857 quod
2585 4785 2832 4839 ostendat
2858 4785 2999 4836 illam
3030 4782 3306 4842 humilem,
3347 4784 3397 4828 et
3427 4774 3530 4825 viro
3557 4780 3654 4857 esse

2126 4855 2455 4949 subiectam.
2482 4877 2636 4932 Notat
2673 4885 2850 4929 autem
2906 4872 3299 4926 Corinthiorum
3349 4855 3653 4919 consueluili'

2128 4987 2273 5037 nem,
2312 4968 2451 5039 quod
2483 4968 2731 5022 mulieres
2760 4979 2944 5019 eorum
2983 4965 3178 5016 intecto
3206 4958 3375 5027 capite
3397 4960 3577 5011 essent.
3612 4956 3655 4999 cl

2127 5061 2227 5115 viri
2267 5074 2472 5114 comam
2520 5056 2805 5121 nutrirent,
2854 5065 2907 5109 et
2948 5053 3310 5109 indill‘erenter
3350 5052 3656 5100 vescerentur

2128 5154 2183 5207 in
2213 5150 2446 5219 templis,
2478 5158 2535 5202 et
2566 5148 2735 5201 inllati
2763 5146 3025 5216 sapientia
3051 5141 3316 5204 sa-ctilari,
3349 5140 3586 5191 resurreet
3608 5143 3649 5176 ου

2129 5256 2249 5296 nem
2289 5238 2465 5294 carnis
2495 5245 2774 5305 negarent.
2816 5234 2936 5288 Non
2978 5235 3105 5288 enim
3148 5234 3224 5284 vir
3266 5244 3329 5281 ex
3357 5226 3551 5277 muliere
3577 5227 3653 5279 est,

2128 5332 2216 5386 sed
2245 5331 2427 5385 mulier
2456 5345 2519 5383 ex
2541 5331 2670 5382 viro.
2711 5326 2911 5380 Etenim
2934 5341 3033 5380 non
3061 5332 3134 5377 est
3166 5329 3364 5375 creatus
3388 5318 3460 5369 vir
3480 5318 3659 5382 propter

2127 5422 2405 5488 mulierem,
2431 5420 2519 5473 sed
2549 5419 2727 5472 mulier
2753 5426 2960 5487 propter
2980 5416 3161 5469 virum.
3196 5410 3321 5463 Ideo
3340 5406 3472 5461 debet
3502 5401 3659 5455 mulier

2131 5522 2423 5581 potestatem
2450 5510 2633 5562 habere
2653 5523 2804 5578 supra
2827 5515 3000 5576 caput.
3025 5502 3339 5570 Exemplum
3366 5496 3430 5551 de
3452 5493 3598 5549 Adam
3615 5492 3662 5538 ει

2131 5607 2259 5661 Eva.
2278 5605 2493 5675 Propter
2507 5605 2733 5673 angelos.
2755 5599 2990 5671 Angelos
3006 5595 3345 5656 sacerdotes,
3358 5600 3409 5644 et
3430 5585 3608 5640 minist:
3622 5594 3670 5631 os

2132 5698 2314 5752 altaris
2361 5696 2617 5765 intelligv,
2650 5693 2728 5749 vel
2758 5707 2968 5745 otnuem
3009 5691 3253 5746 clerum.
3301 5682 3385 5753 qui
3429 5680 3508 5732 “vi
3556 5686 3667 5741 ιντε-

3250 5826 3259 5851 l
