3904 6176
299 286 400 342 533

1077 286 1140 346 ΙΝ
1180 286 1558 345 EPISTULAM
1603 285 1617 338 l
1662 280 1748 338 AD
1789 277 2196 336 CORINTIHOS
2233 277 2739 333 COMMENTARIA.
3442 271 3539 322 ε’δὲ

294 410 446 472 cepta
492 400 832 461 snnuntiant.
875 401 1110 471 Angelus
1151 401 1295 455 enim
1327 410 1407 460 est
1447 414 1642 454 nomen
1679 393 1864 458 oilicii,
1899 394 1943 450 Α
1974 407 2093 446 cum
2123 393 2238 460 ipso
2262 392 2580 459 upj'at‘cbitis
2603 392 2652 444 in
2676 388 3013 460 gloria.l\'ihil
3037 403 3162 458 ergo
3187 387 3270 443 hic
3293 388 3541 456 quamuis

293 508 396 548 non
420 503 650 548 naturae.
673 493 1029 548 Verumtamen
1051 507 1210 561 neque
1235 494 1310 544 uir
1330 492 1437 545 sine
1458 490 1684 551 muliere,
1707 501 1868 556 nequc

293 585 480 636 mulier
509 583 621 637 sine
649 584 756 636 viro
777 584 831 636 in
859 583 1103 638 Domino.
1133 584 1264 650 Quia
1294 599 1387 650 pro
1409 578 1657 634 omnibus
1681 592 1740 631 se
1764 587 1869 630 tra-

292 674 425 728 didit
453 674 722 728 Christus.
757 673 894 727 Nam
910 675 1041 728 sicut
1067 675 1250 728 mulier
1277 674 1340 727 de
1362 673 1490 738 viro,
1519 672 1589 726 ita
1617 678 1664 723 et
1685 669 1760 720 rir
1782 683 1872 736 per

293 766 582 818 ntulierem.
624 763 812 817 Omnia
848 776 1016 818 autem
1053 781 1117 820 ea:
1156 765 1282 818 Deo.
1321 763 1427 818 Vos
1464 763 1562 834 ipsi
1589 761 1822 832 judicate
1851 772 1872 810 :

295 855 438 908 decet
477 855 750 910 mulierem
793 873 896 910 non
931 855 1147 910 relatam
1187 871 1332 909 orare
1366 853 1574 906 Deum?
1613 849 1725 904 Nec
1761 851 1871 915 ipsa

294 954 483 997 natura
513 945 659 998 docet
692 959 802 1008 vos,
831 945 970 1012 quod
992 945 1067 996 vir
1096 944 1299 1012 quidem
1332 944 1378 997 si
1419 958 1616 996 comam
1655 942 1870 1005 nutriat,

294 1037 579 1108 ignominia
601 1046 674 1091 est
696 1035 808 1098 illi;
837 1033 1020 1088 mulier
1040 1025 1214 1089 vero'si
1239 1051 1436 1088 comam
1466 1034 1678 1097 nutrint,
1708 1031 1874 1102 gloria

296 1137 364 1181 est
393 1129 515 1181 illi:
533 1128 774 1198 quoniam
793 1127 974 1195 capilli
999 1143 1092 1195 pro
1113 1127 1362 1181 uelamine
1381 1127 1426 1180 ei
1461 1126 1570 1178 dati
1597 1135 1734 1178 sunt.
1758 1123 1874 1177 Sic-

298 1229 347 1272 nt
391 1219 566 1286 prima
606 1218 794 1273 mulier
830 1233 896 1273 ex
929 1217 1131 1282 Adam,
1173 1218 1244 1271 ita
1267 1216 1509 1272 Christus
1537 1232 1600 1271 ex
1634 1215 1870 1282 Virgine.

299 1309 354 1364 Si
382 1311 501 1378 quis
529 1320 698 1362 autem
720 1309 1286 1363 uidetur‘contentiosus
1316 1325 1440 1369 esse,
1468 1323 1558 1360 nos
1581 1306 1731 1361 talem
1753 1322 1875 1359 con-

296 1386 620 1454 suetudinem
669 1416 770 1454 non
809 1401 1082 1465 habemus,
1127 1415 1286 1468 neque
1328 1397 1560 1451 Ecclesia
1602 1395 1714 1450 Dei.
1760 1396 1876 1450 Hoc

298 1502 469 1544 autem
523 1489 788 1560 prtecipio,
841 1507 942 1544 non
983 1490 1226 1557 laudans,
1281 1491 1416 1560 quod
1457 1505 1558 1545 non
1588 1489 1644 1542 in
1672 1487 1872 1554 melius,

299 1583 383 1635 sed
438 1583 493 1634 in
537 1581 759 1634 deterius
811 1581 1112 1634 convenitis.
1162 1579 1273 1634 Hoc
1323 1588 1445 1643 est,
1506 1591 1602 1632 nos
1644 1577 1888 1633 diximus.

299 1687 418 1740 quas
474 1671 633 1726 nobis
685 1670 913 1725 honesta
954 1669 1308 1736 videbantur,
1349 1679 1402 1724 et
1426 1668 1593 1738 justa.
1651 1668 1707 1722 Si
1757 1667 1874 1736 quis

1971 483 2158 551 glotite
2196 491 2248 536 et
2281 482 2478 551 gaudii,
2522 481 2607 535 ubi
2649 481 2837 535 mortui
2877 480 3025 533 estis.
3075 478 3168 532 llic
3204 479 3342 533 talia:
3364 493 3542 530 novum

1974 579 2324 626 testamentum
2351 565 2443 626 esf.
2484 572 2616 638 Quia
2645 580 2796 624 vetus
2826 569 2925 624 hoc
2956 585 3049 639 per
3075 569 3386 639 sanguinem
3423 569 3541 620 ani-

1974 663 2188 716 malium
2231 663 2602 730 portendebat.
2647 660 2711 714 In
2753 679 2861 716 meo
2898 662 3162 730 sanguine.
3219 661 3328 715 lloc
3372 661 3538 730 facite.

1973 754 2373 808 Testamentum
2415 769 2510 822 per
2561 753 2874 822 sanguinem
2916 752 3221 814 dedicatur,
3261 751 3380 818 quia
3429 751 3544 803 sine

1975 854 2146 898 morte
2169 844 2374 897 ﬁrmum
2401 858 2508 898 non
2535 853 2635 898 est.
2665 845 3070 911 Quotiescunque
3092 840 3286 906 bibetis,
3308 841 3361 893 in
3383 855 3544 891 meam
3571 833 3586 914 ι’

1975 934 2522 988 commemorationem.
2567 932 2969 1000 Quotiescunque
3004 931 3140 985 enim
3176 927 3546 982 manducabitis

1977 1039 2159 1093 panem
2184 1023 2339 1088 hunc,
2371 1034 2417 1076 et
2447 1024 2655 1077 calicem
2682 1023 2877 1076 bibetis.
2920 1021 3165 1076 Salvator
3192 1019 3332 1074 Deus
3370 1033 3551 1072 exem-

1978 1111 2120 1179 plum
2147 1111 2313 1179 dedit,
2341 1120 2396 1164 ut
2429 1111 2846 1179 quotiescunque
2871 1109 2971 1163 hoc
3002 1107 3242 1173 iacimus,
3276 1107 3326 1162 in
3372 1107 3587 1170 mente!

1979 1199 2270 1255 habeamus
2298 1199 2436 1268 quod
2461 1199 2708 1254 Christus
2731 1214 2823 1267 pro
2853 1199 3008 1253 nobis
3033 1199 3280 1252 omnibus
3307 1208 3549 1250 mortuus

1978 1302 2078 1346 eet.
2119 1281 2241 1346 Ideo
2280 1293 2432 1346 nobis
2469 1291 2682 1356 dicitur,
2724 1305 2920 1360 corpus
2945 1289 3162 1356 Christi,
3198 1299 3254 1344 ut
3287 1305 3406 1343 cum
3447 1288 3547 1340 hoc

1977 1382 2243 1438 recordati
2283 1381 2570 1446 fuerimus,
2613 1398 2716 1437 non
2756 1383 2922 1438 simus
2960 1383 3150 1451 ingrati
3187 1381 3370 1451 gratia:
3409 1381 3544 1449 ejus,

1979 1475 2424 1544 quemadmodum
2465 1476 2508 1530 si
2550 1476 2664 1546 quis
2719 1476 2950 1529 moriens
2990 1476 3251 1543 relinquat
3297 1476 3341 1528 ei
3390 1490 3543 1541 q--cnt

1979 1569 2149 1640 diligit
2184 1570 2397 1641 aliquod
2437 1572 2648 1641 pignus,
2688 1572 2824 1641 quod
2867 1571 2956 1626 ille
2992 1579 3108 1637 post
3149 1578 3368 1622 mortem
3408 1566 3545 1634 ejus,

1981 1661 2405 1731 quandocunque
2431 1661 2647 1730 viderit,
2681 1661 2914 1730 nunquid
2947 1669 3119 1728 potest
3148 1656 3394 1727 lacrymis
3421 1669 3549 1708 con-

277 1765 480 1817 'autem
523 1762 714 1817 nolens
746 1762 1088 1831 acquiescere
1124 1759 1584 1828 veritati,.qu:erit
1609 1757 1751 1828 quod
1791 1771 1876 1812 re-
1904 1751 1952 1813 Β
1981 1754 2170 1818 tinerc,
2210 1753 2255 1807 si
2293 1767 2415 1807 eum
2456 1751 2690 1822 perfecte
2727 1751 3014 1807 dilexerit?
3088 1749 3304 1804 Mortem
3347 1745 3552 1800 Domini

302 1853 589 1920 spondeat,
634 1862 688 1906 et
715 1851 910 1922 quibus
961 1852 1188 1916 nitatur,
1237 1859 1456 1906 econtra
1506 1849 1640 1904 sciat
1685 1863 1745 1903 se
1786 1861 1877 1902 re-

302 1943 593 2009 sponsione
626 1955 731 1996 non
772 1941 1015 2010 dignum,
1056 1939 1179 2008 quia
1216 1940 1386 2009 magis
1414 1938 1737 1992 contendere
1779 1949 1878 2004 pa-

303 2042 451 2086 ratus
493 2041 579 2085 est
619 2045 780 2099 quam
820 2029 1024 2087 doceri.
1068 2029 1304 2084 Primum
1347 2031 1552 2098 quidem
1580 2029 1880 2082 conuenien-

304 2124 436 2174 ti'us
487 2121 626 2175 vobis
679 2121 734 2174 in
784 2119 1106 2188 Ecclesium,
1161 2120 1319 2174 audio
1371 2121 1620 2173 scissuras
1657 2135 1786 2186 esse,
1834 2128 1881 2174 et

306 2227 362 2264 c.r
387 2220 538 2282 parte
580 2211 751 2264 credo.
799 2207 1206 2265 Contentioues.
1256 2207 1394 2262 Nam
1429 2217 1626 2276 oportet
1667 2207 1882 2261 hwreses

306 2319 434 2366 esse,
485 2311 540 2354 ut
579 2312 624 2354 et
663 2301 749 2368 qui
787 2299 986 2369 probati
1008 2310 1146 2365 sunt,
1181 2299 1438 2368 manifesti
1474 2299 1600 2369 ﬁant
1628 2299 1682 2352 in
1723 2298 1878 2352 vobis.

307 2392 419 2444 Non
463 2390 603 2460 quod
645 2392 876 2446 hat-roses
903 2391 1014 2446 Deo
1052 2390 1318 2459 placeant,
1359 2389 1451 2443 sed
1495 2389 1634 2459 quod
1671 2401 1764 2457 per
1792 2401 1884 2442 eas

308 2483 493 2536 lideles
525 2479 829 2545 exercitati,
858 2481 995 2535 sicut
1024 2480 1131 2534 Deo
1160 2481 1272 2534 uoti
1301 2488 1447 2544 sunt,
1481 2480 1548 2532 ita
1579 2479 1740 2534 etiam
1772 2492 1882 2531 ma-

309 2571 632 2625 nif’estentur
668 2569 994 2637 hominibus,
1033 2582 1087 2624 et
1124 2569 1321 2624 clarius
1357 2568 1710 2623 innotescunt.
1751 2567 1882 2624 Nam

311 2664 456 2716 unde
482 2661 729 2716 advocati
777 2660 964 2730 perititt
1007 2659 1306 2729 apparebit,
1347 2659 1394 2714 si
1437 2673 1652 2714 causam
1686 2658 1883 2713 nullam

310 2752 452 2805 dicat
482 2751 574 2805 ubi
613 2750 899 2820 probetur?
928 2749 1069 2805 unde
1107 2749 1413 2816 nauclerus,
1450 2749 1532 2804 vel
1565 2748 1885 2819 gubernator

316 2841 636 2906 laudabitur,
673 2841 718 2895 si
751 2841 902 2894 navis
928 2854 1142 2910 semper
1171 2841 1222 2894 in
1254 2848 1409 2909 portu
1437 2839 1519 2894 vel
1550 2839 1601 2893 in
1632 2839 1886 2910 tranquil-

321 2934 464 2987 l-tate
501 2933 650 2988 consi
686 2935 794 2986 tat?
835 2931 1254 2985 Convenientibus
1295 2931 1436 2990 vobis
1473 2931 1526 2986 in
1563 2947 1741 2993 unum,
1773 2933 1886 3002 jant

325 3040 420 3076 non
457 3033 527 3076 est
565 3023 873 3078 dominicam
910 3039 1101 3077 ctenam
1139 3028 1468 3076 manducare.
1531 3022 1889 3094 Unusquisque

329 3113 451 3165 cnim
488 3129 634 3166 suam
673 3129 867 3166 (tenam
904 3113 1166 3182 pra-:sutnit
1205 3114 1271 3165 ad
1311 3112 1742 3165 manducandum.

332 3205 452 3258 alius
485 3206 694 3272 quidem
732 3206 909 3270 esurit,
942 3205 1078 3258 alius
1112 3214 1279 3258 autent
1309 3205 1475 3258 ebrius
1508 3213 1597 3257 est.
1641 3204 1888 3272 Nunquid

335 3297 496 3350 «tomos
545 3311 647 3347 non
701 3294 894 3347 habetis
937 3295 1004 3347 ad
1051 3295 1464 3349 manducandum
1507 3305 1554 3349 et
1599 3295 1884 3359 bibtndunt,

339 3401 415 3447 aut
444 3391 718 3445 Ecclesium
752 3389 844 3442 Dei
878 3392 1217 3455 contemnitis,
1255 3399 1305 3445 et
1339 3390 1649 3458 confunditis
1685 3407 1768 3444 eos
1802 3391 1889 3460 qui

339 3498 428 3534 non
461 3483 683 3536 habent?
723 3481 861 3547 Quid
899 3482 1066 3535 dicam
1106 3482 1281 3536 vobis?
1319 3481 1500 3536 Laudo
1539 3483 1668 3536 vos?
1703 3482 1755 3534 in
1797 3486 1889 3535 hoc

338 3588 428 3624 non
465 3573 637 3626 laudo.
681 3572 833 3641 Apud
869 3569 1173 3626 Corinthios
1212 3572 1512 3642 quondam,
1551 3571 1690 3627 sicut
1728 3571 1888 3640 aliqui

336 3675 596 3726 asserunt,
653 3677 812 3728 prava
866 3661 1168 3716 invaluerat
1211 3663 1579 3726 consuetudo,
1637 3661 1890 3715 ecclesias

339 3757 514 3820 passim
557 3753 914 3807 dehonestare
963 3751 1242 3816 conviviis,
1284 3752 1334 3805 in
1372 3752 1560 3822 quibus
1601 3752 1902 3816 VCSCEiMI‘."

339 3850 416 3895 tur
439 3852 555 3897 ante
575 3845 899 3897 dominicam
926 3843 1272 3907 oblationem,
1300 3857 1455 3911 quam
1487 3855 1691 3896 ccenam
1721 3841 1892 3896 nocti-

339 3933 430 3988 bus
461 3934 751 3990 tll’erebant
793 3953 807 3990 :
847 3949 1076 4004 cumque
1113 3934 1300 3988 divites
1347 3933 1481 3987 t-brTi
1521 3934 1586 3987 ad
1629 3932 1889 3988 Euchari-

339 4026 479 4080 stiani
513 4030 776 4094 venirent,
810 4025 1138 4082 vexabantur
1181 4026 1366 4095 inopes
1408 4025 1569 4080 fame.
1623 4025 1737 4080 Mos
1765 4039 1892 4080 vero

342 4117 462 4182 iste,
506 4128 562 4172 ut
613 4117 887 4184 referunt,
941 4117 1010 4172 de
1065 4117 1247 4186 gentili
1294 4117 1468 4172 adhuc
1515 4116 1892 4186 superstitione

341 4209 563 4262 Vcnicbat
594 4225 610 4262 :
645 4209 786 4264 unde
823 4209 984 4262 etiam
1022 4206 1336 4276 quibusdam
1378 4207 1510 4262 locis
1550 4219 1644 4274 per
1673 4205 1890 4276 Egypti

343 4294 461 4361 loca,
485 4296 560 4349 vel
582 4296 772 4366 Syriae,
795 4295 881 4349 die
905 4278 1111 4348 sabbaii
1138 4303 1292 4348 nocte
1320 4302 1436 4362 post
1465 4307 1672 4348 comam
1695 4292 1892 4347 dicitur

341 4385 402 4439 ad
427 4386 701 4441 hcclcsiam
735 4385 1035 4440 conveniri.
1079 4381 1190 4452 Ego
1221 4385 1354 4437 enim
1383 4383 1558 4451 accepi
1593 4399 1624 4435 a
1649 4380 1886 4447 Domino,

1819 3111 1886 3166 Et
1913 3104 1958 3166 C

1979 1843 2342 1896 annuntiabitis
2379 1843 2537 1896 donec
2571 1843 2758 1896 veniat.
2799 1841 2854 1894 lu
2893 1840 3140 1895 cordibus
3179 1839 3390 1902 vestris,
3430 1852 3549 1890 cum

1980 1935 2195 2000 auditis,
2236 1947 2432 2002 corpus
2471 1931 2688 1988 Christi.
2741 1930 2925 2000 Itaque
2961 1931 3243 2002 quicunque
3277 1929 3554 1980 manduca-

1980 2027 2104 2080 uerit
2133 2041 2310 2094 panem
2338 2024 2494 2089 hunc,
2524 2024 2601 2076 vel
2627 2023 2803 2076 biberit
2842 2021 3051 2075 calicem
3087 2020 3292 2073 Domini
3325 2020 3549 2086 indigne.

1981 2119 2170 2173 Omnis
2211 2117 2439 2172 mundus
2480 2116 3046 2171 manducabltcarncs
3071 2157 3084 2179 ,
3130 2122 3184 2169 et
3221 2111 3394 2166 anima
3437 2126 3551 2178 qua:

1983 2210 2380 2266 manducaverit
2405 2208 2696 2272 immunda,
2719 2207 3176 2262 exterminabitur.
3201 2204 3256 2259 Si
3285 2204 3352 2256 ibi
3383 2216 3552 2254 recur-

1985 2305 2144 2358 datus
2185 2302 2347 2358 lueris
2373 2302 2515 2372 quod
2543 2301 2704 2356 frater
2728 2310 2848 2355 tuus
2871 2301 3028 2355 habet
3051 2299 3242 2368 aliquid
3268 2298 3551 2350 adversum
3618 2344 3628 2354 ,

1987 2407 2060 2464 te,
2089 2397 2329 2466 relinque
2357 2395 2430 2450 ibi
2457 2409 2650 2450 munus
2674 2403 2840 2449 tuum.
2869 2393 2933 2446 Et
2956 2394 3246 2446 Hieremias
3269 2407 3285 2445 :
3309 2390 3553 2454 Nunquid

1989 2498 2107 2543 vota
2137 2497 2192 2544 et
2240 2499 2432 2542 carnes
2467 2485 2716 2541 auferent
2753 2501 2782 2538 a
2821 2494 2870 2539 te
2900 2484 3156 2539 malitiam
3190 2483 3370 2536 tuam?
3410 2482 3556 2533 Prius

1988 2579 2476 2652 perscrutandaest
2513 2578 2686 2633 omnis
2725 2576 3076 2641 conscientia,
3107 2577 3150 2629 si
3193 2576 3243 2628 in
3285 2573 3428 2628 nullo
3463 2589 3556 2622 nos

1987 2670 2349 2742 reprehendit,
2383 2678 2439 2724 et
2477 2669 2552 2723 sic
2591 2677 2693 2722 aut.
2719 2667 3046 2723 oll‘ereudum
3086 2675 3168 2722 est
3205 2676 3293 2719 aut
3318 2680 3558 2718 comnm-

1988 2763 2294 2818 nicandum.
2339 2759 2476 2814 Reus
2514 2761 2607 2814 erit
2644 2761 2870 2828 corporis
2915 2770 2962 2814 et
3006 2758 3272 2829 sanguinis
3331 2755 3556 2809 Domini.

1988 2853 2148 2922 Quasi
2191 2857 2304 2922 ipse
2344 2852 2489 2906 illum
2531 2849 2807 2912 occiderit,
2839 2849 2960 2918 quia
2999 2835 3290 2903 contemnit
3333 2846 3473 2899 illum
3505 2857 3561 2897 ct

1991 2963 2088 3018 pro
2126 2946 2292 3002 nihilo
2328 2946 2475 3002 ducit
2510 2959 2706 3013 corpus
2744 2943 2880 3012 ejus,
2922 2943 3058 2997 sicut
3093 2942 3260 2996 .ludaai
3301 2939 3412 2994 lecc
3446 2948 3557 2990 ttut.

1993 3039 2178 3095 Probet
2205 3048 2376 3093 autem
2413 3038 2632 3106 seijsunt
2663 3037 2832 3099 homo,
2867 3043 2914 3088 et
2947 3034 3018 3088 sic
3049 3034 3110 3088 de
3142 3048 3272 3098 pane
3301 3031 3390 3084 illo
3420 3030 3560 3092 edat,

1991 3141 2036 3184 et
2077 3131 2142 3184 de
2178 3130 2336 3184 calice
2359 3128 2513 3182 bibat.
2565 3127 2621 3183 Si
2667 3127 2715 3179 itt
2759 3126 2920 3180 li..tco
2964 3134 3054 3178 aut
3101 3126 3151 3178 in
3196 3139 3317 3176 vase
3365 3121 3563 3189 polluto

1991 3234 2096 3274 non
2138 3225 2312 3288 potest
2342 3217 2500 3276 mitti.
2534 3225 2588 3272 et
2630 3214 2992 3284 unusquisque
3021 3229 3123 3267 non
3155 3212 3336 3276 audet,
3367 3219 3564 3280 quanto

1991 3308 2160 3380 magis
2207 3324 2313 3366 uin
2360 3307 2519 3363 debet
2565 3306 2731 3375 accipi
2772 3305 2934 3360 corde
2978 3303 3213 3372 polluto?
3260 3316 3414 3370 quam
3467 3302 3557 3352 im-

1992 3401 2304 3464 munditiam
2349 3399 2696 3468 Deussnpcr
2736 3399 2913 3450 omnia
2958 3406 3304 3458 exsecratur,
3351 3403 3403 3448 et
3447 3410 3564 3462 qun

1990 3493 2103 3547 sola
2133 3491 2322 3561 injuria
2353 3491 2562 3559 corpori
2592 3490 2710 3559 ejus
2738 3487 2986 3544 el‘licitur.
3013 3487 3142 3540 Nam
3167 3496 3220 3542 et
3247 3483 3448 3555 Joseph
3477 3487 3564 3539 illo

1987 3585 2167 3654 justus
2203 3583 2431 3638 sindone
2459 3581 2652 3636 munda
2705 3580 3021 3644 involutum,
3059 3577 3111 3630 in
3141 3577 3386 3647 sepulcro
3428 3591 3565 3628 ttuvu

1923 3683 1948 3702 ’
1991 3689 2186 3745 corpus
2213 3673 2421 3729 Domini
2450 3671 2715 3742 sepelivit.
2760 3671 2858 3735 Qui
2883 3671 3011 3724 enim
3044 3669 3316 3726 manduca!
3371 3677 3418 3719 et
3447 3667 3566 3719 bibit

1991 3765 2220 3836 indigne,
2251 3763 2511 3834 judicium
2549 3760 2643 3812 sibi
2682 3760 2950 3812 manducat
2991 3771 3036 3810 ct
3077 3758 3217 3810 bibit.
3282 3757 3566 3822 Dupliciter

1994 3868 2116 3909 rcus
2147 3862 2230 3907 est
2258 3852 2346 3921 qui
2376 3851 2620 3920 indiguus
2650 3849 2874 3913 accedit,
2907 3857 2959 3901 et
2991 3861 3084 3913 pro
3115 3854 3354 3914 peccato,
3387 3854 3438 3896 et
3469 3859 3565 3908 pro

1995 3945 2359 4015 usurpatione.
2392 3942 2514 3997 Non
2545 3943 2834 4012 dijudicans
2863 3956 3044 4008 corpus
3072 3940 3294 3993 Domini.
3335 3939 3390 3992 Si
3423 3943 3563 3990 acci-

1997 4035 2145 4105 piens
2180 4033 2332 4104 quasi
2367 4048 2702 4088 communem
2739 4033 2934 4086 cibum.
2982 4031 3105 4084 Ideo
3141 4032 3271 4084 inter
3304 4045 3342 4082 υο
3365 4049 3387 4082 s
3424 4031 3564 4081 multi

1995 4124 2194 4184 infirmi~
2224 4134 2272 4177 et
2309 4121 2617 4185 imbecilles,
2655 4137 2701 4172 et
2742 4122 2998 4173 dormiunt
3051 4121 3217 4174 multi.
3269 4119 3461 4173 Tribus
3500 4138 3562 4173 cx

1995 4216 2170 4271 causis
2201 4213 2536 4269 inﬁrmitates
2567 4213 2870 4281 corporales
2902 4212 3152 4266 eveniunt
3183 4227 3196 4266 :
3225 4220 3312 4264 aut
3351 4225 3413 4264 ex
3447 4222 3562 4262 ten-

1997 4309 2199 4362 tatione
2228 4322 2243 4360 :
2277 4313 2334 4360 ut
2359 4305 2480 4371 Job,
2509 4315 2564 4359 et
2584 4304 2798 4369 Tobiae;
2829 4314 2915 4355 aut
2945 4316 3010 4356 ex
3039 4310 3276 4372 peccato,
3309 4302 3445 4355 sicut
3472 4298 3564 4354 Jo-

1996 4398 2216 4468 siphat,
2256 4396 2345 4466 qui
2377 4395 2428 4449 in
2462 4392 2712 4464 praesenti
2743 4403 3035 4462 arguuntur
3060 4393 3127 4445 ab
3154 4391 3444 4459 Apostolo;
3476 4399 3568 4443 ant

341 4481 462 4548 quod
489 4491 533 4533 el
562 4482 752 4535 tradidi
777 4481 913 4534 vobis
955 4497 974 4534 :
1014 4481 1256 4550 quoniam
1286 4479 1532 4532 Dominus
1561 4476 1731 4532 Jews-
1772 4477 1887 4532 Jam
1922 4465 1971 4525 D
1996 4465 2409 4557 cx'ncgligentia
2433 4525 2448 4551 ,
2481 4485 2566 4539 vel
2605 4482 2780 4551 aliqua
2831 4481 3258 4550 intemperantia,
3304 4491 3360 4534 ut
3389 4481 3568 4534 Timo—

347 4572 453 4625 hinc
480 4575 621 4643 quasi
662 4573 858 4627 oblitus
886 4582 1271 4628 commemorat
1300 4587 1455 4639 quam
1491 4585 1735 4638 magnum
1767 4567 1888 4623 insit

343 4664 478 4729 huju-.
513 4663 748 4734 titystcrii
787 4671 1203 4719 sacramentum.
1236 4660 1302 4714 In
1341 4678 1441 4732 qua
1472 4669 1617 4714 nocte
1657 4659 1891 4713 tradeba-

339 4761 430 4816 tur,
466 4757 647 4823 accepit
685 4770 887 4821 panem.
933 4753 1179 4808 Ultimam
1210 4752 1292 4806 sui
1325 4751 1474 4806 nobis
1504 4765 1889 4806 commemora-

340 4843 520 4897 tionem
559 4847 670 4898 si-te
710 4845 1026 4899 memoriam
1073 4843 1307 4913 reliquit.
1367 4843 1432 4896 Et
1473 4844 1668 4915 gratias
1710 4857 1885 4912 agens,

337 4933 496 5002 fregit,
535 4945 580 4987 ct
619 4937 769 4992 dixit.
824 4935 1175 4991 Beucdiccns.
1217 4933 1332 4987 Hoc
1368 4943 1441 4987 est
1479 4949 1664 5002 corpus
1703 4948 1887 4998 meum,

334 5023 458 5085 quod
483 5040 574 5090 pro
601 5024 736 5077 uobis
763 5024 1008 5079 tradetur.
1050 5023 1166 5076 Hoc
1202 5024 1352 5093 facite
1389 5025 1441 5076 in
1479 5039 1640 5076 meant
1677 5038 1892 5075 commc-

335 5114 669 5166 morationem.
736 5112 987 5167 Similiter
1024 5122 1070 5167 tt
1106 5115 1313 5167 calicem
1353 5133 1386 5185 p
1422 5124 1618 5182 stquant
1661 5114 1891 5175 caznavit.

333 5204 511 5256 dicens.
549 5205 666 5272 'Qui
719 5204 1032 5270 utanducat,
1085 5206 1289 5274 inquit,
1341 5220 1532 5274 corpus
1586 5221 1794 5267 meum.
1843 5216 1894 5258 et

333 5294 360 5341 b
385 5294 454 5348 bit
481 5300 793 5365 sanguinem
831 5313 1039 5359 meum,
1073 5297 1124 5353 in
1159 5314 1243 5354 me
1273 5309 1481 5364 manet,
1513 5308 1568 5355 et
1595 5315 1692 5369 ego
1725 5301 1773 5351 in
1807 5315 1893 5352 eo.

338 5382 466 5452 Erg.
504 5401 625 5440 cum
668 5389 782 5454 ipso
823 5387 874 5440 in
916 5386 1180 5456 baptismo
1221 5391 1638 5444 mortui-sumus
1679 5392 1896 5450 nmndo.

334 5481 460 5530 sicut
497 5478 622 5532 dicit
661 5478 972 5547 Apostolus.
1017 5479 1207 5534 Μονιυί
1247 5481 1374 5535 estis
1413 5496 1531 5535 cum
1571 5481 1802 5546 Christo,
1845 5491 1899 5536 et

338 5567 432 5622 \‘ia
484 5580 657 5624 vestra
717 5570 1028 5628 abscondita
1086 5579 1170 5624 est
1231 5585 1349 5626 cum
1400 5568 1609 5624 Christo
1669 5573 1720 5626 in
1765 5573 1891 5625 lico.

337 5657 455 5714 Cum
492 5660 732 5718 Christus
782 5662 1090 5731 apparuerit
1129 5662 1231 5716 vita
1274 5670 1448 5717 vestra
1476 5702 1490 5728 ,
1536 5669 1660 5715 tunc
1710 5671 1758 5714 et
1805 5677 1893 5712 vos

1999 4581 2147 4648 theo,
2178 4588 2232 4634 et
2261 4579 2349 4648 qui
2395 4577 2645 4645 iubentur
2675 4575 2936 4630 medicum
2968 4575 3250 4641 honorare,
3287 4573 3406 4628 huic
3437 4570 3543 4625 Soli

1997 4683 2170 4723 causae
2221 4675 2395 4735 potest
2441 4666 2669 4719 humana
2706 4663 2983 4741 .medicina
3037 4665 3310 4732 prodesse,
3353 4678 3414 4717 ex
3466 4681 3566 4728 qua

1997 4758 2156 4812 etiam
2201 4755 2520 4826 negligentia
2563 4755 2646 4808 vel
2685 4756 2788 4809 alio
2826 4769 2954 4809 casu
2993 4755 3126 4807 mori
3177 4753 3418 4806 homines
3449 4769 3569 4818 pos-

1998 4857 2156 4916 sunt,
2188 4854 2325 4901 sicut
2371 4847 2626 4916 scriptum
2676 4853 2760 4899 est
2789 4844 2999 4898 :Justus
3045 4857 3354 4912 quacunque
3399 4851 3569 4895 morte

2000 4947 2302 5005 prmventus
2348 4935 2539 5001 fuerit;
2585 4944 2636 4989 ct
2683 4935 2896 4995 iterum,
2939 4931 3056 4985 Noli
3101 4945 3220 4985 esse
3265 4931 3449 4994 durus,
3503 4948 3570 4986 ne

2001 5029 2246 5083 moriaris
2279 5043 2382 5080 non
2415 5028 2466 5080 in
2500 5035 2592 5080 tuo
2625 5035 2886 5091 tempore.
2918 5021 3069 5089 Quod
3101 5021 3344 5090 quamvis
3373 5037 3476 5074 non
3513 5023 3570 5074 lit

2000 5118 2112 5170 sine
2138 5119 2228 5171 Dei
2272 5116 2551 5185 prrmissu,
2594 5129 2699 5167 non
2741 5111 2795 5166 lit
2837 5122 3011 5166 tamen
3051 5112 3166 5181 ejus
3207 5114 3450 5183 imperio,
3477 5116 3567 5167 setl

2004 5209 2058 5261 lit
2105 5207 2221 5275 ejus
2268 5210 2415 5276 justo
2460 5205 2681 5276 judicio.
2732 5207 2856 5258 Erat
2904 5219 3139 5274 praesens
3186 5206 3472 5276 correptio,
3519 5219 3572 5259 et

2007 5315 2144 5355 nunc
2175 5310 2279 5363 est,
2311 5299 2404 5352 sed
2437 5313 2540 5352 non
2582 5297 2950 5365 intelligimus,
2983 5307 3036 5353 et
3067 5307 3310 5368 putamus
3349 5314 3572 5352 consue-

2005 5391 2201 5444 tndinis
2231 5405 2368 5452 esse,
2400 5389 2538 5458 quod
2563 5389 2730 5458 cuiptr
2759 5399 2860 5456 cst,
2898 5393 3018 5459 quia
3054 5391 3204 5444 multi
3237 5391 3334 5444 hoc
3368 5391 3571 5458 patiun-

2006 5493 2108 5534 tur.
2155 5481 2303 5547 Quod
2327 5480 2372 5533 si
2397 5480 2727 5547 nosmetipsos
2754 5482 3124 5552 judicaretmts,
3157 5496 3254 5530 non
3296 5479 3463 5544 utique
3493 5480 3573 5534 di—

1995 5571 2369 5641 jntlicarcmur,
2415 5570 2593 5625 sinos
2629 5586 3061 5642 agtu'tsccrcmus.
3117 5571 3244 5622 Dum
3277 5569 3573 5639 judicamur

2004 5673 2190 5727 autem,
2221 5679 2250 5714 a
2285 5661 2500 5715 Domino
2547 5663 2867 5730 corripiatur,
2904 5669 2958 5712 ut
2989 5676 3085 5712 non
3118 5675 3228 5712 (αυτ
3263 5661 3354 5716 hoc
3383 5662 3571 5716 nitndo
