3904 6176
425 288 531 345 535

1544 293 1843 355 PRIMASH
1883 294 2332 352 ADRUMETANI
2372 293 2586 352 EPISC.
3522 309 3603 363 536

426 405 747 459 danmemur.
788 401 1072 471 Correptio
1103 410 1339 471 paternae
1371 403 1584 473 pietatis
1617 416 1718 474 est,
1751 417 1808 462 ut
1838 408 2012 473 pteni-
2044 408 2097 468 Δ
2120 408 2221 468 etsi
2296 407 2369 460 ita
2413 415 2495 460 est
2519 405 2740 461 scientia
2785 404 2909 471 Dei,
2941 413 2993 461 et
3023 422 3124 462 non
3152 408 3365 478 ejusdem
3402 420 3597 484 generis,

430 495 651 549 tentiam
684 508 902 562 agamus
922 536 936 559 ,
972 508 1039 548 ne
1070 495 1120 547 in
1148 504 1405 548 mtcrnnm
1439 495 1758 552 damnentur
1786 513 1907 553 cmn
1948 500 2011 553 fl-

429 586 637 639 tlelibus
663 585 870 638 mundi.
902 582 1105 654 Itaque,
1138 584 1321 653 fratres
1353 587 1472 653 mei,
1500 602 1616 639 cum
1644 590 1916 642 convenitis
1945 590 2013 643 ad

431 676 893 743 manducandum,
945 677 1156 728 invicem
1205 686 1510 743 exspectate.
1568 678 1629 732 Si
1669 680 1786 749 quis
1832 682 2011 747 esurit,

433 766 569 821 domi
586 767 876 821 manducet.
900 765 1033 835 Quia
1061 766 1153 835 qui
1186 766 1387 835 primus
1413 770 1670 832 venisset,
1692 769 2013 825 oﬂerebatur

433 857 531 921 illi,
553 868 607 913 et
622 857 937 913 comedebat
957 867 1009 912 et
1029 859 1229 912 abibat.
1263 857 1329 913 Ut
1351 874 1454 912 non
1479 860 1531 912 in
1550 861 1807 931 judicium
1829 877 2012 917 conve-

432 949 608 1008 niatis.
628 948 685 1001 In
706 947 908 1017 judicio
923 948 1332 1017 conveniebant,
1362 963 1465 1003 non
1490 950 1540 1003 in
1573 951 2007 1007 sanctificatione.

435 1040 626 1096 Cretera
636 1051 825 1104 autem,
842 1056 955 1093 cum
967 1056 1166 1106 venero,
1190 1041 1563 1112 disponam.De
1579 1041 1708 1111 ipsis
1721 1045 2011 1114 mysteriis.

505 1131 632 1186 Car.
676 1146 773 1185 xtl.
850 1129 929 1184 De
958 1132 1311 1202 spiritualibus
1340 1142 1529 1186 autem.
1570 1131 1860 1188 Crescente
1886 1133 2010 1201 ﬁde,

433 1223 601 1295 gratia
644 1221 941 1293 linguarum
984 1220 1343 1288 minuebatur,
1376 1238 1533 1292 quant
1567 1232 1785 1292 propter
1826 1224 2013 1278 inﬁde-

432 1300 512 1371 les
542 1321 857 1382 acceperant
888 1330 901 1365 :
934 1312 1055 1367 hinc
1081 1328 1209 1383 ergo
1236 1313 1449 1382 plurimi
1480 1315 1803 1380 contristati,
1835 1329 2013 1385 cmpe—

432 1412 561 1462 runt
600 1403 773 1459 adhuc
804 1404 943 1457 hanc
981 1406 1207 1474 gratiam
1249 1403 1569 1460 habentibus
1614 1406 1874 1474 invidere,
1918 1422 2012 1476 pu-

432 1504 611 1549 tantes
644 1494 745 1548 ltoc
772 1494 946 1562 majus
989 1508 1107 1549 esse
1136 1495 1386 1548 omnibus
1416 1495 1840 1551 charismatihus.
1874 1495 2012 1553 Nolo

434 1602 521 1640 vos
551 1576 811 1654 ignorare,
842 1585 1044 1654 fratres.
1074 1583 1229 1640 Scitis
1257 1601 1424 1639 auem
1449 1587 1685 1655 quoniam
1710 1603 1825 1640 cum
1843 1598 2012 1656 gentes

435 1675 630 1728 essetis.
669 1674 805 1729 Nolo
837 1675 1093 1744 ignoretis
1122 1677 1403 1730 rationem.
1445 1678 1525 1730 Ad
1551 1677 1822 1731 simulacra
1852 1688 2010 1731 muta.

2118 495 2270 565 cujus
2319 497 2419 550 iSIa
2467 505 2549 551 est
2597 510 2717 565 qua:
2765 495 3037 550 hominum
3080 499 3278 565 dicitur,
3320 503 3440 558 sicut
3477 510 3603 564 etiam

2117 586 2292 655 ipsum
2343 588 2483 656 quod
2536 587 2677 642 Deus
2723 587 2935 651 dicitur,
2979 588 3127 658 longe
3171 590 3300 644 aliud
3346 604 3436 659 est,
3477 611 3604 664 quam

2115 675 2382 744 quomodo
2413 676 2659 729 homines
2686 676 2936 729 dicuntur
2964 677 3035 730 dii
3062 693 3076 729 :
3105 679 3232 731 sicut
3258 682 3399 735 etiam
3425 698 3525 736 cum
3548 684 3605 738 di-

2112 766 2285 823 cimus
2316 767 2393 821 ira
2425 768 2540 835 Dei,
2574 783 2695 822 cum
2723 768 2863 822 nulla
2890 770 3264 837 perturbatioiu
3292 774 3434 826 Deum
3456 775 3606 830 cadat:

2118 855 2257 910 unde
2299 856 2351 910 in
2393 856 2544 911 libris
2583 865 2771 911 contra
2802 857 3146 912 Academicos
3182 859 3243 911 ad
3284 860 3613 917 Romaniantua

2116 944 2301 1015 (Aug.,
2331 945 2421 999 lib.
2466 961 2482 999 ι
2528 953 2707 999 contra
2751 945 3097 1017 Academicos)
3142 963 3158 1000 :
3211 946 3315 1001 Non
3349 950 3473 1003 enim
3503 966 3617 1006 nunc

2115 1039 2288 1107 primo
2329 1039 2525 1093 auditis
2576 1041 2894 1108 sapientiam
2942 1054 3062 1096 esse
3109 1056 3277 1096 rerum
3322 1043 3616 1099 humanarum

2115 1128 2522 1198 divinarumque
2551 1129 2853 1184 scientiam.
2910 1132 3039 1186 Item
3071 1141 3186 1200 post
3210 1133 3305 1184 alia
3339 1149 3351 1184 :
3390 1132 3482 1188 Aut
3518 1147 3617 1189 cum

2115 1232 2293 1273 rerum
2332 1219 2682 1274 humanarum
2723 1220 2947 1275 scientia
2993 1221 3199 1288 dicitur,
3242 1236 3298 1276 ea
3324 1222 3512 1287 dicitur,
3538 1239 3620 1294 qua

2114 1310 2339 1381 quisque
2368 1312 2539 1375 novit,
2565 1314 2643 1367 vel
2672 1323 2802 1382 quot
2823 1314 2906 1367 vel
2927 1315 3113 1383 quales
3142 1314 3322 1369 [ιιηὰος
3348 1316 3620 1370 habeamus:

2112 1401 2200 1457 vel
2229 1402 2355 1471 quid
2387 1402 2520 1470 auri,
2547 1404 2674 1472 quid
2709 1404 2943 1474 argenti;
2981 1403 3073 1457 sed
3105 1404 3186 1458 illa
3221 1416 3297 1459 est
3324 1406 3623 1459 humanarum

2116 1507 2291 1548 rerum
2332 1493 2554 1548 scientia
2589 1508 2708 1563 qua:
2739 1494 2886 1548 novit
2930 1490 3108 1550 lumen
3139 1490 3429 1564 prudentiae,
3455 1505 3626 1564 tempe-

2118 1582 2303 1637 rantiae
2343 1581 2547 1649 decus,
2590 1582 2920 1638 fortitudinis
2960 1585 3146 1651 robur,
3179 1585 3385 1654 ju-titia:
3418 1587 3627 1639 sanctin

2118 1682 2247 1727 tem.
2269 1664 2394 1728 ila‘ac
2412 1673 2553 1728 enim
2575 1682 2702 1729 sunt
2725 1689 2845 1744 quae
2867 1676 3070 1730 nullam
3093 1677 3340 1730 fortunam
3358 1684 3626 1743 metuentes,

436 1765 743 1829 Secundum
785 1765 1099 1835 prophetam
1138 1766 1439 1833 dicentem,
1482 1768 1700 1823 Similes
1740 1769 1846 1823 illis
1886 1770 2012 1822 fiant
2048 1771 2090 1830 Β
2120 1782 2242 1821 vere
2272 1776 2454 1821 nostra
2485 1767 2667 1824 dicere
2708 1769 2969 1824 audemus
2999 1785 3014 1823 :
3043 1785 3163 1839 quae
3192 1771 3234 1824 si
3260 1771 3528 1825 Albicerius
3558 1769 3629 1825 ille

436 1859 526 1928 qui
554 1858 751 1912 faciunt
781 1874 863 1921 ea.
897 1869 952 1913 et
977 1860 1066 1930 qui
1095 1860 1368 1915 confidunt
1400 1863 1451 1915 in
1477 1862 1578 1926 eis,
1607 1876 1727 1927 qua:
1754 1871 1878 1916 sunt
1900 1863 2014 1915 sine

435 1963 569 2004 voce
606 1948 955 2005 insensibilia.
999 1948 1165 2003 Prout
1190 1951 1508 2013 ducebamini
1538 1960 1734 2006 euntes.
1778 1956 1816 2006 A
1848 1953 2015 2022 magis

436 2041 523 2095 vel
569 2041 906 2110 aruspicibus
954 2042 1242 2097 idolorum.
1283 2041 1407 2096 Ideo
1447 2053 1622 2095 notum
1669 2043 1805 2095 vobis
1850 2043 2011 2112 facio,

435 2130 573 2201 quod
595 2147 745 2184 nemo
772 2131 822 2183 in
846 2131 1047 2198 Spiritu
1073 2130 1167 2184 Dei
1188 2131 1418 2199 loquens,
1438 2134 1560 2186 dicit
1581 2132 1849 2186 anathema
1865 2130 2010 2186 Jesu.

434 2216 563 2290 ideo
589 2226 647 2272 ut
666 2219 774 2287 jam
810 2234 914 2272 non
955 2220 1074 2273 sitis
1103 2220 1495 2275 irrationabiles
1522 2231 1573 2274 et
1599 2217 1823 2274 mobiles
1851 2238 1863 2273 :
1892 2235 2012 2274 cum

436 2310 691 2378 religione
721 2311 862 2364 enim
888 2311 1096 2365 debetis
1122 2312 1182 2366 et
1207 2326 1383 2366 mores
1413 2321 1640 2378 mutare,
1671 2322 1725 2366 et
1756 2313 1897 2366 scire
1924 2327 2017 2365 ve-

435 2408 563 2452 stra:
592 2399 712 2454 lidei
754 2401 1034 2454 rationem.
1081 2399 1151 2453 Et
1180 2418 1324 2456 nemo
1352 2410 1514 2472 potest
1545 2402 1730 2467 dicere,
1766 2401 2014 2455 Dominus

434 2488 609 2563 (esus,
654 2492 752 2546 n'si
792 2490 991 2563 Spiritu
1035 2503 1229 2547 sancto.
1281 2494 1558 2560 Quomodo
1602 2509 1730 2563 ergo
1760 2495 2014 2549 Dominus

439 2600 545 2655 non
567 2585 879 2653 cogniturus
933 2585 1210 2653 operarios
1266 2585 1521 2655 iniquos?
1568 2585 1812 2654 quamvis
1871 2586 2012 2640 enim

438 2673 721 2728 Dominum
744 2674 848 2728 sint
872 2675 1125 2742 confessi,
1150 2684 1203 2729 et
1224 2676 1338 2744 ipse
1364 2674 1649 2743 Ap'rstolus
1673 2676 1823 2729 tactis
1847 2675 2012 2730 Deum

437 2764 621 2831 n--ga‘rl
655 2762 940 2818 conﬁrmat
977 2782 991 2818 :
1034 2765 1135 2818 hoc
1163 2775 1273 2825 est.
1316 2779 1475 2819 nemo
1511 2764 1564 2818 in
1600 2764 1800 2832 Spiritu
1830 2771 2015 2820 sancto

436 2866 611 2924 poteSt
643 2855 823 2909 dicere
861 2855 1176 2921 Dominum,
1214 2856 1312 2909 nisi
1345 2856 1433 2924 qui
1464 2871 1587 2910 eum
1629 2855 1831 2925 integre
1869 2866 1923 2911 et
1954 2855 2016 2909 li-

437 2947 628 3017 dcliter
679 2946 845 3000 Deum
904 2948 1171 3000 hominem
1229 2948 1558 3011 confitetur,
1613 2957 1665 3002 et
1720 2949 2013 3003 secundum

438 3051 869 3107 unamquamque
916 3038 1290 3104 sub-lantiunt,
1338 3047 1392 3093 et
1438 3039 1695 3107 aequalem
1736 3038 1912 3104 Patri,
1962 3049 2015 3095 et

2118 1858 2422 1924 didicisset,
2466 1874 2767 1928 nunquam,
2821 1862 2950 1915 mihi
2998 1862 3225 1929 credite,
3268 1870 3365 1916 tam
3408 1862 3632 1917 luxurioso

2118 1948 2534 2017 deformiterque
2558 1951 2800 2006 vixisset.
2842 1952 2948 2005 Alii
2975 1964 3147 2006 autem
3176 1969 3333 2007 sermo
3357 1954 3549 2006 srientie
3571 1968 3632 2005 se-

2117 2041 2338 2093 cundum
2373 2040 2607 2095 eumdem
2638 2042 2908 2113 Spiritum.
2937 2042 3176 2099 Scientia
3206 2052 3284 2099 est
3312 2046 3632 2113 mysteriorum

2116 2127 2270 2198 legis,
2311 2139 2402 2183 aut
2438 2131 2577 2185 scire
2624 2132 2915 2200 praeterita,
2957 2142 3009 2187 et
3054 2134 3122 2188 de
3166 2133 3349 2186 futuris
3390 2131 3632 2186 :estimare.

2114 2217 2388 2286 Saprentia
2437 2220 2571 2274 mihi
2615 2222 2824 2276 videtur
2865 2237 2987 2277 esse
3030 2238 3212 2277 rerum
3256 2222 3563 2276 humanarum
3594 2229 3636 2275 et

2116 2310 2417 2366 divinarum
2476 2330 2592 2383 quae
2638 2315 2704 2369 ad
2762 2316 2970 2369 beatam
3024 2318 3188 2371 vitam
3240 2319 3513 2385 pertineant
3553 2330 3635 2369 non

2115 2404 2337 2456 scientia
2365 2404 2559 2472 solum,
2586 2407 2677 2460 sc-l
2704 2406 2867 2460 etiam
2894 2406 3128 2476 diligens
3154 2407 3412 2476 inquisitio
3447 2406 3539 2477 (Es
3561 2421 3632 2458 eo-

2116 2495 2231 2548 dem
2253 2495 2400 2561 libro,
2430 2498 2583 2561 paulo
2609 2498 2769 2568 post).
2801 2498 2968 2565 Quam
2992 2501 3399 2571 descriptionem
3425 2501 3463 2554 si
3486 2499 3634 2567 partiri

2117 2586 2271 2649 velis,
2304 2589 2472 2655 prima
2505 2603 2646 2657 pars,
2670 2603 2787 2658 quae
2817 2591 3099 2646 scientiam
3127 2602 3289 2657 tenet,
3317 2592 3401 2647 Dei
3423 2602 3495 2646 est
3514 2605 3525 2640 :
3546 2590 3639 2644 hac

2118 2681 2293 2728 autem
2318 2690 2435 2744 quae
2461 2675 2745 2746 inquisitio.
2772 2692 2879 2743 em,
2906 2688 3161 2733 contenta
3188 2690 3269 2735 est
3291 2694 3403 2735 esse
3429 2678 3636 2732 hominis.

2117 2764 2213 2821 illa
2238 2766 2398 2836 igitur
2422 2768 2495 2822 De
2520 2782 2584 2826 .s.
2614 2767 2712 2822 hac
2737 2778 2912 2824 autem
2938 2769 3104 2825 homo
3133 2771 3314 2827 beatus
3338 2779 3431 2825 est.
3458 2769 3641 2838 Sapien-

2118 2857 2189 2912 tia
2212 2867 2389 2927 potest
2419 2859 2639 2930 intelligi
2674 2860 2849 2914 divina
2895 2876 3062 2918 nosse
3095 2881 3108 2929 ;
3150 2863 3363 2918 scientia
3389 2873 3539 2916 autem
3564 2860 3640 2912 hu-

2118 2964 2304 3018 mana,
2350 2950 2436 3006 vel
2487 2951 2763 3005 historiam
2815 2954 3086 3021 recolere,
3138 2963 3192 3008 et
3236 2952 3485 3023 praeterita
3532 2951 3642 3005 bene

2118 3054 2356 3096 narrare.
2398 3041 2528 3096 Item
2567 3043 2723 3097 aliter
2753 3061 2765 3096 :
2800 3044 3077 3112 Sapientia
3122 3046 3349 3114 pertinet
3375 3046 3433 3097 ad
3466 3041 3642 3111 intelle-

436 3131 701 3197 minorcm
732 3131 904 3201 Patre.
933 3130 1217 3193 Diuisione:
1252 3148 1365 3184 vero
1394 3133 1675 3201 gratiarum
1707 3142 1845 3198 sunt,
1879 3131 2015 3186 idem
2043 3130 2089 3194 (Ξ
2118 3142 2263 3188 ctum
2294 3144 2649 3194 aeternorum;
2682 3136 2898 3190 scientia
2932 3150 3065 3190 vero
3119 3136 3184 3191 ad
3212 3150 3270 3191 ea
3300 3150 3409 3204 quae
3437 3132 3643 3187 sensibus

440 3232 608 3294 autem
640 3223 886 3295 Spiritus.
931 3223 1042 3290 Hoc
1080 3225 1528 3293 estlinguarum,
1563 3225 1645 3280 vel
1685 3226 2012 3289 diversarum

440 3330 621 3383 rerum
646 3331 766 3385 qum
789 3316 1019 3385 Spiritus
1049 3329 1264 3371 sanctus
1292 3332 1386 3373 sua
1417 3318 1693 3374 voluntate
1722 3318 2011 3384 distribuit,

438 3409 709 3472 quomodo
761 3422 886 3462 vere
938 3407 1100 3462 Deus.
1160 3407 1227 3460 Et
1270 3408 1540 3461 divisiones
1586 3410 2014 3463 ministrationum

440 3506 557 3568 sunt
586 3513 605 3550 :
638 3499 771 3551 idem
799 3508 968 3551 autem
1000 3498 1270 3552 Dominus.
1310 3498 1560 3565 Quamvis
1589 3501 1806 3574 proprie
1830 3510 2012 3556 contra

439 3586 804 3641 Macedoniam
836 3588 1013 3653 faciat,
1042 3588 1130 3656 qui
1159 3587 1419 3658 Spiritum
1451 3598 1693 3644 sanctum
1728 3590 1889 3645 Deum
1922 3606 2016 3645 ne-

396 3738 399 3743 ,
437 3685 526 3745 gat
559 3693 574 3731 :
608 3676 836 3731 dicendo
864 3678 1005 3732 enim
1039 3692 1252 3747 semper
1295 3678 1457 3744 idem,
1489 3680 1720 3734 ostendit
1749 3696 1808 3736 se
1837 3683 2011 3736 omnia

440 3768 508 3833 rte
540 3767 738 3836 Spiritu
769 3776 953 3821 sancto
984 3768 1162 3823 dicere
1195 3786 1209 3821 :
1250 3776 1431 3823 tamen
1473 3777 1527 3823 et
1568 3780 1753 3824 contra
1786 3772 2014 3826 Arianos

438 3874 545 3911 non
586 3859 855 3923 maduere
885 3872 967 3912 est
1004 3870 1405 3929 argumentum,
1451 3862 1539 3930 qui
1570 3862 1637 3916 de
1673 3861 1773 3918 hoc
1803 3876 2015 3931 semper

439 3950 848 4016 t'alutnniantur,
896 3953 1035 4019 quod
1083 3951 1242 4008 Pater
1287 3954 1515 4021 primum
1557 3938 2014 4019 nominetur,se-

439 4044 615 4107 eundo
664 4043 847 4110 Filius,
898 4045 1056 4102 tertio
1103 4045 1335 4115 Spiritus
1383 4056 1621 4104 sanctus.
1694 4047 1790 4101 llic
1836 4056 2013 4102 autem

439 4138 600 4190 istum
628 4138 868 4192 ordinem
899 4139 1211 4197 demutavit.
1236 4139 1358 4193 Vult
1388 4151 1565 4194 autem
1597 4140 1681 4193 hic
1707 4141 2011 4217 ostendere,

438 4232 665 4305 gratiam
717 4231 883 4299 divini
925 4231 1188 4299 Spiritus,
1238 4247 1344 4286 non
1386 4233 1555 4299 ipsum
1597 4245 1720 4285 esse
1760 4231 2013 4297 divismn,

441 4324 544 4376 hoc
568 4334 649 4376 est
677 4324 1094 4377 ministeriorum
1120 4323 1372 4377 Ecclesiae
1400 4323 1677 4388 doctrinm,
1708 4332 1761 4377 et
1788 4334 2016 4376 cazterou-

440 4428 558 4473 rum
592 4415 729 4481 dona
761 4414 961 4481 largiri.
1016 4412 1077 4464 Et
1129 4413 1399 4466 divisiones
1451 4416 1804 4480 operationum
1857 4424 2011 4466 sunt:

2118 3225 2361 3294 corporis
2389 3224 2709 3294 expetimus.
2734 3226 2879 3280 Talis
2909 3228 3179 3297 sapientia
3207 3229 3271 3282 ad
3298 3229 3487 3282 beatam
3512 3226 3643 3277 vitam

2118 3316 2370 3385 pertinet.
2405 3315 2567 3368 Alteri
2597 3315 2723 3381 fides
2752 3317 2803 3369 in
2834 3317 3009 3371 eodem
3038 3317 3274 3389 Spiritu;
3302 3317 3388 3371 alii
3410 3315 3553 3385 gratia
3575 3328 3646 3366 sa-

2118 3409 2334 3462 nitatum
2369 3408 2422 3461 in
2458 3423 2559 3461 uno
2590 3408 2816 3475 Spiritu.
2858 3408 3010 3463 Sicut
3043 3424 3269 3480 granum
3311 3407 3513 3476 sinapis,
3540 3404 3647 3457 abu~

2116 3500 2228 3555 sive
2262 3514 2372 3553 rem
2407 3497 2583 3568 posuit
2616 3513 2712 3568 pro
2742 3496 2957 3553 elfectu.
2991 3498 3095 3555 llic
3133 3499 3262 3554 fides
3287 3513 3387 3553 non
3418 3496 3567 3550 solum
3593 3491 3647 3545 ad

2116 3590 2466 3655 credendum,
2494 3589 2586 3645 sed
2630 3591 2788 3643 etiam
2822 3590 2885 3643 ad
2922 3590 3188 3661 prodigia,
3212 3600 3272 3644 ut
3298 3588 3424 3659 ignis
3448 3586 3648 3641 caderet.

2117 3680 2223 3733 Alii
2252 3684 2483 3749 operatio
2513 3683 2774 3735 virtutum.
2819 3681 3002 3736 Virtus
3030 3693 3116 3737 est
3151 3690 3383 3736 mortuos
3406 3680 3649 3741 suscitare,

2116 3771 2356 3842 leprosos
2406 3773 2683 3828 mundare.
2733 3774 2836 3826 Alii
2882 3774 3227 3842 prop/relatio.
3279 3773 3464 3828 Futura
3499 3767 3652 3839 ιη’ωοί-

2116 3880 2278 3930 nere,
2322 3865 2403 3918 vel
2431 3865 2656 3919 obseura
2683 3866 2968 3920 disserere.
3009 3866 3118 3920 Alii
3145 3866 3376 3920 discretio
3400 3863 3651 3930 spirituum.

2117 3956 2303 4021 Qualis
2333 3955 2451 4025 quis
2479 3955 2669 4022 spiritu
2697 3956 2905 4021 veniat,
2936 3954 3015 4010 vel
3048 3955 3173 4025 quis
3202 3954 3414 4025 spiritus
3439 3958 3655 4022 suggerat

2118 4047 2318 4117 aliquid
2363 4046 2647 4115 agendum,
2689 4054 2863 4099 utrum
2902 4049 3071 4101 bonus
3115 4062 3182 4101 an
3226 4045 3526 4101 contrarius.
3572 4037 3657 4092 Alii

2117 4154 2301 4209 genera
2332 4138 2643 4207 linguarum.
2674 4122 2968 4191 Notandum
3000 4140 3126 4208 quia
3154 4139 3292 4193 inter
3320 4136 3417 4191 alia
3442 4136 3563 4189 dona
3587 4145 3660 4200 ge-

2119 4245 2245 4285 nera
2292 4230 2591 4301 linguarum
2641 4239 3052 4284 commemorat.
3090 4230 3197 4283 Alii
3238 4242 3428 4298 genera
3478 4225 3661 4289 lingua-

2116 4338 2259 4387 rum,
2299 4329 2359 4376 ut
2394 4322 2526 4376 sciat
2568 4320 2760 4388 linguis
2784 4320 2947 4389 loqui.
2999 4322 3103 4374 Alii
3135 4318 3474 4389 interpretatio
3497 4327 3660 4369 sermo-

2118 4432 2262 4469 num.
2303 4415 2452 4470 Alius
2492 4414 2833 4477 interpretari
2862 4423 3098 4483 poterat,
3132 4430 3255 4483 qua:
3282 4412 3415 4466 alius
3444 4405 3660 4477 loqueba-

441 4504 576 4555 ident
631 4521 750 4558 vero
796 4502 958 4569 Deus,
1008 4506 1094 4575 qui
1144 4516 1383 4575 operatur
1430 4507 1602 4559 omnia
1655 4507 1706 4558 in
1756 4505 2006 4561 omnibus.
2040 4498 2094 4561 Ι)
2122 4517 2225 4563 tur.
2261 4507 2387 4561 Haec
2418 4517 2581 4575 autem
2608 4506 2778 4560 omnia
2806 4516 3045 4574 aperatur
3074 4521 3209 4558 unus
3238 4515 3384 4573 atque
3409 4494 3662 4559 idemSpi-

440 4594 643 4667 Quibus
678 4596 896 4651 virtutes
934 4598 1310 4664 opcrahantur.
1351 4597 1633 4669 Unicuique
1668 4608 1834 4651 autem
1862 4597 2016 4650 datur

441 4687 786 4756 ntanifestatio
811 4687 1040 4756 Spiritus
1073 4688 1143 4742 ad
1173 4690 1461 4743 utilitatem.
1504 4689 1626 4742 Sive
1657 4689 2010 4753 credentium,

440 4776 555 4841 sive
582 4776 999 4844 incredulorum,
1029 4788 1089 4847 ut
1118 4778 1361 4851 credant.
1401 4777 1501 4835 Alii
1539 4778 1742 4848 quidem
1774 4795 1872 4845 per
1894 4777 2008 4848 Spi-

439 4868 598 4921 ritum
627 4871 781 4925 datur
810 4886 976 4932 sermo
1003 4871 1287 4941 sapientia}.
1330 4869 1398 4925 Ut
1431 4878 1683 4939 appareat
1711 4869 1858 4924 illum
1894 4868 2014 4937 Spi-

440 4956 599 5017 ritum
622 4971 862 5024 sanctum
886 4959 1106 5030 habere,
1130 4962 1219 5031 qui
1260 4976 1289 5015 a
1312 4961 1423 5015 Deo
1463 4960 1655 5035 accipit
1674 4960 2009 5029 sapientiam,

440 5046 567 5107 dum
610 5051 726 5105 sine
765 5066 861 5113 suo
893 5052 1075 5108 labore
1113 5062 1169 5107 et
1208 5053 1439 5121 cogitatu
1471 5052 1737 5121 loquetur,
1771 5061 1823 5105 et
1854 5067 2013 5105 nemo

441 5137 518 5209 illi
560 5143 749 5206 poterit
776 5145 1044 5212 resistere,
1086 5146 1220 5213 sicut
1259 5145 1551 5213 Stephano.
1595 5143 1864 5211 Sapientia
1909 5152 2011 5208 est,

439 5230 731 5299 Sapienter.
770 5242 822 5287 et
853 5244 1003 5301 apte,
1044 5244 1099 5291 et
1139 5238 1527 5294 rationabiliter
1567 5237 1732 5306 loqui,
1774 5246 1826 5292 et
1856 5251 2013 5306 posse

441 5321 734 5388 disserere,
765 5335 817 5379 et
854 5327 1048 5382 docere
1086 5331 1223 5397 quod
1256 5340 1438 5388 nosset
1477 5348 1490 5383 :
1534 5330 1796 5399 sapientia
1840 5339 2014 5398 potest

442 5412 660 5485 intelligi
688 5415 864 5471 divina
910 5431 1098 5481 nosse,
1130 5420 1350 5475 scientia
1385 5420 1634 5481 humana.
1668 5418 1796 5474 ltem
1828 5419 2010 5473 aliter:

440 5506 525 5572 Ab
551 5506 854 5562 hominibus
898 5508 967 5563 ita
996 5508 1228 5564 discerni
1262 5512 1606 5578 probabiliter
1636 5511 1836 5573 solent,
1868 5509 2013 5579 quod

442 5597 700 5661 sapientia
724 5601 984 5668 pertineat
1013 5600 1077 5655 ad
1103 5600 1431 5656 intellecmtn
1460 5612 1814 5666 internarum;
1841 5602 2017 5655 scien-

445 5692 517 5758 ila
547 5701 670 5758 vero
698 5690 763 5759 ad
793 5684 854 5763 ea
884 5706 1002 5748 sua:
1028 5692 1274 5749 sensibus
1309 5692 1437 5763 card
1461 5710 1484 5748 s
1522 5693 1846 5781 experimur.
1906 5690 2011 5748 Sed

2117 4600 2265 4662 ritus,
2296 4597 2524 4652 dividens
2553 4596 2769 4665 singulis
2789 4605 2939 4665 prout
2961 4597 3089 4651 vult.
3112 4596 3357 4650 Ostendit
3375 4606 3431 4645 se
3449 4586 3663 4657 δυρρτίιιε

2120 4699 2288 4744 totum
2334 4689 2403 4744 de
2450 4689 2565 4743 solo
2612 4687 2809 4757 Spiritu
2857 4696 3042 4742 sancto
3086 4687 3327 4751 dixisse,
3370 4693 3424 4739 et
3464 4694 3574 4736 eum
3615 4690 3664 4730 se

2119 4782 2285 4835 Deum
2316 4790 2372 4835 et
2397 4779 2679 4835 Dominum
2730 4778 3071 4847 praedicasse.
3121 4778 3229 4833 Sed
3271 4787 3325 4831 et
3371 4788 3487 4829 cum
3534 4769 3663 4828 dicit.

2118 4880 2276 4939 prout
2312 4871 2454 4935 vult,
2493 4874 2570 4924 sic
2605 4883 2816 4938 quoque
2852 4868 3017 4922 Deum
3053 4867 3415 4929 demonstrat,
3454 4860 3536 4932 qui
3573 4870 3663 4911 non

2113 4961 2316 5030 jussus,
2348 4960 2440 5014 sed
2476 4960 2803 5014 voluntarius
2841 4969 3109 5030 θωπείαν,
3147 4958 3240 5027 qui
3274 4964 3429 5026 prout
3463 4951 3564 5006 vult
3594 4946 3663 5000 di-

2117 5018 2267 5115 vidit,
2302 5048 2432 5103 nulli
2463 5048 2737 5117 subjectus
2767 5057 2866 5117 est.
2896 5018 2965 5103 Si
2994 5061 3118 5117 ergo
3148 5046 3326 5099 omnia
3359 5054 3487 5097 unus
3519 5035 3663 5105 Spiri-

2119 5152 2203 5197 tus
2229 5149 2500 5210 operatur,
2531 5114 2699 5209 quare
2726 5114 3076 5203 cohtristaris,
3109 5137 3253 5207 quod
3283 5136 3439 5189 aliam
3467 5129 3663 5201 gratiam

2118 5235 2408 5303 aercperis,
2442 5244 2494 5287 et
2521 5233 2788 5286 aemularis
2814 5230 2997 5295 alium,
3019 5230 3169 5300 quasi
3199 5229 3453 5297 majorem
3482 5229 3662 5293 partem

2118 5326 2395 5393 invaserit,
2419 5338 2539 5380 cum
2566 5324 2665 5378 hoc
2695 5337 2799 5376 non
2831 5322 2881 5376 in
2914 5331 3111 5383 nostra,
3142 5320 3238 5373 sed
3271 5320 3323 5373 in
3350 5315 3583 5371 donantis
3608 5308 3667 5363 sit

2121 5418 2349 5491 positum
2391 5415 2692 5486 potestate?
2722 5415 2879 5469 Sicut
2914 5415 3047 5468 enim
3085 5426 3273 5479 corpus
3310 5423 3462 5462 unum
3498 5415 3583 5465 est,
3622 5406 3665 5451 et

2118 5511 2342 5564 membra
2384 5510 2529 5562 habet
2561 5506 2755 5572 multa;
2794 5508 2966 5560 omnia
3005 5514 3171 5559 autem
3214 5503 3435 5556 membra
3463 5494 3667 5566 corporis

2118 5618 2230 5655 cum
2261 5601 2360 5653 sint
2390 5599 2575 5664 multa,
2608 5614 2765 5651 unum
2796 5608 2963 5651 tamen
2998 5610 3185 5663 corpus
3214 5601 3355 5647 sunt.
3397 5591 3663 5656 COmpara-

2118 5691 2262 5755 tione
2288 5689 2530 5760 corporis
2556 5689 2741 5755 utitur,
2772 5696 2827 5741 ut
2851 5687 3093 5761 ostendat
3122 5683 3300 5761 officia
3327 5682 3534 5751 diversa
3559 5687 3663 5733 exse
