3968 6166
413 339 524 395 637

1178 343 1247 400 LV
1287 343 1673 402 EPISTOLM!
1714 346 1734 400 l
1773 347 1863 402 AD
1902 345 2311 408 CORINTillOS
2348 353 2860 413 COMMENTARH.

2642 190 2653 219 ι

3576 367 3679 424 εδκ

412 469 530 508 non
580 460 763 507 natura
789 450 1176 518 membrorum,
1210 464 1262 508 et
1286 458 1551 510 neminem
1580 458 1779 512 debere
1809 474 2001 515 curare
2035 462 2081 521 A
2110 463 2276 530 gratia
2313 466 2481 535 major
2505 468 2595 522 sit.
2633 469 2700 523 Ut
2735 489 2831 523 non
2863 474 2927 526 sit
2957 476 3175 530 scissura
3207 479 3257 531 in
3286 495 3511 549 corpore.
3548 483 3677 536 Dum

416 548 577 619 cuius
605 545 765 599 ollicii
804 546 894 609 sit,
931 547 1058 599 dam
1101 562 1292 603 omnes
1327 566 1429 602 uno
1460 552 1648 616 spritu
1677 550 1999 619 animentur,

415 650 478 694 et
508 616 571 691 in.
589 653 694 692 uno
717 654 940 707 corpore
971 651 1304 709 conplentur.
1336 641 1418 694 Ita
1446 654 1491 696 et
1523 644 1773 699 Cluistus.
1809 649 2005 702 Noton-

414 728 550 782 dum
595 730 733 797 quod
760 728 1005 783 Chri~tus
1052 729 1246 783 dicitur
1290 732 1552 798 Ecclesia,
1596 734 1644 787 id
1691 743 1774 788 est
1811 749 2003 802 corpus

415 820 641 872 Christi.
693 816 895 872 Etenim
939 820 990 872 in
1032 836 1134 872 uno
1174 820 1371 888 Spiritu
1420 840 1590 877 omnes
1634 841 1724 877 nos
1764 827 1816 877 in
1846 842 2001 878 unum

416 928 612 981 corpus
633 909 876 980 baptizati
911 927 1102 963 sumus.
1139 911 1204 965 Ut
1236 927 1395 965 unum
1427 928 1619 979 corpus
1651 916 1835 971 simus.
1868 917 2004 982 Quo-

419 1016 543 1053 rtnn
578 1015 705 1068 ergo
743 999 996 1068 spiritalia
1042 1004 1344 1054 communia
1382 1013 1528 1066 sunt,
1569 1019 1754 1057 eorum
1791 1018 1843 1060 et
1886 1020 2001 1060 car-

421 1094 563 1146 nalia
596 1093 792 1147 debent
832 1107 952 1147 esse
980 1094 1305 1159 communia,
1340 1095 1631 1150 secundum
1676 1096 1842 1163 ipsius
1879 1112 2002 1153 sen-

421 1186 671 1248 tentiam,
701 1201 925 1253 quorum
958 1200 1093 1238 unus
1124 1185 1285 1251 Deus,
1317 1186 1565 1255 idemque
1594 1199 1745 1257 pater
1786 1206 1996 1256 eorum,

422 1278 526 1329 nisi
560 1289 606 1327 et
638 1277 906 1345 possessio
933 1277 1253 1341 communis,
1288 1278 1434 1343 impii
1467 1288 1610 1333 sunt.
1656 1281 1777 1335 Sive
1804 1281 1998 1346 Judaei,

413 1369 525 1423 sire
542 1377 653 1438 gent
679 1367 770 1430 les,
792 1367 893 1420 sive
920 1368 1069 1435 serui,
1096 1369 1194 1421 sive
1222 1368 1385 1436 liberi,
1410 1380 1457 1423 et
1480 1386 1651 1423 omnes
1677 1387 1777 1423 uno
1800 1372 2000 1441 Spiritu

418 1461 587 1528 potati
615 1475 809 1513 sumus.
851 1460 1015 1525 Q-tasi
1047 1462 1316 1528 potionem
1355 1476 1450 1530 pro
1493 1463 1999 1541 capacitatevunius-

415 1550 683 1619 cujusque
703 1560 954 1619 quantum
983 1553 1148 1605 voluit
1173 1552 1394 1623 largitus
1416 1563 1516 1608 est.
1554 1555 1691 1608 Nam
1720 1565 1767 1609 et
1793 1573 1995 1625 corpus.

418 1638 584 1693 Iit-dit
631 1638 695 1692 ad
745 1640 1066 1706 exeinplnm.
1117 1640 1237 1694 Non
1271 1652 1341 1696 est
1380 1660 1538 1697 unum
1581 1649 1878 1715 membrum,
1908 1649 1998 1701 sed

418 1731 606 1783 multa,
636 1729 750 1783 Non
789 1746 914 1800 ergo
946 1741 1119 1798 potest
1164 1742 1328 1786 totum
1375 1749 1569 1803 corpus
1601 1754 1760 1791 unum
1801 1738 1997 1794 habere

2105 555 2422 609 alterutrum
2465 558 2785 628 indigemus,
2824 579 2919 629 pro
2959 565 3182 622 invicem
3222 585 3405 624 sumus
3442 574 3678 637 solliciti,

2105 654 2174 694 ne
2211 644 2328 709 quis
2358 659 2419 700 se
2452 647 2594 703 dicat
2623 658 2677 703 et
2704 651 2873 718 gratia
2914 662 2968 707 et
2998 656 3200 711 honore
3252 664 3534 728 privatum.
3576 663 3681 716 Sed

2104 729 2155 781 in
2196 731 2417 798 idipsum
2456 752 2547 803 pro
2592 738 2801 792 inuicem
2842 742 3063 796 sollicita
3101 748 3201 799 sint
3244 752 3481 804 membra.
3530 754 3680 807 Oculi

2104 821 2382 889 provident
2405 828 2648 894 pedibus,
2676 830 2814 884 viam
2848 849 3032 888 manus
3060 852 3154 901 pro
3174 846 3285 891 toxo
3305 856 3527 909 corpore
3555 858 3684 909 Ope-

2106 920 2311 977 rantnr,
2364 923 2417 968 et
2467 919 2647 971 munia
2699 922 3011 977 alterutrum
3063 929 3299 981 membra
3354 931 3677 986 deserviunt.

2103 998 2172 1054 Et
2193 1002 2237 1054 si
2255 1005 2378 1069 quid
2402 1008 2590 1072 patitur
2610 1026 2768 1063 unum
2790 1015 3086 1073 membrum.
3113 1022 3490 1079 compatiuntur
3514 1026 3682 1078 omn’a

2103 1095 2345 1148 membra.
2390 1097 2442 1152 Si
2493 1114 2654 1153 unum
2701 1105 2997 1158 membrum
3048 1108 3211 1169 dolet.
3268 1117 3433 1164 totum
3488 1128 3681 1182 corpus

2103 1196 2348 1253 wgmtat,
2382 1202 2436 1241 et
2466 1192 2528 1243 ad
2556 1197 2839 1248 sanitatem
2873 1197 2985 1265 eju~
3018 1200 3222 1267 reliqua
3260 1205 3500 1257 membra
3536 1206 3682 1259 festi-

2104 1283 2250 1327 nant.
2289 1275 2407 1329 Sive
2434 1282 2684 1348 gloriatur
2713 1299 2871 1337 unum
2898 1292 3194 1356 membrum,
3225 1297 3540 1362 congaudent
3571 1314 3677 1349 ont-

2102 1363 2188 1415 nia
2230 1369 2468 1423 membra.
2510 1370 2564 1453 _S
2588 1382 2674 1424 cut
2718 1373 2848 1429 dicit
2892 1376 3176 1445 Salomon,
3228 1384 3400 1437 Corde
3444 1387 3676 1453 laetante,

2102 1457 2282 1511 vultus
2318 1460 2489 1513 ﬂoret.
2510 1446 2641 1516 ‘Nos
2667 1475 2841 1519 autem
2872 1472 3241 1535 compassione
3268 1485 3317 1526 et
3344 1481 3677 1544 congratula-

2105 1545 2248 1599 tione
2296 1549 2347 1601 in
2395 1555 2723 1609 contrarium
2777 1555 3131 1614 demutamus.
3184 1561 3285 1615 Vos
3328 1568 3442 1619 estis
3496 1583 3678 1634 tat-pus

2102 1637 2310 1704 Christi,
2338 1651 2383 1691 et
2403 1644 2631 1697 memb:a
2660 1645 2723 1697 de
2746 1647 2985 1701 membro.
3016 1649 3213 1705 Omnes
3240 1667 3456 1720 "Corpus,
3490 1658 3675 1727 singuli

2103 1729 2364 1794 membra,
2395 1729 2496 1785 hoc
2522 1742 2602 1786 est
2627 1734 2890 1802 Ecclesia,
2919 1738 3057 1792 sicut
3084 1739 3209 1795 alibi
3236 1736 3386 1810 dicit,
3415 1745 3487 1799 De
3517 1762 3678 1802 carne

420 1819 685 1883 ol'licitnn,
724 1819 815 1873 sed
856 1821 1268 1891 unumquidque
1307 1822 1369 1876 ad
1402 1824 1541 1893 quod
1582 1837 1761 1895 aptum
1789 1839 1889 1882 est.
1938 1830 1999 1884 Si
2034 1815 2076 1875 Β
2103 1818 2239 1887 elusi
2274 1828 2329 1873 εί
2370 1820 2437 1874 ἀεὶ
2479 1823 2691 1899 ossibus
2731 1824 2865 1895 ejus.
2914 1827 3213 1885 Notandum
3257 1835 3398 1904 quod
3440 1837 3678 1892 dicantur

421 1910 555 1961 dixe:
572 1910 606 1961 it
633 1925 738 1977 pes.
776 1906 950 1963 Pedes
989 1919 1215 1976 possunt
1251 1912 1353 1967 dici
1387 1915 1638 1969 Ecclesia
1682 1916 1756 1970 illi
1802 1919 1890 1987 qui
1931 1920 1994 1973 ad

420 1998 858 2052 iu'ert-edendum
890 1999 1175 2075 ambulant.
1209 2002 1290 2057 vel
1318 2003 1658 2074 Evangelium
1686 2008 1992 2075 pradicant.

425 2087 678 2150 Quoniam
716 2104 816 2140 non
855 2103 966 2140 sum
1010 2073 1207 2155 manus,
1243 2108 1347 2144 non
1386 2110 1499 2145 sum
1534 2095 1597 2147 de
1631 2112 1861 2163 corpore,
1892 2115 1995 2153 non

419 2178 439 2230 i
478 2193 537 2229 eo
559 2187 630 2230 est
655 2178 717 2230 de
740 2180 985 2247 corpore!
1015 2180 1196 2233 Manus
1224 2192 1301 2235 est
1332 2182 1421 2236 ille
1448 2185 1537 2252 qui
1568 2196 1819 2254 operatur
1844 2188 1991 2243 utilia

423 2268 474 2321 in
506 2283 751 2336 corpore.
811 2268 1069 2324 Dicebant
1099 2271 1240 2325 enim
1274 2287 1333 2327 se
1364 2290 1468 2327 non
1500 2291 1620 2330 esse
1650 2279 1713 2331 de
1746 2294 1991 2346 corpore,

418 2363 541 2428 quia
576 2362 730 2426 hanc,
766 2377 925 2431 quam
957 2363 1066 2426 alii,
1102 2364 1327 2433 gratiam
1363 2382 1465 2419 non
1509 2369 1797 2422 habebant.
1855 2371 1921 2424 Et
1949 2375 1992 2426 si

416 2452 601 2505 dixerit
634 2453 792 2508 auris.
835 2453 1061 2522 Sapiens
1101 2457 1332 2523 auditor,
1374 2468 1457 2512 e~t
1496 2463 1640 2513 auris
1689 2463 1991 2521 intellectus

413 2540 727 2612 Scripturze,
774 2544 864 2613 qui
915 2544 1053 2599 inter
1100 2558 1293 2601 cetera
1335 2549 1543 2604 ablatus
1589 2561 1673 2605 est
1716 2568 1747 2605 a
1786 2553 1986 2611 Judma.

416 2631 555 2697 Quia
582 2648 679 2685 non
710 2649 823 2685 sunt
852 2634 1051 2701 oculus,
1083 2652 1187 2690 non
1223 2653 1337 2690 sum
1365 2637 1428 2691 de
1465 2655 1698 2709 corpore,
1727 2660 1846 2698 num
1875 2646 1990 2701 ideo

412 2739 516 2776 non
545 2732 615 2776 est
648 2723 711 2777 de
736 2740 946 2793 corpore
967 2727 992 2779 ?
1016 2726 1215 2782 Oculus
1244 2738 1348 2797 est,
1389 2730 1479 2797 qui
1520 2731 1763 2803 intelligit
1799 2738 1881 2791 vel
1918 2738 1991 2792 fu-

412 2821 555 2880 tura,
598 2830 715 2883 qua:
741 2815 997 2883 loquitur,
1030 2819 1116 2872 vel
1147 2820 1451 2887 praesentia.
1496 2821 1559 2877 Si
1600 2832 1761 2878 totum
1802 2843 1988 2896 corpus

409 2907 616 2969 oculus,
643 2906 728 2959 ubi
754 2907 1001 2961 auditus?
1030 2907 1087 2963 Si
1117 2910 1213 2963 toti
1242 2908 1527 2979 docentes,
1560 2913 1647 2969 ubi
1678 2916 1988 2973 auditores?

411 2995 474 3049 Si
496 3006 650 3048 totum
670 2998 895 3060 auditus,
920 2998 1005 3050 ubi
1031 2997 1314 3053 odoratus?
1337 3000 1392 3055 Si
1430 3002 1522 3055 loti
1554 3003 1842 3067 auditores,
1867 3007 1987 3076 quis

407 3085 569 3140 sciret
615 3086 922 3141 discernere
964 3088 1159 3142 bonum
1207 3090 1291 3144 vel
1340 3091 1580 3146 malum?
1621 3092 1778 3148 Nunc
1818 3107 1983 3152 autem

2090 1918 2245 1963 recte
2289 1909 2549 1966 Ecclesia.
2614 1914 2679 1967 Et
2720 1920 2968 1986 quosdim
3007 1923 3211 1990 quidem
3252 1927 3416 1993 posuit
3457 1927 3595 1983 Deus
3624 1932 3677 1984 in

2098 1998 2352 2055 Ecclesia.
2376 2002 2629 2060 Ordinem
2652 2007 2812 2062 modo
2838 2013 3197 2068 membrorum
3222 2018 3471 2072 ostendit.
3503 2020 3676 2075 Primo

2096 2094 2383 2161 apostolos;
2412 2097 2636 2149 secundo
2658 2100 2950 2168 praplietas.
2996 2102 3047 2156 In
3079 2105 3334 2175 Ecclesia,
3369 2126 3471 2163 non
3504 2112 3553 2163 in
3585 2112 3675 2181 Sy-

2098 2197 2324 2253 nagoga,
2362 2201 2427 2237 tte
2457 2196 2704 2255 putemus
2726 2205 2844 2243 eum
2877 2194 2942 2247 de
2970 2197 3201 2265 antiquis
3227 2199 3421 2255 dixiSSe
3449 2207 3673 2270 prophe-

2097 2273 2187 2339 tis,
2220 2274 2313 2327 sed
2357 2274 2423 2329 de
2453 2279 2638 2347 Agabo
2681 2289 2734 2334 et
2769 2284 2997 2336 caeteris.
3047 2286 3311 2341 (Steterunt
3346 2292 3672 2358 patriarchas

2094 2377 2305 2432 quoque
2352 2363 2613 2421 debuerat
2661 2371 2966 2426 nominasse
3018 2375 3303 2443 proiihetas
3346 2392 3439 2432 eos
3481 2382 3671 2445 dii-tus,

2094 2467 2159 2507 ex
2188 2454 2379 2523 quibus
2407 2457 2623 2526 Agibus
2664 2470 2797 2525 erat,
2848 2478 2952 2516 non
3002 2466 3120 2519 illos
3161 2468 3250 2533 qui
3292 2481 3569 2525 venturum
3618 2475 3668 2526 in

2093 2560 2254 2599 carne
2284 2545 2452 2603 Deum
2494 2549 2912 2619 prophetabant.
2960 2554 3133 2609 Tettio
3173 2557 3426 2615 doctores.
3476 2562 3540 2615 Et
3584 2567 3669 2633 qui

2088 2634 2379 2702 explanant
2424 2638 2655 2693 obscura
2702 2643 3104 2711 prophetarum,
3146 2657 3199 2701 et
3241 2650 3328 2717 qui
3373 2650 3670 2708 boniinilnis

2092 2725 2380 2792 loquuntur
2416 2729 2832 2795 consiilatioues,
2880 2749 2963 2787 tne
2997 2735 3073 2789 ito
3115 2736 3303 2792 doctor
3340 2755 3365 2793 s
3399 2742 3668 2808 dicuntur,

2090 2824 2179 2887 qui
2223 2818 2447 2874 honeste
2476 2836 2651 2875 mores
2704 2822 3013 2892 instituunt,
3046 2827 3256 2883 etiamsi
3294 2835 3542 2902 mysteria
3585 2853 3645 2888 ex

2088 2908 2307 2976 planare
2337 2924 2442 2964 non
2480 2923 2729 2979 possunt.
2761 2911 2961 2969 Deinde
2992 2918 3214 2972 viriutes.
3265 2920 3496 2978 Virtutes
3553 2943 3666 2981 ma-

2084 3004 2203 3071 jora
2233 3013 2357 3058 sunt
2400 3005 2574 3075 signa,
2604 3007 2716 3063 sive
2746 3009 3089 3079 daemonum,
3118 3016 3235 3069 sive
3276 3019 3663 3078 inlirinitatum.

2089 3092 2223 3147 Exin
2270 3096 2465 3164 gratias
2514 3099 2866 3163 curationum,
2915 3104 3301 3170 opitulalianes.
3359 3111 3663 3180 Atljutoria;

408 3176 577 3244 posuit
604 3174 738 3229 Deus
763 3177 1007 3240 membra,
1047 3178 1445 3247 unumquodque
1467 3195 1639 3235 eorum
1668 3184 1721 3237 in
1751 3201 1980 3256 corpore.
2013 3176 2067 3255 Cp
2088 3197 2211 3235 nam
2258 3180 2423 3237 Pau'o
2471 3199 2500 3238 a
2527 3185 2818 3243 Macedone
2863 3191 3077 3258 diciur,
3124 3194 3277 3261 Veni,
3308 3198 3498 3266 adjuva
3545 3218 3665 3257 nos.

405 3267 650 3333 Quomod
674 3290 685 3317 ι
717 3268 769 3321 in
801 3283 1026 3337 corpore
1053 3278 1174 3339 apte
1198 3279 1251 3325 et
1279 3272 1524 3327 ordinate
1549 3276 1832 3331 constituta
1858 3292 1983 3334 sunt

403 3360 664 3425 membra,
708 3360 780 3415 ita
823 3372 878 3416 et
922 3363 974 3415 in
1005 3362 1238 3419 Ecrlesia
1286 3367 1650 3435 unusquisque
1695 3382 1724 3421 a
1764 3369 1876 3425 Deo
1915 3372 1979 3426 ad

401 3454 545 3522 quod
583 3461 737 3521 aptus
773 3464 874 3519 est,
905 3454 1206 3508 ordinatur.
1257 3454 1311 3511 Si
1349 3470 1533 3511 omnes
1570 3474 1729 3512 unam
1759 3462 1980 3529 gratiam

403 3546 683 3608 haberent,
721 3545 806 3598 ubi
840 3556 1015 3599 essent
1052 3546 1313 3615 reliqum?
1363 3547 1511 3602 Sicut
1541 3548 1719 3603 eo'uit.
1756 3551 1908 3616 Quod
1937 3554 1981 3606 si

398 3646 565 3687 essent
586 3638 755 3687 omnia
776 3651 932 3687 unum
956 3635 1253 3705 membrum,
1279 3637 1363 3688 ubi
1385 3640 1601 3707 corpus?
1634 3639 1789 3693 Nunc
1809 3651 1978 3695 autent

398 3726 559 3779 multa
579 3727 777 3795 quidem
806 3727 1047 3792 membra,
1078 3743 1234 3779 unum
1255 3739 1424 3780 autem
1453 3745 1657 3797 corpus.
1690 3729 1841 3785 Velle
1861 3731 1977 3797 Dei,

399 3828 457 3870 et
485 3816 705 3881 bontun,
737 3825 788 3869 et
819 3815 1040 3884 justum,
1080 3825 1133 3871 et
1163 3828 1407 3872 sanctum
1442 3828 1545 3887 est,
1574 3828 1764 3875 etnon
1794 3821 1977 3876 discu-

398 3904 662 3970 tiendum,
703 3905 795 3959 sed
828 3905 1221 3962 admirandum.
1264 3908 1307 3962 0
1344 3908 1523 3975 homo,
1549 3920 1602 3964 tu
1634 3913 1751 3979 quis
1777 3928 1858 3979 es,
1886 3915 1974 3983 qui

391 3996 725 4064 respondeas
752 3995 884 4062 Deo,
916 4006 973 4051 et
1000 3997 1168 4063 dicas,
1198 3997 1375 4064 Quare
1394 4013 1521 4068 ergo
1550 4002 1645 4063 sic,
1674 4010 1721 4054 ct
1756 4001 1845 4055 ille
1871 4017 1972 4054 non

390 4087 495 4151 sic,
541 4087 741 4155 etquid
786 4088 1043 4157 estquod
1091 4089 1167 4141 illi
1205 4090 1371 4154 dedit,
1421 4100 1475 4144 et
1518 4093 1594 4144 illi
1643 4106 1746 4145 non
1788 4093 1975 4147 dedit?

392 4176 520 4230 Non
539 4187 699 4244 potest
721 4178 886 4231 dicere
907 4178 1085 4231 oculus
1106 4182 1303 4245 manui,
1324 4181 1494 4247 Opera
1516 4193 1604 4234 tua
1625 4197 1723 4234 non
1746 4183 1969 4252 indigeo.

390 4268 523 4321 Ideo
561 4268 871 4322 alterutrum
923 4285 1173 4339 egemus,
1215 4280 1275 4324 ut
1326 4270 1561 4325 charitas
1606 4282 1970 4327 conservetur.

386 4359 527 4415 Nam
564 4359 608 4412 si
638 4375 775 4413 unus
802 4363 980 4413 omnia
1014 4361 1256 4429 haberet,
1289 4362 1577 4416 adversum
1618 4372 1845 4418 cieteros
1883 4378 1973 4419 su-

384 4450 650 4519 perbiret.
692 4453 794 4504 Aut
824 4453 1003 4504 iterum
1041 4463 1212 4522 caput.
1264 4453 1361 4507 llic
1396 4455 1649 4509 sacerdos
1679 4464 1762 4509 est
1789 4463 1969 4525 caput.

2086 3270 2512 3342 Gubmnationes,
2541 3292 2725 3345 genera
2748 3279 3060 3349 linguarum.
3086 3286 3185 3351 Qui
3217 3290 3390 3342 sciunt
3425 3293 3666 3361 singulos

2084 3360 2402 3429 gubernare.
2438 3361 2689 3432 Nunquid
2728 3383 2901 3427 omnes
2935 3375 3195 3441 apostoli?
3233 3380 3463 3447 nunquid
3496 3360 3666 3436 omnes

2083 3450 2384 3517 propbctw?
2423 3453 2652 3521 nunquid
2700 3470 2872 3510 omnes
2915 3461 3189 3516 doctores?
3231 3468 3461 3534 nunquid
3494 3487 3665 3524 omnes

2083 3538 2331 3592 virtutes?
2367 3542 2594 3610 nunquid
2629 3558 2802 3598 omnes
2835 3550 3051 3614 gratiam
3091 3552 3276 3605 habent
3305 3559 3667 3613 curationum?

2082 3631 2313 3699 nunquid
2343 3647 2514 3685 omnes
2544 3633 2732 3703 linguis
2759 3636 3072 3705 loquuntur?
3098 3640 3347 3710 Nunquid
3375 3663 3546 3701 omnes
3585 3652 3666 3703 in-

2082 3724 2469 3788 terpretantur?
2500 3726 2649 3786 Quod
2690 3727 2939 3793 superius
2977 3730 3128 3794 dixit,
3171 3734 3218 3785 si
3265 3747 3446 3788 essent
3484 3739 3661 3791 omnia

2081 3828 2242 3866 unum
2291 3816 2625 3879 tnetnbrurn,
2677 3818 2765 3870 ubi
2808 3823 3042 3886 corpus?
3086 3821 3432 3879 Entulamini
3473 3839 3661 3885 aufem.

2079 3902 2303 3956 Studete
2349 3903 2571 3957 imitari.
2624 3902 2970 3963 C:arismala.
3018 3910 3165 3966 Dona
3224 3914 3321 3967 ista
3371 3918 3664 3986 gratiarum

2078 4001 2224 4058 suat,
2254 4008 2357 4046 non
2390 3995 2726 4063 meritorum,
2753 4000 2873 4066 quia
2907 3999 3048 4067 quod
3079 4002 3327 4070 donatur,
3360 4021 3467 4061 non
3496 4020 3577 4062 est
3608 4011 3659 4062 in

2078 4096 2260 4139 nostra
2295 4087 2525 4154 positum
2560 4098 2842 4156 potestate,
2868 4105 2967 4144 nec
2993 4107 3023 4144 a
3052 4095 3206 4148 nobis
3232 4096 3481 4164 exigitur.
3522 4101 3663 4154 sicut

2078 4176 2213 4230 bona
2257 4182 2386 4244 vita,
2423 4194 2581 4247 quam
2626 4195 2745 4234 cum
2777 4182 2866 4237 Dei
2907 4184 3173 4253 adiutorio
3218 4191 3470 4246 exhibere
3498 4195 3657 4250 debe-

2077 4283 2215 4321 mus.
2267 4267 2508 4323 Hetiora.
2553 4270 2687 4337 Quia
2720 4283 2773 4327 et
2800 4274 2899 4327 ista
2929 4279 3083 4331 bOna.
3121 4276 3187 4331 Et
3215 4280 3385 4334 adhuc
3414 4286 3660 4338 excellen-

2076 4363 2276 4415 liorem.
2326 4361 2475 4417 Sicut
2515 4365 2726 4433 publica
2772 4366 2853 4420 via
2887 4371 3152 4424 excelsior
3179 4384 3255 4426 est
3301 4375 3519 4445 reliquis
3558 4379 3662 4433 viis

2076 4466 2138 4504 ac
2182 4452 2407 4517 semitis,
2443 4456 2512 4507 ita
2543 4466 2597 4508 ct
2643 4456 2877 4512 Charitas
2904 4460 2984 4512 via
3016 4472 3097 4515 est
3124 4463 3347 4528 directa,
3382 4480 3474 4535 per
3498 4484 3659 4536 quant

384 4539 641 4605 Pedibus,
668 4541 787 4595 Non
814 4544 931 4597 estis
960 4545 1087 4596 mihi
1118 4547 1409 4601 necessarii.
1447 4547 1693 4613 Pedibus,
1725 4550 1811 4617 qui
1848 4565 1972 4619 por-
2003 4539 2050 4600 D
2076 4545 2140 4597 ad
2182 4545 2456 4602 cwlcstetn
2491 4550 2828 4615 nietropolitn
2861 4552 3115 4608 tenditur.
3167 4555 3223 4611 Si
3264 4559 3383 4627 quis
3424 4561 3658 4628 reliquas

382 4644 508 4687 tant
532 4648 746 4703 corpus.
794 4636 900 4689 Sed
941 4639 1102 4692 multo
1144 4641 1305 4711 magis
1330 4656 1443 4711 quae
1480 4642 1711 4695 videntur
1750 4644 1970 4697 membra

378 4725 621 4792 corporis
644 4725 933 4792 inﬁrmiora
959 4744 1085 4791 esse,
1119 4731 1464 4785 necessariora
1494 4743 1631 4786 sunt.
1683 4733 1966 4801 Prophctia

377 4828 554 4880 quam
598 4815 939 4884 spernebant,
987 4815 1053 4871 ad
1102 4817 1358 4888 majorem
1406 4820 1685 4876 utilitatem
1730 4823 1962 4880 valebat.

378 4901 461 4957 Et
488 4920 603 4971 qua
627 4915 865 4973 putamus
892 4909 1196 4979 ignobiliora
1223 4912 1441 4965 membra
1471 4929 1579 4967 esse
1607 4916 1853 4983 corporis,
1885 4915 1964 4970 his

376 4992 629 5045 honorem
670 4994 1090 5051 abundantiorem
1134 4999 1531 5055 circnmdamns.
1563 5001 1711 5057 Sicut
1752 5004 1803 5057 in
1844 5019 1965 5059 enr-

376 5096 523 5149 pore
545 5082 661 5137 sine
688 5086 855 5139 oculis
883 5096 936 5142 et
967 5089 1211 5143 manibus
1372 5101 1565 5160 potest,
1597 5095 1712 5148 sine
1741 5094 1961 5148 interio-

373 5170 533 5225 ribus
564 5188 669 5229 non
699 5185 893 5241 potest.
923 5175 989 5231 Et
1014 5195 1126 5246 qua:
1146 5182 1409 5235 inhonesta
1433 5192 1551 5236 sunt
1575 5196 1771 5251 nostra,
1803 5186 1963 5241 abun-

370 5261 667 5316 dantiorem
691 5262 1001 5321 honestatem
1036 5268 1237 5324 habent.
1269 5271 1400 5325 Dum
1431 5274 1638 5328 cautius
1666 5276 1957 5332 vestimen-

370 5351 471 5411 tis,
504 5360 561 5405 et
583 5352 894 5424 diligentius
921 5367 1295 5427 conteguntur.
1338 5359 1571 5416 Honesta
1593 5356 1758 5418 autem
1784 5375 1960 5421 nostra

368 5442 573 5496 nullius
601 5457 764 5515 egent.
806 5448 940 5514 Quia
971 5465 1068 5519 per
1095 5466 1155 5505 se
1188 5453 1408 5519 pulchra
1441 5464 1583 5519 sunt,
1616 5467 1668 5511 et
1710 5457 1954 5524 honesta,

366 5544 437 5587 ut
463 5547 615 5603 caput
647 5547 702 5592 et
730 5549 947 5594 cmtcra.
977 5542 1083 5595 Sed
1113 5541 1248 5596 Deus
1274 5548 1565 5612 temperavit
1590 5563 1774 5619 corpus
1804 5551 1850 5603 ei
1877 5557 1957 5605 cui

365 5627 572 5695 deerat,
602 5632 1028 5688 abundantiorem
1060 5636 1328 5692 tribuendo
1357 5639 1619 5694 honorem.
1664 5642 1956 5697 Minoribus

366 5720 578 5798 majora
620 5724 755 5780 dona
798 5728 1120 5793 concedens,
1167 5739 1218 5781 ut
1261 5732 1347 5800 qui
1398 5732 1599 5787 honore
1644 5733 1818 5789 minor
1848 5748 1947 5801 ρει,

2071 4635 2295 4689 virtutes
2339 4634 2602 4700 Italitterit,
2648 4637 2749 4693 nisi
2788 4639 2840 4694 itt
2883 4641 3037 4697 istam
3076 4644 3214 4698 viam
3262 4647 3561 4713 intraverit,
3602 4651 3657 4704 id

2072 4732 2174 4789 est,
2219 4725 2317 4778 nisi
2358 4726 2670 4781 clriritatem
2718 4729 2981 4794 habuerit,
3028 4748 3147 4803 quae
3187 4743 3270 4789 est
3308 4739 3656 4817 excellentior

2072 4814 2175 4883 via,
2205 4832 2310 4870 ttutt
2336 4820 2535 4886 poterit
2564 4820 2766 4877 intrare
2792 4822 3000 4878 Domini
3023 4826 3318 4882 civitatem.
3350 4826 3497 4899 Viam
3516 4814 3656 4891 vobis

2067 4906 2377 4962 demonstro.
2401 4909 2509 4975 Qua
2534 4912 2764 4982 pergatls
2788 4914 2852 4967 ad
2881 4914 3066 4982 Deum,
3105 4915 3155 4969 id
3183 4931 3283 4981 es",
3312 4899 3654 5001 charitatetn;

2070 4997 2196 5053 Vult
2226 5003 2529 5069 ostendere,
2561 5004 2650 5057 illa
2682 5020 2779 5059 nos
2809 5021 3051 5075 quaeri-re
3080 5008 3298 5077 debere,
3325 5024 3439 5079 quae
3469 5012 3534 5066 ad
3568 4997 3648 5093 vi;

2066 5098 2174 5145 tam
2208 5106 2429 5161 prosunt
2459 5096 2625 5162 magis
2655 5111 2811 5165 quam
2842 5099 3013 5164 signa.

2135 5184 2267 5239 CAP.
2300 5200 2415 5241 xm.
2447 5187 2507 5241 Si
2533 5187 2722 5258 linguis
2743 5187 3007 5242 hominum
3034 5196 3231 5261 loquar,
3258 5203 3305 5247 cl
3327 5198 3646 5264 angelorum,

2062 5275 2362 5332 charitarem
2390 5289 2559 5333 autem
2590 5298 2691 5333 non
2722 5283 2955 5337 habeant.
2986 5284 3101 5341 Non
3131 5288 3303 5343 solum
3337 5290 3640 5357 hominum,

2062 5367 2154 5420 sed
2182 5368 2340 5422 etiam
2371 5371 2413 5423 si
2452 5385 2568 5437 qua:
2599 5381 2723 5426 sunt
2759 5375 3089 5443 angelorum.
3126 5377 3317 5434 Factus
3355 5398 3468 5435 sum
3511 5379 3643 5433 relut

2061 5472 2129 5511 ως
2157 5475 2375 5527 sonans,
2411 5471 2499 5514 aut
2540 5464 2822 5532 cymbalum
2854 5466 3093 5524 tinnicns.
3134 5470 3286 5538 Quod
3317 5487 3418 5525 non
3450 5487 3512 5525 ex
3544 5486 3640 5537 se,

2060 5552 2153 5608 sed
2185 5554 2251 5608 ab
2278 5556 2381 5608 alio
2427 5556 2655 5625 impulsu
2686 5560 2859 5615 solum
2898 5565 3133 5618 sonitum
3177 5565 3383 5630 reddit,
3415 5566 3502 5635 qui
3542 5581 3643 5623 nec

2063 5647 2160 5713 ipsi
2181 5688 2195 5711 ,
2226 5664 2323 5703 nec
2354 5648 2442 5704 alii
2486 5650 2720 5718 prodest.
2746 5653 2987 5710 Charitas
3015 5665 3188 5710 autem
3219 5673 3429 5712 omnem
3463 5657 3635 5727 possi-

2061 5740 2145 5795 det
2188 5740 2432 5799 lructum.
2480 5741 2545 5795 Et
2590 5745 2634 5798 si
2671 5746 2892 5801 habuero
2938 5748 3248 5819 propin-tium
3279 5792 3291 5813 ,
3330 5761 3374 5804 et
3415 5766 3636 5830 noverim
