3968 6166
452 286 551 343 539

1549 277 1635 335 rn
1667 277 1845 333 uisu
1887 267 2339 329 .tDItllhlETANl
2380 262 2592 323 EPISC.
3549 272 3627 326 5,0

452 402 691 472 mysteria
737 399 923 454 omnia.
979 397 1075 452 llic
1125 395 1400 465 prophetia
1452 394 1627 447 futura
1678 388 1969 459 pra-dicere
2021 388 2105 441 :A
2144 380 2232 472 bal
2260 388 2314 433 οι
2341 376 2615 447 ερεοιθιιειι
2647 375 2859 472 ﬁdei“?
2884 417 2899 442 ι
2933 376 3114 472 indi“!
3142 376 3465 472 ll‘f'llflminfi
3491 378 3631 472 (lmi-

453 493 706 563 mystcria
735 491 799 545 ad
830 490 1173 559 sapientiam;
1206 487 1430 543 scientia
1461 495 1661 551 autem,
1689 481 1827 537 scire
1858 478 2037 534 omnia

452 599 569 650 quin
595 583 810 638 fuerunt
828 591 880 635 et
908 589 1049 635 sunt.
1075 580 1138 634 Et
1165 596 1364 633 omnem
1391 578 1675 634 scientiam.
1700 575 1814 628 Non
1844 573 2037 626 mirum

455 675 500 727 si
530 671 767 727 scientia)
794 672 1027 725 cliaritas
1060 673 1391 738 pratteratur,
1421 683 1540 721 eum
1572 666 1730 720 etiam
1762 663 2040 733 preplietia

457 774 510 817 et
536 764 846 832 martyrium
879 762 993 816 sine
1024 762 1109 815 illa
1150 761 1280 814 nihil
1313 774 1432 814 esse
1467 759 1734 813 dicantur.
1767 754 1832 809 Et
1872 756 1916 807 si
1947 755 2041 807 ha-

458 853 608 903 buero
631 866 829 902 omnem
851 850 1024 917 ﬁdem,
1051 849 1122 901 ita
1149 858 1201 901 ut
1230 857 1424 920 montes
1450 846 1772 913 transferam.
1798 844 2043 899 Salvator

458 940 606 1002 dicit,
641 940 795 993 tidem
824 942 956 993 sicut
976 954 1195 1006 granum
1227 937 1427 1005 sinapis
1457 947 1665 990 montes
1693 948 1850 1003 posse
1872 944 2045 987 trans-

465 1027 635 1091 ferre»;
671 1027 756 1081 hic
800 1041 926 1080 vero
973 1025 1258 1091 Apostolus
1306 1025 1410 1086 ait,
1447 1038 1660 1077 omnem
1702 1024 1859 1075 iidem
1899 1034 2039 1085 esse,

462 1134 580 1184 qua:
612 1116 899 1170 transferat
925 1128 1135 1168 montes
1157 1157 1170 1175 ,
1204 1114 1346 1168 unde
1377 1114 1720 1182 intelligitur,
1753 1110 2041 1180 perfectam

463 1222 581 1259 e<se
608 1205 786 1268 ﬁdem,
809 1219 925 1272 qua:
943 1218 1109 1271 grano
1134 1204 1333 1271 sinapis
1355 1218 1511 1270 comp
1529 1213 1713 1265 iratnr,
1732 1212 1785 1255 et
1811 1204 1911 1254 hoc
1937 1216 2042 1255 non

468 1304 686 1361 propter
740 1293 1120 1360 exiguitatem,
1163 1292 1255 1346 sed
1316 1302 1536 1362 propter
1588 1292 1945 1360 integritatem
1993 1298 2047 1344 et

467 1383 728 1435 fervorem
759 1382 874 1450 ejus
919 1383 1220 1449 appositum
1249 1390 1352 1435 est.
1385 1380 1696 1434 Charitntem
1738 1390 1907 1434 autem
1944 1397 2046 1433 non

461 1472 716 1539 hibuero,
753 1474 882 1525 nihil
919 1489 1049 1525 sum.
1083 1473 1217 1539 Quid
1248 1473 1376 1527 mihi
1418 1473 1651 1539 proderit
1683 1472 1880 1527 habere
1908 1488 2044 1540 prte-

461 1578 487 1615 s
512 1564 701 1616 ientite
734 1564 953 1617 virtutes
979 1608 993 1630 ,
1036 1565 1080 1618 si
1112 1578 1271 1632 opera
1305 1579 1408 1618 non
1455 1564 1690 1620 habuero
1729 1565 2047 1619 cliaritatis?

2143 470 2267 524 tatis
2293 476 2614 538 pratceptum
2646 465 2775 520 illud
2822 465 3124 536 implebitur
3157 485 3171 519 :
3202 468 3380 536 Diliges
3406 467 3633 525 Dominum

2145 561 2309 614 Deum
2347 570 2494 613 tuum
2538 573 2604 612 ex
2635 568 2747 613 tato
2777 558 2937 613 corde
2967 569 3077 613 tuo.
3107 559 3231 613 Nam
3258 573 3369 612 cum
3401 569 3473 614 est
3504 561 3638 619 adhuc

2143 650 2340 717 aliquid
2373 648 2607 703 carnalis
2633 648 3098 715 concupiscentiae,
3120 650 3253 718 quod
3279 649 3359 702 vel
3375 651 3638 705 continendo

2143 737 2398 803 frenetur,
2427 755 2530 795 nou
2553 754 2619 791 cx
2648 748 2753 791 tota
2778 739 2951 791 anima
2975 738 3206 807 diligitur
3229 739 3373 794 Dens.
3393 738 3501 793 Cum
3517 759 3640 795 essem

2145 831 2418 901 parvulus,
2446 830 2685 898 loquebar
2706 839 2757 881 ut
2787 826 3059 896 paruulus,
3086 831 3328 897 sepiebant
3350 840 3399 884 ut
3428 836 3639 898 parvulus.

2144 920 2432 990 cogitabam
2470 930 2523 971 ut
2565 918 2827 987 pirrulus.
2877 920 3132 989 Exemplo
3154 921 3367 975 carnalis
3390 922 3501 975 incri
3518 926 3644 979 menti

2147 1014 2257 1064 vult
2283 1013 2577 1081 spiritalem
2610 1025 2910 1067 monstrare
2954 1012 3261 1081 profectum.
3304 1013 3495 1076 Quando
3516 1020 3645 1081 {actus

2145 1122 2257 1158 sunt
2282 1105 2374 1171 vir,
2399 1106 2636 1158 evacuavi
2660 1122 2773 1175 qua?
2798 1116 2944 1159 erant
2966 1106 3415 1171 parruli.0.tendit
3435 1107 3644 1171 quomodo

2147 1206 2472 1249 evacucntur
2519 1196 2605 1248 illa
2652 1211 2770 1263 quae
2811 1195 3057 1263 superius
3102 1195 3413 1251 memoravit.
3456 1194 3646 1249 Videmus

2147 1302 2297 1339 nunc.
2328 1284 2490 1351 Quasi
2535 1285 2772 1354 parvuli,
2804 1288 2892 1355 qui
2928 1303 3033 1340 non
3076 1302 3341 1354 possumus
3367 1287 3647 1340 serenissima

2147 1378 2326 1432 cordis
2358 1377 2472 1430 acie
2514 1375 2745 1441 perfecte
2788 1377 2965 1430 lumen
3013 1377 3300 1446 perspicere
3326 1376 3549 1430 veritatis.
3578 1376 3651 1429 Per

2148 1476 2409 1539 speculum
2438 1477 2488 1528 in
2511 1476 2798 1544 a'nigmats.
2833 1475 2936 1530 Per
2966 1478 3233 1542 Speculum
3262 1474 3382 1543 legis
3405 1475 3533 1542 quasi
3555 1473 3653 1527 inﬂo

2146 1564 2323 1632 ginem
2358 1579 2533 1618 rerttm
2565 1564 2827 1617 videmus.
2865 1564 3007 1617 Tunc
3051 1574 3214 1617 autem
3242 1566 3362 1630 [acie
3399 1564 3458 1615 ad
3494 1562 3651 1630 faciem.

463 1655 657 1708 dicitur
681 1656 823 1710 enim
858 1656 985 1709 mihi
1015 1673 1028 1707 :
1062 1656 1275 1710 Recede
1298 1670 1326 1709 a
1360 1673 1465 1722 me,
1497 1672 1544 1719 o,
1567 1658 1773 1711 erarius
1804 1658 2047 1726 iniquita-
2152 1651 2307 1705 Nunc
2334 1668 2579 1723 cognosco
2602 1669 2664 1706 ea:
2683 1664 2843 1723 parte.
2873 1654 3156 1708 Praesentia
3178 1654 3301 1708 dicit
3323 1654 3392 1707 vel
3414 1654 3651 1759 perspicue.

466 1744 549 1796 tis.
592 1744 653 1796 Et
683 1744 727 1798 si
755 1745 1059 1799 distribuere
1094 1748 1146 1799 in
1186 1747 1320 1800 cibos
1349 1764 1631 1817 pauperum
1672 1764 1843 1801 omnes
1882 1747 2046 1815 [ιιι-ιιι·
2077 1740 2123 1799 Β
2153 1743 2294 1797 Tunc
2319 1756 2487 1797 autem
2508 1747 2976 1814 cognoscam,sicut
2996 1747 3223 1818 cOgnitus
3245 1763 3371 1801 sunt.
3391 1740 3654 1813 Cognostatn

464 1848 592 1890 tates
618 1853 770 1889 meas.
797 1836 1098 1891 N0tandum
1138 1838 1279 1906 quod
1319 1846 1658 1905 contemptus
1688 1837 1866 1892 mundi
1910 1852 2046 1890 mar-

466 1928 606 1993 tyrio
634 1926 941 1993 capuletur,
987 1937 1173 1980 contra
1217 1942 1311 1981 eos
1347 1928 1435 1997 qui
1479 1928 1604 1981 illud
1644 1927 1712 1982 de
1761 1928 2050 1998 Evangelio

467 2018 628 2070 variis
665 2017 991 2086 argumentis
1034 2030 1310 2071 excusant.
1358 2017 1425 2070 Et
1461 2020 1507 2072 si
1552 2020 1813 2072 tradidero
1869 2035 2051 2088 corpus

467 2121 649 2169 meum,
675 2114 728 2157 ut
754 2106 981 2167 ardeam,
1001 2105 1300 2159 citat-italum
1327 2117 1493 2160 autim
1523 2123 1624 2160 non
1650 2108 1893 2174 habuero,
1924 2109 2053 2161 nihil

466 2196 591 2249 mihi
616 2197 837 2266 prodest.
871 2195 926 2251 Si
962 2211 1064 2250 non
1097 2211 1211 2264 pro;
1234 2208 1315 2251 ter
1346 2198 1508 2253 Deum
1530 2241 1544 2262 ,
1574 2198 1665 2252 sed
1702 2212 1917 2266 propter
1938 2199 2053 2267 gli-

465 2287 600 2337 ι·ιειιι
628 2285 721 2337 liat
747 2289 1057 2352 humanam,
1089 2298 1178 2340 aut
1210 2296 1359 2342 certe
1401 2289 1453 2341 in
1494 2288 1610 2358 ipso
1659 2290 1913 2355 martyrio
1959 2290 2053 2344 ad-

468 2388 654 2428 vetsus
681 2374 894 2428 fratrem
929 2383 1109 2429 teneat
1154 2375 1321 2442 iram,
1350 2386 1700 2431 contemnens
1733 2378 1898 2433 Deum
1921 2418 1936 2444 ,
1964 2378 2051 2446 qui

468 2462 601 2515 dixit
630 2479 643 2512 :
672 2461 1053 2517 Oliliviscimini
1087 2464 1342 2518 malitiam
1373 2466 1598 2534 proximi
1636 2484 1650 2520 :
1681 2483 1787 2521 non
1819 2469 2054 2523 charitas

469 2555 537 2605 de
575 2553 860 2624 martyrio,
892 2553 986 2608 sed
1033 2556 1343 2626 martyrium
1387 2557 1623 2612 nascitur
1664 2574 1730 2613 ex
1773 2560 2051 2615 cliaritate.

470 2643 729 2698 Charitas.
757 2645 911 2701 Modo
937 2646 1191 2701 describit
1222 2650 1478 2716 membra,
1513 2660 1568 2704 et
1588 2654 1794 2720 species
1820 2652 2054 2707 Charita-

470 2737 541 2789 tis
572 2752 587 2788 :
620 2735 859 2789 Charitas
885 2751 952 2790 ex
982 2736 1089 2792 Deo
1116 2747 1217 2799 est,
1249 2738 1357 2793 imo
1388 2738 1524 2793 Deus
1546 2748 1646 2810 est,
1671 2751 1727 2794 et
1752 2741 1872 2795 ideo
1897 2742 2057 2796 tantis

472 2827 758 2882 virtutibus
784 2836 1013 2882 constat.
1038 2827 1256 2882 Patiens
1276 2839 1367 2891 est.
1400 2830 1617 2900 benigna
1647 2840 1743 2884 est.
1772 2831 2054 2898 Parentes,

472 2919 596 2986 quia
620 2916 653 2970 d
679 2916 845 2986 ligunt
874 2917 1013 2971 ﬁlios
1037 2957 1052 2981 ,
1083 2932 1269 2972 omnes
1308 2932 1496 2974 eorum
1536 2919 1799 2975 infantum
1843 2929 2059 2990 portant

477 3011 739 3076 patienter
766 3009 1009 3077 injurias.
1041 3008 1280 3063 Charitas
1311 3026 1409 3064 non
1440 3010 1733 3065 tumulatur.
1773 3012 1942 3069 Nemo
1981 3013 2055 3067 illi

2152 1824 2281 1892 tunc
2309 1837 2510 1903 Deum,
2542 1845 2596 1892 et
2626 1853 2743 1906 quae
2771 1848 2894 1891 sunt
2928 1837 3042 1891 Dei.
3068 1836 3264 1891 Tamen
3293 1836 3565 1904 inquantum
3588 1850 3655 1903 po-

2154 1941 2258 1986 test
2283 1931 2351 1985 de
2382 1931 2492 1985 Deo
2523 1946 2674 1985 mens
2702 1933 2929 1984 liumai-a
2964 1943 3284 1998 cognoscere
3306 1946 3317 1980 :
3340 1942 3402 1983 na
3423 1947 3446 1977 ιι
3471 1929 3567 1996 quis
3589 1941 3655 1993 po-

2154 2029 2259 2078 test
2286 2021 2483 2085 Deum,
2515 2030 2571 2074 ut
2599 2030 2703 2084 eat,
2739 2022 2914 2076 scire?
2950 2020 3105 2074 Nunc
3148 2029 3309 2073 autem
3335 2027 3514 2071 manent
3543 2017 3655 2082 ﬁdes,

2152 2128 2297 2182 spes,
2326 2112 2551 2165 Charitas
2569 2150 2583 2174 ,
2617 2112 2715 2163 tria
2742 2111 2883 2178 lucc;
2915 2112 3083 2182 major
3101 2120 3264 2165 autem
3288 2109 3359 2162 his
3383 2115 3448 2160 est
3470 2106 3656 2159 charitat.

2155 2205 2210 2259 ln
2240 2205 2487 2274 pra-senti
2515 2204 2633 2267 tria,
2667 2205 2718 2258 in
2754 2205 2929 2259 futuro
2957 2207 3073 2260 sola
3102 2205 3327 2258 Charitas
3355 2202 3456 2270 Dei,
3478 2211 3522 2255 et
3537 2215 3658 2267 ange-

2154 2298 2348 2363 lorum,
2382 2305 2435 2351 ct
2458 2298 2696 2350 omnium
2723 2306 3057 2351 sanctorum.
3089 2293 3253 2364 Majns
3272 2307 3389 2361 ergo
3413 2291 3531 2360 quod
3552 2305 3658 2343 sein-

2156 2404 2251 2458 prr
2277 2403 2410 2455 opus
2448 2395 2563 2449 cst,
2604 2403 2762 2455 quant
2797 2388 2938 2457 quod
2979 2387 3260 2455 aliquando
3287 2383 3507 2439 cessabit.
3534 2385 3661 2436 Omne

2156 2479 2302 2533 enim
2348 2481 2490 2548 quod
2521 2494 2797 2549 speramus
2834 2489 2890 2535 et
2918 2479 3226 2543 credimus;
3257 2491 3356 2531 non
3400 2488 3536 2529 omne
3557 2470 3660 2539 quod

2156 2568 2429 2624 credimus
2458 2579 2513 2624 et
2539 2583 2839 2638 speramus.

2229 2656 2359 2712 Car.
2405 2674 2513 2712 xlv.
2564 2658 2943 2729 Persequimini
2991 2657 3306 2711 charitatem.
3349 2653 3486 2710 Omni
3518 2660 3661 2707 conatu

2158 2749 2326 2818 ipsam
2351 2752 2634 2820 sequimini
2660 2760 2717 2806 ct
2739 2759 2936 2816 tenete,
2963 2766 3083 2819 qua:
3108 2765 3203 2818 per
3218 2748 3453 2818 Spiritum
3475 2752 3662 2800 sanctum

2159 2841 2489 2896 dill‘nnditnr.
2534 2843 2883 2898 xEmulamini
2928 2843 3220 2912 spiritalia,
3272 2840 3421 2909 magis
3457 2845 3594 2889 autem
3626 2841 3665 2885 ut

2158 2931 2501 3001 prop/tetetis;
2537 2934 2627 3002 qui
2649 2934 2781 2987 enim
2820 2933 3047 3000 loquitur
3072 2933 3277 2999 lingua,
3316 2947 3409 2981 non
3441 2926 3667 2979 hominum

2159 3020 2417 3092 loquitur,
2448 3025 2538 3078 sed
2568 3024 2695 3077 Deo.
2726 3024 2789 3076 Et
2816 3024 3074 3092 »piritalia
3109 3023 3245 3076 dona
3272 3019 3483 3075 inmolari
3507 3031 3605 3079 VOS,
3629 3023 3667 3067 et

476 3117 634 3170 quem
662 3116 785 3155 vere
814 3110 957 3155 amat
986 3101 1207 3167 invidet,
1232 3101 1405 3171 cujnsx
1421 3102 1464 3156 is
1494 3117 1614 3157 eum
1644 3104 1832 3173 glorize
1860 3105 2053 3172 videat,
2086 3097 2131 3159 C
2162 3128 2404 3182 qumrcre
2433 3128 2538 3168 non
2569 3112 2847 3182 prohibeo,
2876 3114 2973 3167 sed
3000 3112 3167 3181 magis
3198 3112 3393 3173 hortor,
3417 3118 3467 3162 ut
3489 3104 3667 3174 propin:-

438 3160 463 3203 ‘
482 3193 567 3246 vel
599 3192 816 3246 honoris
842 3234 857 3258 ,
887 3192 981 3247 sed
1007 3207 1220 3246 omnem
1249 3193 1367 3261 ejus
1397 3192 1702 3248 felicitatem
1727 3195 1877 3263 quasi
1908 3211 2057 3250 suam

482 3284 709 3336 libenter
734 3282 1091 3348 amplectitur.
1128 3281 1247 3335 Non
1278 3286 1382 3352 ag’t
1409 3298 1695 3353 perperam.
1737 3284 1927 3339 Omnia
1974 3300 2062 3341 sc-

479 3373 712 3424 cnndutn
738 3372 979 3426 ordinem
1004 3371 1148 3425 facit.
1176 3370 1293 3425 Non
1312 3374 1543 3440 inﬂatur,
1560 3388 1658 3426 non
1681 3382 1751 3426 est
1771 3374 2059 3429 ambitiosa.

480 3462 647 3531 Major
674 3463 815 3516 enim
839 3461 956 3516 aliis
984 3476 1103 3516 esse
1132 3478 1235 3515 nt.n
1268 3463 1451 3525 ambit,
1476 3471 1524 3516 et
1556 3477 1716 3532 super
1739 3465 1925 3518 fratres
1956 3481 2061 3518 non

481 3560 626 3623 cupa
651 3555 936 3610 dominari.
966 3554 1085 3609 Non
1114 3557 1292 3622 qua’rit
1314 3573 1425 3625 qua:
1446 3574 1538 3609 sua
1566 3546 1703 3611 sunt.
1737 3558 1847 3612 Non
1872 3560 2066 3627 qua-rit

482 3647 622 3716 quod
665 3646 764 3700 sibi
813 3648 939 3701 utile
974 3655 1089 3708 est,
1117 3647 1211 3701 sed
1255 3647 1394 3714 quod
1430 3648 1628 3702 multis.
1664 3647 1783 3702 Non
1807 3649 2062 3714 irritatur,

485 3756 584 3791 non
611 3740 799 3806 rogitat
824 3739 1034 3792 malum.
1062 3738 1130 3794 Ut
1169 3754 1274 3791 non
1314 3739 1484 3792 solum
1522 3740 1705 3793 amicis
1738 3756 1842 3794 non
1870 3742 2066 3809 cogitet

487 3831 683 3884 malum
733 3833 904 3885 facere
930 3874 943 3898 ,
986 3832 1077 3885 sed
1121 3846 1218 3885 nec
1255 3832 1484 3884 inimicis
1525 3832 1747 3887 reddere
1787 3833 1927 3887 mala
1973 3848 2067 3901 pro

487 3922 658 3974 malis.
692 3920 811 3974 Non
839 3924 1025 3991 gaudet
1069 3938 1221 3990 super
1250 3923 1545 3989 iniquitate,
1587 3925 1867 3991 congaudet
1897 3923 2067 3977 autem

485 4011 702 4064 veritati.
726 4007 1103 4072 Cotitristatur,
1127 4012 1171 4066 si
1197 4027 1353 4079 quem
1387 4011 1547 4079 iniqui
1575 4022 1660 4065 ale
1684 4032 1712 4061 ιι
1745 4014 1827 4066 vel
1858 4012 2065 4077 fecissi-,

489 4100 573 4153 Vt‘l
614 4115 708 4168 pas
742 4118 827 4153 um
868 4114 985 4153 esse
1012 4102 1383 4163 'c0n5pexetit.
1421 4101 1608 4154 Omnia
1643 4102 1851 4169 suffert,
1900 4106 2069 4156 omnia

486 4192 667 4257 credit,
699 4192 867 4244 omnia
896 4199 1086 4259 sperat.
1126 4190 1324 4244 Sull'ett
1369 4191 1620 4261 injurias,
1666 4193 1837 4246 credit
1863 4194 2072 4246 Satisfa-

489 4287 672 4350 i-ienti,
699 4297 873 4354 sperat
907 4286 1366 4348 emendationem,
1399 4298 1670 4353 eXSpt'clal
1700 4287 1870 4339 donec
1899 4288 2069 4339 corri-

492 4393 605 4441 gis.
643 4377 826 4427 Omnia
866 4376 1112 4427 sustinet.
1145 4374 1377 4432 Cltm'iras
1407 4390 1670 4441 nunquam
1714 4375 1934 4438 (xcidit;
1971 4375 2074 4428 sive

2166 3205 2320 3269 tctis,
2356 3203 2406 3257 id
2432 3211 2512 3258 est
2540 3204 2853 3271 exponatis,
2886 3213 2938 3257 ut
2981 3212 3038 3258 et
3067 3202 3155 3256 alii
3192 3202 3509 3256 aediﬁcentur.
3545 3194 3668 3248 Nemo

2163 3298 2299 3352 enim
2329 3298 2494 3350 audit.
2520 3297 2687 3352 Nemo
2716 3298 2995 3367 intelligit,
3026 3299 3125 3352 nisi
3160 3278 3325 3361 Deus,
3347 3307 3392 3349 et
3420 3293 3460 3348 si
3486 3294 3580 3360 quis
3603 3290 3671 3343 ha-

2164 3387 2256 3441 bet
2278 3388 2791 3456 interpretationem.
2812 3386 2923 3458 Spit
2938 3388 3043 3441 itus
3063 3398 3231 3441 antem
3247 3384 3448 3453 loquitur
3466 3378 3668 3451 mysteria.

2169 3479 2268 3535 Pi'r
2297 3483 2517 3549 gratiam
2544 3481 2663 3547 Spir
2687 3490 2787 3533 tus.
2836 3478 2974 3532 Nam
3009 3481 3099 3549 qui
3134 3479 3418 3550 prophetat,
3448 3470 3675 3527 hominibus

2167 3573 2392 3639 loquitur
2417 3573 2485 3624 ad
2524 3572 2914 3640 aediﬁcationem
2941 3613 2955 3634 ,
2990 3572 3246 3626 exhortati
3278 3586 3383 3623 nent
3424 3578 3464 3621 et
3494 3564 3674 3620 comula-

2168 3662 2374 3715 tionem.
2408 3661 2671 3730 Exposuit
2704 3662 3039 3730 prophetiam
3072 3677 3229 3730 quam
3268 3659 3481 3719 dixerat,
3503 3655 3675 3721 quicun-

2168 3766 2272 3820 (ἰυθ
2298 3765 2426 3818 ⁸⁸⁵80
2453 3750 2553 3803 1³00
2576 3750 2704 3819 agit.
2730 3749 3037 3818 prophetat.
3072 3752 3172 3815 Qui
3201 3749 3413 3819 loquitur
3435 3746 3599 3813 lingua,
3620 3756 3677 3792 se-

2169 3840 2436 3910 metipsum
2483 3840 2720 3908 redi/ient.
2772 3837 3066 3894 Sesolum.
3116 3840 3214 3903 Qui
3255 3848 3410 3893 autem
3448 3833 3675 3904 prop/tc’ali

2174 3932 2451 3985 Ecclesiant
2470 3931 2561 3985 Dei
2584 3933 2825 4000 ludiﬁcat.
2841 3934 3064 3989 Omnes.
3095 3934 3217 4005 Volo
3238 3942 3395 3986 autem
3415 3945 3560 3984 omnes
3576 3928 3676 3993 loqu

2169 4010 2392 4094 linguis,
2421 4024 2582 4093 magis
2615 4034 2784 4076 autem
2821 4027 3148 4095 prophetare.
3194 4025 3301 4078 [loc
3328 4038 3423 4077 non
3451 4018 3676 4089 prohibeo.

2173 4115 2300 4168 illud
2333 4115 2537 4178 hortor,
2565 4116 2663 4168 hoc
2695 4116 2835 4181 volo,
2867 4116 2996 4171 illud
3026 4117 3190 4171 malo.
3226 4115 3355 4168 Nam
3378 4104 3679 4180 majorestqtti

2172 4206 2462 4275 prophetat.
2505 4204 2673 4273 Major
2711 4214 2793 4259 cst
2817 4246 2832 4271 ,
2877 4206 3000 4276 quia
3041 4206 3144 4261 hoc
3179 4207 3367 4260 donum
3410 4205 3550 4271 petit,
3578 4196 3682 4250 unde

2175 4297 2321 4349 multi
2360 4296 2658 4364 profit-ient,
2687 4297 2809 4365 quia
2851 4304 2906 4351 et
2954 4296 3056 4352 hoc
3090 4312 3224 4367 opus
3256 4295 3525 4351 cliatitatis.
3557 4288 3681 4353 Quam

2173 4387 2261 4455 qui
2307 4387 2533 4455 loquitur
2575 4387 2780 4457 linguis.
2825 4388 2978 4454 Quod
3020 4388 3096 4442 illi
3142 4389 3416 4442 maximum
3464 4379 3679 4451 putabant.

495 4467 772 4533 prophetica
806 4464 1217 4526 evacuabnntur,
1255 4463 1357 4515 sive
1396 4465 1585 4535 lingua!
1626 4457 1942 4516 cessaltttnt.‘
1964 4464 2059 4517 Ιιο(

2178 4475 2297 4529 Nisi
2324 4480 2455 4546 forte
2503 4486 2555 4529 ut
2603 4478 2980 4547 interpretetur,
3012 4489 3060 4533 et
3103 4478 3327 4532 Ecclesia
3365 4472 3683 4538 ludiﬁcationem

493 4563 596 4615 est,
627 4554 679 4619 ip
711 4567 737 4602 a
771 4551 881 4603 SUl-l
916 4564 1185 4619 permanet
1217 4554 1264 4603 in
1302 4554 1495 4615 futuro,
1526 4555 1606 4607 vel
1640 4566 1783 4607 certe
1813 4568 1928 4621 qua:
1952 4569 2075 4608 vera

493 4653 577 4699 est
603 4661 707 4697 non
736 4652 996 4708 mutatur,
1029 4658 1127 4697 nec
1153 4643 1380 4707 excidit,
1411 4645 1530 4711 quia
1571 4644 1713 4698 bono
1742 4644 1921 4699 animo
1947 4660 2074 4698 cun-

492 4749 576 4789 cta
598 4734 743 4789 facit.
761 4732 882 4788 Sive
899 4733 1108 4787 scientia
1138 4734 1444 4787 destruetur.
1470 4732 1595 4789 Sine
1625 4733 1883 4787 cliaritate
1904 4735 2076 4789 scien-

493 4830 564 4881 tia
612 4828 800 4891 inllat,
843 4838 896 4879 et
938 4825 1058 4880 ideo
1105 4827 1428 4879 destruetur.
1475 4823 1609 4877 Nam
1652 4837 1773 4877 cum
1814 4824 2076 4879 cltaritatc

493 4919 740 4973 aediﬁcat.
776 4916 857 4972 Ex
885 4926 1028 4987 parte
1056 4919 1190 4972 enim
1221 4916 1586 4986 cognoscimus,
1622 4923 1667 4969 et
1696 4930 1759 4969 ea:
1789 4926 1929 4983 parte
1960 4933 2079 4987 pro-

498 5012 783 5080 phetmnus.
829 5011 942 5065 Non
986 5012 1164 5066 omnia
1195 5011 1425 5076 scimus,
1458 5026 1557 5064 nec
1587 5010 1761 5064 omnia
1793 5010 2076 5078 prOpheta-

497 5118 634 5154 tnus.
660 5100 783 5152 (Iuni
812 5113 978 5155 autem
1014 5104 1199 5157 venerit
1238 5102 1373 5170 qttod
1413 5102 1687 5170 perfectum
1714 5112 1823 5165 est,
1855 5117 2078 5156 euacua-

498 5194 632 5244 bitnr
655 5194 788 5259 quod
808 5208 869 5245 ex
899 5205 1040 5261 parte
1060 5204 1150 5249 est.
1175 5195 1228 5247 In
1259 5197 1435 5249 futuro
1461 5195 1600 5264 quod
1629 5196 1948 5263 promissum
1974 5205 2076 5261 est,

503 5283 551 5335 iit
586 5291 703 5347 est,
738 5292 794 5334 ut
824 5296 928 5334 non
968 5282 1075 5348 jam
1118 5299 1185 5337 ex
1235 5295 1381 5351 parte
1410 5287 1514 5349 sit,
1547 5287 1640 5338 sed
1672 5300 1736 5340 ex
1771 5294 1881 5339 toto
1906 5326 1921 5350 ,
1955 5285 2077 5354 quia

504 5373 625 5428 ιι.ιεί
654 5383 708 5428 ct
736 5374 847 5443 Spei
871 5372 980 5441 jam
1012 5390 1098 5428 res
1130 5376 1240 5441 ipsa
1259 5416 1271 5436 .
1321 5393 1426 5429 non
1458 5393 1575 5445 qua:
1604 5377 1853 5431 credatur
1881 5386 1936 5432 et
1960 5392 2083 5446 spe-

503 5478 673 5531 retur,
691 5468 783 5520 scd
806 5483 919 5535 qum
947 5465 1193 5519 videatur
1211 5475 1264 5519 et
1288 5477 1528 5521 teneitur
1544 5470 1824 5530 snt-cedat;
1848 5468 2081 5525 Charitas

506 5568 678 5609 autem
701 5602 714 5621 ,
745 5575 863 5626 qua:
894 5560 945 5611 in
982 5557 1064 5612 his
1097 5559 1263 5611 trbus
1293 5558 1463 5627 major
1498 5573 1573 5615 es!
1601 5601 1615 5624 ,
1649 5578 1753 5617 non
1792 5562 2082 5629 auferatur,

511 5659 551 5693 δι
573 5647 602 5693 .l
631 5660 903 5712 διιεωιιιτ,
933 5660 987 5703 et
1020 5649 1324 5717 impleatur,
1351 5652 1699 5719 rontcmplata
1726 5652 1863 5723 quod
1900 5654 2082 5710 crede-

2175 4568 2415 4635 arcipiat.
2442 4566 2497 4623 Si
2542 4576 2824 4637 utrumque
2866 4570 3096 4638 habeat,
3139 4580 3263 4624 tunc
3303 4565 3563 4636 tequabitur
3596 4571 3684 4624 PW'

2179 4657 2439 4723 phetatui.
2486 4658 2537 4712 Ν
2543 4676 2637 4712 nnc
2683 4672 2850 4712 autem
2870 4699 2886 4724 ,
2920 4663 3103 4723 fratres
3126 4699 3141 4724 ,
3171 4662 3216 4713 si
3248 4674 3416 4713 venero
3441 4656 3500 4707 ad
3522 4667 3591 4705 ros
3613 4647 3683 4698 litt-

2179 4747 2291 4817 guis
2322 4750 2553 4815 loquens.
2602 4751 2710 4803 Sno
2753 4749 3006 4818 exemplo
3038 4750 3345 4804 dehortatur
3377 4762 3461 4798 eos
3486 4745 3496 4794 i
3519 4739 3589 4792 Iud
3616 4749 3685 4802 Pl“

2179 4853 2298 4905 mag
2340 4853 2372 4889 ο
2420 4853 2659 4903 quaerere
2685 4879 2698 4901 ,
2751 4840 2891 4906 quod
2926 4854 3031 4893 non
3066 4840 3279 4908 prodest
3319 4833 3555 4890 Ecclesia).
3584 4821 3684 4889 Quid

2180 4928 2316 4982 vobis
2348 4929 2592 4995 proderit.
2622 4929 2733 4982 Erit
2760 4930 2908 4984 vobis
2932 4931 3044 4986 sola
3075 4932 3307 4996 miratio,
3330 4943 3424 4982 non
3454 4924 3681 4993 profcclus-

2186 5019 2303 5074 Nisi
2333 5022 2466 5071 vobis
2494 5017 2677 5089 loquar
2700 5031 2788 5074 aut
2828 5022 2879 5075 in
2918 5023 3237 5076 ret'elatione.
3278 5022 3415 5095 Tunc
3440 5013 3567 5070 vobis
3591 5022 3684 5077 pto-

2185 5108 2314 5162 dero
2339 5149 2351 5172 ,
2387 5107 2430 5160 si
2461 5108 2779 5177 interpreter
2798 5150 2814 5175 ,
2847 5119 2940 5164 aut
2967 5111 3121 5174 plana
3149 5112 3331 5182 loquar
3354 5148 3368 5171 ,
3397 5114 3479 5159 aut
3504 5098 3684 5171 prol‘he‘

2186 5199 2285 5251 tias
2319 5212 2616 5267 exponam,
2655 5208 2747 5253 aut
2782 5202 3001 5254 moralia
3034 5202 3275 5257 doceam.
3312 5203 3406 5253 Aut
3438 5192 3628 5250 scientia.
3649 5184 3685 5236 Iil

2186 5303 2298 5356 est,
2327 5292 2620 5361 spiritalem
2652 5308 2868 5347 sensum
2893 5337 2908 5358 ,
2944 5296 3043 5349 hoc
3079 5306 3162 5350 est
3197 5293 3572 5348 discretionem.
3595 5276 3687 5348 quid

2184 5400 2342 5452 agere
2372 5384 2697 5445 debeamus.
2732 5397 2786 5439 et
2825 5385 3096 5451 quomodo
3142 5400 3315 5439 mores
3345 5391 3531 5436 nostros
3563 5370 3689 5425 curri'

2185 5490 2332 5545 gere.
2365 5474 2651 5529 Scit-utinm
2680 5490 2960 5544 possumus
2991 5475 3280 5544 intelligere
3308 5486 3386 5526 res
3409 5476 3562 5538 gesms
3588 5460 3689 5512 Ικιιυ

2190 5565 2411 5619 referre.
2453 5569 2551 5619 Aut
2586 5566 2873 5635 prophetia.
2910 5567 3009 5621 l‘er
3053 5566 3375 5637 allegoriam,
3400 5552 3689 5637 ιιιόιιιιυιιιιιιιἸ

2193 5656 2241 5711 id
2272 5670 2299 5709 c
2335 5666 2350 5708 ι
2383 5633 2675 5726 anagogca,
2713 5658 2809 5710 hoc
2851 5667 2960 5721 cst,
3000 5670 3121 5711 cum
3161 5633 3225 5711 ad
3267 5647 3521 5710 itit'isiltllin
3566 5654 3602 5696 Ci
3643 5633 3689 5687 εδ
