3904 6176
298 292 376 347 Sil
1056 284 1122 339 IN
1163 281 1544 340 EPISTULA.“
1588 283 1605 336 I
1651 282 1735 336 AD
1773 279 2188 338 COlllNTllIOS
2227 280 2747 337 (ΖΟΜΜΕΝΤΑΠῙᾹ.
3433 281 3537 335 542

298 407 451 459 latura
480 413 660 458 sermo
683 396 1019 462 transfertur,
1055 398 1291 450 sicntest
1320 395 1472 460 illud,
1504 394 1644 462 quod
1675 395 1742 448 de
1770 409 1854 447 rc-
1884 393 1930 453 Α
1963 407 2084 445 nem
2138 392 2236 447 nisi
2289 394 2565 461 parvulum
2608 393 2805 447 malitia
2847 408 3004 451 sensu
3045 412 3163 452 esse
3216 401 3377 468 perfer
3399 411 3532 468 tum,

293 508 615 549 surrecuone
664 500 991 545 mortuorum
1046 488 1307 541 enuntiat.
1366 487 1702 553 l’rnpbetiam
1754 488 1853 538 hoc

295 587 400 639 lnco
442 583 676 637 maxime
724 579 1106 649 expositionem
1154 578 1306 631 dicit.
1350 578 1451 629 Aut
1508 579 1559 628 in
1601 576 1850 628 doctrina.

290 675 592 742 Simplicem
626 672 930 727 bistoricam
964 669 1345 731 narrationem.
1381 666 1569 719 Tamen
1597 681 1712 735 qme
1746 668 1856 719 sine

288 785 314 820 α
336 769 452 820 rima
483 775 602 818 sunt
629 779 798 817 vocem
828 762 1004 814 dantia
1027 801 1039 823 ,
1073 760 1175 813 sire
1204 758 1324 810 tibia
1349 798 1363 820 ,
1393 757 1494 810 sive
1521 757 1734 815 cithara,
1758 756 1855 809 nisi

284 857 655 910 distinctionem
696 852 888 906 sonitus
935 850 1186 903 dederint.
1215 847 1346 902 Cum
1398 845 1512 921 hinc
1569 843 1851 898 inauimata

284 952 376 1003 nisi
402 944 804 1003 distinctionem
835 945 1096 1008 habeant,
1126 942 1307 996 suavia
1346 956 1449 993 non
1494 947 1679 1001 erunt,
1707 948 1769 992 et-
1798 946 1854 991 ut

222 1108 227 1111 ν
283 1041 452 1093 inania
490 1048 545 1094 et
586 1037 852 1107 superﬂua
901 1030 1253 1103 respuentm-,
1286 1039 1486 1100 quanto
1539 1030 1707 1099 magis
1734 1043 1850 1092 vos,

279 1144 500 1196 qut-rum
532 1126 789 1195 spiritalis
819 1125 1054 1178 suavitas
1080 1137 1185 1175 nou
1218 1134 1374 1173 aures
1400 1118 1559 1172 debet
1588 1117 1849 1180 mulcere,

278 1218 363 1270 sed
415 1217 684 1269 mentem?
725 1214 988 1278 Quomodo
1034 1212 1217 1264 scietur
1255 1211 1310 1262 id
1349 1210 1486 1279 quod
1530 1209 1728 1260 canitur
1765 1215 1852 1259 aut

276 1310 406 1376 quod
453 1305 828 1358 citharizatur?
873 1301 1216 1368 Intelligo-tur.
1264 1297 1461 1351 Etenim
1509 1297 1554 1348 si
1610 1296 1852 1348 incertam

276 1412 445 1449 rocem
485 1397 567 1447 det
608 1394 726 1447 tuba
748 1435 762 1458 ,
795 1393 907 1460 quis
930 1390 1128 1461 parabit
1154 1403 1208 1441 se
1234 1388 1301 1439 ad
1333 1387 1514 1440 bel’um
1532 1386 1557 1438 .9
1580 1383 1664 1437 Ita
1691 1395 1738 1439 et
1765 1398 1850 1436 vos

275 1504 360 1556 per
390 1488 640 1556 linguam,
668 1486 766 1537 nisi
793 1482 1116 1551 manifestum
1142 1492 1420 1533 sermonem
1445 1476 1705 1539 dederitis,
1727 1491 1853 1544 quo-

275 1576 426 1630 ntodo
446 1578 634 1630 scietur
668 1574 722 1627 id
755 1575 890 1642 quod
927 1570 1159 1625 dicitur?
1189 1568 1299 1623 Vox
1332 1568 1472 1621 tuba:
1509 1568 1707 1622 incerta
1737 1567 1851 1621 lue-

277 1670 370 1732 rit;
404 1676 584 1721 utrum
616 1665 988 1727 solemnitatis,
1013 1678 1081 1715 an
1111 1660 1234 1715 belli
1259 1660 1351 1727 sit,
1383 1673 1541 1714 nemo
1569 1657 1848 1714 discernit.

1960 486 2081 549 quia
2131 487 2179 537 itt
2223 487 2534 540 utalevo'am
2585 488 2811 540 animum
2856 502 2961 542 uou
3011 490 3222 545 intrabit
3252 494 3532 558 sapientia.

1957 574 2150 629 Malitia
2179 578 2382 645 parvuli
2411 587 2604 643 estote,
2637 594 2739 633 non
2771 594 2964 643 sensu;
2994 581 3133 637 scire
3160 584 3300 637 enim
3328 584 3535 640 debetis

1956 681 2113 734 quam
2154 669 2242 722 diu
2275 669 2467 736 lingua:
2499 671 2689 723 futurae
2717 672 2854 734 siut,
2885 672 2965 725 vel
3012 687 3176 740 quare
3203 683 3327 727 sunt
3369 675 3531 730 datre.

1957 756 2138 826 Itaque
2166 759 2353 829 linguis
2377 762 2429 812 in
2453 760 2651 829 signum
2680 770 2797 813 sunt
2828 776 2928 814 non
2952 762 3209 827 ﬁdelibus,
3233 764 3319 816 sed
3347 765 3533 832 inﬁde-

1956 848 2108 901 libus.
2137 848 2447 903 Ostenditur
2474 859 2749 905 crescente
2782 851 2902 906 lidei
2943 853 3093 921 signa
3127 868 3372 921 cessare,
3417 872 3533 924 qure

1957 950 2173 1007 propter
2226 939 2470 995 inﬁdeles
2512 950 2635 996 sunt
2666 942 2815 995 'data.
2868 941 3163 1008 PrOpItetia:
3216 954 3385 998 autem
3434 964 3537 1001 non

1953 1028 2269 1096 inﬁdelibus,
2291 1032 2379 1084 sed
2406 1029 2663 1100 fidelibus.
2687 1031 2852 1099 Major
2879 1041 2962 1087 est
2978 1048 3107 1101 ergo
3129 1043 3183 1088 et
3212 1035 3393 1088 utilior
3415 1050 3536 1103 qua:

1955 1117 2203 1173 ﬁdelibus
2235 1120 2486 1187 prodest,
2526 1128 2584 1175 et
2620 1136 2739 1189 qua:
2763 1136 2976 1191 semper
3009 1132 3092 1178 est
3121 1126 3442 1180 necessaria.
3473 1124 3535 1181 Si

1953 1225 2074 1278 ergo
2099 1210 2359 1262 conveniat
2385 1210 2615 1264 universa
2638 1210 2868 1266 Ecclesia
2896 1213 2950 1266 in
2970 1229 3149 1280 unum,
3168 1224 3215 1268 et
3235 1231 3408 1269 omnes
3433 1216 3535 1268 lin-

1952 1300 2066 1369 guis
2089 1298 2385 1368 loquantur.
2432 1299 2542 1355 lloc
2566 1310 2679 1367 est,
2719 1300 2764 1355 si
2812 1302 2926 1357 lteri
2964 1303 3129 1373 possit
3168 1314 3255 1374 ut,
3285 1305 3406 1374 quia
3440 1307 3532 1360 tati

1953 1390 2054 1444 hoc
2085 1391 2277 1456 Vultis,
2309 1391 2697 1446 concederetur
2738 1392 2908 1447 vobis.
2938 1392 3141 1446 latrant
3162 1404 3331 1447 autent
3359 1395 3533 1447 idiota:

1952 1494 2040 1533 aut
2068 1481 2315 1547 inﬁdeles.
2341 1480 2518 1550 Nuper
2540 1481 2837 1547 credentes,
2858 1483 2942 1537 vel
2966 1483 3154 1553 ignari,
3171 1483 3345 1537 minus
3365 1482 3528 1537 docti.

1953 1570 2142 1626 Nonne
2164 1574 2353 1638 dicent,
2377 1573 2512 1641 quod
2538 1573 2814 1627 insanitis?
2838 1572 2897 1628 Si
2924 1582 3092 1627 autem
3122 1589 3291 1628 omnes
3318 1573 3534 1643 prophe-

1953 1671 2082 1728 tant,
2106 1663 2259 1716 intret
2279 1673 2447 1717 autem
2475 1664 2587 1730 quis
2610 1664 2853 1731 inﬁdelis,
2885 1666 2961 1717 uel
2999 1666 3180 1730 idiota,
3224 1664 3533 1717 convincitur

277 1759 343 1811 Ita
369 1772 503 1825 ergo
533 1768 711 1810 veS'er
735 1769 913 1809 sermo
953 1752 1175 1821 intelligi
1222 1750 1416 1816 debet,
1469 1757 1525 1803 ut
1576 1751 1740 1818 possit
1781 1750 1846 1803 ad
1883 1753 1920 1809 Β
1950 1756 2013 1807 ab
2040 1755 2274 1807 omnibus
2293 1796 2310 1819 ,
2334 1754 2655 1827 dijudicatur
2691 1755 2754 1807 ab
2782 1756 3031 1810 omnibus.
3060 1754 3337 1822 Quomodo
3366 1753 3533 1809 Judaei

276 1846 512 1915 spiritale
551 1844 752 1898 bellum
806 1843 1002 1896 ChriSti
1050 1842 1248 1896 milites
1306 1854 1630 1908 przepatare.
1693 1839 1852 1893 Erilis

279 1939 405 1990 enim
438 1937 490 1988 in
514 1951 636 1988 acra
655 1935 929 2003 loquentes.
957 1932 1083 1984 Tam
1106 1931 1290 1997 multa,
1319 1939 1373 1983 ut
1395 1939 1516 1999 puta
1542 1946 1722 2000 genera
1752 1930 1852 1983 lin-

280 2045 489 2100 guarum
515 2035 633 2081 sunt
670 2027 721 2080 in
764 2027 859 2079 hoc
899 2025 1105 2078 mundo.
1156 2022 1377 2077 Etiamsi
1420 2030 1525 2077 tam
1559 2022 1724 2075 multa
1771 2023 1848 2075 lo-

284 2119 531 2186 quamini,
567 2126 622 2171 ut
662 2130 853 2185 genera
901 2123 1027 2168 sunt
1071 2112 1402 2182 linguarum,
1435 2111 1559 2180 quid
1591 2109 1848 2178 proderit,

286 2224 393 2260 cum
440 2206 620 2261 omnia
660 2210 708 2258 in
754 2220 879 2258 aere
906 2204 1180 2256 solvantur
1207 2211 1262 2256 et
1285 2201 1414 2255 nulli
1439 2199 1751 2269 proﬁciant?
1782 2198 1850 2252 Et

288 2298 403 2348 nihil
424 2297 533 2349 sine
558 2310 677 2348 voce
702 2304 797 2348 est.
826 2292 969 2346 Nihil
996 2293 1113 2347 sine
1142 2305 1272 2345 voce
1301 2291 1618 2360 linguarum.
1642 2290 1701 2346 Si
1729 2307 1848 2361 ergo

289 2385 496 2436 uesciero
527 2384 758 2436 virtutem
794 2382 959 2444 vocis,
987 2395 1074 2433 ero
1108 2380 1153 2432 ei
1179 2380 1263 2432 cui
1289 2378 1469 2448 loquor
1494 2378 1771 2444 barbarus,
1801 2392 1850 2433 et

290 2476 365 2538 qui
393 2475 613 2541 loquitur
642 2472 765 2525 mihi
791 2472 1052 2525 barbarus.
1082 2469 1267 2524 Omnis
1295 2484 1474 2524 sermo
1508 2471 1598 2539 qui
1626 2485 1730 2524 non
1770 2471 1850 2523 in-

297 2565 531 2631 telligitur
550 2602 567 2628 ,
592 2561 828 2615 audienti
861 2559 1117 2613 barbatus
1142 2567 1244 2613 est.
1278 2558 1368 2612 Sic
1396 2566 1442 2611 et
1468 2575 1553 2613 vos
1570 2600 1584 2622 ,
1609 2561 1850 2629 quoniam

294 2655 592 2707 antulatores
631 2652 750 2704 estis
778 2650 1069 2720 spirituum.
1099 2646 1378 2713 Quomodo
1402 2647 1465 2700 de
1496 2662 1582 2701 me
1608 2648 1737 2702 dixi.
1771 2648 1850 2701 Ad

294 2747 658 2814 adiﬁcationem
687 2741 949 2806 Ecclesiw,
967 2743 1176 2810 quwrite
1194 2748 1247 2793 ut
1271 2739 1551 2794 abundett‘s.
1572 2739 1851 2807 Quomodo

297 2836 527 2893 s,iritalia
557 2834 695 2887 dona
726 2829 1020 2884 sectamini.
1048 2828 1113 2881 Et
1139 2830 1253 2883 ideo
1278 2830 1366 2898 qui
1386 2830 1605 2898 loquitur
1634 2829 1810 2899 lingua
1828 2872 1844 2897 ,

297 2936 388 2978 oret
418 2936 465 2979 ut
510 2926 883 2993 interpretetur.
924 2923 1052 2975 Oret
1094 2930 1155 2975 ut
1203 2920 1589 2989 interpretandi
1638 2936 1849 2991 quoque

297 3018 497 3081 gratiam
524 3023 810 3078 mercatur,
840 3013 952 3067 sive
984 3012 1053 3065 ita
1076 3010 1235 3066 debet
1264 3010 1463 3074 dicere,
1500 3020 1555 3066 ut
1583 3011 1848 3081 interpre-

1951 1841 2202 1895 dixerunt
2232 1858 2244 1893 :
2279 1841 2344 1894 lli
2387 1850 2565 1895 musto
2613 1843 2749 1909 pleni
2781 1852 2923 1896 sunt.
2953 1842 3166 1895 Occulta
3206 1842 3374 1896 cordis
3424 1843 3534 1913 ejus

1952 1932 2226 2001 manifesta
2256 1935 2411 1999 ﬁunt.
2441 1934 2665 1998 Quando
2695 1936 2810 2003 ejus
2836 1935 3162 1990 conscientia
3207 1951 3301 2004 per
3335 1935 3532 1991 doctri-

1955 2038 2074 2076 nam
2111 2023 2370 2089 pulsatur.
2394 2020 2463 2075 Et
2491 2024 2562 2075 ita
2584 2024 2770 2077 cudens
2801 2024 2852 2076 in
2880 2024 3062 2094 faciem
3091 2024 3323 2079 adorabit
3348 2024 3529 2091 Deum,

1952 2112 2287 2180 pronuntians
2315 2112 2451 2179 quod
2491 2128 2599 2165 vere
2629 2112 2765 2166 Dcus
2796 2114 2849 2165 in
2880 2114 3013 2167 vobis
3054 2116 3140 2170 sit.
3180 2115 3327 2171 Sicut
3356 2115 3533 2169 Nabu-

1952 2203 2294 2255 chodonosor
2332 2201 2572 2254 adoravit
2619 2201 2888 2257 Danielem
2920 2204 3102 2259 dicens
3135 2221 3149 2258 :
3179 2205 3318 2258 Deus
3358 2214 3532 2260 vester

1952 2312 2080 2351 vere
2110 2297 2224 2366 ipse
2269 2308 2349 2351 est
2382 2298 2554 2365 Deus,
2587 2282 2862 2366 postquam
2893 2299 3156 2352 somnium
3187 2314 3339 2354 suum
3368 2309 3420 2353 ct
3451 2300 3530 2353 iu-

1955 2389 2387 2456 terpretatiouem
2419 2389 2535 2458 ejus
2564 2389 2783 2444 audivit.
2814 2390 2951 2456 Quid
2995 2406 3113 2460 ergo
3158 2400 3254 2456 est,
3299 2393 3531 2459 fratres?

1951 2496 2065 2532 cum
2097 2480 2367 2534 conrenitis
2389 2521 2403 2544 ,
2433 2481 2779 2552 unusquisque
2817 2491 3033 2535 vestrum
3061 2483 3315 2551 psalmum
3343 2482 3489 2536 habet
3511 2524 3527 2549 ,

1954 2573 2238 2626 doctrinam
2263 2573 2428 2626 habet.
2461 2572 2812 2627 Intellectum.
2843 2572 3187 2643 Apocalypsin
3217 2574 3402 2639 habet,
3432 2574 3529 2626 lin-

1951 2681 2103 2735 guam
2152 2663 2299 2718 habet
2328 2704 2343 2727 ,
2396 2665 2860 2733 interpretationem
2908 2663 3078 2719 habet.
3133 2664 3528 2719 Revelatiottcm

1954 2756 2350 2827 mysteriorum.
2377 2755 2563 2810 Omnia
2590 2758 2658 2808 ad
2698 2757 3083 2825 aediﬁcationem
3110 2756 3256 2825 ﬁant.
3291 2755 3427 2810 Nihil
3458 2757 3530 2811 sit

1953 2848 2005 2901 in
2039 2848 2187 2902 vobis
2214 2846 2357 2915 quod
2401 2862 2504 2900 non
2554 2846 2781 2901 a‘dilicet
2824 2847 3162 2901 alterutrum.
3209 2846 3326 2901 Sive
3352 2848 3527 2917 lingua

1951 2939 2062 3008 quis
2088 2938 2317 3007 loquitur
2344 2936 2620 2990 secundum
2641 2936 2790 3005 duos,
2814 2950 2900 2989 aut
2931 2948 2985 2990 ut
3008 2938 3223 2990 multum
3249 2947 3369 2991 tres.
3394 2941 3528 2993 κατὰ

1950 3031 2074 3099 δύο,
2106 3032 2397 3087 secundum
2426 3031 2663 3087 Griecos.
2698 3030 2759 3084 Et
2789 3047 2875 3100 per
2902 3040 3067 3100 partes
3091 3070 3106 3094 ,
3139 3042 3185 3084 et
3214 3047 3344 3085 unus
3372 3032 3530 3084 inter-

301 3124 441 3167 “'W-
464 3114 591 3167 Nam
619 3113 662 3166 εί
691 3112 863 3166 dicam
894 3110 1087 3179 ιῑηειιει,
1116 3106 1256 3176 (1⁸³οά
1279 3119 1386 3158 που
1414 3104 1671 3176 intelligo»
1704 3105 1849 3160 Vell“
1879 3116 1923 3177 C
1954 3134 2195 3192 preletur.
2224 3124 2350 3178 Sive
2372 3124 2470 3191 ipsi
2501 3124 2607 3176 duo
2638 3137 2730 3191 per
2757 3131 2933 3190 partes
2962 3123 3140 3176 dicant
3165 3162 3178 3188 ,
3208 3138 3311 3175 non
3342 3124 3524 3189 simul,
3572 3168 3575 3173 .

298 3205 485 3257 allatus
510 3202 719 3271 spiritu,
740 3202 793 3255 in
814 3200 1010 3255 exstasi
1034 3199 1238 3267 loquor.
1263 3194 1401 3249 Nam
1427 3197 1472 3249 si
1488 3212 1625 3249 orem
1649 3197 1848 3267 lingua,

299 3295 486 3357 spiritu!
521 3309 663 3347 meus
711 3300 841 3345 orat.
887 3291 999 3345 lloc
1042 3290 1160 3344 loco
1204 3288 1421 3358 spiritus
1448 3302 1626 3343 sermo
1657 3288 1853 3342 intelli-

300 3386 477 3449 g.-ndus
508 3395 621 3449 est,
664 3386 750 3453 qui
800 3397 1183 3456 nonnunquam
1220 3391 1397 3435 mente
1438 3382 1539 3435 alia
1583 3380 1852 3450 cogitante

301 3466 542 3535 precatur.
570 3475 722 3531 Unde
746 3473 998 3543 propheta
1023 3489 1038 3527 :
1064 3472 1166 3528 Cor
1186 3487 1361 3525 memn
1412 3472 1693 3540 dereliquit
1741 3485 1846 3526 me.

305 3565 431 3619 .llcns
468 3577 628 3617 autem
671 3582 780 3617 mea
802 3567 910 3617 sine
949 3563 1120 3631 {ructu
1158 3573 1251 3616 est.
1293 3563 1425 3629 Quia
1461 3577 1567 3616 non
1614 3562 1851 3629 intelligo

299 3657 424 3720 σμιπά
468 3657 634 3709 dicam
693 3669 787 3725 per
840 3654 1107 3723 spiritum.
1163 3653 1299 3716 Quid
1365 3667 1484 3720 ergo
1540 3653 1646 3704 est?
1695 3652 1849 3705 orabo

299 3749 459 3812 ηςὶρίιιι
480 3789 495 3813 ,
525 3749 678 3801 orabo
720 3759 765 3801 et
810 3754 975 3799 mente
1017 3761 1035 3798 :
1078 3744 1294 3815 psallam
1330 3745 1532 3812 spiritu,
1564 3743 1780 3813 psallam
1800 3751 1847 3797 et

299 3849 463 3891 mente.
498 3839 595 3903 Qui
625 3838 768 3892 enim
813 3838 1208 3904 interpretatur,
1248 3848 1466 3889 necesse
1495 3842 1661 3889 estut
1700 3833 1847 3901 prius

300 3929 402 3986 ipse
423 3929 675 3999 intelligat
702 3928 841 3995 quod
874 3928 991 3980 aliis
1023 3934 1108 3979 est
1134 3925 1389 3979 dicturus.
1415 3924 1662 3978 Craterum
1691 3924 1734 3977 si
1759 3924 1845 3977 be-

298 4019 529 4070 nt’direris
584 4019 786 4085 spiri'u.
839 4016 1179 4070 Benedicitur
1233 4030 1394 4068 omne
1436 4014 1575 4083 quod
1622 4030 1748 4069 vere
1795 4022 1847 4069 et

294 4109 563 4162 secundum
595 4110 759 4162 Deum
789 4109 1004 4161 dicitur.
1048 4106 1173 4171 Quis
1207 4110 1407 4174 supplet
1447 4107 1611 4159 locum
1636 4106 1848 4159 idiotas?

293 4201 563 4256 Sanitatem
612 4203 853 4256 scientia:
907 4204 957 4256 in
1002 4203 1164 4256 corde
1215 4203 1390 4258 idiota:
1443 4203 1564 4271 quis
1614 4202 1847 4269 implet?

295 4294 379 4356 Qui
398 4296 537 4347 modo
563 4294 705 4359 dicit,
730 4295 906 4358 Amen,
930 4308 1085 4361 super
1110 4302 1246 4346 tuam
1266 4294 1695 4347 benedictionem?
1712 4291 1845 4347 Cum

289 4384 403 4449 quid
428 4386 567 4440 dicas
598 4386 797 4450 nescit,
833 4386 923 4455 qui
959 4400 1055 4454 pro
1081 4384 1242 4439 idiota
1263 4424 1277 4449 ,
1307 4384 1360 4439 id
1399 4392 1513 4449 est,
1550 4386 1732 4453 ignaro
1760 4398 1845 4439 re-

1955 3216 2066 3268 sive
2096 3229 2230 3267 unus
2263 3229 2359 3282 per
2386 3221 2561 3282 partes
2590 3214 2987 3280 interpreéetur.
3020 3213 3081 3267 Si
3106 3224 3273 3266 autem
3295 3228 3396 3266 non
3419 3218 3529 3281 [ue-

1951 3303 2020 3356 rit
2058 3304 2342 3372 interpres,
2371 3312 2534 3356 taceat
2566 3304 2620 3356 in
2655 3300 2903 3356 Ecc'esia.
2938 3304 3043 3357 Aut
3077 3303 3218 3370 ipsc,
3252 3312 3342 3357 at
3371 3304 3525 3357 alius.

1955 3394 2065 3448 Sibi
2087 3404 2255 3446 autem
2284 3394 2540 3461 loquatur,
2563 3403 2607 3446 et
2632 3390 2771 3456 Deo;
2800 3391 3058 3462 praplteta:
3084 3393 3186 3445 duo
3207 3401 3294 3444 aut
3322 3402 3421 3446 tres
3452 3395 3529 3445 di-

1950 3496 2096 3548 cant,
2126 3496 2173 3538 ει
2208 3486 2377 3538 ca'teri
2416 3486 2719 3555 dijudicent.
2758 3486 2864 3540 Sua
2899 3486 3223 3541 conscientia
3250 3496 3304 3541 et
3333 3486 3426 3540 Dei
3458 3497 3529 3539 te-

1950 3587 2075 3631 neat
2095 3592 2216 3633 eum
2244 3579 2466 3646 gratiam
2496 3578 2635 3632 hanc
2661 3579 2878 3632 habere.
2908 3580 3056 3641 Quod
3077 3580 3122 3630 si
3141 3580 3232 3631 alii
3255 3581 3527 3632 revelatum

1949 3667 2103 3737 fuerit
2146 3669 2369 3730 sedenti,
2408 3669 2551 3735 prior
2588 3676 2764 3720 taceat.
2810 3666 3027 3720 Potestis
3068 3668 3199 3720 enim
3240 3684 3408 3719 omnes
3439 3684 3529 3734 per

1948 3757 2176 3825 singulos
2204 3757 2528 3826 prophetare,
2558 3768 2610 3809 ut
2637 3772 2808 3809 omnes
2835 3757 3051 3824 discant,
3077 3769 3123 3809 et
3150 3772 3317 3809 omnes
3340 3756 3525 3808 cultor-

1949 3856 2137 3900 tentur.
2170 3847 2267 3911 Qui
2309 3846 2453 3912 prior
2481 3846 2643 3906 dixit,
2675 3846 2754 3897 vel
2787 3845 2875 3911 qui
2925 3845 3065 3911 prior
3096 3843 3297 3897 honore
3325 3852 3424 3897 est.
3459 3842 3524 3894 Et

1947 3935 2155 4004 spiritus
2182 3935 2544 4003 prophetarum
2569 3932 2827 4001 prop/telis
2853 3933 3065 4002 subjecti
3092 3943 3230 3986 sunt.
3252 3931 3305 3985 Ν
3310 3950 3372 3985 an
3395 3934 3525 3987 enim

1948 4037 2022 4079 est
2064 4024 2391 4079 dissensionis
2424 4022 2593 4089 Deus,
2619 4023 2705 4075 sed
2735 4023 2894 4090 pacis.
2923 4021 3048 4076 Sive
3090 4025 3276 4090 gratia:
3308 4021 3523 4089 spiritus

1947 4116 2101 4170 alteri
2127 4115 2398 4184 propheta:
2422 4112 2708 4179 consentit,
2732 4112 2843 4167 sive
2871 4114 3090 4181 spiritus
3120 4112 3432 4168 humilitatis
3472 4123 3525 4167 et

1948 4207 2226 4263 charitatis
2254 4206 2414 4259 debet
2435 4220 2555 4259 esse
2582 4206 2631 4257 in
2660 4203 2931 4274 prophetis
2957 4219 2971 4257 :
3003 4203 3125 4273 quia
3152 4220 3257 4259 non
3278 4214 3359 4259 est
3388 4205 3525 4258 Deus

1948 4296 2212 4365 superbia:
2242 4305 2295 4349 ct
2342 4295 2715 4360 dissensionis,
2743 4294 2831 4364 qui
2861 4296 2911 4348 in
2940 4295 3017 4348 eis
3047 4310 3151 4349 non
3185 4296 3522 4363 habitat,‘sed

1951 4386 2117 4455 pacis,
2160 4385 2277 4454 quia
2304 4385 2385 4441 eis
2420 4396 2542 4440 nota
2592 4395 2715 4438 sunt
2742 4401 2859 4454 qua:
2903 4385 3237 4454 p:ophetant.
3287 4386 3431 4441 Sicut
3470 4388 3522 4439 in

286 4476 484 4537 spondit
513 4478 703 4529 Amm.
743 4475 878 4527 Nam
908 4487 961 4529 tu
991 4476 1195 4544 quidem
1224 4475 1344 4527 bene
1372 4475 1562 4542 gratias
1590 4475 1722 4542 agis,
1753 4474 1841 4526 sed
1871 4466 1923 4526 D
1946 4476 2179 4531 onmibus
2207 4477 2430 4531 ecclesiis
2456 4486 2746 4530 sanctorum
2786 4478 2959 4531 doceo.
2993 4477 3046 4532 ltt
3077 4480 3323 4533 omnibus
3353 4479 3523 4534 eccle-

282 4564 404 4615 alter
433 4581 530 4617 non
568 4566 875 4630 ludiﬁcatur.
916 4566 1065 4630 Quod
1116 4565 1461 4618 benedixerit.
1504 4563 1708 4617 Gratias
1744 4580 1840 4633 ago

286 4655 386 4706 De)
404 4697 418 4719 ,
440 4658 572 4725 quod
605 4657 827 4708 omnium
862 4667 1077 4708 vestrum
1106 4654 1285 4725 lingua
1314 4658 1515 4724 loquor:
1543 4654 1619 4707 Ne
1648 4655 1840 4722 putetis

282 4762 366 4798 me
391 4764 587 4817 quoque
620 4752 753 4801 hanc
795 4750 1018 4817 gratiam
1067 4761 1172 4801 non
1224 4748 1452 4811 habere,
1495 4758 1548 4801 et
1587 4763 1682 4802 vos
1718 4747 1839 4800 ideo

283 4841 571 4901 prohibere.
600 4840 706 4894 Sed
743 4840 797 4891 in
842 4837 1069 4892 Ecclesia
1102 4840 1214 4891 vola
1251 4838 1472 4907 quinque
1505 4840 1653 4891 verba
1688 4853 1837 4891 sensu

281 4946 383 4982 meo
426 4930 580 4999 loqui,
632 4940 685 4983 ut
728 4939 774 4984 et
811 4930 940 4984 alios
979 4931 1226 4983 instruam
1253 4972 1267 4996 ,
1302 4947 1451 4999 quam
1480 4932 1651 4982 decem
1676 4930 1841 4981 millia

280 5022 528 5074 rariorum
548 5022 598 5074 in
621 5023 814 5092 lingua.
840 5022 945 5076 Sed
971 5024 1109 5074 malo
1136 5036 1227 5088 per
1253 5035 1417 5088 pauca
1446 5021 1512 5074 ad
1545 5020 1835 5087 profectum

282 5111 432 5177 loqui,
462 5127 614 5180 quam
640 5111 804 5165 multa
833 5126 948 5180 qnze
976 5110 1104 5164 nulli
1129 5108 1425 5177 proﬁciant.
1446 5110 1671 5174 Quidam
1694 5124 1839 5178 qua:—

279 5210 423 5266 I'Jnl,
448 5217 609 5271 quare
646 5206 880 5273 quinque
916 5202 1075 5258 verba
1110 5219 1121 5254 :
1156 5201 1241 5268 qui
1270 5202 1573 5255 eeontrario
1604 5202 1836 5255 interro-

275 5292 424 5352 gandi
452 5302 569 5345 sunt
598 5294 666 5347 de
706 5292 893 5346 decem
932 5291 1186 5347 millibus.
1231 5289 1476 5356 Fratres,
1507 5290 1663 5345 nolite
1693 5292 1837 5360 pueri

275 5379 394 5446 effici
418 5384 639 5437 sensibus
664 5421 679 5447 ,
706 5382 797 5435 sed
826 5382 1019 5435 tnalitia
1050 5383 1251 5452 parvuli
1279 5391 1465 5448 estote,
1493 5382 1716 5436 sensibus
1742 5400 1838 5435 au-

271 5479 369 5525 tem
404 5477 607 5545 perfecti
634 5484 805 5530 estote.
838 5475 906 5529 In
937 5477 1044 5547 lege
1084 5477 1326 5546 scriptum
1364 5487 1471 5531 est:
1500 5476 1755 5539 Quoniam
1782 5476 1835 5529 in

269 5562 385 5617 aliis
406 5566 622 5636 linguis,
666 5576 711 5621 et
756 5565 904 5620 labiis
943 5566 1059 5621 aliis
1090 5568 1269 5638 loquar
1298 5567 1483 5639 populo
1506 5568 1646 5634 huic,
1672 5577 1718 5620 et
1747 5584 1836 5622 nec

266 5655 345 5708 sic
362 5659 621 5715 exaudient
654 5675 749 5726 me,
778 5659 899 5713 dicit
924 5659 1190 5715 Dominus.
1222 5659 1392 5717 Simul
1414 5658 1642 5716 ostendit
1667 5659 1833 5714 nemi-

1948 4568 2043 4621 siis
2065 4569 2142 4621 sic
2168 4576 2250 4621 est
2270 4606 2285 4629 ,
2317 4583 2383 4621 ne
2415 4568 2536 4621 novi
2565 4566 2762 4635 aliquid
2794 4582 2879 4621 me
2908 4567 3054 4620 vobis
3081 4567 3344 4637 imperare
3367 4577 3521 4636 pute-

1951 4660 2035 4715 tis.
2064 4659 2306 4713 Mulieres
2336 4660 2388 4712 in
2417 4659 2638 4713 ecclesiis
2662 4666 2880 4713 taceant.
2912 4659 3041 4724 Quia
3072 4672 3251 4712 contra
3282 4660 3519 4712 ordinem

1947 4762 2029 4805 est
2062 4760 2263 4805 natura:
2292 4752 2373 4805 vel
2407 4751 2652 4820 legis,.ut
2683 4750 2733 4803 iu
2762 4759 3022 4803 conventu
3046 4751 3274 4802 virorum
3310 4749 3518 4801 l'eunme

1948 4842 2250 4907 loquantur.
2281 4839 2402 4893 Non
2434 4841 2565 4893 enim
2603 4839 2911 4907 permittitur
2940 4840 3009 4890 eis
3054 4837 3208 4901 loqui.
3242 4838 3518 4902 Quomodo

1946 4946 2073 4999 ergo
2101 4932 2227 4985 alibi
2252 4931 2402 4992 dicit,
2430 4931 2564 4984 bene
2588 4929 2702 4982 illas
2724 4929 2917 4981 docere
2944 4926 3135 4980 debere
3160 4928 3511 4994 prudentium,

1945 5029 1999 5074 ut
2042 5020 2374 5088 prudentiam
2423 5028 2476 5073 et
2516 5016 2811 5073 castitatem
2856 5017 3109 5080 dtrt'canl;
3154 5018 3247 5070 sed
3282 5018 3331 5071 iu
3362 5034 3512 5082 8‘31",

1938 5110 2101 5163 simul
2137 5119 2189 5164 et
2223 5124 2344 5163 cum
2392 5107 2622 5162 ostendit
2653 5106 2827 5160 locum
2869 5108 2954 5160 ubi
3000 5115 3237 5171 taceant.
3271 5109 3392 5162 alibi
3422 5126 3514 5164 eas

1939 5200 2079 5268 loqui
2124 5199 2378 5266 permisit.
2429 5198 2532 5252 Sed
2570 5196 2801 5250 subditas
2828 5213 2954 5265 esse,
2997 5199 3125 5251 sicut
3162 5209 3208 5252 et
3253 5200 3335 5263 lca:
3361 5200 3509 5252 dixit.

1939 5293 2075 5359 Quia
2097 5300 2151 5345 et
2180 5293 2258 5343 vir
2288 5290 2433 5359 prior
2460 5289 2628 5343 lactus
2652 5298 2761 5353 est,
2801 5300 2852 5343 et
2884 5290 3010 5344 Sara
3053 5290 3324 5343 dominum
3358 5304 3513 5342 vnea-

1939 5384 2029 5439 bat
2055 5384 2341 5437 Abraham.
2362 5380 2422 5437 Si
2449 5381 2571 5451 quid
2595 5393 2762 5436 autem
2786 5384 2958 5437 volunt
2982 5384 3188 5447 discere,
3214 5384 3351 5435 domi
3382 5388 3512 5437 viros

1936 5493 2055 5531 suos
2079 5476 2403 5546 interregem.
2432 5473 2603 5539 Turpe
2627 5486 2700 5527 est
2722 5478 2854 5528 enim
2876 5476 3077 5529 mulieri
3101 5475 3237 5544 loqui
3258 5477 3305 5526 in
3337 5474 3512 5529 Eccle-

1938 5570 2035 5622 sia.
2072 5569 2147 5621 An
2177 5584 2207 5619 α
2241 5568 2372 5619 tabis
2401 5568 2603 5620 verbum
2634 5566 2727 5620 Dei
2764 5569 3027 5637 processit,
3057 5578 3146 5619 aut
3185 5569 3236 5620 in
3267 5582 3351 5620 vos
3379 5567 3511 5622 solos

1939 5663 2159 5731 peruenit
2183 5664 2206 5715 ?
2235 5661 2291 5718 Si
2325 5663 2431 5732 quis
2461 5662 2654 5717 videtur
2681 5663 2921 5733 prop/tcta
2949 5677 3082 5725 esse,
3118 5672 3204 5713 aut
3232 5660 3503 5731 spiritalis,
