3904 6176
464 258 570 314 843

1566 263 1861 321 PNMASH
1900 267 2349 323 ADRL’METANI
2388 270 2597 326 EPISC.

3527 284 3609 339 ΒΗ

461 385 729 446 cognoscat
752 391 865 447 qua
892 376 1057 430 scribo
1074 376 1231 439 vobis,
1258 377 1377 446 quia
1404 375 1602 429 Domini
1628 386 1742 431 sunt
1764 378 2021 431 mandato.
2058 381 2105 439 Λ
2134 379 2357 445 liottultt,
2385 397 2503 449 quae
2546 384 2599 435 in
2634 381 2734 436 bac
2760 382 2862 436 vita
2901 383 3011 438 sive
3038 400 3288 457 prospera,
3314 392 3410 447 sive
3432 396 3611 451 adversa

458 469 536 523 Ne
570 470 838 522 videretur
864 482 954 522 eas
982 471 1138 521 etiam
1169 470 1374 521 discere
1403 468 1735 536 prohibuisse
1754 506 1769 532 ,
1798 469 2029 521 ostendit

459 572 552 613 eas
592 560 733 613 domi
780 559 978 614 debere
1009 560 1244 624 discere,
1285 561 1335 612 in
1378 559 1612 613 Ecclesia
1643 569 1817 613 autem
1843 576 2031 615 ornnes

463 651 658 704 habere
704 650 997 704 silentium.
1022 648 1319 703 Notandum
1361 650 1501 717 quod
1534 659 1588 704 et
1621 650 1716 703 viri
1750 659 1854 702 tam
1887 650 2027 703 docti

460 739 685 794 debeant
710 754 860 806 esse,
892 750 948 793 ut
979 755 1168 793 uxores
1195 754 1319 792 suas
1347 739 1540 794 docere
1574 740 1837 805 debeant,
1868 749 1921 793 et
1960 742 2029 795 de

461 830 580 883 fidei
608 830 827 883 veritate
855 830 1143 884 instruere.
1162 830 1218 884 Si
1240 833 1346 899 quis
1374 842 1541 883 mttan
1567 832 1789 900 ignorat,
1816 834 2026 901 ignara-

458 920 614 975 bitur.
639 919 842 988 Itaque,
872 920 1076 989 [νου-εδ,
1117 922 1428 973 wrnulamini
1451 923 1772 991 prophetare,
1805 932 1850 975 ct
1889 922 2025 989 loqui

459 1011 647 1079 linguis
676 1011 834 1065 nolite
861 1013 1124 1081 prohibere
1154 1028 1172 1066 :
1216 1013 1384 1065 onmia
1410 1022 1578 1066 autem
1607 1012 1810 1066 honeste
1856 1023 1903 1067 et
1948 1031 2025 1067 se-

456 1100 680 1155 cundum
707 1104 931 1156 ordinem
964 1104 1093 1171 [iant
1112 1106 1164 1156 in
1190 1104 1346 1157 vobis.
1371 1102 1499 1156 Cum
1524 1115 1710 1172 ageret
1740 1105 2025 1171 Apostolus

408 1182 413 1185 ⁷
458 1205 509 1245 ιιι
540 1195 716 1247 omnia
748 1195 969 1248 honeste
997 1204 1049 1248 nt
1077 1194 1370 1248 secundum
1402 1195 1641 1248 ordine‘m
1670 1197 1875 1260 ﬂerent,
1906 1196 1977 1249 ait
2008 1211 2022 1246 :

457 1286 512 1337 Si
534 1288 649 1352 quis
680 1288 887 1339 videtur
917 1287 1283 1353 prOpltetasse,
1315 1296 1402 1337 aut
1426 1286 1706 1353 spiritalis,
1739 1286 2026 1353 cogiteseat

456 1391 573 1443 qute
598 1376 771 1429 scribo
801 1376 967 1440 vobis,
998 1378 1118 1445 quia
1156 1377 1363 1430 Domini
1385 1386 1509 1431 sunt
1540 1379 1807 1431 mandata.
1828 1378 1881 1431 Si
1904 1378 2024 1447 quis

455 1476 629 1519 autem
656 1468 894 1535 ignorat,
918 1468 1267 1535 ignorabizur.
1299 1469 1352 1522 Si
1395 1468 1514 1537 quis
1555 1467 1761 1521 videtur
1788 1483 1938 1535 esse,
1968 1479 2024 1523 et

456 1560 637 1627 utique
665 1572 768 1611 non
798 1568 907 1623 est;
939 1573 1059 1612 nam
1088 1560 1176 1627 qui
1205 1568 1287 1613 est
1325 1560 1441 1613 sine
1468 1560 1794 1615 dubitatione
1822 1574 2024 1631 cogno-

452 1650 581 1710 Scit,
639 1662 736 1701 nec
776 1648 1134 1703 admonitione
1185 1658 1236 1702 ct
1282 1649 1607 1703 coercitione
1648 1664 1781 1719 opus
1836 1650 2018 1717 habet,

2129 486 2249 525 cum
2274 472 2575 527 inﬁdelibus
2597 473 2872 528 videantur
2892 489 3011 529 esse
3033 481 3334 545 communia;
3358 484 3473 537 sicut
3494 487 3617 541 nobis

2129 561 2304 613 solent
2331 576 2632 630 proponere
2661 563 2782 628 quid
2814 564 2882 616 ab
2910 563 3016 617 illis
3038 567 3251 634 amplius
3276 571 3552 635 habeamus.
3576 586 3620 629 et

2129 664 2272 713 vere,
2302 652 2344 704 si
2388 652 2575 704 horum
2606 653 2847 706 laborum
2877 656 3143 720 premium
3188 658 3237 710 in
3276 660 3372 711 vita
3410 662 3498 715 a‘ia
3539 679 3621 716 non

2128 746 2424 807 speramus,
2450 743 2659 811 pejores
2685 744 2788 796 illis
2818 759 3021 797 smnus.
3054 744 3227 807 Gratia
3250 758 3403 810 autem
3431 749 3509 802 Dei
3532 768 3623 804 sunt

2127 830 2177 880 id
2205 832 2341 897 quod
2362 847 2475 883 sum
2495 871 2508 891 ,
2542 840 2589 883 et
2618 833 2783 900 gratia
2808 834 2916 901 ejus
2944 834 2995 886 in
3025 851 3097 886 me.
3123 851 3270 887 uacua
3295 853 3385 889 non
3415 837 3516 906 fuit.
3544 839 3625 894 Sel

2125 918 2177 973 al
2192 921 2464 972 undantius
2485 920 2589 973 illis
2611 922 2842 976 omnibus
2866 922 3086 977 laboravi
3108 938 3125 975 :
3151 940 3244 976 non
3265 941 3348 996 ego
3371 937 3533 991 autem,
3558 930 3627 981 sed

2124 1012 2290 1078 gratia
2316 1010 2407 1063 Dei
2428 1028 2639 1065 merum.
2657 1014 2764 1066 lloc
2788 1026 2891 1080 εει,
2908 1015 3071 1083 gratia
3097 1015 3185 1068 Dei
3207 1032 3285 1070 me
3305 1018 3570 1084 vivil‘tcavit,
3589 1032 3632 1073 ct

2126 1103 2328 1163 reiecit,
2348 1112 2398 1155 et
2412 1116 2527 1169 ροει
2541 1103 2656 1158 tunc
2676 1121 2793 1157 cum
2815 1104 3081 1173 Deigratia
3098 1106 3340 1167 laboravi.
3357 1107 3543 1161 etimne
3563 1126 3633 1162 va-

2125 1207 2220 1245 cua
2241 1209 2346 1244 ιιιιιι
2361 1192 2679 1261 ftiit.thtti.t
2695 1195 2928 1247 dixerat:
2952 1196 3634 1251 Abundantiusillisomnibus

2124 1281 2380 1349 laboravi,
2436 1300 2502 1337 ne
2531 1285 2631 1338 sibi
2671 1286 2868 1353 aliquid
2906 1286 3169 1339 videretur
3200 1288 3465 1349 ascribere,
3495 1289 3633 1339 conti-

2128 1386 2233 1425 nuo
2280 1372 2557 1441 subiunxit
2588 1389 2601 1425 :
2628 1374 2743 1427 Non
2770 1390 2869 1442 ego
2897 1384 3093 1437 autem,
3142 1376 3230 1428 sed
3259 1376 3412 1443 gratia
3444 1377 3522 1427 υρὶ
3547 1394 3635 1427 me-

2122 1475 2243 1516 cum
2283 1466 2445 1533 :quia
2475 1465 2616 1518 Deus
2664 1466 2715 1518 in
2765 1466 2917 1520 nobis
2972 1474 3243 1533 operatur,
3271 1476 3321 1519 et
3365 1468 3464 1532 ipse
3490 1482 3571 1518 nos
3597 1479 3639 1519 ut

2124 1550 2429 1606 laboremus
2459 1554 2717 1621 inspirat,
2746 1565 2798 1608 et
2840 1556 2953 1621 ipse
2981 1556 3193 1624 adjuvat
3232 1556 3527 1618 laborantes,
3550 1557 3639 1623 ipse

2123 1658 2256 1712 opus
2295 1645 2491 1698 bonum
2547 1657 2887 1701 consummat
2932 1664 2946 1699 :
3006 1649 3127 1715 quia
3173 1663 3237 1700 ex
3280 1646 3427 1712 i,so,
3476 1657 3523 1700 et
3570 1664 3643 1714 per

452 1738 572 1803 quia
606 1739 781 1790 omnia
804 1737 1039 1805 judicat,
1069 1750 1118 1791 et
1152 1755 1179 1790 a
1212 1742 1424 1794 nemine
1460 1739 1746 1807 iudicatur.
1784 1741 1861 1795 llli
1892 1757 2023 1813 ergo
2058 1742 2098 1799 Β
2126 1731 2329 1800 ipsum:
2362 1744 2415 1786 ει
2468 1734 2520 1787 ίη
2564 1736 2679 1801 ίιιδο
2718 1746 2843 1789 sum
2868 1735 3070 1788 υηιυίῖι·
3104 1736 3250 1791 Sic“l
3282 1748 3333 1789 ει
3367 1737 3483 1788 alibi
3507 1736 3640 1788 dicit:

452 1828 738 1879 seditiones
769 1837 820 1881 et
850 1829 1273 1895 perturbationes
1299 1829 1351 1882 in
1371 1828 1597 1883 ecclesia
1628 1830 1909 1895 faciebant,
1932 1832 2021 1898 qui

451 1919 766 1972 videbantur
814 1933 935 1973 esse
974 1919 1112 1988 quod
1156 1937 1259 1973 non
1311 1930 1463 1974 erant
1512 1936 1526 1972 :
1582 1922 1683 1975 llos
1727 1921 1884 1976 docet
1933 1938 2022 1978 co-

450 2022 708 2076 guoSt-ere
740 2008 946 2062 Domini
976 2023 1033 2062 es
1065 2023 1095 2063 e
1127 2009 1431 2062 mandatum
1450 2050 1465 2074 ,
1495 2010 1616 2077 quia
1642 2026 1745 2064 non
1775 2022 1856 2065 est
1882 2012 2022 2066 sedi-

452 2100 611 2153 tionis
646 2101 815 2165 Deus,
850 2099 944 2153 sed
973 2101 1141 2168 pscis.
1174 2098 1230 2153 Si
1261 2100 1380 2167 quis
1408 2108 1584 2155 autem
1614 2102 1838 2169 ignorat,
1875 2103 2023 2172 igno-

448 2195 671 2259 rabitur,
690 2195 739 2247 id
767 2195 1262 2261 estimprobabitur;
1286 2210 1389 2249 non
1417 2197 1556 2249 enim
1580 2197 1623 2251 si
1654 2197 1717 2251 ad
1740 2199 2018 2253 scientiam

451 2286 670 2348 referas,
706 2285 846 2338 Deus
876 2285 1082 2351 ignorat
1111 2299 1224 2348 eos,
1259 2286 1451 2353 quibus
1483 2286 1720 2341 dicturus
1748 2298 1829 2342 est
1860 2276 2018 2343 :Non

449 2367 568 2428 ὸηνι
593 2390 715 2438 vos,
742 2376 835 2429 sed
871 2389 1053 2428 eorum
1084 2375 1398 2442 improhatio
1423 2377 1522 2429 hoc
1557 2377 1722 2431 verbo
1756 2378 2016 2432 insinuata

446 2478 525 2521 est
545 2485 557 2521 :
578 2471 741 2520 Amen
758 2468 1058 2532 dit-ovobis,
1078 2466 1198 2535 quia
1225 2469 1365 2522 nesci
1393 2483 1529 2520 .vos.
1554 2469 1751 2523 Etideo
1764 2471 2019 2525 debemus

446 2572 661 2625 Operam
677 2556 820 2623 dare,
841 2565 897 2610 ut
911 2573 1028 2611 cum
1044 2558 1243 2611 cltarita
1254 2566 1302 2612 te
1312 2559 1456 2611 dono
1472 2559 1559 2611 Dei
1574 2559 1741 2613 simus
1754 2560 2015 2614 ins'ructi.

512 2646 643 2700 CAP.
682 2662 773 2701 xv.
818 2649 1010 2701 Notum
1038 2656 1202 2701 autem
1231 2648 1366 2701 vobis
1400 2650 1565 2719 facio,
1606 2649 1810 2716 fratres,
1847 2650 2017 2704 Euan-

444 2741 632 2808 gelium
680 2740 817 2809 quod
857 2740 1128 2809 prtedt'cavi
1177 2740 1333 2793 t'obis.
1382 2739 1526 2794 Inter
1571 2750 1763 2795 caetera
1803 2741 2017 2810 quidam

444 2828 841 2883 Corinthiorum
916 2830 1074 2883 etiam
1131 2830 1601 2883 resurirectinnem
1672 2833 1846 2886 carnis
1903 2834 2017 2887 ausi

446 2930 570 2973 sunt
595 2921 891 2989 denegare,
931 2935 1065 2989 quos
1105 2922 1373 2988 redarguit
1423 2922 1729 2989 Apostolus.
1779 2923 1926 2988 Quod
1970 2934 2017 2977 et

440 3012 728 3087 accepistis.
775 3011 852 3065 Ne
900 3026 1005 3064 non
1058 3013 1399 3066 credentibus
1444 3021 1648 3065 tantum
1699 3016 2018 3082 praedicasse

2125 1821 2224 1886 Qui
2250 1824 2413 1890 cmpit
2441 1823 2491 1875 iu
2517 1825 2667 1879 vobis
2689 1840 2824 1894 Opus
2850 1826 3050 1879 bonum
3070 1867 3086 1890 ,
3137 1827 3247 1893 ipse
3275 1828 3490 1894 perﬁciet
3512 1841 3647 1893 usque

2116 1911 2177 1964 io
2226 1912 2367 1965 diem
2405 1912 2603 1967 Christi
2652 1913 2800 1977 Jcsu,
2834 1914 2901 1968 Et
2946 1915 3064 1985 ipse
3093 1917 3219 1968 dicit
3250 1935 3263 1968 :
3293 1915 3412 1969 Sine
3439 1933 3513 1968 tne
3541 1915 3643 1966 nihil

2125 2006 2347 2072 potestis
2374 2007 2563 2062 facere.
2605 2008 2736 2062 Nam
2768 2020 2820 2063 et
2857 2010 3050 2064 beatus
3094 2010 3437 2079 Hieronymus
3478 2026 3508 2062 ιι
3538 2010 3651 2075 Apoc

2126 2095 2354 2165 logetico
2397 2099 2462 2152 ad
2513 2099 2907 2155 Pammachium
2933 2142 2948 2166 ,
2990 2104 3081 2157 sic
3130 2094 3288 2170 ponit
3340 2104 3649 2157 testimonium

2125 2187 2262 2240 istud
2287 2204 2300 2239 :
2326 2187 2439 2242 Non
2467 2200 2644 2245 autem
2668 2206 2784 2259 ego,
2806 2194 2897 2246 sed
2927 2196 3100 2262 gratia
3126 2194 3183 2248 Ι).
3206 2195 3243 2257 i,
3266 2210 3379 2262 qua:
3407 2197 3456 2247 in
3482 2209 3555 2247 me
3572 2203 3652 2244 est.

2124 2276 2243 2330 Siue
2264 2280 2394 2330 enim
2430 2296 2541 2349 ego,
2571 2282 2674 2333 sire
2698 2283 2795 2345 illi,
2825 2284 2899 2336 sic
2919 2286 3070 2352 prwd
3094 2286 3337 2348 cavimus,
3366 2294 3410 2336 et
3434 2287 3499 2336 sic
3523 2286 3653 2335 creu’tl

2121 2369 2200 2418 dis
2224 2370 2283 2419 is.
2317 2370 2378 2421 Si
2405 2379 2581 2422 autem
2608 2369 2839 2426 Christus
2889 2376 3209 2442 praedicatur
3249 2375 3380 2441 quod
3406 2373 3600 2426 surrexit
3633 2389 3659 2423 a

2121 2460 2351 2522 mortuis,
2390 2461 2643 2528 quomoda
2682 2462 2858 2515 dicunt
2906 2466 3126 2530 quidam
3174 2466 3229 2517 in
3276 2465 3426 2527 uol-is,
3456 2454 3657 2531 quonian'i

2120 2552 2422 2603 resurrectio
2469 2560 2782 2606 mortuorum
2834 2571 2936 2607 non
2974 2558 3095 2611 est?
3124 2558 3185 2611 Si
3210 2566 3375 2610 autem
3403 2555 3661 2609 resurrectio

2119 2649 2436 2693 mortuorum
2481 2658 2582 2695 non
2623 2654 2716 2708 est,
2749 2661 2909 2713 neque
2937 2644 3181 2701 Christus
3227 2649 3507 2701 resurrexit.
3541 2647 3661 2710 Quod

2120 2729 2165 2783 si
2228 2728 2457 2784 Christus
2513 2748 2613 2786 non
2673 2737 2978 2799 resurrexit,
3048 2738 3221 2791 inanis
3280 2746 3351 2791 est
3410 2739 3664 2803 pra'diculiu

2120 2833 2315 2885 nostra,
2342 2824 2508 2878 inanis
2538 2835 2610 2879 est
2636 2836 2683 2879 et
2711 2828 2839 2893 ﬁdes
2880 2837 2981 2883 eest
3016 2846 3075 2883 a.
3130 2827 3427 2883 Inueuiniur
3453 2840 3596 2882 autem
3630 2836 3667 2877 et

2120 2914 2239 2984 falsi
2273 2925 2418 2969 testes
2442 2915 2538 2970 Dei
2562 2934 2581 2971 :
2608 2920 2849 2988 quoniam
2891 2924 3248 2977 testimonium
3288 2924 3502 2977 diximus
3521 2923 3669 2973 attriv-

2120 3024 2210 3061 sus
2235 3007 2419 3073 Deum,
2440 3014 2578 3077 quod
2596 3014 2912 3069 suscitaverit
2936 3014 3234 3080 Christum,
3261 3034 3403 3086 quem
3422 3034 3514 3068 non
3533 3013 3667 3066 susci-

443 3103 735 3155 viderctur.
781 3100 844 3154 In
885 3119 986 3171 quo
1033 3110 1080 3153 et
1111 3105 1275 3155 statis.
1320 3101 1548 3171 lncujus
1577 3103 1815 3157 doctrina
1841 3106 2012 3159 statis.
2046 3102 2089 3162 C
2121 3101 2270 3165 lavit,
2303 3101 2347 3152 εἰ
2392 3104 2578 3154 mortui
2626 3112 2726 3155 non
2781 3116 3083 3170 resurgunt.
3139 3106 3282 3159 Nam
3323 3110 3365 3160 si
3392 3106 3562 3159 marini
3587 3118 3671 3154 non

447 3188 551 3243 I’er
576 3192 711 3257 quod
745 3201 791 3243 et
818 3191 1104 3243 salvamini.
1153 3192 1253 3246 Per
1281 3194 1420 3261 quod
1450 3201 1505 3246 et
1529 3193 1805 3248 salvamiui
1825 3237 1837 3257 ,
1867 3197 1909 3247 si
1938 3206 2015 3249 ta-

446 3298 567 3336 men
594 3285 695 3336 lide
715 3283 975 3344 credatis,
1005 3292 1058 3336 et
1084 3297 1251 3351 apere
1283 3283 1545 3349 impleatis
1565 3326 1580 3349 ,
1612 3298 1700 3338 aut
1731 3287 1850 3352 quia
1878 3300 1925 3338 et
1964 3289 2012 3340 in

448 3376 696 3441 pra‘senti
740 3374 804 3428 de
835 3374 1014 3429 multis
1042 3375 1435 3428 infirmitatibus
1465 3378 1760 3431 salvantur.
1798 3379 1909 3443 Qua
1932 3396 2018 3430 ru-

442 3467 577 3518 tione
606 3465 985 3533 prwdicaverim
1007 3464 1166 3527 vobis,
1196 3466 1239 3519 si
1270 3468 1446 3518 tenetis
1465 3506 1479 3529 ,
1516 3468 1613 3519 nisi
1640 3468 1832 3536 frustra
1857 3470 2018 3521 credi-

443 3558 610 3609 distis.
637 3555 852 3609 Tradidi
883 3559 1014 3609 enim
1038 3558 1171 3610 vobis
1201 3558 1251 3609 in
1279 3559 1456 3634 primis
1484 3570 1527 3611 et
1554 3562 1747 3628 accepi,
1776 3562 2015 3628 quoniam

442 3646 676 3700 Christus
720 3661 947 3700 mortuus
988 3658 1059 3700 est
1090 3665 1182 3715 pro
1221 3649 1438 3718 peccatis
1484 3651 1697 3712 nostris,
1739 3650 2014 3703 secundum

443 3742 739 3809 Scripturas
765 3755 782 3794 :
808 3749 857 3794 et
889 3741 1008 3809 quia
1032 3742 1263 3809 sepultus
1303 3748 1397 3805 est,
1417 3750 1460 3793 ct
1489 3744 1605 3809 quia
1626 3743 1895 3794 resurrexit
1921 3751 2016 3793 ter-

439 3832 512 3881 ti:
553 3831 634 3884 die
668 3832 945 3885 secundum
991 3831 1308 3900 Scripturas.
1343 3832 1640 3902 Capitulate
1683 3848 1743 3887 ea
1791 3847 1907 3901 qua:
1938 3835 2016 3887 eis

443 3922 840 3987 prmdicaverat,
870 3924 935 3975 ad
964 3924 1275 3977 memoriam
1305 3932 1536 3978 revocat.
1558 3922 1625 3975 Et
1647 3924 1765 3992 quia
1782 3924 1916 3975 visus
1945 3935 2016 3978 est

440 4015 493 4065 (λ.
513 4015 646 4083 plur.
678 4014 790 4069 Non
821 4015 961 4085 quod
1002 4018 1050 4070 ei
1097 4017 1325 4085 primum
1357 4017 1693 4085 apparuerit,
1741 4016 1833 4069 sed
1864 4016 2015 4069 tertia

442 4106 781 4173 apparitione
816 4109 865 4162 ei
895 4121 954 4162 se
997 4108 1434 4161 manifestaverit.
1471 4106 1534 4159 Et
1566 4115 1676 4174 post
1708 4108 1819 4160 [nec
1858 4107 2019 4159 unde-

441 4197 562 4248 cim.
591 4196 705 4265 Ipsa
733 4199 1137 4252 resurrectionis
1162 4199 1247 4251 die
1266 4212 1408 4261 sero,
1433 4198 1644 4266 quando
1666 4199 1849 4251 aberat
1876 4198 2020 4252 Tho-

440 4299 578 4338 mas.
615 4286 810 4339 Deinde
847 4287 982 4338 visus
1019 4295 1091 4339 est
1137 4286 1405 4355 plusquam
1450 4288 1733 4356 quingentis
1775 4287 2017 4353 fratribus

438 4373 627 4436 simul,
653 4388 715 4426 ea:
741 4373 920 4440 quibus
945 4374 1095 4427 multi
1122 4387 1325 4429 manent
1355 4392 1510 4445 usque
1537 4378 1723 4429 adhuc.
1757 4377 1858 4431 Per
1886 4392 2018 4441 quos

2063 3223 2077 3239 .
2115 3202 2412 3261 resurgunt,
2444 3208 2604 3261 neque
2631 3192 2864 3248 Christus
2880 3199 3171 3252 resurreait
3203 3215 3223 3254 :
3256 3204 3389 3266 quod
3415 3199 3457 3250 si
3476 3195 3673 3249 Christus

2117 3294 2218 3330 non
2260 3284 2553 3346 resurrexit,
2599 3297 2727 3335 uana
2756 3291 2831 3337 est
2869 3296 2916 3338 et
2942 3287 3082 3353 ﬁdes
3134 3296 3326 3352 vestra,
3372 3286 3527 3341 adhuc
3564 3284 3674 3336 enim

2110 3369 2235 3420 estis
2271 3371 2323 3421 in
2364 3373 2585 3440 peccatis
2631 3376 2825 3446 vestris.
2875 3374 3021 3446 Ergo
3073 3388 3124 3432 et
3180 3382 3269 3446 qui
3306 3380 3601 3431 dormierunt
3636 3376 3677 3425 in

2117 3458 2321 3513 Christo
2372 3463 2646 3528 perierunt.
2692 3464 2753 3518 Si
2769 3445 2846 3517 ’ἔτι
2890 3445 2985 3519 hac
3044 3470 3153 3521 vita
3195 3445 3397 3522 tantum
3428 3470 3477 3520 in
3505 3466 3679 3519 Chiisto

2116 3562 2373 3619 sperantes
2392 3569 2590 3617 sumus,
2633 3557 3031 3613 miserabiliores
3064 3578 3250 3614 sumus
3287 3562 3512 3615 omnibus
3542 3557 3680 3610 homi-

2118 3640 2283 3693 nibus.
2314 3643 2572 3705 Quoniam
2604 3659 2701 3699 nec
2726 3662 3052 3717 qut-mquam
3079 3666 3273 3705 eorum
3298 3652 3558 3719 grav..vit,
3585 3645 3684 3715 qui-

2118 3729 2217 3783 bus
2252 3731 2593 3800 Evangelium
2633 3737 2974 3806 prtcdicabat,
3024 3758 3190 3796 suum
3235 3742 3566 3795 victuinsuﬁs
3596 3752 3690 3789 ma-

2117 3821 2272 3874 nibus
2306 3823 2668 3891 transigebat:
2702 3827 2788 3882 ubi
2811 3830 2979 3898 magis
3014 3831 3306 3899 impletum
3328 3841 3411 3888 est
3432 3830 3561 3901 quod
3588 3829 3686 3881 ait:

2116 3912 2245 3967 Plus
2273 3916 2517 3969 omnibus
2557 3917 2665 3971 illis
2704 3918 2972 3985 laboravi;
3025 3933 3083 3977 et
3134 3925 3388 3993 adjungit
3416 3942 3429 3976 :
3460 3924 3567 3976 Non
3611 3934 3694 3989 ego

2117 4012 2327 4067 autem,
2360 4006 2451 4059 sed
2478 3996 2648 4073 gratia
2676 4008 2771 4062 Dei
2801 4025 3011 4064 mecum
3042 4028 3057 4066 :
3092 4024 3159 4067 ut
3185 4017 3290 4067 hoc
3315 4030 3531 4083 quoque
3550 4028 3691 4080 appa-

2121 4108 2234 4149 reat
2267 4096 2358 4149 Dei
2380 4098 2564 4164 gratia:
2591 4098 2949 4166 deputandum
2968 4139 2985 4165 ,
3027 4106 3181 4172 quod
3229 4115 3287 4159 et
3316 4109 3493 4159 annuo
3518 4116 3567 4159 et
3594 4118 3700 4156 cor-

2104 4199 2250 4253 pore
2274 4196 2483 4254 poterat
2509 4203 2679 4256 usque
2694 4189 2830 4245 adeo
2862 4192 2982 4258 plus
3010 4194 3126 4247 illis
3157 4196 3420 4249 oninibus
3454 4196 3696 4253 laborare.

2122 4289 2179 4329 ut
2212 4292 2385 4345 neque
2422 4288 2657 4332 cessaret
2683 4282 2750 4333 ab
2790 4281 3092 4350 Evangelia
3126 4287 3512 4354 praedicando,
3556 4298 3705 4351 neque

2125 4377 2298 4423 tamen
2341 4380 2405 4423 ex
2457 4372 2748 4441 Evangelia
2782 4386 3121 4432 suswntaret
3167 4382 3317 4434 hanc
3357 4382 3543 4433 vitam.
3572 4376 3706 4429 Nunc

440 4464 697 4539 potesds,
738 4464 781 4516 si
813 4463 999 4529 νιιΙιίε,
1042 4467 1180 4520 scire
1223 4481 1340 4535 quae
1376 4466 1517 4522 dico.
1567 4468 1789 4533 Quidam
1844 4480 2013 4521 autem
2044 4450 2096 4508 Ι)
2120 4472 2287 4518 autem
2308 4464 2539 4519 Christus
2579 4472 2853 4522 resurrexit
2887 4487 2920 4522 α
2946 4474 3203 4527 mortuis.
3235 4474 3395 4541 Quod
3417 4476 3525 4543 jam
3551 4469 3712 4540 proba-

434 4556 775 4619 ,dormierunt.
825 4554 881 4608 In
932 4557 1180 4609 Domino.
1236 4557 1431 4610 Deinde
1478 4560 1608 4611 risus
1657 4570 1728 4611 est
1776 4560 2011 4625 Iacobo;

435 4648 621 4701 deinde
658 4640 901 4715 aposlolis
933 4647 1183 4701 omnibus.
1233 4646 1523 4701 Novissime
1567 4661 1735 4700 autem
1782 4651 2010 4702 omnium

436 4750 680 4809 tanquam
701 4740 948 4792 abortivo.
973 4739 1259 4793 Abortivus
1280 4738 1496 4807 dicitur,
1519 4742 1609 4808 qui
1632 4749 1780 4793 extra
1800 4749 2010 4809 tempus

437 4833 700 4896 nascitur,
729 4846 825 4885 seu
847 4831 934 4899 qui
956 4838 1160 4884 mortua
1196 4839 1363 4884 matre
1385 4830 1533 4882 vivus
1553 4828 1813 4884 educitur.
1840 4830 2010 4885 Abor-

438 4923 608 4993 tivum
638 4938 697 4977 se
726 4924 994 4989 nominat,
1027 4922 1117 4991 qui
1144 4931 1292 4976 extra
1325 4930 1534 4988 tempus
1556 4920 1841 4974 dominica:
1870 4935 2011 4989 prm-

437 5015 722 5077 dicationis
762 5016 1006 5071 credidit.
1069 5014 1221 5069 Visus
1266 5022 1338 5068 est
1380 5024 1428 5067 et
1475 5012 1619 5066 mihi.
1656 5014 1877 5079 Quando
1912 5012 2013 5066 Da-

437 5119 678 5157 mascum
708 5105 977 5173 pergebat.
1013 5104 1125 5177 Ego
1160 5106 1291 5158 enim
1335 5120 1447 5158 sum
1478 5105 1712 5157 minimus
1756 5106 2013 5170 apostolo-

438 5210 574 5246 rum.
614 5194 727 5246 Non
758 5195 963 5259 labore,
996 5198 1115 5263 quia
1160 5197 1275 5263 plus
1319 5194 1565 5249 omnibus
1607 5194 1873 5258 laboravi;
1916 5194 2011 5248 sed

433 5284 636 5337 ordine.
677 5282 776 5347 Qui
805 5298 903 5334 non
932 5299 1045 5334 sum
1074 5284 1259 5352 dignus
1280 5285 1448 5336 vocari
1471 5286 1749 5352 apostolus,
1771 5285 2010 5353 quoniam

430 5383 723 5446 persecutus
745 5389 855 5426 sum
878 5372 1159 5426 Ecclesium
1185 5374 1296 5428 Dei.
1317 5374 1447 5427 Tota
1468 5376 1600 5429 ratio
1626 5375 1906 5442 praedicati.
1930 5375 2011 5427 nis

437 5479 635 5520 nostrae
667 5467 780 5519 lucc
806 5477 885 5520 est
905 5510 918 5535 ,
952 5475 1009 5519 ut
1040 5465 1485 5520 I‘CSlll'l'CClitﬂctll
1513 5468 1775 5531 credatis;
1806 5465 1905 5519 hoc
1928 5475 2011 5519 est

432 5563 575 5611 tot...
609 5559 884 5627 prmtuium
929 5558 992 5613 iis
1018 5560 1107 5629 qui
1148 5558 1359 5612 Christo
1387 5560 1695 5613 deserviunt
1727 5576 1739 5609 :
1775 5558 2007 5627 al-oquiu

435 5649 733 5712 anperlluus
762 5660 844 5707 est
869 5653 1041 5707 omnis
1068 5650 1213 5706 labor
1237 5650 1581 5720 jejuniorutu,
1606 5660 1762 5718 atque
1791 5649 2006 5705 tribula-

2125 4562 2235 4607 tum
2259 4564 2363 4609 est.
2393 4554 2644 4610 Primitias
2690 4559 3070 4613 dormientium.
3114 4562 3176 4617 Si
3208 4574 3380 4631 caput
3412 4560 3710 4619 resurrexit.

2124 4658 2349 4699 necesse
2388 4655 2474 4699 est
2519 4658 2576 4700 ut
2612 4658 2819 4703 caetera.
2853 4665 3075 4719 quoque
3114 4654 3373 4709 membra
3420 4659 3714 4723 sequantur.

2123 4737 2244 4804 quia
2270 4737 2467 4803 primus
2498 4738 2551 4791 in
2578 4738 3086 4807 incorruptibilitate
3118 4746 3450 4799 resurrexit.
3481 4740 3716 4808 Quoniam

2120 4827 2325 4896 quidem
2343 4843 2431 4892 per
2457 4830 2712 4881 hominem
2744 4845 2902 4895 mors,
2927 4840 2972 4884 et
2999 4848 3101 4899 per
3131 4833 3411 4887 hominem
3434 4829 3719 4887 resurrectio

2123 4929 2455 4972 mortuorum.
2501 4918 2651 4973 Sicut
2674 4935 2766 4986 per
2798 4920 2964 4974 Adam
2994 4936 3159 4977 mors
3196 4925 3443 4985 intravit,
3469 4923 3591 4991 quia
3622 4921 3720 4986 ipse

2116 5007 2322 5076 primus
2349 5018 2430 5061 est
2455 5020 2715 5074 mortuus,
2746 5013 2816 5064 ita
2849 5019 2903 5064 et
2941 5025 3040 5077 per
3068 5012 3364 5067 Christum
3387 5009 3714 5073 resurrectio,

2112 5096 2238 5165 quia
2289 5096 2403 5164 ipse
2443 5098 2647 5166 primus
2683 5102 3021 5155 resurrexit:
3060 5104 3215 5156 situt
3264 5104 3360 5159 ille
3399 5106 3568 5156 latina
3616 5115 3719 5151 tnu-

2116 5188 2389 5257 rientium,
2430 5194 2499 5243 ita
2523 5204 2576 5245 et
2603 5192 2702 5245 istc
2742 5192 2910 5247 forma
2940 5198 3403 5261 resurgentium.
3441 5196 3505 5248 Et
3534 5189 3723 5246 sicutin

2117 5284 2280 5335 Adam
2308 5296 2482 5336 ontnes
2508 5287 2816 5349 moriuntur,
2842 5286 2915 5338 ita
2935 5296 2980 5340 et
3010 5286 3069 5339 in
3106 5286 3335 5341 Christo
3371 5304 3550 5341 onmes
3582 5283 3728 5347 viviﬁ-

2112 5374 2383 5427 cabuntur.
2430 5374 2578 5440 Quod
2624 5377 2868 5439 moritur,
2923 5375 3024 5428 hoc
3100 5379 3378 5446 resurgit.
3438 5379 3727 5444 ltesurget‘e

2113 5481 2217 5518 non
2261 5467 2471 5531 dicitur,
2514 5468 2615 5521 nisi
2665 5469 2805 5536 quad
2850 5467 3073 5522 cecidit.
3125 5471 3272 5525 Nam
3336 5489 3519 5541 neque
3566 5472 3728 5524 anima

2113 5562 2355 5615 mortalis
2379 5572 2479 5627 est,
2513 5562 2750 5630 quamvis
2796 5571 3018 5627 peccato
3044 5563 3123 5615 sit
3155 5574 3387 5618 triortua
3415 5583 3429 5617 :
3468 5576 3641 5633 neque
3683 5560 3729 5612 in

2112 5650 2223 5718 ipsa
2250 5667 2341 5705 sua
2370 5653 2661 5707 substantia
2683 5652 2868 5721 iacuit,
2901 5653 3023 5721 quia
3078 5653 3452 5725 incorporea.
3488 5654 3596 5710 Sed
3622 5665 3732 5706 cor-
