3968 6166
265 346 371 400 545

1052 350 1116 405 ΙΝ
1160 348 1543 406 EPISTOLAM
1587 350 1601 403 Ι
1645 347 1734 403 AD
1776 343 2183 401 COMNTHIOS
2224 343 2744 400 COMMENTARIA.

3433 348 3537 405 εις

264 482 367 538 pus
412 466 645 537 alioquin
674 481 892 536 surgere
935 469 1102 539 magis
1138 483 1295 538 quam
1343 483 1620 539 resurgere
1665 469 1846 522 direre
1879 476 1921 527 Α
1954 482 2037 519 ma
2066 466 2383 521 humilitatis
2409 481 2669 535 apparere
2698 484 2713 520 :
2741 476 2859 536 post
2888 467 3139 537 judicium
3184 484 3309 522 vero
3326 483 3439 539 jam
3466 468 3541 523 ita

267 557 830 629 potuit.Unusquisque
852 567 1020 611 autem
1051 562 1101 613 in
1132 577 1226 612 suo
1248 560 1445 612 ordine.
1472 560 1748 628 Temporis
1772 559 1877 612 vel

202 708 205 711 _
267 650 511 703 honoris.
547 648 801 704 Primitia:
827 650 1076 705 Christus.
1102 650 1169 704 Ut
1194 651 1437 721 superius
1464 652 1597 705 dixit
1628 653 1857 706 :Primi-

266 740 356 793 tim
382 739 783 794 dormientium.
817 738 1011 794 Deinde
1032 741 1071 793 ii
1096 742 1185 810 qui
1209 752 1326 794 sunt
1344 742 1533 796 Christi
1562 742 1615 796 in
1636 744 1854 796 adventu

265 833 401 899 eius.
440 832 497 886 ln
526 832 753 885 adventu
776 833 894 901 ejus
924 848 1030 887 non
1064 834 1242 901 modo,
1274 835 1369 889 sed
1398 836 1450 890 in
1481 836 1708 889 adventu
1738 835 1856 904 ejus

268 924 572 993 resurge‘nt.
620 924 817 977 Deinde
852 925 991 994 finit.
1039 927 1173 980 Cum
1226 928 1462 982 omnium
1512 929 1854 991 resurrccdo,

272 1022 401 1068 tunc
440 1014 543 1069 erit
587 1014 705 1068 ﬁnis
735 1017 943 1069 mortis.
974 1015 1100 1071 Cum
1140 1019 1427 1072 tradiderit.
1452 1020 1857 1075 Calumniantur

272 1105 457 1159 Ariani
501 1104 743 1160 dicentes
769 1121 782 1158 :
812 1106 865 1161 Si
906 1106 1063 1161 tradit
1091 1106 1230 1163 illius
1258 1125 1480 1179 regnum
1510 1111 1643 1181 patri
1666 1152 1679 1173 ,
1714 1118 1859 1179 pont-

272 1209 436 1264 quam
484 1195 763 1250 tradiderit
803 1211 1049 1265 regnum,
1089 1197 1203 1267 ipse
1232 1214 1455 1269 regnare
1484 1198 1593 1268 jam
1630 1199 1856 1256 desinet.

275 1285 491 1350 Quibus
521 1286 949 1355 respondendum
984 1298 1065 1343 est
1094 1305 1106 1341 :
1139 1289 1194 1343 Si
1228 1290 1345 1346 ideo
1375 1285 1513 1345 [ilius
1536 1306 1640 1347 non
1669 1306 1860 1363 regna-

276 1375 396 1438 bit,
430 1380 551 1445 quia
577 1393 797 1447 regnum
818 1378 1106 1433 traditurus
1132 1389 1213 1435 est
1241 1381 1397 1449 patri,
1433 1396 1562 1452 ergo
1584 1396 1682 1437 nec
1711 1392 1859 1453 pater

276 1478 469 1537 regnat
520 1477 804 1538 antequam
835 1471 885 1524 ei
918 1471 1158 1525 tradatur
1184 1487 1215 1527 a
1244 1473 1372 1529 ηἰίο.
1403 1473 1494 1528 Sin
1540 1483 1717 1529 autem
1765 1489 1860 1544 pa-

279 1564 362 1610 ter
395 1572 501 1610 non
528 1567 651 1612 tunc
702 1560 931 1627 primum
966 1564 1234 1630 regnavit,
1283 1567 1524 1631 quamvis
1546 1574 1669 1620 tunc
1697 1568 1866 1622 susci-

277 1648 420 1717 piat,
444 1647 523 1702 sic
544 1665 640 1703 nec
674 1650 835 1716 illius,
867 1655 1109 1721 quamxis
1142 1655 1312 1709 tradat
1351 1671 1593 1725 regnum,
1635 1658 1860 1714 amittet.

281 1738 484 1793 lterum
517 1752 839 1809 proponunt,
875 1745 1015 1812 quod
1044 1744 1318 1814 subjectus
1344 1748 1445 1802 erit
1468 1749 1602 1818 patri
1634 1769 1645 1804 :
1671 1750 1864 1820 impios

1956 572 2035 617 est
2052 564 2344 635 subjectus,
2365 563 2413 616 id
2430 573 2507 618 est
2518 605 2532 628 ,
2551 578 2825 617 connexus
2839 564 2923 618 vel
2939 567 3210 632 perunitus
3229 568 3386 618 homo
3400 565 3532 629 Deo,

1963 668 2016 711 ut
2048 672 2152 729 non
2179 657 2289 727 jam
2318 669 2563 726 appareat
2591 657 2693 710 nisi
2723 656 3001 720 divinitas,
3033 658 3169 712 sicut
3209 658 3326 726 ejus
3358 676 3538 713 sermo

1955 748 2191 803 declarat
2221 764 2233 800 :
2267 748 2333 801 Et
2377 750 2441 801 sit
2480 746 2621 801 Deus
2643 747 2811 799 omnia
2841 747 2893 798 in
2936 748 3187 801 omnibus.
3211 747 3537 803 Subauditttr

1959 839 2291 907 temporibus
2309 857 2319 890 :
2337 838 2421 893 vel
2441 850 2590 893 certe
2613 838 2732 906 quia
2764 836 2922 891 modo
2945 838 3201 900 nondum,
3217 840 3341 906 quia
3361 841 3541 896 adhuc

1959 930 2171 999 corpori
2193 929 2309 999 ejus
2338 931 2621 997 resistitur,
2655 930 2778 982 dum
2812 944 2916 984 non
2947 945 3006 984 ea
3039 945 3158 999 qua:
3188 931 3433 985 volumus
3457 934 3538 985 ta-

1958 1022 2146 1085 cimus,
2174 1024 2295 1091 quia
2309 1036 2436 1075 caro
2455 1021 2629 1075 adhuc
2650 1022 2979 1090 concupiscit
2996 1022 3254 1078 adversus
3267 1024 3539 1092 Spiritum,

1958 1112 2178 1181 Spiritus
2197 1121 2375 1166 autem
2391 1112 2651 1167 adversus
2670 1126 2909 1167 carnem.
2932 1112 3000 1167 lit
3014 1112 3086 1167 sit
3113 1114 3250 1169 Deus
3265 1114 3537 1168 omnibus.

1961 1207 2127 1262 Totus
2144 1206 2197 1261 in
2211 1207 2455 1262 omnibus
2477 1208 2809 1263 dominator:
2832 1223 2973 1263 nunc
2997 1208 3172 1263 adhuc
3200 1224 3304 1262 non
3321 1219 3403 1263 est
3424 1225 3541 1261 orn-

1963 1298 2050 1353 nia
2081 1300 2131 1353 in
2163 1298 2432 1362 omnibus,
2466 1300 2589 1367 quia
2614 1299 2808 1367 singuli
2841 1298 3010 1352 sancti
3041 1299 3281 1352 diversas
3314 1300 3540 1353 virtutes

1964 1388 2146 1459 ejusin
2171 1404 2229 1443 se
2254 1390 2634 1444 ltabent.'l‘nnc
2664 1398 2838 1444 autem
2858 1389 3099 1443 universa
3132 1404 3267 1443 unus
3299 1389 3537 1451 habebit,

1964 1493 2019 1536 et
2044 1483 2145 1534 erit
2178 1484 2288 1550 ipse
2304 1483 2479 1535 Omnia
2510 1482 2559 1534 in
2577 1482 2840 1534 omnibus.
2873 1479 2998 1534 ltern
3029 1480 3156 1547 quid
3186 1493 3408 1535 sanctus
3431 1481 3544 1534 Att-

1965 1572 2206 1641 gns‘tinus
2249 1572 2531 1641 episcopus
2572 1572 2799 1624 senserit
2833 1570 3189 1638 (Augustinus,
3230 1571 3283 1623 in
3323 1569 3450 1623 libro
3479 1571 3543 1623 de

1970 1662 2193 1717 Diversis
2224 1662 2565 1731 quwstionib.,
2600 1661 2863 1731 qmestion.
2906 1660 3023 1724 66),
3054 1660 3366 1715 videamus:
3396 1661 3545 1715 Tunc

1970 1762 2023 1807 et
2050 1754 2165 1821 ipse
2196 1753 2334 1807 Iilius
2356 1752 2626 1820 subjectus
2658 1752 2758 1804 erit
2794 1753 2839 1803 ei
2867 1750 2955 1819 qui
2988 1750 3061 1803 illi
3088 1750 3319 1819 subjecit
3341 1752 3544 1815 omnia,

282 1831 410 1885 illos
432 1846 575 1898 esse,
619 1834 708 1901 qui
748 1834 904 1888 etiam
943 1837 1102 1891 modo
1143 1848 1337 1907 negant
1385 1841 1527 1894 illum
1560 1842 1610 1895 in
1641 1858 1867 1913 corpore
1899 1835 1943 1894 B
1971 1857 2024 1900 ut
2051 1846 2121 1899 sit
2153 1848 2288 1901 Deus
2318 1845 2493 1898 omnia
2519 1844 2571 1897 in
2621 1843 2889 1896 omnibus.
2941 1842 3104 1897 llecte
3150 1845 3405 1911 quaeritur
3447 1844 3549 1898 hoc

279 1935 383 1974 suo
411 1923 548 1988 patri
578 1937 696 1977 esse
726 1924 1044 1993 sahjectum.
1074 1927 1348 1995 Snbjectio
1374 1945 1500 1985 vero
1521 1949 1625 1986 non
1656 1946 1867 2002 semper

281 2012 349 2066 ad
382 2012 792 2069 diminutionem
817 2017 1065 2085 pertinet.
1090 2018 1219 2073 Nam
1244 2021 1460 2089 spiritus
1488 2023 1865 2092 prophetarum

283 2102 563 2171 prophetis
590 2103 862 2173 subjectus
902 2116 1022 2171 est.
1074 2118 1133 2162 ut
1175 2125 1280 2164 non
1319 2112 1386 2168 sit
1415 2112 1551 2169 Dens
1578 2114 1871 2170 dissensio-

282 2195 405 2258 nis,
433 2195 526 2249 sed
546 2198 713 2265 pacis.
746 2197 997 2268 Regnum.
1030 2201 1267 2258 Traditio
1296 2216 1473 2259 autem
1508 2209 1655 2276 regni
1686 2217 1870 2263 noster

285 2286 569 2354 prolectus
590 2296 846 2349 est,cum
869 2305 990 2346 esse
1035 2308 1099 2346 ex
1132 2295 1337 2364 integro
1376 2296 1469 2350 lilii
1518 2300 1869 2357 meruerimus

290 2379 347 2431 in
383 2381 550 2446 patris
576 2395 821 2451 regnum,
855 2397 973 2437 cum
1005 2385 1436 2456 incorruptibiles
1472 2389 1643 2445 factos
1671 2392 1871 2449 electos

284 2483 420 2522 suos
457 2470 523 2522 ad
566 2473 1066 2540 contemplationem
1110 2476 1253 2531 illam
1293 2478 1635 2546 perduxerit,
1674 2482 1739 2536 de
1768 2498 1871 2553 qua

289 2558 352 2612 ll.
382 2557 617 2614 Joannes
644 2562 769 2616 dicit
804 2580 817 2616 :
845 2563 1157 2622 Videbimus
1193 2584 1312 2624 cum
1344 2570 1496 2625 sicuti
1526 2580 1627 2625 est.
1660 2572 1872 2629 Tenen—

283 2647 414 2702 dum
442 2651 672 2718 primum
704 2661 819 2719 est,
866 2655 1006 2724 quod
1051 2655 1150 2711 hoc
1191 2658 1309 2712 loco
1339 2660 1623 2729 Apostolus
1670 2679 1773 2719 non
1805 2664 1872 2720 de

289 2738 579 2806 Trinitate,
611 2741 704 2795 5rd
731 2741 798 2796 de
826 2745 1220 2801 resurrectione
1246 2748 1383 2818 agit,
1412 2763 1570 2820 quam
1600 2750 1664 2805 de
1693 2751 1872 2807 Domi.

290 2829 373 2894 ni,
428 2830 481 2885 id
526 2841 640 2897 est,
692 2832 922 2890 hominis
974 2838 1233 2904 assumpti
1283 2841 1529 2909 exemplo
1571 2848 1869 2897 conlirmat.

294 2921 549 2994 Regnum.
574 2924 813 2994 Regnum
842 2925 938 2980 Dei
979 2929 1294 2986 naturaliter
1320 2932 1532 3000 quidem
1563 2948 1657 3004 per
1695 2937 1870 2989 omnia

290 3027 396 3078 est,
431 3032 551 3086 quae
580 3017 693 3087 ipse
734 3021 1040 3089 constituit;
1094 3024 1188 3080 sed
1234 3034 1357 3081 tunc
1386 3028 1600 3098 proprie
1650 3044 1874 3097 regnare

292 3104 493 3160 dicitur
536 3108 674 3163 Deus
719 3150 736 3176 ,
791 3126 911 3166 cum
970 3114 1042 3167 illi
1096 3116 1291 3170 iuerint
1334 3119 1575 3174 homines
1605 3119 1872 3175 volun'ate

1972 1939 2109 2001 loco,
2139 1948 2312 1993 utrum
2352 1936 2643 1993 secundum
2687 1950 2827 2004 perst
2848 1950 3035 1988 narum
3066 1934 3450 2003 proprie'ates,
3478 1950 3546 1988 an

1971 2028 2265 2082 secundum
2301 2028 2532 2082 hominis
2574 2025 2973 2094 susceptionem
3006 2024 3294 2093 Aposto'us
3332 2025 3552 2079 dixerit.

1971 2120 2152 2175 Solent
2166 2120 2566 2175 circumstantia
2584 2121 2876 2189 Scriptura:
2891 2121 3193 2176 illuminare
3206 2122 3547 2186 sententiam,

1972 2227 2092 2266 cum
2122 2227 2184 2267 ea
2213 2227 2332 2281 qua:
2377 2213 2517 2267 circa
2551 2212 2880 2281 Scriptnram
2910 2221 3032 2267 sunt
3063 2220 3377 2281 praesentem
3404 2228 3554 2280 qua:-

1973 2304 2203 2357 stionem
2230 2304 2590 2372 contingentia
2615 2302 2851 2372 diligenti
2876 2302 3208 2357 discussione
3232 2308 3550 2355 tractantur.

1973 2393 2279 2448 Invenimus
2306 2393 2482 2462 itaque
2507 2394 2579 2447 ita
2599 2402 2817 2447 ventum
2849 2406 2969 2447 esse
2996 2392 3059 2445 ad
3092 2393 3232 2446 hunc
3264 2392 3458 2455 locum,
3493 2403 3554 2446 ut

1972 2502 2131 2557 supra
2178 2489 2381 2543 diceret
2414 2505 2427 2540 :
2458 2488 2609 2542 Nunc
2666 2498 2845 2541 autem
2896 2488 3140 2541 Christus
3193 2490 3486 2543 resurrexit
3520 2504 3551 2544 a

1974 2580 2218 2645 mortui~',
2233 2579 2479 2649 primitiae
2496 2580 2871 2636 dormientium
2891 2595 2906 2644 ;
2923 2582 3112 2649 agebat
3132 2581 3273 2637 enim
3289 2581 3355 2636 de
3370 2596 3550 2636 resur-

1974 2672 2211 2725 rectione
2266 2680 2630 2737 mortuorum,
2681 2671 2821 2740 quod
2884 2672 2935 2724 in
2984 2671 3211 2727 Domino
3257 2674 3552 2727 secundum

1972 2753 2367 2833 susceptionem
2419 2764 2649 2818 hominis
2699 2765 2893 2819 factum
2938 2774 3040 2820 est.
3088 2764 3423 2821 Manifestum
3472 2776 3557 2820 est

1973 2869 2103 2923 ergo
2132 2855 2235 2910 hoc
2276 2855 2570 2910 secundum
2624 2856 3021 2924 susceptionem
3069 2855 3297 2910 hominis
3327 2857 3551 2911 dictum.

1975 2947 2080 3003 Sed
2109 2947 2209 3001 alia
2244 2949 2297 3001 in
2324 2948 2425 3001 hoc
2456 2947 2689 3016 capitulo
2717 2949 2853 3003 solet
2882 2949 3105 3016 quaestio
3132 2949 3352 3003 oboriri.
3375 2949 3555 3004 Primo

1974 3037 2099 3108 quid
2128 3037 2329 3092 dictum
2351 3046 2454 3106 est,
2478 3036 2611 3091 Cum
2636 3037 2913 3091 tradidi-rit
2935 3053 3156 3107 regnum
3186 3038 3295 3093 Deo
3316 3048 3366 3093 et
3387 3039 3553 3106 Patri,

1975 3129 2127 3199 quasi
2173 3143 2313 3183 nunc
2342 3142 2447 3183 non
2491 3138 2668 3183 teneat
2699 3143 2919 3197 regnum
2959 3129 3147 3195 l‘a'ev';
3200 3131 3391 3186 deinde
3430 3130 3556 3201 quid

284 3194 548 3265 subjecti,
582 3198 720 3253 sicut
771 3216 936 3271 regno
990 3202 1185 3257 diaboli
1229 3220 1288 3261 se
1334 3215 1523 3275 sponte
1573 3209 1870 3276 subject're.

1978 3222 2176 3277 dictum
2202 3233 2301 3287 eSt,
2329 3222 2551 3290 Oportet
2575 3221 2716 3275 enim
2746 3222 2888 3275 illum
2923 3238 3166 3289 regnare,
3199 3223 3370 3278 donec
3398 3235 3559 3293 ponat

284 3282 402 3338 Deo
441 3296 489 3338 et
528 3284 696 3341 Patri.
719 3289 824 3343 Deo
849 3292 1140 3345 secundum
1173 3291 1581 3363 humanitatem,
1619 3296 1759 3361 Patri
1791 3312 1872 3353 se-

282 3376 527 3431 cundum
554 3378 890 3435 dvinitatem
922 3391 1013 3437 :et
1054 3383 1173 3439 ideo
1195 3384 1267 3438 ait
1293 3385 1401 3442 Deo
1444 3393 1499 3442 et
1548 3388 1711 3444 Patri.
1747 3388 1875 3443 Cum

282 3475 612 3533 concitaverit
661 3493 884 3532 onmem.
941 3477 1219 3533 Evacuans
1262 3479 1491 3550 peccatis
1539 3482 1877 3539 evacuab‘tur

288 3580 521 3634 regnum
552 3582 741 3621 eorum
773 3584 801 3621 a
836 3568 1013 3623 nobis.
1046 3568 1418 3639 Principatum.
1452 3571 1582 3639 Quia
1614 3574 1873 3641 sequeba-

285 3672 413 3711 mur
434 3657 576 3721 illos,
613 3657 856 3713 iaciendo
886 3661 1207 3715 Voluntatem
1228 3677 1433 3716 eorum.
1465 3663 1531 3716 Et
1551 3675 1869 3733 potestatem.

285 3749 425 3815 Quia
474 3751 885 3805 dominabantur
933 3753 1104 3807 nobis.
1152 3751 1214 3806 Et
1266 3756 1675 3826 ri.tutent.Quia
1701 3759 1877 3815 vince-

285 3838 423 3892 bant
489 3839 588 3894 sibi
656 3841 881 3895 inirnici.
944 3841 1156 3912 Oportet
1209 3854 1377 3898 autent
1437 3846 1584 3901 illum
1640 3865 1874 3919 regnare.

288 3931 540 4003 Regnare
577 3946 674 4000 pro
696 3932 935 3995 judicare
968 3933 1167 4003 posuit.
1198 3932 1371 3989 Donec
1398 3948 1556 4003 ponat
1583 3955 1753 3993 omnes
1775 3942 1876 3992 ini.

286 4023 451 4073 micas
481 4020 571 4073 sub
596 4022 806 4088 pedibus
832 4024 963 4086 eius.
998 4023 1220 4090 Quando
1242 4025 1331 4078 alii
1377 4028 1535 4081 erunt
1582 4029 1873 4098 voluntate,

294 4109 391 4162 alii
443 4112 763 4169 necessitate
816 4112 1067 4182 subjecti.
1108 4112 1398 4168 Nat'istima
1446 4126 1616 4169 autem
1673 4118 1879 4173 inimica

290 4200 383 4254 des
406 4210 602 4255 ruetur.
668 4201 784 4256 Non
842 4204 942 4257 erit
996 4207 1138 4261 enim
1196 4206 1337 4260 aliud
1392 4208 1531 4275 quod
1579 4207 1879 4265 destrUatur

290 4307 514 4365 postea,
559 4312 681 4352 cum
719 4299 944 4352 mortale
976 4298 1078 4353 hoc
1125 4300 1357 4360 induerit
1401 4300 1877 4359 immortalitatem.

294 4385 459 4441 Mors.
525 4386 581 4441 In
635 4388 954 4459 Apocalypsi
1016 4399 1291 4459 peccatum
1349 4399 1403 4444 et
1454 4406 1598 4445 mors
1648 4395 1879 4462 appella-

290 4486 378 4532 tur
428 4477 550 4546 quia
582 4488 769 4533 auetor
795 4490 877 4533 est
916 4480 1124 4534 mortis.
1162 4480 1348 4534 Omnia
1377 4482 1512 4535 enim
1553 4483 1762 4554 subjecit
1789 4482 1879 4537 sub

1978 3326 2165 3367 omnes
2188 3313 2433 3368 inimicos
2478 3327 2605 3367 suos
2628 3313 2725 3367 sub
2758 3312 2981 3381 pedibus
3006 3316 3115 3366 suis
3148 3330 3160 3366 :
3194 3315 3341 3381 quasi
3376 3325 3561 3383 postea

1979 3421 2085 3459 non
2107 3406 2177 3461 sit
2199 3421 2351 3475 regor
2366 3414 2533 3470 turns,
2553 3415 2607 3459 ct
2622 3406 2686 3459 ad
2714 3408 2812 3460 huc
2827 3406 2995 3460 valeat
3019 3405 3158 3474 quod
3181 3420 3338 3476 supra
3359 3407 3563 3461 dictum

1979 3506 2063 3553 est
2097 3517 2109 3551 :
2142 3498 2345 3552 Deinde
2387 3498 2536 3564 linis;
2563 3498 2699 3564 quod
2733 3498 2967 3552 lueretici
3012 3498 3267 3566 sacrilega
3308 3499 3565 3568 opinions

1981 3588 2057 3642 sic
2095 3588 2382 3657 accipiunt,
2415 3588 2570 3657 quasi
2604 3588 2761 3643 linem
2786 3588 3007 3654 dixerit,
3046 3592 3560 3644 consummationem
3588 3602 3591 3605 λ

1981 3680 2128 3751 regni
2152 3680 2267 3751 ejus
2297 3695 2454 3734 :cum
2480 3680 2531 3733 in
2568 3679 2855 3749 Evangelio
2882 3684 3137 3749 scriptum
3171 3684 3241 3734 sit
3274 3698 3286 3733 :
3319 3681 3384 3733 Et
3412 3681 3563 3749 regni

1980 3772 2095 3839 ejus
2124 3784 2226 3825 non
2249 3772 2353 3825 erit
2393 3770 2529 3824 linis.
2563 3768 2843 3824 Postremo
2872 3769 3012 3838 quod
3041 3770 3237 3823 d’ctum
3269 3778 3349 3824 est
3382 3786 3395 3822 :
3427 3770 3560 3824 Cum

1980 3838 2155 3916 autem
2188 3862 2238 3916 ei
2262 3861 2436 3914 omnia
2482 3838 2723 3928 subjecta
2756 3858 2985 3923 iuerint,
3013 3868 3136 3912 tunc
3170 3868 3222 3912 et
3248 3860 3361 3929 ipse
3394 3858 3562 3914 Filius

1980 3953 2249 4023 Snbjectus
2271 3952 2371 4007 erit
2393 3952 2491 4017 illi,
2522 3953 2662 4021 quis
2691 3951 2740 4005 bi
2769 3950 2993 4020 subjecit
3024 3949 3224 4014 omnia,
3257 3951 3337 4006 sic
3378 3951 3567 4007 volunt

1982 4044 2223 4114 intelligi,
2258 4044 2405 4113 quasi
2446 4057 2586 4097 nunc
2630 4052 2721 4096 aut
2764 4042 2963 4112 aliquid
2997 4041 3076 4096 Fil
3100 4060 3132 4096 ο
3160 4057 3263 4096 non
3286 4042 3355 4095 sit
3382 4042 3565 4115 subje-

1980 4147 2147 4201 ctum,
2174 4146 2263 4190 aut
2292 4137 2433 4190 Patri
2467 4150 2572 4189 non
2602 4135 2671 4189 sit
2701 4138 2813 4204 ipse
2844 4134 3137 4203 subjectus.
3165 4120 3375 4189 Genere
3400 4135 3562 4205 igitur

1982 4229 2264 4285 locutionis
2286 4229 2512 4284 solvitur
2534 4228 2757 4297 qumstio
2786 4246 2798 4280 :
2822 4228 2896 4281 sic
2914 4229 3057 4281 enim
3089 4227 3348 4295 piernmqt
3372 4245 3401 4282 e
3423 4228 3572 4282 Ξενία

1982 4327 2134 4388 ptura
2162 4319 2412 4387 loquitur,
2440 4328 2496 4373 ut
2526 4317 2662 4374 ouod
2694 4332 2911 4387 semper
2932 4327 3036 4382 est,
3069 4326 3193 4372 tunc
3218 4317 3327 4372 ﬁeri
3356 4317 3568 4373 dicatur

1982 4411 2033 4464 in
2058 4409 2258 4478 aliquo,
2281 4424 2399 4463 cum
2430 4410 2497 4464 ab
2526 4424 2588 4463 eo
2616 4408 2864 4481 cognosci
2898 4409 3139 4474 coeperit.
3179 4409 3247 4461 Ita
3273 4409 3413 4460 enim
3439 4408 3567 4460 dicio

1987 4517 2105 4557 mus
2129 4503 2178 4554 in
2197 4500 2436 4555 Oratione
2459 4500 2756 4555 dominica:
2780 4500 3155 4557 Sanctiﬁcetur
3181 4515 3372 4554 nomen
3396 4509 3573 4563 tuum,

291 4579 511 4649 pedibus
538 4583 673 4650 ejus.
709 4578 873 4632 David
903 4578 1005 4632 hoc
1037 4579 1101 4633 de
1149 4579 1361 4634 homine
1383 4580 1529 4635 dicit.
1556 4580 1683 4634 Cum
1716 4591 1884 4636 autem
1910 4550 1960 4610 Β
1987 4608 2095 4646 non
2146 4592 2296 4661 quasi
2347 4592 2631 4659 aliquando
2680 4601 2921 4647 sanctum
2977 4607 3080 4646 non
3119 4591 3209 4646 sit.
3263 4590 3402 4661 Ergo
3432 4591 3573 4644 sicut

291 4670 454 4731 client,
477 4670 647 4721 omnia
674 4672 899 4737 su‘jecta
924 4679 1041 4721 sunt
1058 4671 1123 4722 ετ.
1148 4668 1371 4739 Propter
1389 4670 1730 4728 calumniam.
1758 4671 1884 4726 Sine

292 4762 453 4814 dubio
483 4773 666 4829 praeter
718 4776 832 4815 eum
872 4761 958 4829 qui
1003 4761 1213 4833 subjecit
1252 4762 1298 4815 ei
1334 4762 1520 4816 omnia.
1553 4762 1753 4827 Deum,
1794 4763 1884 4832 qui

293 4859 494 4912 eratin
527 4857 641 4925 ipso
686 4856 884 4911 mundo
928 4858 1279 4915 reconcilians
1320 4859 1441 4915 sibi.
1482 4858 1571 4914 Vel
1617 4871 1762 4915 certe
1795 4876 1885 4931 pa-

298 4955 431 5001 trem
461 4946 819 5017 intellige,qui
846 4947 1043 5003 nullam
1069 4948 1426 5005 conditionem
1450 4951 1756 5019 assumpsit,
1783 4967 1885 5022 qua

298 5048 495 5102 debeat
522 5060 640 5101 esse
670 5047 962 5115 subjectus.
997 5046 1126 5102 Cum
1150 5055 1319 5101 autem
1342 5048 1570 5118 subjecta
1594 5052 1783 5116 fuerint
1806 5051 1881 5104 illi

301 5139 495 5192 omnia.
527 5138 751 5205 Quando
777 5147 831 5194 et
858 5138 980 5194 boni
1012 5148 1067 5194 et
1107 5137 1231 5193 mali
1272 5138 1497 5204 subjecti
1526 5149 1703 5195 erunt.
1752 5139 1884 5194 Tum

306 5232 412 5294 ipse
432 5230 574 5298 ﬁlius
595 5232 850 5300 subjectus
871 5232 967 5287 erit
989 5230 1093 5294 illi,
1112 5230 1199 5298 qui
1228 5229 1323 5283 sibi
1355 5230 1564 5301 subjecit
1589 5232 1779 5285 omnia.
1810 5232 1885 5287 De

305 5323 642 5389 subiectione
669 5324 884 5394 quidam
917 5324 1119 5387 dicunt,
1144 5322 1282 5376 sicut
1303 5321 1355 5375 in
1387 5326 1747 5379 esurienchus
1772 5341 1887 5381 esu-

306 5418 392 5476 rit,
420 5416 505 5469 vel
537 5416 774 5484 pascitur
805 5416 858 5469 in
885 5413 1141 5484 strhjeCtis
1157 5413 1310 5470 suis:
1342 5413 1440 5468 loc
1470 5425 1582 5480 est,
1617 5415 1671 5471 in
1696 5431 1890 5482 corpo-

310 5518 365 5560 re
391 5520 493 5559 suo
516 5506 629 5575 ipse
656 5504 957 5574 subjicitur,
1002 5506 1251 5575 autquod
1283 5507 1393 5575 ipsa
1428 5504 1661 5558 humana
1700 5515 1887 5559 natura

311 5596 360 5648 in
388 5597 681 5666 gratiarum
712 5596 924 5652 actiOne
952 5596 1142 5653 debeat
1173 5611 1295 5651 esse
1320 5595 1488 5665 subje.
1510 5604 1557 5648 ta
1588 5595 1663 5649 illi
1694 5596 1883 5649 divini-

313 5689 401 5741 tati
443 5702 562 5755 qua:
599 5686 709 5756 jam
741 5702 923 5742 secum
953 5702 1114 5743 unum
1152 5687 1395 5743 iaciendo
1430 5688 1478 5742 ei
1503 5686 1683 5741 omnia
1711 5686 1890 5755 subje-

314 5778 462 5831 terit.
487 5778 683 5834 Aliter:
708 5777 762 5830 1η
783 5777 982 5844 judicio
1005 5792 1224 5833 necesse
1249 5788 1327 5835 est
1345 5793 1467 5837 eum
1491 5779 1678 5836 iterum
1704 5778 1755 5830 in
1783 5776 1891 5834 ior-

1986 4676 2345 4736 sanctii‘tcetur
2366 4692 2475 4742 est,
2496 4695 2739 4753 sanetum
2758 4698 2875 4736 esse
2903 4686 3230 4747 innotescat,
3262 4682 3332 4734 ita
3360 4695 3577 4749 qunque

1987 4786 2106 4826 cum
2136 4771 2425 4833 tradiderit
2443 4788 2663 4843 regnum
2693 4773 2799 4827 Deo
2822 4783 2875 4826 et
2904 4772 3075 4837 Patri,
3109 4772 3159 4825 id
3191 4781 3293 4840 est,
3319 4788 3437 4825 cum
3474 4772 3575 4824 Pa-

1990 4871 2125 4918 trem
2149 4879 2373 4933 regnare
2415 4865 2813 4931 mous:raverit,
2847 4873 2902 4917 ut
2935 4880 3030 4930 per
3059 4864 3290 4931 Speciem
3344 4847 3571 4916 manil'c-

1990 4955 2381 5025 stationemque
2412 4955 2691 5018 clarescat,
2725 4953 2862 5024 quod
2898 4968 3036 5007 nunc
3068 4968 3097 5005 a
3132 4953 3374 5005 ﬁdelibus
3396 4951 3579 5007 credi-

1990 5053 2096 5111 tur,
2142 5053 2197 5099 et
2223 5046 2289 5099 ab
2321 5043 2622 5099 inﬁdelibus
2654 5059 2758 5098 non
2790 5051 3025 5111 putatur.
3059 5043 3233 5095 Evacu
3272 5041 3348 5095 bit
3389 5053 3573 5097 autem

1990 5150 2202 5191 omnem
2251 5136 2627 5205 principatum,
2678 5145 2733 5191 et
2778 5144 3134 5205 potestatem,
3183 5136 3579 5192 manifestaudo

1990 5226 2173 5296 utique
2204 5241 2423 5295 regnum
2450 5227 2654 5281 Patris:
2681 5238 2736 5281 ut
2760 5227 3006 5282 omnibus
3030 5238 3211 5283 notum
3240 5228 3332 5295 si',
3369 5228 3577 5282 nulfnm

1993 5318 2289 5387 principum
2318 5327 2373 5372 et
2406 5327 2726 5384 potestatum
2752 5360 2766 5383 ,
2814 5320 2928 5377 sive
2950 5320 3250 5376 creti-stium
3272 5360 3287 5385 ,
3320 5323 3432 5374 sive
3460 5331 3570 5373 ter-

1993 5408 2269 5473 restrium,
2304 5423 2397 5477 pcr
2426 5422 2484 5462 se
2517 5407 2766 5464 lt.buisse
2786 5408 2983 5478 aliquid
3018 5409 3346 5479 principatus
3383 5420 3437 5461 et
3479 5423 3579 5477 po-

1997 5504 2203 5556 testatis
2229 5519 2239 5556 :
2262 5502 2356 5556 sed
2388 5501 2455 5559 ab
2488 5502 2601 5568 illo,
2627 5517 2688 5558 ex
2716 5518 2821 5571 quo
2862 5512 2984 5557 sunt
3014 5503 3222 5567 omnia,
3260 5517 3364 5557 non
3396 5504 3573 5558 solum

1998 5580 2401 5659 utsintfverum
2425 5598 2583 5651 etiam
2607 5606 2663 5652 ut
2684 5596 2928 5651 ordinata
2951 5595 3078 5649 sint.
3107 5595 3160 5648 In
3186 5594 3271 5648 illa
3301 5594 3443 5648 enim
3472 5611 3577 5647 ma-

1999 5685 2342 5742 niiestatione
2373 5687 2503 5742 nulli
2534 5702 2657 5756 spes
2686 5687 2856 5756 aliqua
2891 5685 3188 5742 remanebit
3213 5686 3264 5739 in
3305 5700 3575 5755 quoquam

2000 5776 2257 5849 principe,
2287 5789 2375 5834 aut
2404 5779 2453 5834 in
2477 5794 2740 5849 quoquam
2771 5778 2983 5832 nomine
3015 5793 3027 5831 :
3062 5776 3211 5850 quod
3244 5775 3403 5831 etiam
3435 5789 3579 5834 nunc
