3904 6176
415 277 512 332 547

1504 273 1661 334 PRIM
1674 276 1793 334 ΑΒΗ
1838 287 1873 331 A
1886 274 2280 332 DRUMETANI
2321 275 2536 333 EPISC.

3490 287 3574 342 5'18
3601 345 3604 348 .

413 399 715 470 prophetico
742 400 947 454 canitur
979 416 994 452 :
1027 397 1230 451 Bonum
1270 403 1353 452 est
1390 408 1608 466 sperare
1639 397 1692 450 in
1718 396 1968 459 Domino,
2002 398 2047 453 Α
2077 392 2404 459 destruatur,
2434 400 2779 462 posteaquam
2808 394 3028 448 mortale
3053 394 3372 452 hocinde-rit
3395 397 3580 458 immor-

411 506 566 558 quam
589 502 805 559 sperare
835 489 887 541 in
919 488 1152 542 homine.
1187 487 1389 542 Bonum
1421 495 1506 540 est
1531 501 1750 554 sperare
1786 486 1836 539 in
1871 486 1974 538 Dn-

414 582 577 647 mino,
603 596 757 649 quam
789 594 1005 646 sperare
1046 579 1096 631 in
1145 578 1472 646 principibus
1503 594 1517 630 :
1551 587 1607 630 ut
1636 579 1731 632 ista
1757 577 1976 630 medita-

413 671 556 725 tione
596 671 770 722 anima
810 668 917 735 jam
947 668 996 719 in
1023 683 1238 736 regnum
1273 666 1441 721 Patris
1467 676 1729 735 assurgat,
1764 681 1861 720 nec
1885 681 1976 720 ett-

417 761 654 828 jusquam
692 767 1004 826 potestatem
1047 768 1240 824 praeter
1279 758 1422 812 illum
1447 759 1846 829 magnifaciens,
1879 773 1977 830 nec

418 864 509 902 sua
538 849 636 902 sibi
681 847 795 913 ipsa
836 848 1282 914 perniciosissiuie
1311 847 1608 903 blandiens.
1641 849 1826 902 Tradit
1849 863 1976 918 ergo

419 950 640 1006 regnum
669 939 775 990 Deo
819 949 868 990 et
920 937 1085 1000 l‘atri,
1135 953 1254 990 cum
1288 951 1380 1005 per
1410 937 1553 992 illum
1600 953 1695 1006 per
1745 939 1975 1006 Speciem

418 1030 753 1096 cognoscitur
783 1029 953 1081 Pater.
982 1026 1218 1094 Regnum
1242 1028 1382 1082 enim
1404 1027 1520 1096 ejus
1541 1038 1684 1090 sunt,
1719 1028 1768 1080 in
1787 1029 1976 1096 quibus

420 1131 558 1172 mmc
601 1126 780 1186 regnat
831 1132 924 1182 per
954 1117 1132 1173 (idem.
1164 1119 1333 1170 Aliter
1359 1120 1500 1172 enim
1530 1119 1721 1172 dicitur
1756 1133 1974 1186 regnum

418 1207 611 1262 Christi
654 1209 942 1262 secundum
992 1218 1306 1275 potestatem
1357 1210 1688 1273 divinitatis,
1746 1213 1884 1280 quod
1926 1213 1974 1266 ei

417 1306 601 1353 cuncta
631 1308 866 1350 creatura
913 1299 1148 1364 subjecti
1191 1311 1272 1353 est
1298 1317 1311 1352 :
1339 1309 1394 1354 et
1421 1301 1576 1356 aliter
1603 1317 1824 1368 regnum
1857 1304 1973 1369 ejus

416 1385 607 1439 dicitur
634 1387 886 1447 lict-lusa,
912 1388 1198 1442 secundum
1226 1391 1600 1457 proprietatem
1629 1391 1746 1446 lidei
1779 1407 1894 1458 que
1925 1393 1974 1444 in

418 1477 510 1532 illo
538 1487 648 1543 est,
683 1480 973 1530 secundum
1001 1479 1137 1546 quod
1167 1481 1390 1548 oratqui
1417 1479 1543 1534 dicit
1567 1497 1579 1533 :
1609 1481 1834 1535 Posside.
1858 1497 1974 1534 nos.

415 1567 596 1633 Neque
621 1569 759 1621 enim
784 1583 886 1622 non
911 1570 1023 1635 ipse
1048 1570 1279 1636 possidet
1301 1569 1498 1632 omnia,
1523 1571 1812 1623 secundum
1836 1571 1975 1636 quod

417 1657 607 1711 dicitur
634 1658 792 1711 etiam
839 1657 965 1710 illud
995 1676 1005 1709 :
1037 1659 1167 1711 Cum
1196 1659 1334 1712 servi
1356 1661 1546 1713 essetis
1569 1661 1790 1727 peccati,
1824 1661 1972 1715 liberi

2079 483 2356 537 talitatem.
2375 484 2564 536 Omnia
2581 485 2722 537 enim
2751 483 2979 552 subjecit
3004 485 3099 538 sub
3117 487 3322 551 pedibus
3340 489 3475 556 ejus:
3500 490 3583 548 hoc

2077 581 2189 635 est,
2222 581 2277 624 ut
2306 573 2465 626 etiam
2493 581 2719 625 mortem
2764 572 3022 625 destruat.
3061 575 3186 627 Cum
3221 589 3382 630 autem
3402 577 3583 648 dixerit,

2077 662 2196 727 quia
2223 663 2398 712 omnia
2417 661 2653 727 subjecta
2683 673 2828 728 sunt,
2847 662 3044 715 dixerit
3064 663 3161 716 hoe
3181 665 3347 732 utique
3366 667 3587 735 propheta

2080 748 2130 802 in
2167 750 2389 805 Psalmis
2420 767 2433 805 :
2459 751 2818 817 manifestum,
2849 751 2969 822 quia
3001 758 3406 824 prmtereumqtti
3433 758 3587 824 subje-

2077 838 2151 891 cit
2181 837 2255 891 illi
2283 839 2481 903 omnia,
2503 838 2714 893 Patrem
2741 842 2854 894 vult
2879 841 3096 910 inte'ligi
3111 845 3277 896 omnia
3302 843 3422 898 Filio
3441 847 3592 911 sub,'c-

2077 929 2216 982 cisse
2243 947 2257 982 :
2282 929 2419 984 sicut
2449 931 2632 984 multis
2663 931 2790 984 locis
2819 932 2959 986 idem
2991 933 3235 987 Dominus
3262 935 3312 987 in
3347 937 3592 1006 Evangelia

2076 1023 2413 1072 commendat
2441 1031 2493 1074 et
2528 1021 2797 1088 pradicat,
2833 1039 2936 1076 non
2965 1024 3133 1077 solum
3173 1035 3374 1092 prepter
3401 1027 3592 1082 formam

2077 1107 2239 1174 servi,
2275 1109 2366 1162 sed
2396 1109 2557 1166 etiam
2605 1122 2819 1180 propter
2850 1113 3184 1182 principium,
3219 1115 3282 1167 de
3307 1133 3403 1185 quo
3429 1128 3526 1178 est,
3551 1127 3596 1172 cl

2079 1199 2146 1251 de
2177 1214 2280 1262 quo
2303 1199 2520 1267 mqualis
2545 1211 2625 1254 est
2652 1202 2697 1253 ei
2725 1202 2790 1254 de
2810 1219 2915 1270 quo
2932 1213 3032 1256 est.
3057 1206 3202 1258 Amat
3228 1207 3360 1258 enim
3383 1227 3389 1254 ;
3409 1207 3438 1260 tl
3460 1224 3594 1262 unum

2078 1287 2394 1354 principium
2425 1291 2623 1344 referre
2647 1291 2845 1354 omnia,
2877 1300 3122 1362 tanquam
3155 1296 3319 1365 imago
3345 1300 3450 1363 ejus
3478 1316 3491 1351 :
3517 1300 3595 1353 scd

2077 1375 2132 1431 in
2181 1393 2284 1446 quo
2333 1378 2590 1432 inhabitat
2633 1381 2808 1432 omnis
2834 1382 3110 1450 plenitudo
3160 1384 3191 1434 d
3217 1386 3456 1440 vinitatas.
3481 1387 3594 1440 Cum

2077 1477 2254 1521 autem
2285 1469 2334 1521 ei
2364 1471 2541 1522 omnia
2565 1471 2796 1540 stbjecta
2831 1471 3054 1538 fuerint,
3089 1483 3209 1528 tunc
3251 1484 3302 1528 et
3331 1476 3434 1543 ipse
3463 1477 3602 1532 Filius

2079 1559 2347 1628 subjectus
2375 1562 2476 1614 erit
2520 1563 2588 1624 ei,
2621 1563 2709 1630 qui
2741 1563 2816 1616 ilii
2859 1563 3086 1632 sui‘jecit
3114 1566 3284 1619 omnia
3316 1583 3327 1616 :
3360 1583 3452 1618 non
3473 1569 3600 1635 quasi

2080 1651 2238 1704 modo
2268 1665 2372 1704 non
2405 1654 2474 1704 ita
2503 1653 2595 1714 sit,
2627 1653 2718 1707 sed
2752 1663 2877 1708 tunc
2923 1655 3260 1708 manifestum
3289 1657 3416 1718 erit,
3442 1671 3604 1710 secun-

415 1748 576 1802 era‘is
599 1747 840 1817 justitim.
872 1747 1159 1802 Evacuabit
1196 1764 1324 1818 ergo
1350 1765 1560 1804 omnem
1594 1751 1972 1817 principatum,

2077 1737 2200 1793 dum
2223 1740 2544 1795 locutionem
2565 1742 2808 1808 superius
2835 1753 3134 1797 tractatam.
3165 1743 3230 1797 Ut
3258 1747 3322 1798 sit
3348 1745 3470 1798 Deus
3503 1763 3598 1799 om-

417 1848 470 1892 et
498 1853 704 1892 omnem
736 1847 1069 1906 potestatem,
1098 1851 1152 1894 et
1195 1841 1436 1895 virtutem
1459 1883 1473 1907 ,
1505 1851 1559 1894 ut
1592 1844 1718 1896 nulli
1765 1843 1974 1898 Patrem

416 1927 636 1981 intuenti
663 1943 754 1995 prr
787 1927 974 1980 Filium
1005 1943 1138 1996 opus
1179 1930 1250 1984 sit
1278 1939 1370 1982 aut
1391 1931 1554 1985 libeat
1581 1931 1632 1984 in
1663 1933 1972 2000 cujusquam

415 2028 691 2083 creaturae,
722 2021 803 2074 vel
836 2022 887 2073 in
919 2038 1010 2075 sua
1041 2024 1420 2092 conquiescere
1447 2033 1728 2092 potcrtate.
1755 2025 1978 2094 Oportet

416 2110 554 2163 enim
591 2125 710 2163 emn
743 2126 964 2178 regnare
990 2112 1160 2167 donec
1190 2122 1348 2182 ponat
1376 2130 1561 2170 omnes
1585 2115 1825 2170 inimictis
1851 2132 1975 2171 suos

415 2201 512 2252 sub
531 2202 752 2268 pedibus
768 2203 878 2256 suis
897 2220 910 2255 :
930 2204 980 2271 id
999 2213 1100 2268 est,
1121 2213 1331 2273 oportet
1347 2221 1563 2275 regnum
1586 2208 1700 2278 ejus
1718 2208 1974 2264 intantum

415 2288 760 2355 manifestari,
776 2291 945 2345 donec
959 2308 1143 2348 omnes
1157 2295 1353 2351 inimici
1371 2295 1483 2364 ejus
1506 2297 1604 2366 ipsi
1620 2312 1741 2353 cum
1756 2312 1977 2368 regnare

416 2381 696 2434 fateantur.
734 2381 842 2436 Hoc
873 2398 974 2436 non
1009 2384 1335 2454 intelligitur,
1367 2386 1470 2441 sub
1515 2387 1733 2454 pedibus
1753 2388 1871 2458 ejus
1896 2389 1976 2443 fu-

417 2477 563 2524 turos
589 2470 850 2527 inimicos.
876 2474 1023 2539 Quod
1052 2476 1095 2527 si
1123 2474 1193 2528 .de
1216 2474 1372 2542 justis
1416 2478 1814 2546 acceperimus,
1858 2480 1976 2534 ideo

415 2560 610 2613 dictum
635 2570 715 2615 est
743 2561 1006 2626 initnieus,
1032 2563 1151 2631 quia
1190 2579 1256 2618 ex
1285 2566 1494 2631 injustis
1511 2566 1890 2636 justifieautur,
1923 2577 1979 2622 et

413 2651 461 2703 ei
492 2649 757 2703 credendo
805 2651 1120 2706 subduntnr.
1173 2654 1247 2708 De
1295 2653 1506 2724 injustis
1545 2666 1724 2712 autem
1773 2661 1860 2727 qui
1907 2659 1972 2712 ad

413 2738 671 2824 LlSlOl'llm
712 2740 1089 2798 beatitudinem
1132 2743 1360 2799 futuram
1411 2761 1515 2800 non
1562 2747 1851 2816 pertinent,
1899 2751 1976 2804 sic

414 2828 774 2897 accipiendum
813 2841 924 2891 est.
955 2833 1203 2902 quoniam
1231 2844 1285 2889 et
1332 2835 1431 2905 ipsi
1463 2852 1582 2891 eum
1611 2853 1834 2907 regnare
1864 2838 1974 2909 ipsa

416 2919 563 2986 regni
591 2916 707 2985 ejus
732 2938 759 2969 ιι
784 2920 1155 2976 anilestatione
1199 2922 1406 2980 confusi
1451 2925 1782 2982 fatebuntur.
1831 2929 1974 3000 Ergo

414 3019 620 3078 oportet
649 3026 769 3066 eum
810 3028 1030 3080 regnare
1055 3053 1070 3076 ,
1104 3013 1272 3069 donec
1302 3026 1466 3084 ponat
1509 3033 1698 3075 omnes
1731 3019 1976 3079 inimicos

2080 1833 2165 1886 nia
2194 1831 2245 1884 in
2271 1833 2540 1886 omnibus.
2574 1833 2689 1901 Ipse
2713 1843 2797 1889 est
2827 1835 2946 1888 linis
2974 1851 3132 1904 quem
3149 1851 3302 1905 supra
3327 1850 3604 1891 commemo-

2078 1923 2232 1988 ravit,
2261 1939 2380 1976 cum
2411 1933 2578 1979 totum
2607 1925 2775 1992 primo
2808 1925 3041 1979 breviter
3091 1927 3248 1980 vellet
3287 1927 3599 1990 concludere,

2077 2015 2268 2081 deinde
2299 2016 2445 2082 quasi
2477 2014 2812 2069 membratim
2843 2031 2908 2070 ex
2921 2016 3121 2082 plicare
3151 2030 3202 2070 et
3230 2033 3497 2084 exponere.
3521 2017 3601 2068 Lo-

2078 2105 2336 2176 qucbatur
2391 2105 2534 2158 enim
2587 2104 2654 2159 de
2705 2105 3129 2168 resurrectione,
3175 2105 3262 2159 ubi
3290 2108 3391 2158 ait:
3423 2105 3636 2186 Initium.

2077 2193 2353 2264 Christus,
2399 2196 2593 2250 deinde
2646 2196 2679 2250 ii
2732 2197 2819 2265 qui
2875 2209 2994 2250 sunt
3029 2195 3225 2252 Christi
3264 2196 3315 2251 in
3361 2196 3602 2264 praesentia

2077 2284 2217 2354 ejus,
2252 2286 2443 2340 deinde
2464 2285 2605 2339 linis.
2638 2285 2757 2354 Ipse
2783 2285 2986 2341 scilicet
3009 2286 3132 2340 ﬁnis
3154 2295 3263 2352 est,
3295 2297 3348 2340 ut
3379 2289 3445 2340 sit
3487 2287 3603 2339 Deus

2077 2375 2256 2429 omnia
2287 2374 2340 2428 in
2371 2373 2636 2428 omnibus.
2672 2374 2844 2428 Aliter
2870 2377 3011 2429 enim
3048 2377 3240 2430 dicitur
3264 2376 3375 2430 lini.
3399 2377 3479 2444 qui
3505 2391 3600 2442 per-

2001 2468 2014 2479 ‘
2081 2463 2214 2517 tinet
2236 2464 2299 2515 ad
2326 2463 2858 2530 consummationem,
2887 2464 3044 2518 aliter
3065 2467 3153 2533 qui
3179 2469 3397 2535 pertinet
3420 2467 3477 2518 ad
3497 2481 3603 2517 con-

2078 2554 2460 2622 sumptionem.
2495 2555 2662 2609 Aliter
2685 2556 2827 2608 enim
2859 2556 3037 2608 tunica
3065 2557 3242 2609 linitur
3277 2555 3505 2620 texendo,
3531 2555 3604 2608 ali-

2077 2651 2159 2696 ter
2196 2644 2346 2696 cibus
2371 2642 2718 2697 comedendo.
2751 2641 2892 2696 Deus
2913 2652 3096 2697 autem
3121 2647 3294 2697 omnia
3320 2645 3367 2697 in
3392 2643 3603 2695 omnibus

2076 2735 2293 2796 dicitur.
2309 2743 2364 2787 ut
2387 2747 2543 2788 nemo
2563 2748 2770 2800 eorum,
2793 2735 2882 2802 qui
2905 2735 2953 2788 ei
2975 2735 3273 2798 cohaerent,
3301 2743 3433 2788 amet
3454 2733 3603 2787 adver-

2079 2841 2172 2882 sus
2195 2841 2315 2882 eum
2343 2841 2491 2880 suam
2525 2818 2789 2894 propriam
2812 2826 3140 2881 voluntatem
3167 2845 3182 2879 :
3208 2824 3606 2892 manifestumque

2077 2917 2150 2972 sit
2191 2915 2468 2982 omnibus,
2510 2914 2649 2984 quod
2679 2914 2816 2969 idem
2849 2917 3140 2984 Apostolus
3179 2917 3284 2969 alio
3311 2917 3420 2970 loco
3455 2915 3602 2968 dicit:

2076 3006 2211 3076 Quid
2249 3019 2428 3088 au'em
2459 3005 2642 3070 babes,
2688 3003 2829 3073 quod
2871 3019 2976 3059 non
3006 3006 3302 3073 accepisti?
3342 3005 3468 3060 Sunt
3499 3005 3604 3058 item

414 3114 544 3154 suos
557 3100 654 3154 sub
671 3101 893 3169 pedibus
923 3105 1064 3156 suis:
1092 3119 1194 3158 non
1218 3107 1290 3158 ita
1315 3106 1514 3162 dictum
1531 3119 1632 3172 est,
1652 3111 1822 3179 quasi,
1851 3127 1970 3168 cum

2077 3099 2167 3169 qui
2190 3097 2267 3154 sic
2287 3097 2582 3166 intelligant
2603 3095 2744 3150 hunc
2771 3096 2945 3150 locum
2979 3114 2990 3148 :
3023 3097 3252 3165 Oportet
3275 3113 3387 3151 eum
3415 3110 3606 3165 regnare

416 3189 651 3259 posuerit
685 3191 928 3246 inimicos
977 3208 1104 3248 Suos
1155 3196 1256 3250 sub
1311 3196 1532 3266 pedibus
1575 3206 1718 3267 suis,
1752 3217 1856 3256 non
1907 3205 1980 3259 sit

415 3290 596 3348 postea
627 3288 940 3350 regnaturus
966 3297 980 3336 :
1006 3284 1100 3337 sed
1131 3293 1340 3353 oportet
1365 3302 1484 3342 eum
1517 3303 1762 3360 regnare,
1803 3293 1974 3349 donec

415 3380 576 3440 ponat
595 3388 780 3430 omnes
802 3374 1043 3431 inimicos
1071 3393 1195 3432 suos
1224 3380 1322 3434 sub
1348 3381 1569 3448 pedibus
1595 3385 1729 3438 suis.
1753 3386 1976 3454 Oportet

417 3476 567 3527 eum,
603 3463 802 3533 inquit,
839 3465 904 3519 ad
955 3477 1152 3522 tantam
1191 3471 1510 3526 evidentiam
1563 3488 1714 3527 suum
1753 3491 1974 3545 regnum

415 3553 723 3621 perducere,
761 3554 928 3610 donec
974 3556 1170 3611 inimici
1202 3559 1316 3628 ejus
1357 3561 1502 3616 nullo
1548 3563 1704 3618 modo
1745 3565 1975 3618 audeant

415 3655 608 3710 negare
635 3643 772 3712 quod
806 3656 1003 3711 regnat.
1040 3647 1329 3714 interdum,
1353 3649 1542 3719 donec,
1577 3653 1797 3707 verbum
1825 3671 1973 3709 sacra

413 3731 620 3799 eloquia
651 3747 744 3799 pro
775 3732 1150 3803 conjunctione
1190 3747 1570 3810 sumunt,~.qua
1609 3749 1664 3795 et
1694 3744 1773 3797 vel
1801 3753 1858 3797 ut
1897 3749 1976 3797 itt-

414 3825 632 3879 indicari
662 3835 853 3895 potest.
886 3827 1014 3882 Nam
1038 3831 1328 3897 scriptum:
1363 3832 1542 3888 Donec
1571 3837 1779 3905 peperit
1810 3837 1971 3891 filium

419 3931 596 3983 suum,
652 3915 702 3969 id
733 3925 834 3983 est,
863 3925 919 3972 et
951 3922 1154 3988 peperit
1183 3921 1347 3974 filium
1380 3937 1555 3977 suum.
1585 3923 1850 3994 Scriptum
1895 3938 1976 3983 est

411 4013 568 4057 ettam
601 4021 614 4056 :
643 4003 796 4059 Oculi
840 4009 1005 4062 nostri
1051 4008 1114 4061 ad
1148 4009 1427 4064 Dominum
1482 4013 1646 4067 Deum
1697 4025 1972 4082 nostrum,

412 4096 578 4150 donec
600 4097 1095 4153 misereaturuostri
1131 4117 1144 4152 :
1175 4101 1222 4153 id
1247 4110 1348 4166 est,
1373 4109 1431 4156 ut
1448 4102 1762 4158 misereatur
1785 4105 1972 4160 nostri.

412 4184 521 4240 Nec.
552 4185 670 4240 ideo
699 4195 872 4240 tatnen
893 4227 908 4252 ,
939 4204 1059 4242 cum
1089 4190 1338 4244 misertus
1374 4193 1541 4246 nostri
1569 4191 1758 4260 fuerit,
1788 4198 1974 4250 oculos

411 4280 476 4328 ab
498 4294 560 4332 co
587 4279 841 4334 debemus
871 4288 1136 4336 avettere.
1170 4281 1431 4337 lntantum
1463 4293 1546 4339 est
1579 4286 1719 4340 enim
1748 4287 1986 4343 beatitu-'

410 4368 480 4420 do
510 4377 710 4433 nostra,
747 4369 1057 4436 inquantum
1097 4371 1211 4438 ejus
1252 4375 1704 4442 contemplatione
1743 4379 1972 4444 perfrui-

2080 3191 2249 3244 donec
2278 3200 2436 3258 ponat
2467 3203 2654 3242 omnes
2681 3187 2926 3242 inimicos
2966 3203 3098 3242 suos
3127 3189 3227 3243 sub
3256 3189 3465 3260 pedibus
3487 3187 3607 3250 suis;

2079 3288 2139 3335 ιιι
2159 3280 2256 3334 sub
2282 3279 2383 3333 alia
2409 3277 2795 3349 signiﬁcatione
2825 3279 3059 3348 positum
3085 3279 3171 3334 hic
3197 3280 3369 3334 dicant
3395 3290 3608 3347 regnare,

2079 3384 2183 3424 non
2223 3370 2322 3423 sub
2374 3384 2436 3422 ea
2477 3383 2577 3436 qua
2606 3366 2834 3436 positum
2883 3376 2967 3420 est
3001 3383 3262 3437 regnum,
3294 3367 3357 3422 de
3382 3382 3478 3436 quo
3514 3368 3607 3417 ait:

2077 3461 2206 3517 Cum
2231 3459 2504 3514 tradiderit
2534 3474 2753 3528 regnum
2780 3457 2888 3512 Deo
2915 3468 2968 3513 ct
2997 3459 3144 3514 Patri
3168 3476 3182 3522 ;
3215 3471 3267 3512 ιιι
3299 3457 3419 3512 illud
3442 3459 3510 3510 {Ic
3528 3470 3608 3524 apo

2079 3551 2353 3619 peilaverit
2401 3563 2650 3618 regnum,
2701 3564 2804 3617 quo
2849 3549 3158 3602 universam
3185 3550 3322 3604 Deus
3348 3558 3610 3603 creaturam

2079 3643 2253 3704 regit:
2288 3640 2389 3694 hoc
2428 3653 2604 3693 autem
2634 3638 2711 3692 sic
2747 3639 3103 3707 appellaverit
3131 3654 3371 3708 regnare,
3402 3647 3455 3691 ut
3481 3636 3608 3689 intel-

2077 3733 2270 3798 ligatur
2297 3738 2546 3798 tanquam
2579 3731 2831 3785 adversus
2861 3731 3072 3786 hostem
3102 3733 3397 3788 exercitum
3423 3730 3608 3790 ducere,

2075 3825 2156 3876 Vel
2198 3821 2482 3876 defendere
2525 3821 2826 3886 civitatem;
2877 3831 2934 3876 ut
2984 3823 3106 3877 ideo
3150 3823 3343 3878 dixerit
3375 3840 3386 3873 :
3420 3823 3610 3888 Oportet

2075 3928 2195 3965 cum
2242 3926 2484 3978 regnare,
2512 3912 2682 3966 donec
2712 3921 2869 3978 ponat
2898 3926 3096 3965 omnes
3131 3913 3372 3966 inimicos
3399 3926 3515 3965 suos
3532 3909 3614 3962 sub

2077 4001 2298 4071 pedibus
2325 4005 2436 4055 suis
2463 4043 2474 4057 .
2506 4001 2624 4068 quia
2655 4001 2772 4053 talis
2798 4002 2944 4070 regni
2970 4043 2986 4066 ,
3021 4005 3182 4071 quale
3229 4003 3419 4056 habent
3449 3999 3612 4068 princi-

2079 4106 2172 4160 pes
2193 4100 2543 4153 armatorum,
2579 4088 2722 4142 nulla
2752 4089 2853 4142 erit
2877 4104 3045 4142 causa
3066 4131 3082 4156 ,
3109 4093 3262 4145 hoste
3285 4091 3350 4143 ita
3384 4088 3615 4156 subjecto,

2077 4192 2131 4235 ut
2172 4181 2372 4235 bellare
2426 4196 2526 4234 non
2561 4182 2747 4242 possit.
2803 4179 2936 4232 Nam
2999 4184 3186 4249 utique
3225 4182 3417 4234 dictum
3457 4187 3532 4233 est
3575 4180 3615 4228 iu

2078 4274 2364 4343 Evangello
2393 4291 2404 4326 :
2436 4273 2498 4328 Et
2545 4273 2695 4341 regni
2740 4271 2856 4342 ejus
2889 4287 2993 4328 non
3024 4277 3130 4326 erit
3171 4273 3324 4338 ﬁnis,
3355 4270 3617 4326 secundum

2075 4369 2215 4436 quod
2247 4376 2431 4436 regnat
2459 4367 2510 4420 in
2542 4377 2834 4420 azternum:
2866 4367 3164 4421 secundum
3188 4380 3365 4420 autem
3388 4364 3518 4434 quod
3539 4362 3616 4412 ad-

412 4472 550 4508 tnur.
575 4457 662 4510 Sic
691 4471 816 4526 ergo
837 4469 888 4510 et
921 4459 1020 4510 huc
1056 4458 1253 4512 dictum
1286 4469 1370 4515 est
1403 4479 1416 4512 :
1445 4464 1728 4516 Oculorum
1767 4475 1974 4518 nostro-
2007 4451 2052 4510 Ῑ)
2080 4475 2264 4517 versus
2287 4460 2553 4516 diabolum
2593 4460 2692 4515 sub
2723 4475 2787 4514 eo
2821 4460 3096 4526 militatur,
3135 4461 3318 4514 tardiu
3343 4460 3440 4512 crit
3461 4458 3621 4524 utique

412 4561 526 4598 runt
555 4545 777 4599 intentio
803 4548 866 4599 ad
906 4549 1180 4602 Dominum
1207 4566 1307 4604 non
1341 4553 1646 4622 porrigitur,
1675 4555 1774 4609 nisi
1801 4571 1968 4626 usque

411 4635 474 4687 ad
507 4635 927 4702 impt-trationcm
961 4639 1336 4692 misericordiae
1365 4643 1682 4708 ipsiuszuou
1711 4653 1768 4696 ut
1791 4653 1971 4712 postea

411 4728 533 4782 inde
566 4740 852 4794 avertatur,
881 4729 974 4782 sed
1013 4740 1069 4782 ut
1119 4730 1250 4784 nihil
1283 4732 1404 4786 inde
1447 4734 1672 4800 amplius
1717 4735 1968 4802 requirat.

413 4820 584 4874 Donec
611 4836 738 4891 ergo
769 4837 864 4890 pro
885 4835 949 4874 eo
969 4821 1196 4889 positum
1216 4833 1317 4885 est,
1351 4833 1403 4874 ut
1430 4837 1531 4874 non
1562 4823 1788 4888 amplius
1815 4826 1971 4878 intel-

412 4910 552 4976 ligat.
578 4912 691 4976 Quo
711 4911 849 4964 enim
875 4911 1125 4979 amplius,
1146 4913 1194 4964 id
1223 4919 1326 4976 est,
1354 4913 1596 4979 usquead
1621 4929 1778 4978 quam
1809 4915 1972 4981 maju-

412 5014 522 5051 rem
551 5001 1027 5057 manilestationem
1058 5002 1481 5056 manifestabitur
1497 5017 1716 5071 regnmn
1739 5004 1968 5065 Christi,

410 5089 507 5142 nisi
539 5103 812 5158 quousque
833 5108 1017 5146 oumes
1041 5093 1235 5147 inimici
1269 5107 1390 5148 cum
1425 5107 1646 5162 regnare
1672 5092 1974 5148 fateantur?

410 5176 565 5231 Aliud
589 5185 668 5230 est
687 5191 834 5246 ergo,
857 5194 956 5231 non
975 5181 1198 5246 amplius
1217 5180 1561 5246 manifestari,
1580 5181 1722 5234 aliud
1745 5182 1974 5250 amplius

411 5287 514 5324 non
539 5284 870 5340 permanere.
891 5270 1000 5323 Non
1029 5273 1253 5340 amplius
1270 5272 1594 5327 manifestari
1616 5283 1702 5328 est
1729 5289 1833 5328 non
1857 5274 1971 5328 ﬁeri

410 5362 761 5428 manifestius;
789 5378 892 5416 non
924 5363 1147 5427 amplius
1165 5379 1496 5429 permanere,
1531 5380 1632 5417 nou
1667 5366 1778 5420 ticri
1797 5380 1975 5434 perse-

412 5457 702 5510 verantius.
721 5454 942 5524 Quando
954 5463 1127 5506 autem
1144 5453 1470 5509 manifestius
1481 5456 1580 5509 erit
1593 5472 1807 5524 regnum
1824 5457 1976 5511 Citri-

410 5549 473 5598 sti
512 5562 668 5614 quant
699 5562 820 5603 cum
850 5545 1095 5600 omnibus
1123 5545 1368 5599 claruerit
1395 5545 1654 5601 inimicis?
1682 5547 1976 5603 Novissime

413 5637 624 5689 inimica
665 5640 961 5694 destruetur
1006 5653 1148 5693 mars
1186 5655 1196 5689 τ
1227 5655 1328 5693 non
1374 5641 1513 5693 enim
1544 5643 1645 5697 erit
1675 5642 1813 5695 aliud
1837 5644 1972 5714 quod

2079 4562 2177 4607 ista
2205 4552 2388 4606 militia
2410 4592 2425 4614 ,
2457 4550 2629 4605 donec
2657 4561 2840 4618 ponat
2887 4565 3075 4605 omnes
3107 4552 3352 4604 inimicos
3381 4563 3498 4601 suos
3537 4549 3622 4598 sub

2082 4642 2300 4712 pedibus
2342 4636 2491 4695 sdis:
2524 4651 2706 4710 postea
2736 4655 2864 4695 vero
2903 4656 3005 4695 non
3035 4642 3161 4708 erit,
3207 4656 3329 4695 cum
3371 4654 3492 4707 pace
3521 4651 3620 4702 pcr-

2085 4741 2236 4802 petua
2269 4732 2620 4801 prrl‘:uemur.
2656 4731 2780 4785 limo
2803 4741 2978 4786 autem
3010 4732 3079 4786 ita
3109 4734 3252 4786 dicta
3275 4741 3426 4793 sum,
3457 4739 3510 4780 ut
3543 4743 3620 4779 nn-

2084 4827 2313 4878 verimus
2348 4823 2650 4890 diligentius
2680 4822 2839 4876 etiam
2860 4822 2989 4876 illud
3017 4823 3351 4878 considerari
3377 4830 3619 4890 oportere.

2081 4916 2372 4971 secundum
2398 4914 2524 4982 quid
2564 4924 2750 4984 regnet
2777 4929 2914 4968 nunc
2943 4914 3200 4968 Dominus
3228 4932 3245 4968 ;
3274 4913 3324 4967 id
3352 4922 3430 4966 est
3456 4924 3621 4963 secun-

2077 5005 2202 5060 dum
2229 5003 2682 5072 dispensationem
2705 5002 3023 5056 sacramenti
3065 5001 3151 5055 sui
3199 5017 3295 5069 per
3330 4994 3620 5052 incarnatio-

2080 5112 2198 5152 nem
2216 5106 2372 5164 atque
2393 5096 2715 5163 passionem.
2733 5093 2861 5148 Nam
2875 5092 3165 5149 secundum
3188 5092 3240 5147 id
3261 5091 3401 5161 quod
3415 5089 3622 5144 Verbum

2081 5188 2172 5242 Dei
2197 5196 2301 5251 est,
2329 5193 2434 5239 tam
2479 5179 2597 5240 sine
2630 5185 2762 5250 line,
2790 5198 2947 5254 quam
2984 5183 3098 5237 sine
3131 5182 3314 5250 initio,
3345 5195 3498 5250 quam
3524 5177 3623 5230 sine

2081 5277 2474 5333 intermissione
2502 5285 2585 5330 est
2617 5290 2834 5343 regnum
2877 5271 3013 5342 ejus.
3055 5271 3365 5326 Secundum
3394 5271 3443 5324 id
3468 5278 3623 5322 autem

2081 5367 2224 5439 quod
2257 5366 2490 5421 Verbum
2521 5380 2648 5421 caro
2674 5365 2870 5418 factum
2892 5373 2994 5431 est,
3017 5362 3184 5431 capit
3211 5377 3432 5433 regnare
3457 5361 3504 5413 in
3524 5371 3622 5409 cte-

2082 5456 2330 5512 dentibus
2347 5471 2442 5524 per
2469 5455 2626 5509 [idem
2649 5453 3028 5508 incarnationis
3047 5465 3183 5505 sum.
3205 5450 3359 5505 Unde
3378 5457 3460 5505 est
3483 5447 3624 5502 etiam

2079 5549 2228 5612 illud,
2261 5546 2520 5601 Dominus
2547 5545 2787 5615 regnavit
2815 5558 2845 5597 a
2875 5543 3036 5611 ligno.
3060 5540 3201 5594 Hine
3221 5551 3395 5595 autem
3423 5549 3625 5591 evacua-

2081 5641 2154 5693 vit
2187 5655 2398 5694 omnem
2443 5639 2815 5707 principatum,
2857 5642 2913 5688 et
2955 5646 3169 5688 omnem
3211 5639 3540 5699 potestatem,
3582 5634 3627 5676 et

2505 5855 2530 5878 κ
