  <div class='ocr_page' id='page_1' title='image "/cluster/home/n/w/nwhite01/storage/ocr_20150623/68/hvd.32044054758719/282.png"; bbox 0 0 3904 6176; ppageno 0'>
   <div class='ocr_carea' id='block_1_1' title="bbox 338 269 3598 354">
    <p class='ocr_par' dir='ltr' id='par_1_1' title="bbox 338 269 3598 354">
     <span class='ocr_line' id='line_1_1' title="bbox 338 269 3598 354; baseline 0.007 -23"><span class='ocrx_word' id='word_1_1' title='bbox 338 269 441 335; x_wconf 65' lang='lat' dir='ltr'><strong>sit!)</strong></span> <span class='ocrx_word' id='word_1_2' title='bbox 1112 278 1176 333; x_wconf 85' lang='lat' dir='ltr'><strong>iN</strong></span> <span class='ocrx_word' id='word_1_3' title='bbox 1218 280 1595 338; x_wconf 75' lang='lat' dir='ltr'><strong>EPISTULAM</strong></span> <span class='ocrx_word' id='word_1_4' title='bbox 1641 283 1656 336; x_wconf 95' lang='lat' dir='ltr'><strong>l</strong></span> <span class='ocrx_word' id='word_1_5' title='bbox 1698 282 1785 336; x_wconf 68' lang='lat' dir='ltr'><strong>an</strong></span> <span class='ocrx_word' id='word_1_6' title='bbox 1825 270 2232 342; x_wconf 74' lang='lat' dir='ltr'><strong>COBINTIIIOS</strong></span> <span class='ocrx_word' id='word_1_7' title='bbox 2270 274 2787 346; x_wconf 68' lang='grc' dir='ltr'>εοιιιιεΝτΑιιιΑ.</span> <span class='ocrx_word' id='word_1_8' title='bbox 3494 298 3598 354; x_wconf 74' lang='lat'><strong>550</strong></span> 
     </span>
    </p>
   </div>
   <div class='ocr_carea' id='block_1_2' title="bbox 336 392 3593 468">
    <p class='ocr_par' dir='ltr' id='par_1_2' title="bbox 336 392 3593 468">
     <span class='ocr_line' id='line_1_2' title="bbox 336 392 3593 468; baseline -0 -15"><span class='ocrx_word' id='word_1_9' title='bbox 336 400 613 461; x_wconf 83' lang='lat' dir='ltr'><strong>virtutem,</strong></span> <span class='ocrx_word' id='word_1_10' title='bbox 644 395 770 449; x_wconf 86' lang='lat' dir='ltr'><strong>dum</strong></span> <span class='ocrx_word' id='word_1_11' title='bbox 800 407 905 447; x_wconf 93' lang='lat' dir='ltr'><strong>non</strong></span> <span class='ocrx_word' id='word_1_12' title='bbox 930 406 1023 461; x_wconf 86' lang='lat' dir='ltr'><strong>per</strong></span> <span class='ocrx_word' id='word_1_13' title='bbox 1061 392 1353 448; x_wconf 86' lang='lat' dir='ltr'><strong>claritatem</strong></span> <span class='ocrx_word' id='word_1_14' title='bbox 1385 394 1520 463; x_wconf 84' lang='lat' dir='ltr'><strong>ejus,</strong></span> <span class='ocrx_word' id='word_1_15' title='bbox 1554 393 1646 448; x_wconf 81' lang='lat' dir='ltr'><strong>sed</strong></span> <span class='ocrx_word' id='word_1_16' title='bbox 1687 408 1778 461; x_wconf 87' lang='lat' dir='ltr'><strong>per</strong></span> <span class='ocrx_word' id='word_1_17' title='bbox 1811 392 1911 445; x_wconf 83' lang='lat' dir='ltr'><strong>liu-</strong></span> <span class='ocrx_word' id='word_1_18' title='bbox 1949 394 1994 451; x_wconf 87' lang='grc' dir='ltr'><strong>Λ</strong></span> <span class='ocrx_word' id='word_1_19' title='bbox 2024 401 2276 463; x_wconf 87' lang='lat' dir='ltr'><strong>tanquam</strong></span> <span class='ocrx_word' id='word_1_20' title='bbox 2310 397 2361 450; x_wconf 93' lang='lat' dir='ltr'><strong>in</strong></span> <span class='ocrx_word' id='word_1_21' title='bbox 2410 397 2613 461; x_wconf 88' lang='lat' dir='ltr'><strong>multis,</strong></span> <span class='ocrx_word' id='word_1_22' title='bbox 2645 398 2737 452; x_wconf 83' lang='lat' dir='ltr'><strong>sed</strong></span> <span class='ocrx_word' id='word_1_23' title='bbox 2762 406 3010 467; x_wconf 84' lang='lat' dir='ltr'><strong>tanquam</strong></span> <span class='ocrx_word' id='word_1_24' title='bbox 3042 401 3094 455; x_wconf 91' lang='lat' dir='ltr'><strong>in</strong></span> <span class='ocrx_word' id='word_1_25' title='bbox 3127 414 3254 468; x_wconf 87' lang='lat' dir='ltr'><strong>uno,</strong></span> <span class='ocrx_word' id='word_1_26' title='bbox 3302 414 3355 460; x_wconf 78' lang='lat' dir='ltr'><strong>nt</strong></span> <span class='ocrx_word' id='word_1_27' title='bbox 3402 412 3593 462; x_wconf 70' lang='lat' dir='ltr'><strong>genum</strong></span> 
     </span>
    </p>
   </div>
   <div class='ocr_carea' id='block_1_3' title="bbox 334 483 1916 546">
    <p class='ocr_par' dir='ltr' id='par_1_3' title="bbox 334 483 1916 546">
     <span class='ocr_line' id='line_1_3' title="bbox 334 483 1916 546; baseline -0.001 -5"><span class='ocrx_word' id='word_1_28' title='bbox 334 488 617 543; x_wconf 79' lang='lat' dir='ltr'><strong>mil&#39;tatem</strong></span> <span class='ocrx_word' id='word_1_29' title='bbox 672 486 819 539; x_wconf 80' lang='lat' dir='ltr'><strong>servi</strong></span> <span class='ocrx_word' id='word_1_30' title='bbox 876 487 1007 537; x_wconf 87' lang='lat' dir='ltr'><strong>liunt</strong></span> <span class='ocrx_word' id='word_1_31' title='bbox 1044 483 1328 538; x_wconf 80' lang='lat' dir='ltr'><strong>credentes</strong></span> <span class='ocrx_word' id='word_1_32' title='bbox 1383 486 1432 538; x_wconf 91' lang='lat' dir='ltr'><strong>in</strong></span> <span class='ocrx_word' id='word_1_33' title='bbox 1486 501 1630 546; x_wconf 89' lang='lat' dir='ltr'><strong>eum.</strong></span> <span class='ocrx_word' id='word_1_34' title='bbox 1674 486 1786 541; x_wconf 83' lang='lat' dir='ltr'><strong>lloc</strong></span> <span class='ocrx_word' id='word_1_35' title='bbox 1831 495 1916 540; x_wconf 87' lang='lat' dir='ltr'><strong>est</strong></span> 
     </span>
    </p>
   </div>
   <div class='ocr_carea' id='block_1_4' title="bbox 331 574 1912 644">
    <p class='ocr_par' dir='ltr' id='par_1_4' title="bbox 331 574 1912 644">
     <span class='ocr_line' id='line_1_4' title="bbox 331 574 1912 644; baseline 0 -13"><span class='ocrx_word' id='word_1_36' title='bbox 331 577 707 632; x_wconf 82' lang='lat' dir='ltr'><strong>absconditum</strong></span> <span class='ocrx_word' id='word_1_37' title='bbox 735 591 765 630; x_wconf 88' lang='lat' dir='ltr'><strong>a</strong></span> <span class='ocrx_word' id='word_1_38' title='bbox 792 574 1122 644; x_wconf 77' lang='lat' dir='ltr'><strong>sapientibus</strong></span> <span class='ocrx_word' id='word_1_39' title='bbox 1159 583 1213 629; x_wconf 82' lang='lat' dir='ltr'><strong>et</strong></span> <span class='ocrx_word' id='word_1_40' title='bbox 1264 577 1639 644; x_wconf 84' lang='lat' dir='ltr'><strong>prudentibus,</strong></span> <span class='ocrx_word' id='word_1_41' title='bbox 1674 586 1727 631; x_wconf 92' lang='lat' dir='ltr'><strong>et</strong></span> <span class='ocrx_word' id='word_1_42' title='bbox 1758 592 1912 631; x_wconf 84' lang='lat' dir='ltr'><strong>reve-</strong></span> 
     </span>
    </p>
   </div>
   <div class='ocr_carea' id='block_1_5' title="bbox 331 666 1913 737">
    <p class='ocr_par' dir='ltr' id='par_1_5' title="bbox 331 666 1913 737">
     <span class='ocr_line' id='line_1_5' title="bbox 331 666 1913 737; baseline 0.001 -17"><span class='ocrx_word' id='word_1_43' title='bbox 331 672 497 722; x_wconf 85' lang='lat' dir='ltr'><strong>latum</strong></span> <span class='ocrx_word' id='word_1_44' title='bbox 532 669 792 737; x_wconf 84' lang='lat' dir='ltr'><strong>parvolis,</strong></span> <span class='ocrx_word' id='word_1_45' title='bbox 821 667 1068 736; x_wconf 88' lang='lat' dir='ltr'><strong>quoniam</strong></span> <span class='ocrx_word' id='word_1_46' title='bbox 1116 666 1313 736; x_wconf 89' lang='lat' dir='ltr'><strong>placuit</strong></span> <span class='ocrx_word' id='word_1_47' title='bbox 1359 666 1467 721; x_wconf 88' lang='lat' dir='ltr'><strong>Deo</strong></span> <span class='ocrx_word' id='word_1_48' title='bbox 1513 682 1609 735; x_wconf 64' lang='lat' dir='ltr'><strong>per</strong></span> <span class='ocrx_word' id='word_1_49' title='bbox 1635 668 1913 721; x_wconf 89' lang='lat' dir='ltr'><strong>stultitiam</strong></span> 
     </span>
    </p>
   </div>
   <div class='ocr_carea' id='block_1_6' title="bbox 334 758 1916 829">
    <p class='ocr_par' dir='ltr' id='par_1_6' title="bbox 334 758 1916 829">
     <span class='ocr_line' id='line_1_6' title="bbox 334 758 1916 829; baseline -0.001 -15"><span class='ocrx_word' id='word_1_50' title='bbox 334 760 735 828; x_wconf 68' lang='lat' dir='ltr'><strong>praedicatioois</strong></span> <span class='ocrx_word' id='word_1_51' title='bbox 765 759 948 813; x_wconf 70' lang='lat' dir='ltr'><strong>salvos</strong></span> <span class='ocrx_word' id='word_1_52' title='bbox 977 758 1154 811; x_wconf 80' lang='lat' dir='ltr'><strong>facere</strong></span> <span class='ocrx_word' id='word_1_53' title='bbox 1198 760 1480 812; x_wconf 86' lang='lat' dir='ltr'><strong>credentes</strong></span> <span class='ocrx_word' id='word_1_54' title='bbox 1514 776 1525 811; x_wconf 87' lang='lat'><strong>:</strong></span> <span class='ocrx_word' id='word_1_55' title='bbox 1560 774 1732 827; x_wconf 86' lang='lat' dir='ltr'><strong>neque</strong></span> <span class='ocrx_word' id='word_1_56' title='bbox 1761 759 1916 829; x_wconf 80' lang='lat' dir='ltr'><strong>quid-</strong></span> 
     </span>
    </p>
   </div>
   <div class='ocr_carea' id='block_1_7' title="bbox 328 848 1912 921">
    <p class='ocr_par' dir='ltr' id='par_1_7' title="bbox 328 848 1912 921">
     <span class='ocr_line' id='line_1_7' title="bbox 328 848 1912 921; baseline -0.001 -18"><span class='ocrx_word' id='word_1_57' title='bbox 328 865 490 921; x_wconf 84' lang='lat' dir='ltr'><strong>quam</strong></span> <span class='ocrx_word' id='word_1_58' title='bbox 520 852 662 905; x_wconf 89' lang='lat' dir='ltr'><strong>inter</strong></span> <span class='ocrx_word' id='word_1_59' title='bbox 701 850 953 917; x_wconf 89' lang='lat' dir='ltr'><strong>parvulos</strong></span> <span class='ocrx_word' id='word_1_60' title='bbox 998 851 1134 903; x_wconf 89' lang='lat' dir='ltr'><strong>scire</strong></span> <span class='ocrx_word' id='word_1_61' title='bbox 1171 862 1229 903; x_wconf 91' lang='lat' dir='ltr'><strong>se</strong></span> <span class='ocrx_word' id='word_1_62' title='bbox 1285 848 1412 902; x_wconf 92' lang='lat' dir='ltr'><strong>dicit</strong></span> <span class='ocrx_word' id='word_1_63' title='bbox 1462 849 1779 915; x_wconf 82' lang='lat' dir='ltr'><strong>Apostolus,</strong></span> <span class='ocrx_word' id='word_1_64' title='bbox 1812 850 1912 904; x_wconf 88' lang='lat' dir='ltr'><strong>nisi</strong></span> 
     </span>
    </p>
   </div>
   <div class='ocr_carea' id='block_1_8' title="bbox 333 940 1913 1008">
    <p class='ocr_par' dir='ltr' id='par_1_8' title="bbox 333 940 1913 1008">
     <span class='ocr_line' id='line_1_8' title="bbox 333 940 1913 1008; baseline -0.003 -12"><span class='ocrx_word' id='word_1_65' title='bbox 333 942 613 996; x_wconf 68' lang='lat' dir='ltr'><strong>Christum</strong></span> <span class='ocrx_word' id='word_1_66' title='bbox 656 940 860 1006; x_wconf 84' lang='lat' dir='ltr'><strong>Jesum,</strong></span> <span class='ocrx_word' id='word_1_67' title='bbox 894 940 1112 994; x_wconf 88' lang='lat' dir='ltr'><strong>ethunc</strong></span> <span class='ocrx_word' id='word_1_68' title='bbox 1157 941 1488 994; x_wconf 71' lang='lat' dir='ltr'><strong>crucifixum.</strong></span> <span class='ocrx_word' id='word_1_69' title='bbox 1518 941 1630 1007; x_wconf 80' lang='lat' dir='ltr'><strong>Qua</strong></span> <span class='ocrx_word' id='word_1_70' title='bbox 1660 941 1913 1008; x_wconf 53' lang='lat' dir='ltr'><strong>praedica-</strong></span> 
     </span>
    </p>
   </div>
   <div class='ocr_carea' id='block_1_9' title="bbox 331 1031 1911 1100">
    <p class='ocr_par' dir='ltr' id='par_1_9' title="bbox 331 1031 1911 1100">
     <span class='ocr_line' id='line_1_9' title="bbox 331 1031 1911 1100; baseline -0.001 -13"><span class='ocrx_word' id='word_1_71' title='bbox 331 1034 479 1088; x_wconf 86' lang='lat' dir='ltr'><strong>tione</strong></span> <span class='ocrx_word' id='word_1_72' title='bbox 509 1033 693 1087; x_wconf 90' lang='lat' dir='ltr'><strong>tandiu</strong></span> <span class='ocrx_word' id='word_1_73' title='bbox 718 1046 852 1100; x_wconf 88' lang='lat' dir='ltr'><strong>opus</strong></span> <span class='ocrx_word' id='word_1_74' title='bbox 871 1040 979 1095; x_wconf 89' lang='lat' dir='ltr'><strong>est,</strong></span> <span class='ocrx_word' id='word_1_75' title='bbox 1010 1031 1181 1085; x_wconf 87' lang='lat' dir='ltr'><strong>donec</strong></span> <span class='ocrx_word' id='word_1_76' title='bbox 1204 1040 1467 1099; x_wconf 87' lang='lat' dir='ltr'><strong>ponantur</strong></span> <span class='ocrx_word' id='word_1_77' title='bbox 1492 1047 1678 1085; x_wconf 86' lang='lat' dir='ltr'><strong>omnes</strong></span> <span class='ocrx_word' id='word_1_78' title='bbox 1708 1031 1911 1085; x_wconf 86' lang='lat' dir='ltr'><strong>inimici</strong></span> 
     </span>
    </p>
   </div>
   <div class='ocr_carea' id='block_1_10' title="bbox 326 1121 1908 1193">
    <p class='ocr_par' dir='ltr' id='par_1_10' title="bbox 326 1121 1908 1193">
     <span class='ocr_line' id='line_1_10' title="bbox 326 1121 1908 1193; baseline -0.004 -12"><span class='ocrx_word' id='word_1_79' title='bbox 326 1127 430 1181; x_wconf 77' lang='lat' dir='ltr'><strong>sub</strong></span> <span class='ocrx_word' id='word_1_80' title='bbox 456 1126 683 1192; x_wconf 83' lang='lat' dir='ltr'><strong>pedibus</strong></span> <span class='ocrx_word' id='word_1_81' title='bbox 722 1124 837 1193; x_wconf 87' lang='lat' dir='ltr'><strong>ejus</strong></span> <span class='ocrx_word' id='word_1_82' title='bbox 870 1123 960 1178; x_wconf 89' lang='lat' dir='ltr'><strong>:id</strong></span> <span class='ocrx_word' id='word_1_83' title='bbox 991 1132 1106 1186; x_wconf 79' lang='lat' dir='ltr'><strong>e~t,</strong></span> <span class='ocrx_word' id='word_1_84' title='bbox 1143 1124 1240 1192; x_wconf 83' lang='lat' dir='ltr'><strong>ipsi</strong></span> <span class='ocrx_word' id='word_1_85' title='bbox 1274 1123 1558 1176; x_wconf 80' lang='lat' dir='ltr'><strong>humilitati</strong></span> <span class='ocrx_word' id='word_1_86' title='bbox 1590 1121 1725 1191; x_wconf 86' lang='lat' dir='ltr'><strong>ejus,</strong></span> <span class='ocrx_word' id='word_1_87' title='bbox 1751 1137 1908 1191; x_wconf 85' lang='lat' dir='ltr'><strong>quam</strong></span> 
     </span>
    </p>
   </div>
   <div class='ocr_carea' id='block_1_11' title="bbox 331 1215 1943 1291">
    <p class='ocr_par' dir='ltr' id='par_1_11' title="bbox 331 1215 1943 1291">
     <span class='ocr_line' id='line_1_11' title="bbox 331 1215 1943 1291; baseline -0.005 -15"><span class='ocrx_word' id='word_1_88' title='bbox 331 1221 541 1291; x_wconf 43' lang='lat' dir='ltr'><strong>pedum:</strong></span> <span class='ocrx_word' id='word_1_89' title='bbox 585 1219 803 1273; x_wconf 67' lang='lat' dir='ltr'><strong>nomine</strong></span> <span class='ocrx_word' id='word_1_90' title='bbox 855 1217 1141 1286; x_wconf 81' lang='lat' dir='ltr'><strong>signiﬁcari</strong></span> <span class='ocrx_word' id='word_1_91' title='bbox 1192 1217 1422 1270; x_wconf 90' lang='lat' dir='ltr'><strong>arbiror</strong></span> <span class='ocrx_word' id='word_1_92' title='bbox 1452 1257 1468 1281; x_wconf 87' lang='lat'><strong>,</strong></span> <span class='ocrx_word' id='word_1_93' title='bbox 1541 1215 1697 1270; x_wconf 82' lang='lat' dir='ltr'><strong>cedat</strong></span> <span class='ocrx_word' id='word_1_94' title='bbox 1750 1225 1943 1283; x_wconf 56' lang='lat' dir='ltr'><strong>atque:</strong></span> 
     </span>
    </p>
   </div>
   <div class='ocr_carea' id='block_1_12' title="bbox 330 1308 1905 1378">
    <p class='ocr_par' dir='ltr' id='par_1_12' title="bbox 330 1308 1905 1378">
     <span class='ocr_line' id='line_1_12' title="bbox 330 1308 1905 1378; baseline -0.006 -9"><span class='ocrx_word' id='word_1_95' title='bbox 330 1314 599 1369; x_wconf 85' lang='lat' dir='ltr'><strong>subdatur</strong></span> <span class='ocrx_word' id='word_1_96' title='bbox 615 1311 790 1367; x_wconf 91' lang='lat' dir='ltr'><strong>omnis</strong></span> <span class='ocrx_word' id='word_1_97' title='bbox 821 1310 1071 1378; x_wconf 80' lang='lat' dir='ltr'><strong>superbia</strong></span> <span class='ocrx_word' id='word_1_98' title='bbox 1103 1309 1393 1373; x_wconf 73' lang='lat' dir='ltr'><strong>sa-cnlaris,</strong></span> <span class='ocrx_word' id='word_1_99' title='bbox 1424 1309 1559 1361; x_wconf 88' lang='lat' dir='ltr'><strong>sicut</strong></span> <span class='ocrx_word' id='word_1_100' title='bbox 1591 1323 1653 1362; x_wconf 79' lang='lat' dir='ltr'><strong>ex</strong></span> <span class='ocrx_word' id='word_1_101' title='bbox 1680 1308 1905 1359; x_wconf 79' lang='lat' dir='ltr'><strong>maxima</strong></span> 
     </span>
    </p>
   </div>
   <div class='ocr_carea' id='block_1_13' title="bbox 326 1385 1902 1476">
    <p class='ocr_par' dir='ltr' id='par_1_13' title="bbox 326 1385 1902 1476">
     <span class='ocr_line' id='line_1_13' title="bbox 326 1385 1902 1476; baseline -0.006 -18"><span class='ocrx_word' id='word_1_102' title='bbox 326 1405 608 1476; x_wconf 64' lang='lat' dir='ltr'><strong>parteiam</strong></span> <span class='ocrx_word' id='word_1_103' title='bbox 637 1402 854 1461; x_wconf 80' lang='lat' dir='ltr'><strong>factum,</strong></span> <span class='ocrx_word' id='word_1_104' title='bbox 885 1410 936 1454; x_wconf 89' lang='lat' dir='ltr'><strong>et</strong></span> <span class='ocrx_word' id='word_1_105' title='bbox 965 1400 1202 1468; x_wconf 74' lang='lat' dir='ltr'><strong>quotidie</strong></span> <span class='ocrx_word' id='word_1_106' title='bbox 1226 1399 1337 1451; x_wconf 89' lang='lat' dir='ltr'><strong>ﬁeri</strong></span> <span class='ocrx_word' id='word_1_107' title='bbox 1366 1385 1626 1451; x_wconf 81' lang='lat' dir='ltr'><strong>videmus.</strong></span> <span class='ocrx_word' id='word_1_108' title='bbox 1660 1397 1761 1451; x_wconf 87' lang='lat' dir='ltr'><strong>Sed</strong></span> <span class='ocrx_word' id='word_1_109' title='bbox 1796 1413 1902 1467; x_wconf 89' lang='lat' dir='ltr'><strong>quo</strong></span> 
     </span>
    </p>
   </div>
   <div class='ocr_carea' id='block_1_14' title="bbox 329 1491 1905 1559">
    <p class='ocr_par' dir='ltr' id='par_1_14' title="bbox 329 1491 1905 1559">
     <span class='ocr_line' id='line_1_14' title="bbox 329 1491 1905 1559; baseline -0.003 -10"><span class='ocrx_word' id='word_1_110' title='bbox 329 1497 439 1549; x_wconf 92' lang='lat' dir='ltr'><strong>ﬁne</strong></span> <span class='ocrx_word' id='word_1_111' title='bbox 468 1495 570 1549; x_wconf 88' lang='lat' dir='ltr'><strong>ista</strong></span> <span class='ocrx_word' id='word_1_112' title='bbox 605 1493 769 1547; x_wconf 88' lang='lat' dir='ltr'><strong>liunt?</strong></span> <span class='ocrx_word' id='word_1_113' title='bbox 797 1500 854 1545; x_wconf 90' lang='lat' dir='ltr'><strong>ut</strong></span> <span class='ocrx_word' id='word_1_114' title='bbox 886 1491 1124 1545; x_wconf 76' lang='lat' dir='ltr'><strong>trad..tnr</strong></span> <span class='ocrx_word' id='word_1_115' title='bbox 1154 1506 1377 1559; x_wconf 79' lang='lat' dir='ltr'><strong>regnum</strong></span> <span class='ocrx_word' id='word_1_116' title='bbox 1408 1492 1514 1546; x_wconf 91' lang='lat' dir='ltr'><strong>Deo</strong></span> <span class='ocrx_word' id='word_1_117' title='bbox 1555 1500 1608 1545; x_wconf 90' lang='lat' dir='ltr'><strong>et</strong></span> <span class='ocrx_word' id='word_1_118' title='bbox 1633 1491 1773 1545; x_wconf 85' lang='lat' dir='ltr'><strong>Patri</strong></span> <span class='ocrx_word' id='word_1_119' title='bbox 1809 1510 1820 1543; x_wconf 77' lang='grc' dir='ltr'>ε</span> <span class='ocrx_word' id='word_1_120' title='bbox 1856 1491 1905 1545; x_wconf 90' lang='lat' dir='ltr'><strong>id</strong></span> 
     </span>
    </p>
   </div>
   <div class='ocr_carea' id='block_1_15' title="bbox 325 1581 1903 1650">
    <p class='ocr_par' dir='ltr' id='par_1_15' title="bbox 325 1581 1903 1650">
     <span class='ocr_line' id='line_1_15' title="bbox 325 1581 1903 1650; baseline -0.004 -11"><span class='ocrx_word' id='word_1_121' title='bbox 325 1595 446 1650; x_wconf 88' lang='lat' dir='ltr'><strong>est,</strong></span> <span class='ocrx_word' id='word_1_122' title='bbox 478 1593 538 1638; x_wconf 92' lang='lat' dir='ltr'><strong>ut</strong></span> <span class='ocrx_word' id='word_1_123' title='bbox 587 1588 819 1637; x_wconf 85' lang='lat' dir='ltr'><strong>nutritos</strong></span> <span class='ocrx_word' id='word_1_124' title='bbox 848 1581 951 1636; x_wconf 86' lang='lat' dir='ltr'><strong>ﬁde</strong></span> <span class='ocrx_word' id='word_1_125' title='bbox 993 1581 1374 1635; x_wconf 81' lang='lat' dir='ltr'><strong>incarnationis</strong></span> <span class='ocrx_word' id='word_1_126' title='bbox 1410 1595 1517 1634; x_wconf 76' lang='lat' dir='ltr'><strong>sum</strong></span> <span class='ocrx_word' id='word_1_127' title='bbox 1553 1581 1800 1650; x_wconf 88' lang='lat' dir='ltr'><strong>perducat</strong></span> <span class='ocrx_word' id='word_1_128' title='bbox 1839 1583 1903 1633; x_wconf 88' lang='lat' dir='ltr'><strong>ad</strong></span> 
     </span>
    </p>
   </div>
   <div class='ocr_carea' id='block_1_16' title="bbox 322 1671 1905 1747">
    <p class='ocr_par' dir='ltr' id='par_1_16' title="bbox 322 1671 1905 1747">
     <span class='ocr_line' id='line_1_16' title="bbox 322 1671 1905 1747; baseline -0.004 -16"><span class='ocrx_word' id='word_1_129' title='bbox 322 1676 589 1747; x_wconf 86' lang='lat' dir='ltr'><strong>speciem,</strong></span> <span class='ocrx_word' id='word_1_130' title='bbox 622 1688 721 1743; x_wconf 90' lang='lat' dir='ltr'><strong>qua</strong></span> <span class='ocrx_word' id='word_1_131' title='bbox 751 1673 969 1741; x_wconf 71' lang='lat' dir='ltr'><strong>aequalis</strong></span> <span class='ocrx_word' id='word_1_132' title='bbox 989 1681 1074 1727; x_wconf 89' lang='lat' dir='ltr'><strong>est</strong></span> <span class='ocrx_word' id='word_1_133' title='bbox 1124 1671 1267 1725; x_wconf 86' lang='lat' dir='ltr'><strong>Patri</strong></span> <span class='ocrx_word' id='word_1_134' title='bbox 1301 1688 1314 1723; x_wconf 88' lang='lat'><strong>:</strong></span> <span class='ocrx_word' id='word_1_135' title='bbox 1343 1671 1452 1740; x_wconf 88' lang='lat' dir='ltr'><strong>jam</strong></span> <span class='ocrx_word' id='word_1_136' title='bbox 1485 1672 1581 1735; x_wconf 87' lang='lat' dir='ltr'><strong>eis,</strong></span> <span class='ocrx_word' id='word_1_137' title='bbox 1616 1671 1705 1740; x_wconf 92' lang='lat' dir='ltr'><strong>qui</strong></span> <span class='ocrx_word' id='word_1_138' title='bbox 1727 1672 1905 1726; x_wconf 87' lang='lat' dir='ltr'><strong>credi-</strong></span> 
     </span>
    </p>
   </div>
   <div class='ocr_carea' id='block_1_17' title="bbox 2024 486 3596 558">
    <p class='ocr_par' dir='ltr' id='par_1_17' title="bbox 2024 486 3596 558">
     <span class='ocr_line' id='line_1_17' title="bbox 2024 486 3596 558; baseline 0.01 -23"><span class='ocrx_word' id='word_1_139' title='bbox 2024 493 2136 544; x_wconf 85' lang='lat' dir='ltr'><strong>tuo,</strong></span> <span class='ocrx_word' id='word_1_140' title='bbox 2189 486 2331 553; x_wconf 90' lang='lat' dir='ltr'><strong>quod</strong></span> <span class='ocrx_word' id='word_1_141' title='bbox 2388 496 2473 541; x_wconf 89' lang='lat' dir='ltr'><strong>est</strong></span> <span class='ocrx_word' id='word_1_142' title='bbox 2518 488 2800 554; x_wconf 85' lang='lat' dir='ltr'><strong>Christus,</strong></span> <span class='ocrx_word' id='word_1_143' title='bbox 2835 503 2901 542; x_wconf 84' lang='lat' dir='ltr'><strong>tte</strong></span> <span class='ocrx_word' id='word_1_144' title='bbox 2933 490 2985 558; x_wconf 89' lang='lat' dir='ltr'><strong>ip</strong></span> <span class='ocrx_word' id='word_1_145' title='bbox 3014 507 3101 544; x_wconf 89' lang='lat' dir='ltr'><strong>um</strong></span> <span class='ocrx_word' id='word_1_146' title='bbox 3142 498 3315 549; x_wconf 72' lang='lat' dir='ltr'><strong>solum</strong></span> <span class='ocrx_word' id='word_1_147' title='bbox 3350 497 3448 550; x_wconf 89' lang='lat' dir='ltr'><strong>hoc</strong></span> <span class='ocrx_word' id='word_1_148' title='bbox 3477 498 3596 551; x_wconf 85' lang='lat' dir='ltr'><strong>loco</strong></span> 
     </span>
    </p>
   </div>
   <div class='ocr_carea' id='block_1_18' title="bbox 2020 571 3594 654">
    <p class='ocr_par' dir='ltr' id='par_1_18' title="bbox 2020 571 3594 654">
     <span class='ocr_line' id='line_1_18' title="bbox 2020 571 3594 654; baseline 0.01 -29"><span class='ocrx_word' id='word_1_149' title='bbox 2020 571 2442 641; x_wconf 77' lang='lat' dir='ltr'><strong>intelligeremus</strong></span> <span class='ocrx_word' id='word_1_150' title='bbox 2488 576 2781 639; x_wconf 81' lang='lat' dir='ltr'><strong>Christum,</strong></span> <span class='ocrx_word' id='word_1_151' title='bbox 2814 578 2904 646; x_wconf 86' lang='lat' dir='ltr'><strong>qui</strong></span> <span class='ocrx_word' id='word_1_152' title='bbox 2948 578 3016 632; x_wconf 86' lang='lat' dir='ltr'><strong>tle</strong></span> <span class='ocrx_word' id='word_1_153' title='bbox 3058 580 3223 635; x_wconf 79' lang='lat' dir='ltr'><strong>Maria</strong></span> <span class='ocrx_word' id='word_1_154' title='bbox 3263 585 3462 654; x_wconf 72' lang='lat' dir='ltr'><strong>virgine</strong></span> <span class='ocrx_word' id='word_1_155' title='bbox 3498 602 3594 639; x_wconf 85' lang='lat' dir='ltr'><strong>na-</strong></span> 
     </span>
    </p>
   </div>
   <div class='ocr_carea' id='block_1_19' title="bbox 2018 665 3590 732">
    <p class='ocr_par' dir='ltr' id='par_1_19' title="bbox 2018 665 3590 732">
     <span class='ocr_line' id='line_1_19' title="bbox 2018 665 3590 732; baseline 0.009 -18"><span class='ocrx_word' id='word_1_156' title='bbox 2018 670 2100 715; x_wconf 87' lang='lat' dir='ltr'><strong>tus</strong></span> <span class='ocrx_word' id='word_1_157' title='bbox 2124 672 2237 725; x_wconf 91' lang='lat' dir='ltr'><strong>est,</strong></span> <span class='ocrx_word' id='word_1_158' title='bbox 2274 675 2454 732; x_wconf 89' lang='lat' dir='ltr'><strong>postea</strong></span> <span class='ocrx_word' id='word_1_159' title='bbox 2485 665 2614 719; x_wconf 90' lang='lat' dir='ltr'><strong>dicit</strong></span> <span class='ocrx_word' id='word_1_160' title='bbox 2647 683 2659 717; x_wconf 89' lang='lat'><strong>:</strong></span> <span class='ocrx_word' id='word_1_161' title='bbox 2689 667 2889 721; x_wconf 86' lang='lat' dir='ltr'><strong>Omnes</strong></span> <span class='ocrx_word' id='word_1_162' title='bbox 2924 669 3069 722; x_wconf 90' lang='lat' dir='ltr'><strong>enim</strong></span> <span class='ocrx_word' id='word_1_163' title='bbox 3114 684 3209 724; x_wconf 84' lang='lat' dir='ltr'><strong>vos</strong></span> <span class='ocrx_word' id='word_1_164' title='bbox 3254 687 3414 727; x_wconf 85' lang='lat' dir='ltr'><strong>unum</strong></span> <span class='ocrx_word' id='word_1_165' title='bbox 3460 679 3590 728; x_wconf 81' lang='lat' dir='ltr'><strong>estis</strong></span> 
     </span>
    </p>
   </div>
   <div class='ocr_carea' id='block_1_20' title="bbox 2017 752 3589 829">
    <p class='ocr_par' dir='ltr' id='par_1_20' title="bbox 2017 752 3589 829">
     <span class='ocr_line' id='line_1_20' title="bbox 2017 752 3589 829; baseline 0.008 -23"><span class='ocrx_word' id='word_1_166' title='bbox 2017 752 2071 806; x_wconf 91' lang='lat' dir='ltr'><strong>in</strong></span> <span class='ocrx_word' id='word_1_167' title='bbox 2100 754 2313 808; x_wconf 85' lang='lat' dir='ltr'><strong>Christo</strong></span> <span class='ocrx_word' id='word_1_168' title='bbox 2341 755 2487 811; x_wconf 85' lang='lat' dir='ltr'><strong>Jesn.</strong></span> <span class='ocrx_word' id='word_1_169' title='bbox 2518 757 2574 810; x_wconf 89' lang='lat' dir='ltr'><strong>Si</strong></span> <span class='ocrx_word' id='word_1_170' title='bbox 2608 768 2786 811; x_wconf 86' lang='lat' dir='ltr'><strong>autem</strong></span> <span class='ocrx_word' id='word_1_171' title='bbox 2822 772 2917 810; x_wconf 88' lang='lat' dir='ltr'><strong>vos</strong></span> <span class='ocrx_word' id='word_1_172' title='bbox 2949 759 3169 826; x_wconf 74' lang='lat' dir='ltr'><strong>Christi,</strong></span> <span class='ocrx_word' id='word_1_173' title='bbox 3201 775 3328 829; x_wconf 82' lang='lat' dir='ltr'><strong>ergo</strong></span> <span class='ocrx_word' id='word_1_174' title='bbox 3360 764 3589 819; x_wconf 74' lang='lat' dir='ltr'><strong>Abraha:</strong></span> 
     </span>
    </p>
   </div>
   <div class='ocr_carea' id='block_1_21' title="bbox 2014 846 3586 911">
    <p class='ocr_par' dir='ltr' id='par_1_21' title="bbox 2014 846 3586 911">
     <span class='ocr_line' id='line_1_21' title="bbox 2014 846 3586 911; baseline 0.006 -14"><span class='ocrx_word' id='word_1_175' title='bbox 2014 858 2198 898; x_wconf 83' lang='lat' dir='ltr'><strong>semen</strong></span> <span class='ocrx_word' id='word_1_176' title='bbox 2241 847 2394 901; x_wconf 85' lang='lat' dir='ltr'><strong>estis.</strong></span> <span class='ocrx_word' id='word_1_177' title='bbox 2448 848 2526 900; x_wconf 83' lang='lat' dir='ltr'><strong>Ad</strong></span> <span class='ocrx_word' id='word_1_178' title='bbox 2573 846 2903 911; x_wconf 80' lang='lat' dir='ltr'><strong>Corinthios,</strong></span> <span class='ocrx_word' id='word_1_179' title='bbox 2950 864 3070 902; x_wconf 90' lang='lat' dir='ltr'><strong>eum</strong></span> <span class='ocrx_word' id='word_1_180' title='bbox 3113 851 3180 905; x_wconf 88' lang='lat' dir='ltr'><strong>de</strong></span> <span class='ocrx_word' id='word_1_181' title='bbox 3210 852 3473 908; x_wconf 80' lang='lat' dir='ltr'><strong>chartate</strong></span> <span class='ocrx_word' id='word_1_182' title='bbox 3503 858 3586 906; x_wconf 82' lang='lat' dir='ltr'><strong>di-</strong></span> 
     </span>
    </p>
   </div>
   <div class='ocr_carea' id='block_1_22' title="bbox 2014 937 3583 1004">
    <p class='ocr_par' dir='ltr' id='par_1_22' title="bbox 2014 937 3583 1004">
     <span class='ocr_line' id='line_1_22' title="bbox 2014 937 3583 1004; baseline 0.003 -15"><span class='ocrx_word' id='word_1_183' title='bbox 2014 946 2159 989; x_wconf 87' lang='lat' dir='ltr'><strong>ceret</strong></span> <span class='ocrx_word' id='word_1_184' title='bbox 2198 937 2263 990; x_wconf 88' lang='lat' dir='ltr'><strong>de</strong></span> <span class='ocrx_word' id='word_1_185' title='bbox 2306 938 2566 991; x_wconf 81' lang='lat' dir='ltr'><strong>membris</strong></span> <span class='ocrx_word' id='word_1_186' title='bbox 2611 940 2854 1004; x_wconf 89' lang='lat' dir='ltr'><strong>corporis</strong></span> <span class='ocrx_word' id='word_1_187' title='bbox 2899 939 3305 996; x_wconf 80' lang='lat' dir='ltr'><strong>similitudinem</strong></span> <span class='ocrx_word' id='word_1_188' title='bbox 3338 943 3583 996; x_wconf 88' lang='lat' dir='ltr'><strong>ducens:</strong></span> 
     </span>
    </p>
   </div>
   <div class='ocr_carea' id='block_1_23' title="bbox 2014 1027 3595 1101">
    <p class='ocr_par' dir='ltr' id='par_1_23' title="bbox 2014 1027 3595 1101">
     <span class='ocr_line' id='line_1_23' title="bbox 2014 1027 3595 1101; baseline 0.004 -19"><span class='ocrx_word' id='word_1_189' title='bbox 2014 1027 2162 1082; x_wconf 89' lang='lat' dir='ltr'><strong>Sicut</strong></span> <span class='ocrx_word' id='word_1_190' title='bbox 2201 1029 2345 1082; x_wconf 91' lang='lat' dir='ltr'><strong>enim</strong></span> <span class='ocrx_word' id='word_1_191' title='bbox 2395 1043 2595 1097; x_wconf 82' lang='lat' dir='ltr'><strong>Corpus</strong></span> <span class='ocrx_word' id='word_1_192' title='bbox 2641 1045 2801 1083; x_wconf 91' lang='lat' dir='ltr'><strong>unum</strong></span> <span class='ocrx_word' id='word_1_193' title='bbox 2833 1040 2935 1091; x_wconf 89' lang='lat' dir='ltr'><strong>est,</strong></span> <span class='ocrx_word' id='word_1_194' title='bbox 2994 1032 3200 1101; x_wconf 85' lang='lat' dir='ltr'><strong>inquit,</strong></span> <span class='ocrx_word' id='word_1_195' title='bbox 3251 1045 3304 1087; x_wconf 88' lang='lat' dir='ltr'><strong>et</strong></span> <span class='ocrx_word' id='word_1_196' title='bbox 3351 1036 3595 1090; x_wconf 73' lang='lat' dir='ltr'><strong>membra-</strong></span> 
     </span>
    </p>
   </div>
   <div class='ocr_carea' id='block_1_24' title="bbox 2014 1118 3581 1195">
    <p class='ocr_par' dir='ltr' id='par_1_24' title="bbox 2014 1118 3581 1195">
     <span class='ocr_line' id='line_1_24' title="bbox 2014 1118 3581 1195; baseline 0.004 -22"><span class='ocrx_word' id='word_1_197' title='bbox 2014 1118 2167 1175; x_wconf 85' lang='lat' dir='ltr'><strong>habet</strong></span> <span class='ocrx_word' id='word_1_198' title='bbox 2203 1123 2389 1185; x_wconf 89' lang='lat' dir='ltr'><strong>multa,</strong></span> <span class='ocrx_word' id='word_1_199' title='bbox 2436 1121 2613 1175; x_wconf 84' lang='lat' dir='ltr'><strong>omnia</strong></span> <span class='ocrx_word' id='word_1_200' title='bbox 2658 1132 2833 1176; x_wconf 88' lang='lat' dir='ltr'><strong>autem</strong></span> <span class='ocrx_word' id='word_1_201' title='bbox 2886 1124 3125 1177; x_wconf 84' lang='lat' dir='ltr'><strong>membra</strong></span> <span class='ocrx_word' id='word_1_202' title='bbox 3175 1127 3415 1195; x_wconf 87' lang='lat' dir='ltr'><strong>corporis</strong></span> <span class='ocrx_word' id='word_1_203' title='bbox 3460 1143 3581 1182; x_wconf 87' lang='lat' dir='ltr'><strong>cum</strong></span> 
     </span>
    </p>
   </div>
   <div class='ocr_carea' id='block_1_25' title="bbox 2012 1210 3583 1293">
    <p class='ocr_par' dir='ltr' id='par_1_25' title="bbox 2012 1210 3583 1293">
     <span class='ocr_line' id='line_1_25' title="bbox 2012 1210 3583 1293; baseline 0.006 -32"><span class='ocrx_word' id='word_1_204' title='bbox 2012 1210 2119 1263; x_wconf 84' lang='lat' dir='ltr'><strong>sint</strong></span> <span class='ocrx_word' id='word_1_205' title='bbox 2168 1211 2354 1277; x_wconf 88' lang='lat' dir='ltr'><strong>multa,</strong></span> <span class='ocrx_word' id='word_1_206' title='bbox 2402 1227 2564 1264; x_wconf 92' lang='lat' dir='ltr'><strong>unum</strong></span> <span class='ocrx_word' id='word_1_207' title='bbox 2614 1223 2695 1267; x_wconf 89' lang='lat' dir='ltr'><strong>est</strong></span> <span class='ocrx_word' id='word_1_208' title='bbox 2740 1227 2963 1281; x_wconf 89' lang='lat' dir='ltr'><strong>corpus,</strong></span> <span class='ocrx_word' id='word_1_209' title='bbox 2995 1214 3062 1266; x_wconf 90' lang='lat' dir='ltr'><strong>ita</strong></span> <span class='ocrx_word' id='word_1_210' title='bbox 3094 1224 3145 1269; x_wconf 89' lang='lat' dir='ltr'><strong>et</strong></span> <span class='ocrx_word' id='word_1_211' title='bbox 3175 1214 3449 1281; x_wconf 78' lang='lat' dir='ltr'><strong>Christus;</strong></span> <span class='ocrx_word' id='word_1_212' title='bbox 3479 1236 3583 1293; x_wconf 80' lang='lat' dir='ltr'><strong>non</strong></span> 
     </span>
    </p>
   </div>
   <div class='ocr_carea' id='block_1_26' title="bbox 2011 1302 3581 1369">
    <p class='ocr_par' dir='ltr' id='par_1_26' title="bbox 2011 1302 3581 1369">
     <span class='ocr_line' id='line_1_26' title="bbox 2011 1302 3581 1369; baseline 0.004 -15"><span class='ocrx_word' id='word_1_213' title='bbox 2011 1302 2166 1366; x_wconf 80' lang='lat' dir='ltr'><strong>dixit,</strong></span> <span class='ocrx_word' id='word_1_214' title='bbox 2201 1304 2271 1356; x_wconf 90' lang='lat' dir='ltr'><strong>ita</strong></span> <span class='ocrx_word' id='word_1_215' title='bbox 2311 1314 2363 1357; x_wconf 92' lang='lat' dir='ltr'><strong>et</strong></span> <span class='ocrx_word' id='word_1_216' title='bbox 2388 1304 2607 1368; x_wconf 85' lang='lat' dir='ltr'><strong>Christi,</strong></span> <span class='ocrx_word' id='word_1_217' title='bbox 2654 1306 2747 1359; x_wconf 86' lang='lat' dir='ltr'><strong>sed</strong></span> <span class='ocrx_word' id='word_1_218' title='bbox 2793 1307 2862 1358; x_wconf 89' lang='lat' dir='ltr'><strong>ita</strong></span> <span class='ocrx_word' id='word_1_219' title='bbox 2904 1314 2957 1359; x_wconf 86' lang='lat' dir='ltr'><strong>et</strong></span> <span class='ocrx_word' id='word_1_220' title='bbox 2991 1304 3260 1369; x_wconf 88' lang='lat' dir='ltr'><strong>Christus,</strong></span> <span class='ocrx_word' id='word_1_221' title='bbox 3292 1309 3581 1363; x_wconf 61' lang='lat' dir='ltr'><strong>ostendens</strong></span> 
     </span>
    </p>
   </div>
   <div class='ocr_carea' id='block_1_27' title="bbox 2009 1391 3578 1463">
    <p class='ocr_par' dir='ltr' id='par_1_27' title="bbox 2009 1391 3578 1463">
     <span class='ocr_line' id='line_1_27' title="bbox 2009 1391 3578 1463; baseline 0.003 -16"><span class='ocrx_word' id='word_1_222' title='bbox 2009 1391 2276 1447; x_wconf 87' lang='lat' dir='ltr'><strong>Christum</strong></span> <span class='ocrx_word' id='word_1_223' title='bbox 2308 1405 2455 1449; x_wconf 81' lang='lat' dir='ltr'><strong>recte</strong></span> <span class='ocrx_word' id='word_1_224' title='bbox 2487 1398 2742 1463; x_wconf 73' lang='lat' dir='ltr'><strong>appellari</strong></span> <span class='ocrx_word' id='word_1_225' title='bbox 2786 1412 2816 1450; x_wconf 89' lang='lat' dir='ltr'><strong>e</strong></span> <span class='ocrx_word' id='word_1_226' title='bbox 2845 1396 2947 1450; x_wconf 85' lang='lat' dir='ltr'><strong>iam</strong></span> <span class='ocrx_word' id='word_1_227' title='bbox 2978 1398 3310 1460; x_wconf 87' lang='lat' dir='ltr'><strong>universum,</strong></span> <span class='ocrx_word' id='word_1_228' title='bbox 3346 1401 3447 1452; x_wconf 92' lang='lat' dir='ltr'><strong>hoc</strong></span> <span class='ocrx_word' id='word_1_229' title='bbox 3476 1411 3578 1461; x_wconf 73' lang='lat' dir='ltr'><strong>cat,</strong></span> 
     </span>
    </p>
   </div>
   <div class='ocr_carea' id='block_1_28' title="bbox 2008 1490 3581 1557">
    <p class='ocr_par' dir='ltr' id='par_1_28' title="bbox 2008 1490 3581 1557">
     <span class='ocr_line' id='line_1_28' title="bbox 2008 1490 3581 1557; baseline 0.006 -20"><span class='ocrx_word' id='word_1_230' title='bbox 2008 1495 2165 1551; x_wconf 85' lang='lat' dir='ltr'><strong>caput</strong></span> <span class='ocrx_word' id='word_1_231' title='bbox 2196 1500 2315 1539; x_wconf 91' lang='lat' dir='ltr'><strong>cum</strong></span> <span class='ocrx_word' id='word_1_232' title='bbox 2347 1501 2573 1555; x_wconf 89' lang='lat' dir='ltr'><strong>corpore</strong></span> <span class='ocrx_word' id='word_1_233' title='bbox 2595 1504 2709 1549; x_wconf 77' lang='lat' dir='ltr'><strong>suo,</strong></span> <span class='ocrx_word' id='word_1_234' title='bbox 2744 1490 2881 1557; x_wconf 84' lang='lat' dir='ltr'><strong>quod</strong></span> <span class='ocrx_word' id='word_1_235' title='bbox 2909 1501 2989 1544; x_wconf 62' lang='lat' dir='ltr'><strong>est</strong></span> <span class='ocrx_word' id='word_1_236' title='bbox 3015 1490 3276 1545; x_wconf 82' lang='lat' dir='ltr'><strong>Ecclesit.</strong></span> <span class='ocrx_word' id='word_1_237' title='bbox 3306 1493 3367 1547; x_wconf 86' lang='lat' dir='ltr'><strong>Et</strong></span> <span class='ocrx_word' id='word_1_238' title='bbox 3397 1494 3581 1547; x_wconf 83' lang='lat' dir='ltr'><strong>multis</strong></span> 
     </span>
    </p>
   </div>
   <div class='ocr_carea' id='block_1_29' title="bbox 2010 1575 3583 1642">
    <p class='ocr_par' dir='ltr' id='par_1_29' title="bbox 2010 1575 3583 1642">
     <span class='ocr_line' id='line_1_29' title="bbox 2010 1575 3583 1642; baseline 0.003 -12"><span class='ocrx_word' id='word_1_239' title='bbox 2010 1575 2221 1642; x_wconf 81' lang='lat' dir='ltr'><strong>Scriptu</strong></span> <span class='ocrx_word' id='word_1_240' title='bbox 2256 1591 2407 1629; x_wconf 88' lang='lat' dir='ltr'><strong>arum</strong></span> <span class='ocrx_word' id='word_1_241' title='bbox 2457 1577 2587 1631; x_wconf 81' lang='lat' dir='ltr'><strong>locis</strong></span> <span class='ocrx_word' id='word_1_242' title='bbox 2633 1579 2932 1632; x_wconf 81' lang='lat' dir='ltr'><strong>invenimus</strong></span> <span class='ocrx_word' id='word_1_243' title='bbox 2963 1578 3231 1633; x_wconf 87' lang='lat' dir='ltr'><strong>Christum</strong></span> <span class='ocrx_word' id='word_1_244' title='bbox 3273 1582 3437 1635; x_wconf 88' lang='lat' dir='ltr'><strong>etiam</strong></span> <span class='ocrx_word' id='word_1_245' title='bbox 3481 1582 3583 1635; x_wconf 87' lang='lat' dir='ltr'><strong>hoc</strong></span> 
     </span>
    </p>
   </div>
   <div class='ocr_carea' id='block_1_30' title="bbox 2007 1666 3579 1734">
    <p class='ocr_par' dir='ltr' id='par_1_30' title="bbox 2007 1666 3579 1734">
     <span class='ocr_line' id='line_1_30' title="bbox 2007 1666 3579 1734; baseline 0.006 -17"><span class='ocrx_word' id='word_1_246' title='bbox 2007 1666 2167 1718; x_wconf 86' lang='lat' dir='ltr'><strong>modo</strong></span> <span class='ocrx_word' id='word_1_247' title='bbox 2197 1668 2451 1734; x_wconf 74' lang='lat' dir='ltr'><strong>appellari</strong></span> <span class='ocrx_word' id='word_1_248' title='bbox 2482 1706 2496 1730; x_wconf 93' lang='lat'><strong>,</strong></span> <span class='ocrx_word' id='word_1_249' title='bbox 2532 1679 2583 1719; x_wconf 90' lang='grc' dir='ltr'><strong>ιιι</strong></span> <span class='ocrx_word' id='word_1_250' title='bbox 2627 1684 2748 1721; x_wconf 84' lang='lat' dir='ltr'><strong>cum</strong></span> <span class='ocrx_word' id='word_1_251' title='bbox 2794 1670 3042 1724; x_wconf 88' lang='lat' dir='ltr'><strong>omnibus</strong></span> <span class='ocrx_word' id='word_1_252' title='bbox 3074 1671 3184 1724; x_wconf 63' lang='lat' dir='ltr'><strong>suis</strong></span> <span class='ocrx_word' id='word_1_253' title='bbox 3215 1673 3467 1726; x_wconf 87' lang='lat' dir='ltr'><strong>membris</strong></span> <span class='ocrx_word' id='word_1_254' title='bbox 3498 1673 3579 1726; x_wconf 86' lang='lat' dir='ltr'><strong>in-</strong></span> 
     </span>
    </p>
   </div>
   <div class='ocr_carea' id='block_1_31' title="bbox 318 1752 3577 1832">
    <p class='ocr_par' dir='ltr' id='par_1_31' title="bbox 318 1752 3577 1832">
     <span class='ocr_line' id='line_1_31' title="bbox 318 1752 3577 1832; baseline -0.001 -13"><span class='ocrx_word' id='word_1_255' title='bbox 318 1769 555 1829; x_wconf 85' lang='lat' dir='ltr'><strong>derant,</strong></span> <span class='ocrx_word' id='word_1_256' title='bbox 592 1764 926 1832; x_wconf 51' lang='lat' dir='ltr'><strong>loquebatur,</strong></span> <span class='ocrx_word' id='word_1_257' title='bbox 957 1778 1077 1816; x_wconf 90' lang='lat' dir='ltr'><strong>cum</strong></span> <span class='ocrx_word' id='word_1_258' title='bbox 1109 1763 1350 1817; x_wconf 83' lang='lat' dir='ltr'><strong>diceret:</strong></span> <span class='ocrx_word' id='word_1_259' title='bbox 1391 1762 1446 1816; x_wconf 91' lang='lat' dir='ltr'><strong>Si</strong></span> <span class='ocrx_word' id='word_1_260' title='bbox 1484 1763 1801 1817; x_wconf 79' lang='lat' dir='ltr'><strong>manseritis</strong></span> <span class='ocrx_word' id='word_1_261' title='bbox 1847 1763 1900 1816; x_wconf 89' lang='lat' dir='ltr'><strong>in</strong></span> <span class='ocrx_word' id='word_1_262' title='bbox 1936 1752 1978 1809; x_wconf 83' lang='grc' dir='ltr'><strong>Β</strong></span> <span class='ocrx_word' id='word_1_263' title='bbox 2009 1754 2275 1822; x_wconf 76' lang='lat' dir='ltr'><strong>telligatur</strong></span> <span class='ocrx_word' id='word_1_264' title='bbox 2303 1757 2496 1824; x_wconf 78' lang='lat' dir='ltr'><strong>quibus</strong></span> <span class='ocrx_word' id='word_1_265' title='bbox 2517 1756 2718 1809; x_wconf 78' lang='lat' dir='ltr'><strong>dictum</strong></span> <span class='ocrx_word' id='word_1_266' title='bbox 2745 1767 2862 1812; x_wconf 89' lang='lat' dir='ltr'><strong>est:</strong></span> <span class='ocrx_word' id='word_1_267' title='bbox 2888 1758 2992 1814; x_wconf 87' lang='lat' dir='ltr'><strong>Vos</strong></span> <span class='ocrx_word' id='word_1_268' title='bbox 3016 1762 3143 1813; x_wconf 83' lang='lat' dir='ltr'><strong>estis</strong></span> <span class='ocrx_word' id='word_1_269' title='bbox 3161 1776 3356 1830; x_wconf 83' lang='lat' dir='ltr'><strong>corpus</strong></span> <span class='ocrx_word' id='word_1_270' title='bbox 3379 1762 3577 1817; x_wconf 87' lang='lat' dir='ltr'><strong>Christi</strong></span> 
     </span>
    </p>
   </div>
   <div class='ocr_carea' id='block_1_32' title="bbox 317 1854 1903 1923">
    <p class='ocr_par' dir='ltr' id='par_1_32' title="bbox 317 1854 1903 1923">
     <span class='ocr_line' id='line_1_32' title="bbox 317 1854 1903 1923; baseline -0.001 -13"><span class='ocrx_word' id='word_1_271' title='bbox 317 1858 492 1911; x_wconf 85' lang='lat' dir='ltr'><strong>verbo</strong></span> <span class='ocrx_word' id='word_1_272' title='bbox 522 1869 664 1919; x_wconf 87' lang='lat' dir='ltr'><strong>meo,</strong></span> <span class='ocrx_word' id='word_1_273' title='bbox 699 1868 822 1909; x_wconf 82' lang='lat' dir='ltr'><strong>vere</strong></span> <span class='ocrx_word' id='word_1_274' title='bbox 871 1854 1111 1923; x_wconf 75' lang='lat' dir='ltr'><strong>discipuli</strong></span> <span class='ocrx_word' id='word_1_275' title='bbox 1155 1855 1257 1907; x_wconf 90' lang='lat' dir='ltr'><strong>mei</strong></span> <span class='ocrx_word' id='word_1_276' title='bbox 1294 1854 1458 1917; x_wconf 89' lang='lat' dir='ltr'><strong>estis,</strong></span> <span class='ocrx_word' id='word_1_277' title='bbox 1488 1863 1541 1907; x_wconf 89' lang='lat' dir='ltr'><strong>et</strong></span> <span class='ocrx_word' id='word_1_278' title='bbox 1569 1855 1903 1922; x_wconf 80' lang='lat' dir='ltr'><strong>cognoscetis</strong></span> 
     </span>
    </p>
   </div>
   <div class='ocr_carea' id='block_1_33' title="bbox 318 1944 1900 2015">
    <p class='ocr_par' dir='ltr' id='par_1_33' title="bbox 318 1944 1900 2015">
     <span class='ocr_line' id='line_1_33' title="bbox 318 1944 1900 2015; baseline 0 -15"><span class='ocrx_word' id='word_1_279' title='bbox 318 1948 638 2012; x_wconf 70' lang='lat' dir='ltr'><strong>veritatem,</strong></span> <span class='ocrx_word' id='word_1_280' title='bbox 691 1957 743 2001; x_wconf 92' lang='lat' dir='ltr'><strong>et</strong></span> <span class='ocrx_word' id='word_1_281' title='bbox 774 1947 971 2000; x_wconf 82' lang='lat' dir='ltr'><strong>veritas</strong></span> <span class='ocrx_word' id='word_1_282' title='bbox 1016 1946 1261 2000; x_wconf 79' lang='lat' dir='ltr'><strong>liberabit</strong></span> <span class='ocrx_word' id='word_1_283' title='bbox 1309 1959 1422 1999; x_wconf 88' lang='lat' dir='ltr'><strong>vos.</strong></span> <span class='ocrx_word' id='word_1_284' title='bbox 1476 1944 1713 2015; x_wconf 79' lang='lat' dir='ltr'><strong>Regnum</strong></span> <span class='ocrx_word' id='word_1_285' title='bbox 1757 1945 1900 2000; x_wconf 91' lang='lat' dir='ltr'><strong>enim</strong></span> 
     </span>
    </p>
   </div>
   <div class='ocr_carea' id='block_1_34' title="bbox 313 2032 1898 2108">
    <p class='ocr_par' dir='ltr' id='par_1_34' title="bbox 313 2032 1898 2108">
     <span class='ocr_line' id='line_1_34' title="bbox 313 2032 1898 2108; baseline -0.003 -15"><span class='ocrx_word' id='word_1_286' title='bbox 313 2040 487 2093; x_wconf 76' lang='lat' dir='ltr'><strong>tradit</strong></span> <span class='ocrx_word' id='word_1_287' title='bbox 518 2032 701 2102; x_wconf 80' lang='lat' dir='ltr'><strong>Patri,</strong></span> <span class='ocrx_word' id='word_1_288' title='bbox 748 2054 867 2092; x_wconf 81' lang='lat' dir='ltr'><strong>cum</strong></span> <span class='ocrx_word' id='word_1_289' title='bbox 902 2052 995 2105; x_wconf 91' lang='lat' dir='ltr'><strong>per</strong></span> <span class='ocrx_word' id='word_1_290' title='bbox 1038 2037 1090 2091; x_wconf 88' lang='lat' dir='ltr'><strong>id</strong></span> <span class='ocrx_word' id='word_1_291' title='bbox 1140 2036 1379 2105; x_wconf 77' lang='lat' dir='ltr'><strong>regnabit</strong></span> <span class='ocrx_word' id='word_1_292' title='bbox 1428 2036 1480 2090; x_wconf 89' lang='lat' dir='ltr'><strong>iu</strong></span> <span class='ocrx_word' id='word_1_293' title='bbox 1535 2038 1898 2108; x_wconf 88' lang='lat' dir='ltr'><strong>contemplan-</strong></span> 
     </span>
    </p>
   </div>
   <div class='ocr_carea' id='block_1_35' title="bbox 314 2126 1900 2195">
    <p class='ocr_par' dir='ltr' id='par_1_35' title="bbox 314 2126 1900 2195">
     <span class='ocr_line' id='line_1_35' title="bbox 314 2126 1900 2195; baseline 0 -13"><span class='ocrx_word' id='word_1_294' title='bbox 314 2128 470 2182; x_wconf 88' lang='lat' dir='ltr'><strong>tibus</strong></span> <span class='ocrx_word' id='word_1_295' title='bbox 499 2128 809 2191; x_wconf 73' lang='lat' dir='ltr'><strong>veritatrm,</strong></span> <span class='ocrx_word' id='word_1_296' title='bbox 855 2142 958 2195; x_wconf 88' lang='lat' dir='ltr'><strong>qua</strong></span> <span class='ocrx_word' id='word_1_297' title='bbox 1007 2126 1226 2193; x_wconf 75' lang='lat' dir='ltr'><strong>aequalis</strong></span> <span class='ocrx_word' id='word_1_298' title='bbox 1258 2134 1341 2179; x_wconf 80' lang='lat' dir='ltr'><strong>est</strong></span> <span class='ocrx_word' id='word_1_299' title='bbox 1395 2126 1531 2179; x_wconf 83' lang='lat' dir='ltr'><strong>Patri</strong></span> <span class='ocrx_word' id='word_1_300' title='bbox 1564 2144 1574 2178; x_wconf 91' lang='lat'>:</span> <span class='ocrx_word' id='word_1_301' title='bbox 1607 2137 1660 2181; x_wconf 90' lang='lat' dir='ltr'><strong>et</strong></span> <span class='ocrx_word' id='word_1_302' title='bbox 1706 2142 1797 2195; x_wconf 90' lang='lat' dir='ltr'><strong>per</strong></span> <span class='ocrx_word' id='word_1_303' title='bbox 1842 2142 1900 2182; x_wconf 87' lang='lat' dir='ltr'><strong>se</strong></span> 
     </span>
    </p>
   </div>
   <div class='ocr_carea' id='block_1_36' title="bbox 312 2217 1901 2290">
    <p class='ocr_par' dir='ltr' id='par_1_36' title="bbox 312 2217 1901 2290">
     <span class='ocr_line' id='line_1_36' title="bbox 312 2217 1901 2290; baseline -0.001 -15"><span class='ocrx_word' id='word_1_304' title='bbox 312 2220 653 2290; x_wconf 81' lang='lat' dir='ltr'><strong>unigenitum</strong></span> <span class='ocrx_word' id='word_1_305' title='bbox 689 2234 779 2285; x_wconf 91' lang='lat' dir='ltr'><strong>per</strong></span> <span class='ocrx_word' id='word_1_306' title='bbox 811 2217 1043 2287; x_wconf 86' lang='lat' dir='ltr'><strong>speciem</strong></span> <span class='ocrx_word' id='word_1_307' title='bbox 1074 2218 1229 2272; x_wconf 82' lang='lat' dir='ltr'><strong>faciet</strong></span> <span class='ocrx_word' id='word_1_308' title='bbox 1272 2218 1438 2271; x_wconf 87' lang='lat' dir='ltr'><strong>videri</strong></span> <span class='ocrx_word' id='word_1_309' title='bbox 1484 2218 1713 2271; x_wconf 77' lang='lat' dir='ltr'><strong>Patrem.</strong></span> <span class='ocrx_word' id='word_1_310' title='bbox 1751 2218 1901 2273; x_wconf 76' lang='lat' dir='ltr'><strong>Nunc</strong></span> 
     </span>
    </p>
   </div>
   <div class='ocr_carea' id='block_1_37' title="bbox 311 2309 1896 2380">
    <p class='ocr_par' dir='ltr' id='par_1_37' title="bbox 311 2309 1896 2380">
     <span class='ocr_line' id='line_1_37' title="bbox 311 2309 1896 2380; baseline -0.003 -14"><span class='ocrx_word' id='word_1_311' title='bbox 311 2315 472 2366; x_wconf 81' lang='lat' dir='ltr'><strong>enim</strong></span> <span class='ocrx_word' id='word_1_312' title='bbox 530 2326 628 2380; x_wconf 90' lang='lat' dir='ltr'><strong>per</strong></span> <span class='ocrx_word' id='word_1_313' title='bbox 682 2311 781 2364; x_wconf 86' lang='lat' dir='ltr'><strong>hoc</strong></span> <span class='ocrx_word' id='word_1_314' title='bbox 835 2320 1020 2379; x_wconf 78' lang='lat' dir='ltr'><strong>regnat</strong></span> <span class='ocrx_word' id='word_1_315' title='bbox 1078 2309 1127 2363; x_wconf 91' lang='lat' dir='ltr'><strong>in</strong></span> <span class='ocrx_word' id='word_1_316' title='bbox 1187 2312 1565 2374; x_wconf 67' lang='lat' dir='ltr'><strong>cr-drntibus,</strong></span> <span class='ocrx_word' id='word_1_317' title='bbox 1624 2312 1761 2378; x_wconf 87' lang='lat' dir='ltr'><strong>quod</strong></span> <span class='ocrx_word' id='word_1_318' title='bbox 1809 2327 1896 2362; x_wconf 80' lang='lat' dir='ltr'><strong>se-</strong></span> 
     </span>
    </p>
   </div>
   <div class='ocr_carea' id='block_1_38' title="bbox 312 2400 1897 2471">
    <p class='ocr_par' dir='ltr' id='par_1_38' title="bbox 312 2400 1897 2471">
     <span class='ocr_line' id='line_1_38' title="bbox 312 2400 1897 2471; baseline 0.001 -16"><span class='ocrx_word' id='word_1_319' title='bbox 312 2402 613 2471; x_wconf 85' lang='lat' dir='ltr'><strong>metipsum</strong></span> <span class='ocrx_word' id='word_1_320' title='bbox 642 2402 959 2467; x_wconf 83' lang='lat' dir='ltr'><strong>exinanivit,</strong></span> <span class='ocrx_word' id='word_1_321' title='bbox 988 2400 1207 2455; x_wconf 79' lang='lat' dir='ltr'><strong>formam</strong></span> <span class='ocrx_word' id='word_1_322' title='bbox 1250 2402 1388 2455; x_wconf 80' lang='lat' dir='ltr'><strong>servi</strong></span> <span class='ocrx_word' id='word_1_323' title='bbox 1432 2403 1717 2470; x_wconf 87' lang='lat' dir='ltr'><strong>accipiens.</strong></span> <span class='ocrx_word' id='word_1_324' title='bbox 1748 2403 1807 2456; x_wconf 77' lang='lat' dir='ltr'><strong>Tt</strong></span> <span class='ocrx_word' id='word_1_325' title='bbox 1832 2420 1897 2456; x_wconf 89' lang='lat' dir='ltr'><strong>nc</strong></span> 
     </span>
    </p>
   </div>
   <div class='ocr_carea' id='block_1_39' title="bbox 315 2494 1895 2563">
    <p class='ocr_par' dir='ltr' id='par_1_39' title="bbox 315 2494 1895 2563">
     <span class='ocr_line' id='line_1_39' title="bbox 315 2494 1895 2563; baseline -0.001 -15"><span class='ocrx_word' id='word_1_326' title='bbox 315 2502 502 2550; x_wconf 82' lang='lat' dir='ltr'><strong>autem</strong></span> <span class='ocrx_word' id='word_1_327' title='bbox 531 2494 705 2549; x_wconf 87' lang='lat' dir='ltr'><strong>tradet</strong></span> <span class='ocrx_word' id='word_1_328' title='bbox 755 2509 970 2563; x_wconf 79' lang='lat' dir='ltr'><strong>regnum</strong></span> <span class='ocrx_word' id='word_1_329' title='bbox 1024 2495 1132 2549; x_wconf 89' lang='lat' dir='ltr'><strong>Deo</strong></span> <span class='ocrx_word' id='word_1_330' title='bbox 1171 2504 1224 2549; x_wconf 93' lang='lat' dir='ltr'><strong>ct</strong></span> <span class='ocrx_word' id='word_1_331' title='bbox 1279 2494 1450 2558; x_wconf 82' lang='lat' dir='ltr'><strong>Patri,</strong></span> <span class='ocrx_word' id='word_1_332' title='bbox 1502 2511 1620 2549; x_wconf 90' lang='lat' dir='ltr'><strong>cum</strong></span> <span class='ocrx_word' id='word_1_333' title='bbox 1667 2510 1895 2550; x_wconf 67' lang='lat' dir='ltr'><strong>evacua-</strong></span> 
     </span>
    </p>
   </div>
   <div class='ocr_carea' id='block_1_40' title="bbox 319 2586 1896 2655">
    <p class='ocr_par' dir='ltr' id='par_1_40' title="bbox 319 2586 1896 2655">
     <span class='ocr_line' id='line_1_40' title="bbox 319 2586 1896 2655; baseline 0.001 -16"><span class='ocrx_word' id='word_1_334' title='bbox 319 2587 466 2641; x_wconf 80' lang='lat' dir='ltr'><strong>verit</strong></span> <span class='ocrx_word' id='word_1_335' title='bbox 494 2600 706 2641; x_wconf 90' lang='lat' dir='ltr'><strong>omnem</strong></span> <span class='ocrx_word' id='word_1_336' title='bbox 740 2586 1126 2654; x_wconf 85' lang='lat' dir='ltr'><strong>principatum,</strong></span> <span class='ocrx_word' id='word_1_337' title='bbox 1181 2595 1235 2641; x_wconf 90' lang='lat' dir='ltr'><strong>et</strong></span> <span class='ocrx_word' id='word_1_338' title='bbox 1288 2596 1636 2655; x_wconf 68' lang='lat' dir='ltr'><strong>potestatem,</strong></span> <span class='ocrx_word' id='word_1_339' title='bbox 1693 2595 1748 2640; x_wconf 90' lang='lat' dir='ltr'><strong>et</strong></span> <span class='ocrx_word' id='word_1_340' title='bbox 1794 2589 1896 2641; x_wconf 80' lang='lat' dir='ltr'><strong>vir-</strong></span> 
     </span>
    </p>
   </div>
   <div class='ocr_carea' id='block_1_41' title="bbox 326 2675 1893 2745">
    <p class='ocr_par' dir='ltr' id='par_1_41' title="bbox 326 2675 1893 2745">
     <span class='ocr_line' id='line_1_41' title="bbox 326 2675 1893 2745; baseline -0.002 -13"><span class='ocrx_word' id='word_1_341' title='bbox 326 2687 512 2732; x_wconf 86' lang='lat' dir='ltr'><strong>tutem.</strong></span> <span class='ocrx_word' id='word_1_342' title='bbox 541 2675 691 2731; x_wconf 81' lang='lat' dir='ltr'><strong>Unde</strong></span> <span class='ocrx_word' id='word_1_343' title='bbox 718 2676 1012 2740; x_wconf 76' lang='lat' dir='ltr'><strong>evacuabit,</strong></span> <span class='ocrx_word' id='word_1_344' title='bbox 1042 2677 1143 2731; x_wconf 86' lang='lat' dir='ltr'><strong>nisi</strong></span> <span class='ocrx_word' id='word_1_345' title='bbox 1176 2677 1505 2739; x_wconf 87' lang='lat' dir='ltr'><strong>humilitate,</strong></span> <span class='ocrx_word' id='word_1_346' title='bbox 1539 2687 1589 2731; x_wconf 89' lang='lat' dir='ltr'><strong>et</strong></span> <span class='ocrx_word' id='word_1_347' title='bbox 1614 2677 1893 2745; x_wconf 86' lang='lat' dir='ltr'><strong>patientia,</strong></span> 
     </span>
    </p>
   </div>
   <div class='ocr_carea' id='block_1_42' title="bbox 330 2767 1898 2836">
    <p class='ocr_par' dir='ltr' id='par_1_42' title="bbox 330 2767 1898 2836">
     <span class='ocr_line' id='line_1_42' title="bbox 330 2767 1898 2836; baseline 0.001 -14"><span class='ocrx_word' id='word_1_348' title='bbox 330 2778 382 2822; x_wconf 86' lang='lat' dir='ltr'><strong>et</strong></span> <span class='ocrx_word' id='word_1_349' title='bbox 408 2768 753 2822; x_wconf 84' lang='lat' dir='ltr'><strong>inﬁrmitate?</strong></span> <span class='ocrx_word' id='word_1_350' title='bbox 790 2767 921 2834; x_wconf 85' lang='lat' dir='ltr'><strong>Qus</strong></span> <span class='ocrx_word' id='word_1_351' title='bbox 969 2768 1110 2822; x_wconf 89' lang='lat' dir='ltr'><strong>enim</strong></span> <span class='ocrx_word' id='word_1_352' title='bbox 1150 2767 1478 2836; x_wconf 80' lang='lat' dir='ltr'><strong>principatus</strong></span> <span class='ocrx_word' id='word_1_353' title='bbox 1509 2783 1610 2823; x_wconf 90' lang='lat' dir='ltr'><strong>non</strong></span> <span class='ocrx_word' id='word_1_354' title='bbox 1661 2783 1898 2823; x_wconf 88' lang='lat' dir='ltr'><strong>evacue-</strong></span> 
     </span>
    </p>
   </div>
   <div class='ocr_carea' id='block_1_43' title="bbox 337 2858 1892 2928">
    <p class='ocr_par' dir='ltr' id='par_1_43' title="bbox 337 2858 1892 2928">
     <span class='ocr_line' id='line_1_43' title="bbox 337 2858 1892 2928; baseline 0 -17"><span class='ocrx_word' id='word_1_355' title='bbox 337 2869 437 2922; x_wconf 88' lang='lat' dir='ltr'><strong>tur,</strong></span> <span class='ocrx_word' id='word_1_356' title='bbox 461 2874 580 2914; x_wconf 90' lang='lat' dir='ltr'><strong>cum</strong></span> <span class='ocrx_word' id='word_1_357' title='bbox 613 2858 778 2913; x_wconf 83' lang='lat' dir='ltr'><strong>Filius</strong></span> <span class='ocrx_word' id='word_1_358' title='bbox 807 2858 898 2912; x_wconf 91' lang='lat' dir='ltr'><strong>Dei</strong></span> <span class='ocrx_word' id='word_1_359' title='bbox 926 2867 1202 2927; x_wconf 71' lang='lat' dir='ltr'><strong>propterea</strong></span> <span class='ocrx_word' id='word_1_360' title='bbox 1234 2869 1423 2928; x_wconf 77' lang='lat' dir='ltr'><strong>regnat</strong></span> <span class='ocrx_word' id='word_1_361' title='bbox 1446 2860 1497 2913; x_wconf 92' lang='lat' dir='ltr'><strong>in</strong></span> <span class='ocrx_word' id='word_1_362' title='bbox 1530 2859 1892 2922; x_wconf 80' lang='lat' dir='ltr'><strong>credentibus,</strong></span> 
     </span>
    </p>
   </div>
   <div class='ocr_carea' id='block_1_44' title="bbox 336 2948 1895 3019">
    <p class='ocr_par' dir='ltr' id='par_1_44' title="bbox 336 2948 1895 3019">
     <span class='ocr_line' id='line_1_44' title="bbox 336 2948 1895 3019; baseline -0.001 -14"><span class='ocrx_word' id='word_1_363' title='bbox 336 2948 452 3018; x_wconf 83' lang='lat' dir='ltr'><strong>quia</strong></span> <span class='ocrx_word' id='word_1_364' title='bbox 481 2967 600 3004; x_wconf 91' lang='lat' dir='ltr'><strong>eum</strong></span> <span class='ocrx_word' id='word_1_365' title='bbox 636 2951 903 3019; x_wconf 85' lang='lat' dir='ltr'><strong>principes</strong></span> <span class='ocrx_word' id='word_1_366' title='bbox 928 2951 1106 3004; x_wconf 64' lang='lat' dir='ltr'><strong>satculi</strong></span> <span class='ocrx_word' id='word_1_367' title='bbox 1134 2950 1441 3019; x_wconf 72' lang='lat' dir='ltr'><strong>iudicarunt</strong></span> <span class='ocrx_word' id='word_1_368' title='bbox 1461 2952 1483 3003; x_wconf 84' lang='lat' dir='ltr'><strong>‘l</strong></span> <span class='ocrx_word' id='word_1_369' title='bbox 1504 2951 1631 3018; x_wconf 74' lang='lat' dir='ltr'><strong>ane</strong></span> <span class='ocrx_word' id='word_1_370' title='bbox 1662 2961 1895 3018; x_wconf 80' lang='lat' dir='ltr'><strong>potestas</strong></span> 
     </span>
    </p>
   </div>
   <div class='ocr_carea' id='block_1_45' title="bbox 337 3042 1887 3113">
    <p class='ocr_par' dir='ltr' id='par_1_45' title="bbox 337 3042 1887 3113">
     <span class='ocr_line' id='line_1_45' title="bbox 337 3042 1887 3113; baseline -0.001 -17"><span class='ocrx_word' id='word_1_371' title='bbox 337 3062 432 3097; x_wconf 90' lang='lat' dir='ltr'><strong>non</strong></span> <span class='ocrx_word' id='word_1_372' title='bbox 460 3053 762 3111; x_wconf 79' lang='lat' dir='ltr'><strong>evacuatur,</strong></span> <span class='ocrx_word' id='word_1_373' title='bbox 785 3058 904 3097; x_wconf 89' lang='lat' dir='ltr'><strong>cum</strong></span> <span class='ocrx_word' id='word_1_374' title='bbox 930 3043 1063 3112; x_wconf 87' lang='lat' dir='ltr'><strong>ipse,</strong></span> <span class='ocrx_word' id='word_1_375' title='bbox 1085 3058 1181 3111; x_wconf 90' lang='lat' dir='ltr'><strong>per</strong></span> <span class='ocrx_word' id='word_1_376' title='bbox 1202 3059 1355 3113; x_wconf 84' lang='lat' dir='ltr'><strong>quem</strong></span> <span class='ocrx_word' id='word_1_377' title='bbox 1381 3042 1515 3097; x_wconf 80' lang='lat' dir='ltr'><strong>facta</strong></span> <span class='ocrx_word' id='word_1_378' title='bbox 1538 3052 1661 3096; x_wconf 89' lang='lat' dir='ltr'><strong>sunt</strong></span> <span class='ocrx_word' id='word_1_379' title='bbox 1690 3045 1887 3105; x_wconf 87' lang='lat' dir='ltr'><strong>omnia,</strong></span> 
     </span>
    </p>
   </div>
   <div class='ocr_carea' id='block_1_46' title="bbox 2005 1849 3572 1924">
    <p class='ocr_par' dir='ltr' id='par_1_46' title="bbox 2005 1849 3572 1924">
     <span class='ocr_line' id='line_1_46' title="bbox 2005 1849 3572 1924; baseline 0.008 -24"><span class='ocrx_word' id='word_1_380' title='bbox 2005 1855 2059 1900; x_wconf 89' lang='lat' dir='ltr'><strong>et</strong></span> <span class='ocrx_word' id='word_1_381' title='bbox 2110 1849 2367 1902; x_wconf 89' lang='lat' dir='ltr'><strong>membra.</strong></span> <span class='ocrx_word' id='word_1_382' title='bbox 2426 1850 2540 1904; x_wconf 71' lang='lat' dir='ltr'><strong>Non</strong></span> <span class='ocrx_word' id='word_1_383' title='bbox 2598 1865 2725 1920; x_wconf 80' lang='lat' dir='ltr'><strong>ergo</strong></span> <span class='ocrx_word' id='word_1_384' title='bbox 2779 1851 3012 1908; x_wconf 75' lang='lat' dir='ltr'><strong>absurde</strong></span> <span class='ocrx_word' id='word_1_385' title='bbox 3064 1856 3142 1907; x_wconf 75' lang='lat' dir='ltr'><strong>sic</strong></span> <span class='ocrx_word' id='word_1_386' title='bbox 3184 1855 3572 1924; x_wconf 74' lang='lat' dir='ltr'><strong>intelligimus:</strong></span> 
     </span>
    </p>
   </div>
   <div class='ocr_carea' id='block_1_47' title="bbox 2005 1938 3574 2023">
    <p class='ocr_par' dir='ltr' id='par_1_47' title="bbox 2005 1938 3574 2023">
     <span class='ocr_line' id='line_1_47' title="bbox 2005 1938 3574 2023; baseline 0.008 -32"><span class='ocrx_word' id='word_1_387' title='bbox 2005 1938 2155 1993; x_wconf 82' lang='lat' dir='ltr'><strong>Tunc</strong></span> <span class='ocrx_word' id='word_1_388' title='bbox 2198 1951 2251 1993; x_wconf 91' lang='lat' dir='ltr'><strong>et</strong></span> <span class='ocrx_word' id='word_1_389' title='bbox 2299 1940 2412 2009; x_wconf 85' lang='lat' dir='ltr'><strong>ipse</strong></span> <span class='ocrx_word' id='word_1_390' title='bbox 2444 1941 2581 1995; x_wconf 87' lang='lat' dir='ltr'><strong>ﬁlius</strong></span> <span class='ocrx_word' id='word_1_391' title='bbox 2610 1944 2881 2011; x_wconf 72' lang='lat' dir='ltr'><strong>subjectus</strong></span> <span class='ocrx_word' id='word_1_392' title='bbox 2913 1946 3015 1999; x_wconf 90' lang='lat' dir='ltr'><strong>erit</strong></span> <span class='ocrx_word' id='word_1_393' title='bbox 3040 1948 3085 2000; x_wconf 89' lang='lat' dir='ltr'><strong>ei</strong></span> <span class='ocrx_word' id='word_1_394' title='bbox 3120 1947 3206 2013; x_wconf 85' lang='lat' dir='ltr'><strong>qui</strong></span> <span class='ocrx_word' id='word_1_395' title='bbox 3237 1947 3313 2001; x_wconf 92' lang='lat' dir='ltr'><strong>illi</strong></span> <span class='ocrx_word' id='word_1_396' title='bbox 3343 1949 3574 2023; x_wconf 72' lang='lat' dir='ltr'><strong>subjecit</strong></span> 
     </span>
    </p>
   </div>
   <div class='ocr_carea' id='block_1_48' title="bbox 2002 2033 3571 2107">
    <p class='ocr_par' dir='ltr' id='par_1_48' title="bbox 2002 2033 3571 2107">
     <span class='ocr_line' id='line_1_48' title="bbox 2002 2033 3571 2107; baseline 0.006 -22"><span class='ocrx_word' id='word_1_397' title='bbox 2002 2033 2215 2097; x_wconf 89' lang='lat' dir='ltr'><strong>omnia;</strong></span> <span class='ocrx_word' id='word_1_398' title='bbox 2263 2044 2320 2087; x_wconf 93' lang='lat' dir='ltr'><strong>ut</strong></span> <span class='ocrx_word' id='word_1_399' title='bbox 2370 2034 2559 2087; x_wconf 79' lang='lat' dir='ltr'><strong>Filium</strong></span> <span class='ocrx_word' id='word_1_400' title='bbox 2610 2052 2715 2090; x_wconf 91' lang='lat' dir='ltr'><strong>non</strong></span> <span class='ocrx_word' id='word_1_401' title='bbox 2763 2040 2933 2091; x_wconf 88' lang='lat' dir='ltr'><strong>so&#39;um</strong></span> <span class='ocrx_word' id='word_1_402' title='bbox 2965 2048 3125 2107; x_wconf 88' lang='lat' dir='ltr'><strong>caput</strong></span> <span class='ocrx_word' id='word_1_403' title='bbox 3158 2041 3433 2106; x_wconf 65' lang='lat' dir='ltr'><strong>Ecclesiae,</strong></span> <span class='ocrx_word' id='word_1_404' title='bbox 3477 2046 3571 2095; x_wconf 76' lang='lat' dir='ltr'><strong>Sed</strong></span> 
     </span>
    </p>
   </div>
   <div class='ocr_carea' id='block_1_49' title="bbox 2002 2128 3564 2197">
    <p class='ocr_par' dir='ltr' id='par_1_49' title="bbox 2002 2128 3564 2197">
     <span class='ocr_line' id='line_1_49' title="bbox 2002 2128 3564 2197; baseline 0.006 -22"><span class='ocrx_word' id='word_1_405' title='bbox 2002 2137 2190 2176; x_wconf 87' lang='lat' dir='ltr'><strong>omnes</strong></span> <span class='ocrx_word' id='word_1_406' title='bbox 2222 2138 2340 2176; x_wconf 87' lang='lat' dir='ltr'><strong>cum</strong></span> <span class='ocrx_word' id='word_1_407' title='bbox 2374 2139 2439 2177; x_wconf 93' lang='lat' dir='ltr'><strong>eo</strong></span> <span class='ocrx_word' id='word_1_408' title='bbox 2467 2135 2681 2180; x_wconf 88' lang='lat' dir='ltr'><strong>sanctos</strong></span> <span class='ocrx_word' id='word_1_409' title='bbox 2715 2128 3098 2197; x_wconf 74' lang='lat' dir='ltr'><strong>intelLigamus,</strong></span> <span class='ocrx_word' id='word_1_410' title='bbox 3133 2130 3220 2196; x_wconf 88' lang='lat' dir='ltr'><strong>qui</strong></span> <span class='ocrx_word' id='word_1_411' title='bbox 3252 2141 3374 2184; x_wconf 88' lang='lat' dir='ltr'><strong>sunt</strong></span> <span class='ocrx_word' id='word_1_412' title='bbox 3404 2148 3564 2187; x_wconf 87' lang='lat' dir='ltr'><strong>unum</strong></span> 
     </span>
    </p>
   </div>
   <div class='ocr_carea' id='block_1_50' title="bbox 2002 2215 3566 2288">
    <p class='ocr_par' dir='ltr' id='par_1_50' title="bbox 2002 2215 3566 2288">
     <span class='ocr_line' id='line_1_50' title="bbox 2002 2215 3566 2288; baseline 0.003 -19"><span class='ocrx_word' id='word_1_413' title='bbox 2002 2215 2054 2269; x_wconf 90' lang='lat' dir='ltr'><strong>in</strong></span> <span class='ocrx_word' id='word_1_414' title='bbox 2084 2216 2316 2279; x_wconf 88' lang='lat' dir='ltr'><strong>Christo,</strong></span> <span class='ocrx_word' id='word_1_415' title='bbox 2350 2232 2511 2269; x_wconf 87' lang='lat' dir='ltr'><strong>unum</strong></span> <span class='ocrx_word' id='word_1_416' title='bbox 2542 2232 2724 2272; x_wconf 89' lang='lat' dir='ltr'><strong>semen</strong></span> <span class='ocrx_word' id='word_1_417' title='bbox 2756 2220 3003 2273; x_wconf 69' lang='lat' dir='ltr'><strong>Abrahaz.</strong></span> <span class='ocrx_word' id='word_1_418' title='bbox 3039 2219 3347 2288; x_wconf 41' lang='lat' dir='ltr'><strong>Sttl‘jectum</strong></span> <span class='ocrx_word' id='word_1_419' title='bbox 3388 2237 3566 2279; x_wconf 88' lang='lat' dir='ltr'><strong>autem</strong></span> 
     </span>
    </p>
   </div>
   <div class='ocr_carea' id='block_1_51' title="bbox 2000 2306 3567 2379">
    <p class='ocr_par' dir='ltr' id='par_1_51' title="bbox 2000 2306 3567 2379">
     <span class='ocr_line' id='line_1_51' title="bbox 2000 2306 3567 2379; baseline 0.006 -21"><span class='ocrx_word' id='word_1_420' title='bbox 2000 2306 2289 2359; x_wconf 82' lang='lat' dir='ltr'><strong>secundum</strong></span> <span class='ocrx_word' id='word_1_421' title='bbox 2317 2308 2819 2375; x_wconf 84' lang='lat' dir='ltr'><strong>contemplationem</strong></span> <span class='ocrx_word' id='word_1_422' title='bbox 2853 2310 3191 2377; x_wconf 68' lang='lat' dir='ltr'><strong>sempiterna:</strong></span> <span class='ocrx_word' id='word_1_423' title='bbox 3212 2312 3474 2379; x_wconf 76' lang='lat' dir='ltr'><strong>veitatis,</strong></span> <span class='ocrx_word' id='word_1_424' title='bbox 3502 2318 3567 2369; x_wconf 87' lang='lat' dir='ltr'><strong>ad</strong></span> 
     </span>
    </p>
   </div>
   <div class='ocr_carea' id='block_1_52' title="bbox 1999 2400 3567 2468">
    <p class='ocr_par' dir='ltr' id='par_1_52' title="bbox 1999 2400 3567 2468">
     <span class='ocr_line' id='line_1_52' title="bbox 1999 2400 3567 2468; baseline 0.003 -13"><span class='ocrx_word' id='word_1_425' title='bbox 1999 2400 2340 2455; x_wconf 88' lang='lat' dir='ltr'><strong>obtinendam</strong></span> <span class='ocrx_word' id='word_1_426' title='bbox 2376 2400 2780 2465; x_wconf 84' lang='lat' dir='ltr'><strong>beatitudinem,</strong></span> <span class='ocrx_word' id='word_1_427' title='bbox 2817 2402 2962 2455; x_wconf 88' lang='lat' dir='ltr'><strong>nullo</strong></span> <span class='ocrx_word' id='word_1_428' title='bbox 3004 2414 3148 2457; x_wconf 89' lang='lat' dir='ltr'><strong>motu</strong></span> <span class='ocrx_word' id='word_1_429' title='bbox 3190 2404 3378 2468; x_wconf 88' lang='lat' dir='ltr'><strong>animi,</strong></span> <span class='ocrx_word' id='word_1_430' title='bbox 3427 2407 3567 2461; x_wconf 70' lang='lat' dir='ltr'><strong>nulla</strong></span> 
     </span>
    </p>
   </div>
   <div class='ocr_carea' id='block_1_53' title="bbox 2000 2492 3572 2561">
    <p class='ocr_par' dir='ltr' id='par_1_53' title="bbox 2000 2492 3572 2561">
     <span class='ocr_line' id='line_1_53' title="bbox 2000 2492 3572 2561; baseline 0.004 -17"><span class='ocrx_word' id='word_1_431' title='bbox 2000 2504 2151 2561; x_wconf 88' lang='lat' dir='ltr'><strong>parte</strong></span> <span class='ocrx_word' id='word_1_432' title='bbox 2169 2492 2412 2560; x_wconf 84' lang='lat' dir='ltr'><strong>corporis</strong></span> <span class='ocrx_word' id='word_1_433' title='bbox 2438 2493 2742 2561; x_wconf 85' lang='lat' dir='ltr'><strong>resistente,</strong></span> <span class='ocrx_word' id='word_1_434' title='bbox 2761 2494 2809 2545; x_wconf 88' lang='lat' dir='ltr'><strong>vi</strong></span> <span class='ocrx_word' id='word_1_435' title='bbox 2843 2496 2892 2547; x_wconf 87' lang='lat' dir='ltr'><strong>in</strong></span> <span class='ocrx_word' id='word_1_436' title='bbox 2914 2494 3000 2547; x_wconf 88' lang='lat' dir='ltr'><strong>illa</strong></span> <span class='ocrx_word' id='word_1_437' title='bbox 3023 2495 3121 2547; x_wconf 69' lang='lat' dir='ltr'><strong>tito</strong></span> <span class='ocrx_word' id='word_1_438' title='bbox 3153 2495 3364 2549; x_wconf 89' lang='lat' dir='ltr'><strong>nemine</strong></span> <span class='ocrx_word' id='word_1_439' title='bbox 3386 2510 3572 2550; x_wconf 88' lang='lat' dir='ltr'><strong>aman-</strong></span> 
     </span>
    </p>
   </div>
   <div class='ocr_carea' id='block_1_54' title="bbox 2000 2585 3567 2653">
    <p class='ocr_par' dir='ltr' id='par_1_54' title="bbox 2000 2585 3567 2653">
     <span class='ocr_line' id='line_1_54' title="bbox 2000 2585 3567 2653; baseline 0.003 -14"><span class='ocrx_word' id='word_1_440' title='bbox 2000 2594 2051 2640; x_wconf 87' lang='lat' dir='ltr'><strong>te</strong></span> <span class='ocrx_word' id='word_1_441' title='bbox 2078 2585 2345 2653; x_wconf 89' lang='lat' dir='ltr'><strong>propriam</strong></span> <span class='ocrx_word' id='word_1_442' title='bbox 2374 2594 2709 2653; x_wconf 65' lang='lat' dir='ltr'><strong>potestatem,</strong></span> <span class='ocrx_word' id='word_1_443' title='bbox 2743 2586 2837 2639; x_wconf 84' lang='lat' dir='ltr'><strong>sed</strong></span> <span class='ocrx_word' id='word_1_444' title='bbox 2861 2587 2997 2640; x_wconf 61' lang='lat' dir='ltr'><strong>Deus</strong></span> <span class='ocrx_word' id='word_1_445' title='bbox 3025 2588 3204 2640; x_wconf 88' lang='lat' dir='ltr'><strong>omnia</strong></span> <span class='ocrx_word' id='word_1_446' title='bbox 3222 2587 3277 2641; x_wconf 91' lang='lat' dir='ltr'><strong>in</strong></span> <span class='ocrx_word' id='word_1_447' title='bbox 3299 2590 3567 2643; x_wconf 89' lang='lat' dir='ltr'><strong>omnibus.</strong></span> 
     </span>
    </p>
   </div>
   <div class='ocr_carea' id='block_1_55' title="bbox 2069 2676 3569 2748">
    <p class='ocr_par' dir='ltr' id='par_1_55' title="bbox 2069 2676 3569 2748">
     <span class='ocr_line' id='line_1_55' title="bbox 2069 2676 3569 2748; baseline 0.002 -19"><span class='ocrx_word' id='word_1_448' title='bbox 2069 2677 2325 2745; x_wconf 78' lang='lat' dir='ltr'><strong>Alioquin.</strong></span> <span class='ocrx_word' id='word_1_449' title='bbox 2342 2676 2627 2730; x_wconf 73' lang='lat' dir='ltr'><strong>Caeterum.</strong></span> <span class='ocrx_word' id='word_1_450' title='bbox 2645 2677 2782 2742; x_wconf 83' lang='lat' dir='ltr'><strong>Quid</strong></span> <span class='ocrx_word' id='word_1_451' title='bbox 2800 2678 2987 2745; x_wconf 77' lang='lat' dir='ltr'><strong>facient</strong></span> <span class='ocrx_word' id='word_1_452' title='bbox 3006 2678 3093 2747; x_wconf 88' lang='lat' dir='ltr'><strong>qui</strong></span> <span class='ocrx_word' id='word_1_453' title='bbox 3125 2679 3446 2748; x_wconf 74' lang='lat' dir='ltr'><strong>baptizantur</strong></span> <span class='ocrx_word' id='word_1_454' title='bbox 3474 2696 3569 2746; x_wconf 87' lang='lat' dir='ltr'><strong>pro</strong></span> 
     </span>
    </p>
   </div>
   <div class='ocr_carea' id='block_1_56' title="bbox 1998 2766 3571 2840">
    <p class='ocr_par' dir='ltr' id='par_1_56' title="bbox 1998 2766 3571 2840">
     <span class='ocr_line' id='line_1_56' title="bbox 1998 2766 3571 2840; baseline 0.002 -20"><span class='ocrx_word' id='word_1_455' title='bbox 1998 2767 2251 2820; x_wconf 82' lang='lat' dir='ltr'><strong>mortuis?</strong></span> <span class='ocrx_word' id='word_1_456' title='bbox 2280 2766 2342 2821; x_wconf 92' lang='lat' dir='ltr'><strong>Si</strong></span> <span class='ocrx_word' id='word_1_457' title='bbox 2365 2768 2571 2820; x_wconf 83' lang='lat' dir='ltr'><strong>omnino</strong></span> <span class='ocrx_word' id='word_1_458' title='bbox 2598 2767 2781 2819; x_wconf 80' lang='lat' dir='ltr'><strong>mortui</strong></span> <span class='ocrx_word' id='word_1_459' title='bbox 2825 2783 2928 2820; x_wconf 86' lang='lat' dir='ltr'><strong>non</strong></span> <span class='ocrx_word' id='word_1_460' title='bbox 2973 2778 3277 2840; x_wconf 81' lang='lat' dir='ltr'><strong>resurgunt,</strong></span> <span class='ocrx_word' id='word_1_461' title='bbox 3312 2770 3493 2839; x_wconf 80' lang='lat' dir='ltr'><strong>utquid</strong></span> <span class='ocrx_word' id='word_1_462' title='bbox 3523 2781 3571 2824; x_wconf 84' lang='lat' dir='ltr'><strong>et</strong></span> 
     </span>
    </p>
   </div>
   <div class='ocr_carea' id='block_1_57' title="bbox 1996 2858 3564 2927">
    <p class='ocr_par' dir='ltr' id='par_1_57' title="bbox 1996 2858 3564 2927">
     <span class='ocr_line' id='line_1_57' title="bbox 1996 2858 3564 2927; baseline 0.003 -17"><span class='ocrx_word' id='word_1_463' title='bbox 1996 2858 2316 2926; x_wconf 74' lang='lat' dir='ltr'><strong>baptismum</strong></span> <span class='ocrx_word' id='word_1_464' title='bbox 2346 2873 2439 2925; x_wconf 86' lang='lat' dir='ltr'><strong>pro</strong></span> <span class='ocrx_word' id='word_1_465' title='bbox 2468 2858 2613 2910; x_wconf 69' lang='lat' dir='ltr'><strong>illis?</strong></span> <span class='ocrx_word' id='word_1_466' title='bbox 2639 2858 2950 2926; x_wconf 88' lang='lat' dir='ltr'><strong>Quicunque</strong></span> <span class='ocrx_word' id='word_1_467' title='bbox 2986 2860 3235 2927; x_wconf 83' lang='lat' dir='ltr'><strong>baptizati</strong></span> <span class='ocrx_word' id='word_1_468' title='bbox 3283 2876 3469 2915; x_wconf 78' lang='lat' dir='ltr'><strong>sumus</strong></span> <span class='ocrx_word' id='word_1_469' title='bbox 3513 2862 3564 2914; x_wconf 87' lang='lat' dir='ltr'><strong>itt</strong></span> 
     </span>
    </p>
   </div>
   <div class='ocr_carea' id='block_1_58' title="bbox 1996 2950 3566 3019">
    <p class='ocr_par' dir='ltr' id='par_1_58' title="bbox 1996 2950 3566 3019">
     <span class='ocr_line' id='line_1_58' title="bbox 1996 2950 3566 3019; baseline 0.003 -16"><span class='ocrx_word' id='word_1_470' title='bbox 1996 2950 2210 3004; x_wconf 88' lang='lat' dir='ltr'><strong>Christo</strong></span> <span class='ocrx_word' id='word_1_471' title='bbox 2238 2950 2385 3011; x_wconf 79' lang='lat' dir='ltr'><strong>lesu,</strong></span> <span class='ocrx_word' id='word_1_472' title='bbox 2414 2952 2462 3003; x_wconf 91' lang='lat' dir='ltr'><strong>in</strong></span> <span class='ocrx_word' id='word_1_473' title='bbox 2491 2962 2662 3004; x_wconf 88' lang='lat' dir='ltr'><strong>morte</strong></span> <span class='ocrx_word' id='word_1_474' title='bbox 2686 2952 2849 3019; x_wconf 89' lang='lat' dir='ltr'><strong>ipsius</strong></span> <span class='ocrx_word' id='word_1_475' title='bbox 2873 2952 3116 3017; x_wconf 82' lang='lat' dir='ltr'><strong>baptizati</strong></span> <span class='ocrx_word' id='word_1_476' title='bbox 3141 2967 3344 3006; x_wconf 74' lang='lat' dir='ltr'><strong>Sumus.</strong></span> <span class='ocrx_word' id='word_1_477' title='bbox 3369 2954 3566 3007; x_wconf 67' lang='lat' dir='ltr'><strong>Omnes</strong></span> 
     </span>
    </p>
   </div>
   <div class='ocr_carea' id='block_1_59' title="bbox 1996 3040 3569 3111">
    <p class='ocr_par' dir='ltr' id='par_1_59' title="bbox 1996 3040 3569 3111">
     <span class='ocr_line' id='line_1_59' title="bbox 1996 3040 3569 3111; baseline 0.002 -17"><span class='ocrx_word' id='word_1_478' title='bbox 1996 3042 2137 3094; x_wconf 90' lang='lat' dir='ltr'><strong>enim</strong></span> <span class='ocrx_word' id='word_1_479' title='bbox 2189 3043 2276 3108; x_wconf 90' lang='lat' dir='ltr'><strong>qui</strong></span> <span class='ocrx_word' id='word_1_480' title='bbox 2330 3041 2683 3109; x_wconf 86' lang='lat' dir='ltr'><strong>baptizamur,</strong></span> <span class='ocrx_word' id='word_1_481' title='bbox 2735 3040 2814 3094; x_wconf 88' lang='lat' dir='ltr'><strong>sic</strong></span> <span class='ocrx_word' id='word_1_482' title='bbox 2855 3040 3189 3109; x_wconf 84' lang='lat' dir='ltr'><strong>baptizamur</strong></span> <span class='ocrx_word' id='word_1_483' title='bbox 3218 3051 3274 3095; x_wconf 91' lang='lat' dir='ltr'><strong>ut</strong></span> <span class='ocrx_word' id='word_1_484' title='bbox 3308 3041 3419 3111; x_wconf 86' lang='lat' dir='ltr'><strong>jam</strong></span> <span class='ocrx_word' id='word_1_485' title='bbox 3472 3058 3569 3111; x_wconf 88' lang='lat' dir='ltr'><strong>pro</strong></span> 
     </span>
    </p>
   </div>
   <div class='ocr_carea' id='block_1_60' title="bbox 339 3102 3562 3203">
    <p class='ocr_par' dir='ltr' id='par_1_60' title="bbox 339 3102 3562 3203">
     <span class='ocr_line' id='line_1_60' title="bbox 339 3102 3562 3203; baseline 0.001 -17"><span class='ocrx_word' id='word_1_486' title='bbox 339 3144 601 3201; x_wconf 80' lang='lat' dir='ltr'><strong>propterea</strong></span> <span class='ocrx_word' id='word_1_487' title='bbox 619 3102 805 3202; x_wconf 76' lang='lat' dir='ltr'><strong>regnat</strong></span> <span class='ocrx_word' id='word_1_488' title='bbox 827 3134 877 3186; x_wconf 92' lang='lat' dir='ltr'><strong>in</strong></span> <span class='ocrx_word' id='word_1_489' title='bbox 898 3102 1399 3203; x_wconf 45' lang='lat' dir='ltr'><strong>credentibus-smnia</strong></span> <span class='ocrx_word' id='word_1_490' title='bbox 1422 3133 1490 3187; x_wconf 88' lang='lat' dir='ltr'><strong>ita</strong></span> <span class='ocrx_word' id='word_1_491' title='bbox 1508 3134 1776 3203; x_wconf 67' lang='lat' dir='ltr'><strong>sibjectns</strong></span> <span class='ocrx_word' id='word_1_492' title='bbox 1794 3133 1890 3187; x_wconf 80' lang='lat' dir='ltr'><strong>fuit</strong></span> <span class='ocrx_word' id='word_1_493' title='bbox 1919 3102 1966 3165; x_wconf 62' lang='grc' dir='ltr'><em>δ</em></span> <span class='ocrx_word' id='word_1_494' title='bbox 1997 3132 2217 3184; x_wconf 76' lang='lat' dir='ltr'><strong>mortuis</strong></span> <span class='ocrx_word' id='word_1_495' title='bbox 2241 3134 2426 3186; x_wconf 87' lang='lat' dir='ltr'><strong>simus.</strong></span> <span class='ocrx_word' id='word_1_496' title='bbox 2456 3131 2590 3199; x_wconf 85' lang='lat' dir='ltr'><strong>Quid</strong></span> <span class='ocrx_word' id='word_1_497' title='bbox 2637 3146 2763 3201; x_wconf 80' lang='lat' dir='ltr'><strong>ergo</strong></span> <span class='ocrx_word' id='word_1_498' title='bbox 2806 3132 3020 3192; x_wconf 77' lang='lat' dir='ltr'><strong>rrodest</strong></span> <span class='ocrx_word' id='word_1_499' title='bbox 3066 3148 3163 3188; x_wconf 82' lang='lat' dir='ltr'><strong>nos</strong></span> <span class='ocrx_word' id='word_1_500' title='bbox 3208 3133 3327 3187; x_wconf 86' lang='lat' dir='ltr'><strong>huic</strong></span> <span class='ocrx_word' id='word_1_501' title='bbox 3365 3135 3562 3188; x_wconf 89' lang='lat' dir='ltr'><strong>tnundo</strong></span> 
     </span>
    </p>
   </div>
   <div class='ocr_carea' id='block_1_61' title="bbox 335 3223 1893 3291">
    <p class='ocr_par' dir='ltr' id='par_1_61' title="bbox 335 3223 1893 3291">
     <span class='ocr_line' id='line_1_61' title="bbox 335 3223 1893 3291; baseline 0.002 -13"><span class='ocrx_word' id='word_1_502' title='bbox 335 3225 705 3291; x_wconf 57' lang='lat' dir='ltr'><strong>p~testatibus,</strong></span> <span class='ocrx_word' id='word_1_503' title='bbox 738 3233 794 3277; x_wconf 90' lang='lat' dir='ltr'><strong>ut</strong></span> <span class='ocrx_word' id='word_1_504' title='bbox 824 3223 1023 3279; x_wconf 88' lang='lat' dir='ltr'><strong>diceret</strong></span> <span class='ocrx_word' id='word_1_505' title='bbox 1052 3224 1252 3280; x_wconf 87' lang='lat' dir='ltr'><strong>homini</strong></span> <span class='ocrx_word' id='word_1_506' title='bbox 1284 3224 1436 3280; x_wconf 86' lang='lat' dir='ltr'><strong>:Non</strong></span> <span class='ocrx_word' id='word_1_507' title='bbox 1468 3226 1692 3282; x_wconf 89' lang='lat' dir='ltr'><strong>haberes</strong></span> <span class='ocrx_word' id='word_1_508' title='bbox 1721 3227 1773 3280; x_wconf 92' lang='lat' dir='ltr'><strong>in</strong></span> <span class='ocrx_word' id='word_1_509' title='bbox 1807 3241 1893 3281; x_wconf 91' lang='lat' dir='ltr'><strong>me</strong></span> 
     </span>
    </p>
   </div>
   <div class='ocr_carea' id='block_1_62' title="bbox 337 3313 1890 3384">
    <p class='ocr_par' dir='ltr' id='par_1_62' title="bbox 337 3313 1890 3384">
     <span class='ocr_line' id='line_1_62' title="bbox 337 3313 1890 3384; baseline 0.004 -16"><span class='ocrx_word' id='word_1_510' title='bbox 337 3327 658 3383; x_wconf 87' lang='lat' dir='ltr'><strong>potestatem,</strong></span> <span class='ocrx_word' id='word_1_511' title='bbox 690 3313 792 3368; x_wconf 89' lang='lat' dir='ltr'><strong>nisi</strong></span> <span class='ocrx_word' id='word_1_512' title='bbox 820 3313 942 3368; x_wconf 88' lang='lat' dir='ltr'><strong>data</strong></span> <span class='ocrx_word' id='word_1_513' title='bbox 975 3313 1068 3369; x_wconf 88' lang='lat' dir='ltr'><strong>tibi</strong></span> <span class='ocrx_word' id='word_1_514' title='bbox 1099 3324 1242 3370; x_wconf 87' lang='lat' dir='ltr'><strong>esset</strong></span> <span class='ocrx_word' id='word_1_515' title='bbox 1271 3314 1542 3384; x_wconf 80' lang='lat' dir='ltr'><strong>desuper?</strong></span> <span class='ocrx_word' id='word_1_516' title='bbox 1569 3318 1696 3383; x_wconf 78' lang='lat' dir='ltr'><strong>Quze</strong></span> <span class='ocrx_word' id='word_1_517' title='bbox 1722 3317 1890 3374; x_wconf 85' lang='lat' dir='ltr'><strong>virtus</strong></span> 
     </span>
    </p>
   </div>
   <div class='ocr_carea' id='block_1_63' title="bbox 336 3403 1888 3477">
    <p class='ocr_par' dir='ltr' id='par_1_63' title="bbox 336 3403 1888 3477">
     <span class='ocr_line' id='line_1_63' title="bbox 336 3403 1888 3477; baseline 0.002 -18"><span class='ocrx_word' id='word_1_518' title='bbox 336 3423 429 3459; x_wconf 88' lang='lat' dir='ltr'><strong>nott</strong></span> <span class='ocrx_word' id='word_1_519' title='bbox 450 3413 755 3470; x_wconf 81' lang='lat' dir='ltr'><strong>evacuatur,</strong></span> <span class='ocrx_word' id='word_1_520' title='bbox 775 3419 893 3460; x_wconf 90' lang='lat' dir='ltr'><strong>cum</strong></span> <span class='ocrx_word' id='word_1_521' title='bbox 920 3403 1053 3473; x_wconf 89' lang='lat' dir='ltr'><strong>ipse,</strong></span> <span class='ocrx_word' id='word_1_522' title='bbox 1080 3418 1174 3471; x_wconf 89' lang='lat' dir='ltr'><strong>per</strong></span> <span class='ocrx_word' id='word_1_523' title='bbox 1193 3420 1347 3475; x_wconf 85' lang='lat' dir='ltr'><strong>quem</strong></span> <span class='ocrx_word' id='word_1_524' title='bbox 1372 3406 1492 3460; x_wconf 82' lang='lat' dir='ltr'><strong>coeli</strong></span> <span class='ocrx_word' id='word_1_525' title='bbox 1513 3407 1721 3461; x_wconf 90' lang='lat' dir='ltr'><strong>solidati</strong></span> <span class='ocrx_word' id='word_1_526' title='bbox 1740 3418 1888 3477; x_wconf 89' lang='lat' dir='ltr'><strong>sunt,</strong></span> 
     </span>
    </p>
   </div>
   <div class='ocr_carea' id='block_1_64' title="bbox 333 3494 1887 3567">
    <p class='ocr_par' dir='ltr' id='par_1_64' title="bbox 333 3494 1887 3567">
     <span class='ocr_line' id='line_1_64' title="bbox 333 3494 1887 3567; baseline 0.003 -21"><span class='ocrx_word' id='word_1_527' title='bbox 333 3498 443 3551; x_wconf 88' lang='lat' dir='ltr'><strong>ideo</strong></span> <span class='ocrx_word' id='word_1_528' title='bbox 480 3505 667 3564; x_wconf 82' lang='lat' dir='ltr'><strong>regnat</strong></span> <span class='ocrx_word' id='word_1_529' title='bbox 711 3496 762 3548; x_wconf 92' lang='lat' dir='ltr'><strong>in</strong></span> <span class='ocrx_word' id='word_1_530' title='bbox 796 3494 1170 3561; x_wconf 79' lang='lat' dir='ltr'><strong>credentibus,</strong></span> <span class='ocrx_word' id='word_1_531' title='bbox 1216 3497 1338 3566; x_wconf 89' lang='lat' dir='ltr'><strong>quia</strong></span> <span class='ocrx_word' id='word_1_532' title='bbox 1372 3512 1538 3567; x_wconf 84' lang='lat' dir='ltr'><strong>usque</strong></span> <span class='ocrx_word' id='word_1_533' title='bbox 1570 3500 1636 3551; x_wconf 86' lang='lat' dir='ltr'><strong>ad</strong></span> <span class='ocrx_word' id='word_1_534' title='bbox 1672 3514 1887 3554; x_wconf 87' lang='lat' dir='ltr'><strong>crucem</strong></span> 
     </span>
    </p>
   </div>
   <div class='ocr_carea' id='block_1_65' title="bbox 332 3586 1889 3657">
    <p class='ocr_par' dir='ltr' id='par_1_65' title="bbox 332 3586 1889 3657">
     <span class='ocr_line' id='line_1_65' title="bbox 332 3586 1889 3657; baseline 0.004 -18"><span class='ocrx_word' id='word_1_535' title='bbox 332 3600 651 3657; x_wconf 76' lang='lat' dir='ltr'><strong>martemque</strong></span> <span class='ocrx_word' id='word_1_536' title='bbox 698 3587 995 3640; x_wconf 88' lang='lat' dir='ltr'><strong>inﬁrmatus</strong></span> <span class='ocrx_word' id='word_1_537' title='bbox 1038 3586 1156 3641; x_wconf 80' lang='lat' dir='ltr'><strong>est?</strong></span> <span class='ocrx_word' id='word_1_538' title='bbox 1186 3586 1297 3640; x_wconf 83' lang='lat' dir='ltr'><strong>lioc</strong></span> <span class='ocrx_word' id='word_1_539' title='bbox 1322 3595 1499 3642; x_wconf 89' lang='lat' dir='ltr'><strong>autem</strong></span> <span class='ocrx_word' id='word_1_540' title='bbox 1530 3591 1687 3643; x_wconf 91' lang='lat' dir='ltr'><strong>modo</strong></span> <span class='ocrx_word' id='word_1_541' title='bbox 1723 3591 1889 3645; x_wconf 82' lang='lat' dir='ltr'><strong>Filius</strong></span> 
     </span>
    </p>
   </div>
   <div class='ocr_carea' id='block_1_66' title="bbox 332 3677 1887 3746">
    <p class='ocr_par' dir='ltr' id='par_1_66' title="bbox 332 3677 1887 3746">
     <span class='ocr_line' id='line_1_66' title="bbox 332 3677 1887 3746; baseline 0.005 -17"><span class='ocrx_word' id='word_1_542' title='bbox 332 3679 532 3746; x_wconf 78' lang='lat' dir='ltr'><strong>proprie</strong></span> <span class='ocrx_word' id='word_1_543' title='bbox 560 3681 610 3732; x_wconf 92' lang='lat' dir='ltr'><strong>in</strong></span> <span class='ocrx_word' id='word_1_544' title='bbox 644 3679 746 3732; x_wconf 88' lang='lat' dir='ltr'><strong>lide</strong></span> <span class='ocrx_word' id='word_1_545' title='bbox 774 3678 1127 3732; x_wconf 88' lang='lat' dir='ltr'><strong>credentium.</strong></span> <span class='ocrx_word' id='word_1_546' title='bbox 1160 3677 1276 3732; x_wconf 90' lang='lat' dir='ltr'><strong>Non</strong></span> <span class='ocrx_word' id='word_1_547' title='bbox 1301 3679 1442 3732; x_wconf 89' lang='lat' dir='ltr'><strong>enim</strong></span> <span class='ocrx_word' id='word_1_548' title='bbox 1477 3679 1635 3734; x_wconf 89' lang='lat' dir='ltr'><strong>Pater</strong></span> <span class='ocrx_word' id='word_1_549' title='bbox 1664 3681 1765 3735; x_wconf 91' lang='lat' dir='ltr'><strong>dici</strong></span> <span class='ocrx_word' id='word_1_550' title='bbox 1799 3691 1887 3736; x_wconf 89' lang='lat' dir='ltr'><strong>:mt</strong></span> 
     </span>
    </p>
   </div>
   <div class='ocr_carea' id='block_1_67' title="bbox 330 3768 1884 3839">
    <p class='ocr_par' dir='ltr' id='par_1_67' title="bbox 330 3768 1884 3839">
     <span class='ocr_line' id='line_1_67' title="bbox 330 3768 1884 3839; baseline 0.005 -20"><span class='ocrx_word' id='word_1_551' title='bbox 330 3768 461 3821; x_wconf 83' lang='lat' dir='ltr'><strong>credi</strong></span> <span class='ocrx_word' id='word_1_552' title='bbox 493 3778 685 3836; x_wconf 61' lang='lat' dir='ltr'><strong>potest,</strong></span> <span class='ocrx_word' id='word_1_553' title='bbox 714 3768 795 3821; x_wconf 89' lang='lat' dir='ltr'><strong>vel</strong></span> <span class='ocrx_word' id='word_1_554' title='bbox 818 3769 1146 3829; x_wconf 87' lang='lat' dir='ltr'><strong>incarnatus,</strong></span> <span class='ocrx_word' id='word_1_555' title='bbox 1176 3769 1884 3839; x_wconf 81' lang='lat' dir='ltr'><strong>veljudicatuscrueilixus:</strong></span> 
     </span>
    </p>
   </div>
   <div class='ocr_carea' id='block_1_68' title="bbox 330 3859 1886 3929">
    <p class='ocr_par' dir='ltr' id='par_1_68' title="bbox 330 3859 1886 3929">
     <span class='ocr_line' id='line_1_68' title="bbox 330 3859 1886 3929; baseline 0.003 -19"><span class='ocrx_word' id='word_1_556' title='bbox 330 3874 414 3923; x_wconf 75' lang='lat' dir='ltr'><strong>per</strong></span> <span class='ocrx_word' id='word_1_557' title='bbox 438 3859 664 3927; x_wconf 74' lang='lat' dir='ltr'><strong>speciem</strong></span> <span class='ocrx_word' id='word_1_558' title='bbox 696 3869 873 3914; x_wconf 88' lang='lat' dir='ltr'><strong>autem</strong></span> <span class='ocrx_word' id='word_1_559' title='bbox 899 3873 1003 3929; x_wconf 88' lang='lat' dir='ltr'><strong>qua</strong></span> <span class='ocrx_word' id='word_1_560' title='bbox 1032 3859 1250 3929; x_wconf 71' lang='lat' dir='ltr'><strong>aequalis</strong></span> <span class='ocrx_word' id='word_1_561' title='bbox 1281 3868 1362 3913; x_wconf 90' lang='lat' dir='ltr'><strong>est</strong></span> <span class='ocrx_word' id='word_1_562' title='bbox 1394 3860 1559 3927; x_wconf 85' lang='lat' dir='ltr'><strong>Patri,</strong></span> <span class='ocrx_word' id='word_1_563' title='bbox 1586 3875 1706 3914; x_wconf 92' lang='lat' dir='ltr'><strong>cum</strong></span> <span class='ocrx_word' id='word_1_564' title='bbox 1733 3861 1886 3914; x_wconf 88' lang='lat' dir='ltr'><strong>Patre</strong></span> 
     </span>
    </p>
   </div>
   <div class='ocr_carea' id='block_1_69' title="bbox 329 3951 1879 4019">
    <p class='ocr_par' dir='ltr' id='par_1_69' title="bbox 329 3951 1879 4019">
     <span class='ocr_line' id='line_1_69' title="bbox 329 3951 1879 4019; baseline 0.003 -18"><span class='ocrx_word' id='word_1_565' title='bbox 329 3961 500 4017; x_wconf 81' lang='lat' dir='ltr'><strong>regnat</strong></span> <span class='ocrx_word' id='word_1_566' title='bbox 529 3952 577 4005; x_wconf 92' lang='lat' dir='ltr'><strong>in</strong></span> <span class='ocrx_word' id='word_1_567' title='bbox 610 3951 1097 4019; x_wconf 81' lang='lat' dir='ltr'><strong>contemplantibus</strong></span> <span class='ocrx_word' id='word_1_568' title='bbox 1149 3956 1448 4005; x_wconf 86' lang='lat' dir='ltr'><strong>veritatem.</strong></span> <span class='ocrx_word' id='word_1_569' title='bbox 1503 3951 1655 4018; x_wconf 82' lang='lat' dir='ltr'><strong>Quod</strong></span> <span class='ocrx_word' id='word_1_570' title='bbox 1704 3963 1879 4007; x_wconf 90' lang='lat' dir='ltr'><strong>autem</strong></span> 
     </span>
    </p>
   </div>
   <div class='ocr_carea' id='block_1_70' title="bbox 328 4042 1884 4111">
    <p class='ocr_par' dir='ltr' id='par_1_70' title="bbox 328 4042 1884 4111">
     <span class='ocr_line' id='line_1_70' title="bbox 328 4042 1884 4111; baseline 0.004 -19"><span class='ocrx_word' id='word_1_571' title='bbox 328 4046 488 4095; x_wconf 82' lang='lat' dir='ltr'><strong>tradet</strong></span> <span class='ocrx_word' id='word_1_572' title='bbox 511 4058 728 4111; x_wconf 76' lang='lat' dir='ltr'><strong>regnum</strong></span> <span class='ocrx_word' id='word_1_573' title='bbox 761 4042 870 4096; x_wconf 82' lang='lat' dir='ltr'><strong>Deo</strong></span> <span class='ocrx_word' id='word_1_574' title='bbox 895 4052 948 4096; x_wconf 89' lang='lat' dir='ltr'><strong>et</strong></span> <span class='ocrx_word' id='word_1_575' title='bbox 977 4043 1139 4107; x_wconf 89' lang='lat' dir='ltr'><strong>Patri,</strong></span> <span class='ocrx_word' id='word_1_576' title='bbox 1171 4057 1199 4096; x_wconf 87' lang='lat' dir='ltr'><strong>a</strong></span> <span class='ocrx_word' id='word_1_577' title='bbox 1230 4042 1333 4096; x_wconf 87' lang='lat' dir='ltr'><strong>ﬁde</strong></span> <span class='ocrx_word' id='word_1_578' title='bbox 1363 4043 1745 4097; x_wconf 88' lang='lat' dir='ltr'><strong>incarnationis</strong></span> <span class='ocrx_word' id='word_1_579' title='bbox 1773 4059 1884 4098; x_wconf 77' lang='lat' dir='ltr'><strong>sua:</strong></span> 
     </span>
    </p>
   </div>
   <div class='ocr_carea' id='block_1_71' title="bbox 327 4132 1883 4203">
    <p class='ocr_par' dir='ltr' id='par_1_71' title="bbox 327 4132 1883 4203">
     <span class='ocr_line' id='line_1_71' title="bbox 327 4132 1883 4203; baseline 0.004 -20"><span class='ocrx_word' id='word_1_580' title='bbox 327 4135 385 4184; x_wconf 81' lang='lat' dir='ltr'><strong>ad</strong></span> <span class='ocrx_word' id='word_1_581' title='bbox 406 4135 628 4200; x_wconf 84' lang='lat' dir='ltr'><strong>speciem</strong></span> <span class='ocrx_word' id='word_1_582' title='bbox 659 4133 874 4187; x_wconf 87' lang='lat' dir='ltr'><strong>deitatis</strong></span> <span class='ocrx_word' id='word_1_583' title='bbox 899 4132 1197 4201; x_wconf 89' lang='lat' dir='ltr'><strong>perducens</strong></span> <span class='ocrx_word' id='word_1_584' title='bbox 1225 4148 1318 4187; x_wconf 89' lang='lat' dir='ltr'><strong>eos</strong></span> <span class='ocrx_word' id='word_1_585' title='bbox 1347 4132 1438 4203; x_wconf 89' lang='lat' dir='ltr'><strong>qui</strong></span> <span class='ocrx_word' id='word_1_586' title='bbox 1464 4132 1566 4187; x_wconf 80' lang='lat' dir='ltr'><strong>sibi</strong></span> <span class='ocrx_word' id='word_1_587' title='bbox 1593 4148 1733 4187; x_wconf 86' lang='lat' dir='ltr'><strong>nunc</strong></span> <span class='ocrx_word' id='word_1_588' title='bbox 1763 4148 1883 4189; x_wconf 87' lang='lat' dir='ltr'><strong>cre-</strong></span> 
     </span>
    </p>
   </div>
   <div class='ocr_carea' id='block_1_72' title="bbox 324 4223 1882 4295">
    <p class='ocr_par' dir='ltr' id='par_1_72' title="bbox 324 4223 1882 4295">
     <span class='ocr_line' id='line_1_72' title="bbox 324 4223 1882 4295; baseline 0.003 -19"><span class='ocrx_word' id='word_1_589' title='bbox 324 4223 463 4290; x_wconf 90' lang='lat' dir='ltr'><strong>dunt,</strong></span> <span class='ocrx_word' id='word_1_590' title='bbox 510 4241 613 4279; x_wconf 92' lang='lat' dir='ltr'><strong>non</strong></span> <span class='ocrx_word' id='word_1_591' title='bbox 656 4227 769 4294; x_wconf 89' lang='lat' dir='ltr'><strong>ipse</strong></span> <span class='ocrx_word' id='word_1_592' title='bbox 799 4226 1045 4292; x_wconf 88' lang='lat' dir='ltr'><strong>amittet,</strong></span> <span class='ocrx_word' id='word_1_593' title='bbox 1094 4224 1187 4280; x_wconf 85' lang='lat' dir='ltr'><strong>sed</strong></span> <span class='ocrx_word' id='word_1_594' title='bbox 1238 4233 1464 4295; x_wconf 88' lang='lat' dir='ltr'><strong>uterque</strong></span> <span class='ocrx_word' id='word_1_595' title='bbox 1516 4240 1575 4280; x_wconf 89' lang='lat' dir='ltr'><strong>se</strong></span> <span class='ocrx_word' id='word_1_596' title='bbox 1624 4240 1785 4280; x_wconf 89' lang='lat' dir='ltr'><strong>unum</strong></span> <span class='ocrx_word' id='word_1_597' title='bbox 1815 4227 1882 4280; x_wconf 89' lang='lat' dir='ltr'><strong>ad</strong></span> 
     </span>
    </p>
   </div>
   <div class='ocr_carea' id='block_1_73' title="bbox 326 4314 1879 4385">
    <p class='ocr_par' dir='ltr' id='par_1_73' title="bbox 326 4314 1879 4385">
     <span class='ocr_line' id='line_1_73' title="bbox 326 4314 1879 4385; baseline 0.005 -20"><span class='ocrx_word' id='word_1_598' title='bbox 326 4314 586 4373; x_wconf 78' lang='lat' dir='ltr'><strong>fruendum</strong></span> <span class='ocrx_word' id='word_1_599' title='bbox 634 4316 1122 4385; x_wconf 79' lang='lat' dir='ltr'><strong>contemplantibus</strong></span> <span class='ocrx_word' id='word_1_600' title='bbox 1174 4315 1397 4385; x_wconf 65' lang='lat' dir='ltr'><strong>praebet.</strong></span> <span class='ocrx_word' id='word_1_601' title='bbox 1446 4315 1654 4371; x_wconf 86' lang='lat' dir='ltr'><strong>Tandiu</strong></span> <span class='ocrx_word' id='word_1_602' title='bbox 1700 4326 1879 4372; x_wconf 87' lang='lat' dir='ltr'><strong>autem</strong></span> 
     </span>
    </p>
   </div>
   <div class='ocr_carea' id='block_1_74' title="bbox 327 4407 1879 4479">
    <p class='ocr_par' dir='ltr' id='par_1_74' title="bbox 327 4407 1879 4479">
     <span class='ocr_line' id='line_1_74' title="bbox 327 4407 1879 4479; baseline 0.001 -18"><span class='ocrx_word' id='word_1_603' title='bbox 327 4420 446 4470; x_wconf 75' lang='lat' dir='ltr'><strong>opus</strong></span> <span class='ocrx_word' id='word_1_604' title='bbox 465 4421 562 4471; x_wconf 87' lang='lat' dir='ltr'><strong>est,</strong></span> <span class='ocrx_word' id='word_1_605' title='bbox 583 4420 639 4463; x_wconf 88' lang='lat' dir='ltr'><strong>ut</strong></span> <span class='ocrx_word' id='word_1_606' title='bbox 668 4410 721 4462; x_wconf 90' lang='lat' dir='ltr'><strong>in</strong></span> <span class='ocrx_word' id='word_1_607' title='bbox 752 4408 1078 4477; x_wconf 90' lang='lat' dir='ltr'><strong>hominibus,</strong></span> <span class='ocrx_word' id='word_1_608' title='bbox 1106 4407 1343 4463; x_wconf 90' lang='lat' dir='ltr'><strong>nondum</strong></span> <span class='ocrx_word' id='word_1_609' title='bbox 1372 4408 1673 4464; x_wconf 86' lang='lat' dir='ltr'><strong>valentibus</strong></span> <span class='ocrx_word' id='word_1_610' title='bbox 1703 4425 1879 4479; x_wconf 67' lang='lat' dir='ltr'><strong>(equa-</strong></span> 
     </span>
    </p>
   </div>
   <div class='ocr_carea' id='block_1_75' title="bbox 330 4497 1874 4569">
    <p class='ocr_par' dir='ltr' id='par_1_75' title="bbox 330 4497 1874 4569">
     <span class='ocr_line' id='line_1_75' title="bbox 330 4497 1874 4569; baseline 0.004 -22"><span class='ocrx_word' id='word_1_611' title='bbox 330 4497 508 4553; x_wconf 84' lang='lat' dir='ltr'><strong>litatem</strong></span> <span class='ocrx_word' id='word_1_612' title='bbox 541 4500 706 4553; x_wconf 84' lang='lat' dir='ltr'><strong>Patris</strong></span> <span class='ocrx_word' id='word_1_613' title='bbox 728 4507 781 4554; x_wconf 91' lang='lat' dir='ltr'><strong>et</strong></span> <span class='ocrx_word' id='word_1_614' title='bbox 804 4499 921 4553; x_wconf 82' lang='lat' dir='ltr'><strong>Filii</strong></span> <span class='ocrx_word' id='word_1_615' title='bbox 953 4502 1227 4569; x_wconf 88' lang='lat' dir='ltr'><strong>perspicua</strong></span> <span class='ocrx_word' id='word_1_616' title='bbox 1252 4501 1445 4555; x_wconf 91' lang='lat' dir='ltr'><strong>mentis</strong></span> <span class='ocrx_word' id='word_1_617' title='bbox 1468 4501 1587 4555; x_wconf 91' lang='lat' dir='ltr'><strong>luce</strong></span> <span class='ocrx_word' id='word_1_618' title='bbox 1608 4503 1874 4562; x_wconf 71' lang='lat' dir='ltr'><strong>cttntueri,</strong></span> 
     </span>
    </p>
   </div>
   <div class='ocr_carea' id='block_1_76' title="bbox 332 4589 1873 4659">
    <p class='ocr_par' dir='ltr' id='par_1_76' title="bbox 332 4589 1873 4659">
     <span class='ocr_line' id='line_1_76' title="bbox 332 4589 1873 4659; baseline 0.005 -20"><span class='ocrx_word' id='word_1_619' title='bbox 332 4602 410 4653; x_wconf 84' lang='lat' dir='ltr'><strong>per</strong></span> <span class='ocrx_word' id='word_1_620' title='bbox 434 4591 528 4643; x_wconf 87' lang='lat' dir='ltr'><strong>hoc</strong></span> <span class='ocrx_word' id='word_1_621' title='bbox 558 4600 739 4659; x_wconf 80' lang='lat' dir='ltr'><strong>regnet</strong></span> <span class='ocrx_word' id='word_1_622' title='bbox 766 4589 1042 4654; x_wconf 78' lang='lat' dir='ltr'><strong>Christus,</strong></span> <span class='ocrx_word' id='word_1_623' title='bbox 1070 4590 1211 4658; x_wconf 89' lang='lat' dir='ltr'><strong>quod</strong></span> <span class='ocrx_word' id='word_1_624' title='bbox 1245 4591 1379 4644; x_wconf 88' lang='lat' dir='ltr'><strong>tales</strong></span> <span class='ocrx_word' id='word_1_625' title='bbox 1407 4604 1599 4656; x_wconf 89' lang='lat' dir='ltr'><strong>capere</strong></span> <span class='ocrx_word' id='word_1_626' title='bbox 1628 4602 1873 4659; x_wconf 90' lang='lat' dir='ltr'><strong>possunt,</strong></span> 
     </span>
    </p>
   </div>
   <div class='ocr_carea' id='block_1_77' title="bbox 328 4679 1875 4749">
    <p class='ocr_par' dir='ltr' id='par_1_77' title="bbox 328 4679 1875 4749">
     <span class='ocr_line' id='line_1_77' title="bbox 328 4679 1875 4749; baseline 0.003 -20"><span class='ocrx_word' id='word_1_627' title='bbox 328 4687 373 4729; x_wconf 86' lang='lat' dir='ltr'><strong>et</strong></span> <span class='ocrx_word' id='word_1_628' title='bbox 409 4681 536 4748; x_wconf 83' lang='lat' dir='ltr'><strong>quod</strong></span> <span class='ocrx_word' id='word_1_629' title='bbox 581 4680 798 4749; x_wconf 87' lang='lat' dir='ltr'><strong>proprie</strong></span> <span class='ocrx_word' id='word_1_630' title='bbox 837 4681 947 4746; x_wconf 86' lang='lat' dir='ltr'><strong>ipse</strong></span> <span class='ocrx_word' id='word_1_631' title='bbox 976 4679 1247 4746; x_wconf 83' lang='lat' dir='ltr'><strong>suscepit,</strong></span> <span class='ocrx_word' id='word_1_632' title='bbox 1296 4679 1347 4732; x_wconf 90' lang='lat' dir='ltr'><strong>id</strong></span> <span class='ocrx_word' id='word_1_633' title='bbox 1380 4688 1465 4734; x_wconf 89' lang='lat' dir='ltr'><strong>est</strong></span> <span class='ocrx_word' id='word_1_634' title='bbox 1495 4680 1875 4734; x_wconf 62' lang='lat' dir='ltr'><strong>incarnationis</strong></span> 
     </span>
    </p>
   </div>
   <div class='ocr_carea' id='block_1_78' title="bbox 327 4770 1874 4843">
    <p class='ocr_par' dir='ltr' id='par_1_78' title="bbox 327 4770 1874 4843">
     <span class='ocr_line' id='line_1_78' title="bbox 327 4770 1874 4843; baseline 0.003 -20"><span class='ocrx_word' id='word_1_635' title='bbox 327 4770 675 4839; x_wconf 79' lang='lat' dir='ltr'><strong>humilitatem,</strong></span> <span class='ocrx_word' id='word_1_636' title='bbox 710 4772 881 4827; x_wconf 89' lang='lat' dir='ltr'><strong>donec</strong></span> <span class='ocrx_word' id='word_1_637' title='bbox 910 4780 1071 4840; x_wconf 87' lang='lat' dir='ltr'><strong>ponat</strong></span> <span class='ocrx_word' id='word_1_638' title='bbox 1102 4771 1344 4826; x_wconf 87' lang='lat' dir='ltr'><strong>inimicos</strong></span> <span class='ocrx_word' id='word_1_639' title='bbox 1377 4786 1561 4827; x_wconf 90' lang='lat' dir='ltr'><strong>omnes</strong></span> <span class='ocrx_word' id='word_1_640' title='bbox 1587 4774 1685 4829; x_wconf 82' lang='lat' dir='ltr'><strong>sub</strong></span> <span class='ocrx_word' id='word_1_641' title='bbox 1727 4776 1874 4843; x_wconf 86' lang='lat' dir='ltr'><strong>pedi-</strong></span> 
     </span>
    </p>
   </div>
   <div class='ocr_carea' id='block_1_79' title="bbox 326 4860 1902 4932">
    <p class='ocr_par' dir='ltr' id='par_1_79' title="bbox 326 4860 1902 4932">
     <span class='ocr_line' id='line_1_79' title="bbox 326 4860 1902 4932; baseline 0.004 -20"><span class='ocrx_word' id='word_1_642' title='bbox 326 4862 408 4915; x_wconf 83' lang='lat' dir='ltr'><strong>Ints</strong></span> <span class='ocrx_word' id='word_1_643' title='bbox 435 4864 568 4931; x_wconf 85' lang='lat' dir='ltr'><strong>suis,</strong></span> <span class='ocrx_word' id='word_1_644' title='bbox 623 4864 672 4917; x_wconf 90' lang='lat' dir='ltr'><strong>id</strong></span> <span class='ocrx_word' id='word_1_645' title='bbox 716 4874 816 4926; x_wconf 87' lang='lat' dir='ltr'><strong>est,</strong></span> <span class='ocrx_word' id='word_1_646' title='bbox 866 4860 1037 4916; x_wconf 86' lang='lat' dir='ltr'><strong>donec</strong></span> <span class='ocrx_word' id='word_1_647' title='bbox 1087 4863 1261 4917; x_wconf 88' lang='lat' dir='ltr'><strong>omnis</strong></span> <span class='ocrx_word' id='word_1_648' title='bbox 1312 4864 1561 4932; x_wconf 82' lang='lat' dir='ltr'><strong>superbia</strong></span> <span class='ocrx_word' id='word_1_649' title='bbox 1593 4864 1902 4919; x_wconf 68' lang='lat' dir='ltr'><strong>smcnlaris&#39;</strong></span> 
     </span>
    </p>
   </div>
   <div class='ocr_carea' id='block_1_80' title="bbox 325 4953 1868 5025">
    <p class='ocr_par' dir='ltr' id='par_1_80' title="bbox 325 4953 1868 5025">
     <span class='ocr_line' id='line_1_80' title="bbox 325 4953 1868 5025; baseline 0.003 -21"><span class='ocrx_word' id='word_1_650' title='bbox 325 4954 683 5008; x_wconf 87' lang='lat' dir='ltr'><strong>incarnationis</strong></span> <span class='ocrx_word' id='word_1_651' title='bbox 712 4953 827 5021; x_wconf 72' lang='lat' dir='ltr'><strong>ejus</strong></span> <span class='ocrx_word' id='word_1_652' title='bbox 877 4954 1158 5007; x_wconf 87' lang='lat' dir='ltr'><strong>humilitati</strong></span> <span class='ocrx_word' id='word_1_653' title='bbox 1199 4954 1480 5011; x_wconf 82' lang='lat' dir='ltr'><strong>subdatur.</strong></span> <span class='ocrx_word' id='word_1_654' title='bbox 1538 4956 1679 5010; x_wconf 89' lang='lat' dir='ltr'><strong>Sane</strong></span> <span class='ocrx_word' id='word_1_655' title='bbox 1726 4958 1868 5025; x_wconf 90' lang='lat' dir='ltr'><strong>quod</strong></span> 
     </span>
    </p>
   </div>
   <div class='ocr_carea' id='block_1_81' title="bbox 321 5043 1869 5117">
    <p class='ocr_par' dir='ltr' id='par_1_81' title="bbox 321 5043 1869 5117">
     <span class='ocr_line' id='line_1_81' title="bbox 321 5043 1869 5117; baseline 0.005 -23"><span class='ocrx_word' id='word_1_656' title='bbox 321 5043 495 5098; x_wconf 87' lang='lat' dir='ltr'><strong>dictum</strong></span> <span class='ocrx_word' id='word_1_657' title='bbox 525 5054 607 5099; x_wconf 89' lang='lat' dir='ltr'><strong>est</strong></span> <span class='ocrx_word' id='word_1_658' title='bbox 632 5062 644 5097; x_wconf 89' lang='lat'><strong><em>:</em></strong></span> <span class='ocrx_word' id='word_1_659' title='bbox 675 5045 825 5098; x_wconf 79' lang='lat' dir='ltr'><strong>Tunc</strong></span> <span class='ocrx_word' id='word_1_660' title='bbox 855 5055 907 5099; x_wconf 86' lang='lat' dir='ltr'><strong>et</strong></span> <span class='ocrx_word' id='word_1_661' title='bbox 934 5046 1047 5112; x_wconf 89' lang='lat' dir='ltr'><strong>ipse</strong></span> <span class='ocrx_word' id='word_1_662' title='bbox 1073 5045 1238 5099; x_wconf 77' lang='lat' dir='ltr'><strong>Filius</strong></span> <span class='ocrx_word' id='word_1_663' title='bbox 1265 5045 1539 5115; x_wconf 81' lang='lat' dir='ltr'><strong>subjectus</strong></span> <span class='ocrx_word' id='word_1_664' title='bbox 1570 5049 1672 5102; x_wconf 91' lang='lat' dir='ltr'><strong>erit</strong></span> <span class='ocrx_word' id='word_1_665' title='bbox 1700 5047 1750 5102; x_wconf 89' lang='lat' dir='ltr'><strong>ei</strong></span> <span class='ocrx_word' id='word_1_666' title='bbox 1777 5049 1869 5117; x_wconf 88' lang='lat' dir='ltr'><strong>qui</strong></span> 
     </span>
    </p>
   </div>
   <div class='ocr_carea' id='block_1_82' title="bbox 322 5136 1866 5209">
    <p class='ocr_par' dir='ltr' id='par_1_82' title="bbox 322 5136 1866 5209">
     <span class='ocr_line' id='line_1_82' title="bbox 322 5136 1866 5209; baseline 0.003 -21"><span class='ocrx_word' id='word_1_667' title='bbox 322 5136 383 5188; x_wconf 91' lang='lat' dir='ltr'><strong>illi</strong></span> <span class='ocrx_word' id='word_1_668' title='bbox 412 5137 632 5207; x_wconf 82' lang='lat' dir='ltr'><strong>subiecit</strong></span> <span class='ocrx_word' id='word_1_669' title='bbox 659 5137 858 5201; x_wconf 85' lang='lat' dir='ltr'><strong>omnia,</strong></span> <span class='ocrx_word' id='word_1_670' title='bbox 890 5139 1133 5206; x_wconf 85' lang='lat' dir='ltr'><strong>quamvis</strong></span> <span class='ocrx_word' id='word_1_671' title='bbox 1153 5138 1447 5192; x_wconf 84' lang='lat' dir='ltr'><strong>secundum</strong></span> <span class='ocrx_word' id='word_1_672' title='bbox 1472 5140 1866 5209; x_wconf 84' lang='lat' dir='ltr'><strong>susceptionem</strong></span> 
     </span>
    </p>
   </div>
   <div class='ocr_carea' id='block_1_83' title="bbox 319 5227 1865 5299">
    <p class='ocr_par' dir='ltr' id='par_1_83' title="bbox 319 5227 1865 5299">
     <span class='ocr_line' id='line_1_83' title="bbox 319 5227 1865 5299; baseline 0.004 -22"><span class='ocrx_word' id='word_1_673' title='bbox 319 5227 524 5281; x_wconf 82' lang='lat' dir='ltr'><strong>hominis</strong></span> <span class='ocrx_word' id='word_1_674' title='bbox 554 5228 785 5292; x_wconf 86' lang='lat' dir='ltr'><strong>dicatur,</strong></span> <span class='ocrx_word' id='word_1_675' title='bbox 830 5229 949 5297; x_wconf 85' lang='lat' dir='ltr'><strong>quia</strong></span> <span class='ocrx_word' id='word_1_676' title='bbox 1000 5228 1123 5284; x_wconf 90' lang='lat' dir='ltr'><strong>inde</strong></span> <span class='ocrx_word' id='word_1_677' title='bbox 1152 5229 1375 5299; x_wconf 67' lang='lat' dir='ltr'><strong>quaastio</strong></span> <span class='ocrx_word' id='word_1_678' title='bbox 1422 5238 1543 5284; x_wconf 88' lang='lat' dir='ltr'><strong>nata</strong></span> <span class='ocrx_word' id='word_1_679' title='bbox 1592 5239 1711 5294; x_wconf 89' lang='lat' dir='ltr'><strong>est,</strong></span> <span class='ocrx_word' id='word_1_680' title='bbox 1744 5245 1865 5284; x_wconf 90' lang='lat' dir='ltr'><strong>eum</strong></span> 
     </span>
    </p>
   </div>
   <div class='ocr_carea' id='block_1_84' title="bbox 313 5320 1866 5385">
    <p class='ocr_par' dir='ltr' id='par_1_84' title="bbox 313 5320 1866 5385">
     <span class='ocr_line' id='line_1_84' title="bbox 313 5320 1866 5385; baseline 0.006 -18"><span class='ocrx_word' id='word_1_681' title='bbox 313 5328 472 5385; x_wconf 79' lang='lat' dir='ltr'><strong>ageret</strong></span> <span class='ocrx_word' id='word_1_682' title='bbox 516 5320 586 5373; x_wconf 86' lang='lat' dir='ltr'><strong>de</strong></span> <span class='ocrx_word' id='word_1_683' title='bbox 635 5320 1027 5375; x_wconf 81' lang='lat' dir='ltr'><strong>resurrectione</strong></span> <span class='ocrx_word' id='word_1_684' title='bbox 1078 5327 1442 5381; x_wconf 89' lang='lat' dir='ltr'><strong>mortuorum,</strong></span> <span class='ocrx_word' id='word_1_685' title='bbox 1490 5329 1668 5376; x_wconf 86' lang='lat' dir='ltr'><strong>tamen</strong></span> <span class='ocrx_word' id='word_1_686' title='bbox 1720 5337 1866 5377; x_wconf 82' lang='lat' dir='ltr'><strong>reete</strong></span> 
     </span>
    </p>
   </div>
   <div class='ocr_carea' id='block_1_85' title="bbox 309 5408 1863 5479">
    <p class='ocr_par' dir='ltr' id='par_1_85' title="bbox 309 5408 1863 5479">
     <span class='ocr_line' id='line_1_85' title="bbox 309 5408 1863 5479; baseline 0.003 -20"><span class='ocrx_word' id='word_1_687' title='bbox 309 5408 548 5475; x_wconf 76' lang='lat' dir='ltr'><strong>qnauitur</strong></span> <span class='ocrx_word' id='word_1_688' title='bbox 575 5416 751 5462; x_wconf 81' lang='lat' dir='ltr'><strong>utrum</strong></span> <span class='ocrx_word' id='word_1_689' title='bbox 782 5408 1075 5463; x_wconf 87' lang='lat' dir='ltr'><strong>secundum</strong></span> <span class='ocrx_word' id='word_1_690' title='bbox 1107 5409 1279 5479; x_wconf 81' lang='lat' dir='ltr'><strong>ipsum</strong></span> <span class='ocrx_word' id='word_1_691' title='bbox 1313 5418 1517 5464; x_wconf 81' lang='lat' dir='ltr'><strong>tantum</strong></span> <span class='ocrx_word' id='word_1_692' title='bbox 1545 5410 1612 5464; x_wconf 88' lang='lat' dir='ltr'><strong>sit</strong></span> <span class='ocrx_word' id='word_1_693' title='bbox 1638 5411 1863 5475; x_wconf 88' lang='lat' dir='ltr'><strong>dictum,</strong></span> 
     </span>
    </p>
   </div>
   <div class='ocr_carea' id='block_1_86' title="bbox 305 5499 1863 5567">
    <p class='ocr_par' dir='ltr' id='par_1_86' title="bbox 305 5499 1863 5567">
     <span class='ocr_line' id='line_1_86' title="bbox 305 5499 1863 5567; baseline 0.003 -16"><span class='ocrx_word' id='word_1_694' title='bbox 305 5499 429 5566; x_wconf 87' lang='lat' dir='ltr'><strong>quod</strong></span> <span class='ocrx_word' id='word_1_695' title='bbox 458 5506 542 5552; x_wconf 85' lang='lat' dir='ltr'><strong>est</strong></span> <span class='ocrx_word' id='word_1_696' title='bbox 571 5507 732 5567; x_wconf 88' lang='lat' dir='ltr'><strong>caput</strong></span> <span class='ocrx_word' id='word_1_697' title='bbox 779 5499 1061 5564; x_wconf 69' lang='lat' dir='ltr'><strong>Ecclesiae,</strong></span> <span class='ocrx_word' id='word_1_698' title='bbox 1109 5514 1175 5553; x_wconf 88' lang='lat' dir='ltr'><strong>an</strong></span> <span class='ocrx_word' id='word_1_699' title='bbox 1225 5502 1521 5555; x_wconf 87' lang='lat' dir='ltr'><strong>secundum</strong></span> <span class='ocrx_word' id='word_1_700' title='bbox 1552 5501 1863 5556; x_wconf 88' lang='lat' dir='ltr'><strong>universum</strong></span> 
     </span>
    </p>
   </div>
   <div class='ocr_carea' id='block_1_87' title="bbox 304 5590 1861 5663">
    <p class='ocr_par' dir='ltr' id='par_1_87' title="bbox 304 5590 1861 5663">
     <span class='ocr_line' id='line_1_87' title="bbox 304 5590 1861 5663; baseline 0.001 -17"><span class='ocrx_word' id='word_1_701' title='bbox 304 5590 598 5653; x_wconf 85' lang='lat' dir='ltr'><strong>Christum,</strong></span> <span class='ocrx_word' id='word_1_702' title='bbox 648 5600 995 5648; x_wconf 85' lang='lat' dir='ltr'><strong>annumerato</strong></span> <span class='ocrx_word' id='word_1_703' title='bbox 1040 5606 1270 5663; x_wconf 88' lang='lat' dir='ltr'><strong>corpore</strong></span> <span class='ocrx_word' id='word_1_704' title='bbox 1317 5592 1453 5662; x_wconf 87' lang='lat' dir='ltr'><strong>ejus,</strong></span> <span class='ocrx_word' id='word_1_705' title='bbox 1488 5601 1544 5649; x_wconf 90' lang='lat' dir='ltr'><strong>et</strong></span> <span class='ocrx_word' id='word_1_706' title='bbox 1586 5593 1861 5648; x_wconf 90' lang='lat' dir='ltr'><strong>membris.</strong></span> 
     </span>
    </p>
   </div>
   <div class='ocr_carea' id='block_1_88' title="bbox 303 5682 1866 5755">
    <p class='ocr_par' dir='ltr' id='par_1_88' title="bbox 303 5682 1866 5755">
     <span class='ocr_line' id='line_1_88' title="bbox 303 5682 1866 5755; baseline 0.001 -15"><span class='ocrx_word' id='word_1_707' title='bbox 303 5689 420 5741; x_wconf 84' lang='lat' dir='ltr'><strong>Cum</strong></span> <span class='ocrx_word' id='word_1_708' title='bbox 450 5686 590 5739; x_wconf 90' lang='lat' dir='ltr'><strong>enim</strong></span> <span class='ocrx_word' id='word_1_709' title='bbox 624 5685 698 5741; x_wconf 86' lang='lat' dir='ltr'><strong>ait</strong></span> <span class='ocrx_word' id='word_1_710' title='bbox 722 5684 788 5741; x_wconf 86' lang='lat' dir='ltr'><strong>ad</strong></span> <span class='ocrx_word' id='word_1_711' title='bbox 817 5682 1030 5741; x_wconf 85' lang='lat' dir='ltr'><strong>Galatas</strong></span> <span class='ocrx_word' id='word_1_712' title='bbox 1062 5702 1075 5741; x_wconf 89' lang='lat'><strong>:</strong></span> <span class='ocrx_word' id='word_1_713' title='bbox 1106 5684 1223 5742; x_wconf 85' lang='lat' dir='ltr'><strong>Non</strong></span> <span class='ocrx_word' id='word_1_714' title='bbox 1268 5684 1424 5755; x_wconf 84' lang='lat' dir='ltr'><strong>dicit,</strong></span> <span class='ocrx_word' id='word_1_715' title='bbox 1466 5693 1522 5744; x_wconf 88' lang='lat' dir='ltr'><strong>et</strong></span> <span class='ocrx_word' id='word_1_716' title='bbox 1572 5685 1866 5743; x_wconf 83' lang='lat' dir='ltr'><strong>seminibus</strong></span> 
     </span>
    </p>
   </div>
   <div class='ocr_carea' id='block_1_89' title="bbox 1997 3222 3566 3294">
    <p class='ocr_par' dir='ltr' id='par_1_89' title="bbox 1997 3222 3566 3294">
     <span class='ocr_line' id='line_1_89' title="bbox 1997 3222 3566 3294; baseline 0.003 -20"><span class='ocrx_word' id='word_1_717' title='bbox 1997 3222 2163 3287; x_wconf 89' lang='lat' dir='ltr'><strong>mori,</strong></span> <span class='ocrx_word' id='word_1_718' title='bbox 2212 3225 2256 3276; x_wconf 88' lang='lat' dir='ltr'><strong>si</strong></span> <span class='ocrx_word' id='word_1_719' title='bbox 2302 3222 2443 3277; x_wconf 91' lang='lat' dir='ltr'><strong>hunc</strong></span> <span class='ocrx_word' id='word_1_720' title='bbox 2493 3223 2729 3277; x_wconf 63' lang='lat' dir='ltr'><strong>labs-rem</strong></span> <span class='ocrx_word' id='word_1_721' title='bbox 2764 3222 2867 3277; x_wconf 91' lang='lat' dir='ltr'><strong>vita</strong></span> <span class='ocrx_word' id='word_1_722' title='bbox 2899 3238 3012 3279; x_wconf 90' lang='lat' dir='ltr'><strong>non</strong></span> <span class='ocrx_word' id='word_1_723' title='bbox 3059 3225 3300 3294; x_wconf 88' lang='lat' dir='ltr'><strong>sequitur</strong></span> <span class='ocrx_word' id='word_1_724' title='bbox 3328 3229 3566 3281; x_wconf 65' lang='lat' dir='ltr'><strong>merita?</strong></span> 
     </span>
    </p>
   </div>
   <div class='ocr_carea' id='block_1_90' title="bbox 1998 3312 3561 3384">
    <p class='ocr_par' dir='ltr' id='par_1_90' title="bbox 1998 3312 3561 3384">
     <span class='ocr_line' id='line_1_90' title="bbox 1998 3312 3561 3384; baseline 0.001 -17"><span class='ocrx_word' id='word_1_725' title='bbox 1998 3312 2187 3382; x_wconf 84' lang='lat' dir='ltr'><strong>thuid</strong></span> <span class='ocrx_word' id='word_1_726' title='bbox 2214 3327 2261 3367; x_wconf 83' lang='lat' dir='ltr'><strong>et</strong></span> <span class='ocrx_word' id='word_1_727' title='bbox 2309 3331 2399 3367; x_wconf 82' lang='lat' dir='ltr'><strong>nos</strong></span> <span class='ocrx_word' id='word_1_728' title='bbox 2448 3315 2603 3384; x_wconf 83' lang='lat' dir='ltr'><strong>peric!</strong></span> <span class='ocrx_word' id='word_1_729' title='bbox 2624 3324 2792 3367; x_wconf 82' lang='lat' dir='ltr'><strong>tamur</strong></span> <span class='ocrx_word' id='word_1_730' title='bbox 2821 3315 2960 3367; x_wconf 81' lang='lat' dir='ltr'><strong>omni</strong></span> <span class='ocrx_word' id='word_1_731' title='bbox 2987 3315 3155 3369; x_wconf 82' lang='lat' dir='ltr'><strong>hora?</strong></span> <span class='ocrx_word' id='word_1_732' title='bbox 3183 3314 3419 3379; x_wconf 73' lang='lat' dir='ltr'><strong>Quotidie</strong></span> <span class='ocrx_word' id='word_1_733' title='bbox 3448 3332 3561 3369; x_wconf 83' lang='lat' dir='ltr'><strong>mo-</strong></span> 
     </span>
    </p>
   </div>
   <div class='ocr_carea' id='block_1_91' title="bbox 1992 3406 3562 3476">
    <p class='ocr_par' dir='ltr' id='par_1_91' title="bbox 1992 3406 3562 3476">
     <span class='ocr_line' id='line_1_91' title="bbox 1992 3406 3562 3476; baseline 0.004 -20"><span class='ocrx_word' id='word_1_734' title='bbox 1992 3406 2099 3457; x_wconf 86' lang='lat' dir='ltr'><strong>rior</strong></span> <span class='ocrx_word' id='word_1_735' title='bbox 2120 3414 2323 3473; x_wconf 82' lang='lat' dir='ltr'><strong>prapler</strong></span> <span class='ocrx_word' id='word_1_736' title='bbox 2354 3417 2567 3459; x_wconf 81' lang='lat' dir='ltr'><strong>vestram</strong></span> <span class='ocrx_word' id='word_1_737' title='bbox 2602 3408 2841 3476; x_wconf 78' lang='lat' dir='ltr'><strong>gloriam,</strong></span> <span class='ocrx_word' id='word_1_738' title='bbox 2868 3407 3071 3476; x_wconf 79' lang='lat' dir='ltr'><strong>fratres.</strong></span> <span class='ocrx_word' id='word_1_739' title='bbox 3106 3406 3162 3461; x_wconf 87' lang='lat' dir='ltr'><strong>Si</strong></span> <span class='ocrx_word' id='word_1_740' title='bbox 3192 3406 3321 3460; x_wconf 89' lang='lat' dir='ltr'><strong>nihil</strong></span> <span class='ocrx_word' id='word_1_741' title='bbox 3341 3418 3482 3462; x_wconf 85' lang='lat' dir='ltr'><strong>esset</strong></span> <span class='ocrx_word' id='word_1_742' title='bbox 3509 3408 3562 3462; x_wconf 87' lang='lat' dir='ltr'><strong>in</strong></span> 
     </span>
    </p>
   </div>
   <div class='ocr_carea' id='block_1_92' title="bbox 1993 3498 3561 3573">
    <p class='ocr_par' dir='ltr' id='par_1_92' title="bbox 1993 3498 3561 3573">
     <span class='ocr_line' id='line_1_92' title="bbox 1993 3498 3561 3573; baseline 0.001 -21"><span class='ocrx_word' id='word_1_743' title='bbox 1993 3498 2190 3561; x_wconf 79' lang='lat' dir='ltr'><strong>futuro,</strong></span> <span class='ocrx_word' id='word_1_744' title='bbox 2222 3513 2326 3552; x_wconf 92' lang='lat' dir='ltr'><strong>non</strong></span> <span class='ocrx_word' id='word_1_745' title='bbox 2355 3513 2568 3553; x_wconf 82' lang='lat' dir='ltr'><strong>eramus</strong></span> <span class='ocrx_word' id='word_1_746' title='bbox 2600 3508 2703 3552; x_wconf 87' lang='lat' dir='ltr'><strong>tam</strong></span> <span class='ocrx_word' id='word_1_747' title='bbox 2730 3500 2871 3551; x_wconf 71' lang='lat' dir='ltr'><strong>stulti</strong></span> <span class='ocrx_word' id='word_1_748' title='bbox 2904 3509 2960 3552; x_wconf 93' lang='lat' dir='ltr'><strong>ut</strong></span> <span class='ocrx_word' id='word_1_749' title='bbox 2990 3498 3114 3553; x_wconf 86' lang='lat' dir='ltr'><strong>talia</strong></span> <span class='ocrx_word' id='word_1_750' title='bbox 3144 3516 3240 3568; x_wconf 92' lang='lat' dir='ltr'><strong>pro</strong></span> <span class='ocrx_word' id='word_1_751' title='bbox 3267 3501 3384 3573; x_wconf 77' lang='lat' dir='ltr'><strong>aliis</strong></span> <span class='ocrx_word' id='word_1_752' title='bbox 3411 3511 3561 3568; x_wconf 84' lang='lat' dir='ltr'><strong>pale-</strong></span> 
     </span>
    </p>
   </div>
   <div class='ocr_carea' id='block_1_93' title="bbox 1993 3590 3557 3668">
    <p class='ocr_par' dir='ltr' id='par_1_93' title="bbox 1993 3590 3557 3668">
     <span class='ocr_line' id='line_1_93' title="bbox 1993 3590 3557 3668; baseline 0.003 -25"><span class='ocrx_word' id='word_1_753' title='bbox 1993 3605 2193 3643; x_wconf 85' lang='lat' dir='ltr'><strong>remttr.</strong></span> <span class='ocrx_word' id='word_1_754' title='bbox 2236 3590 2404 3653; x_wconf 81' lang='lat' dir='ltr'><strong>Quam</strong></span> <span class='ocrx_word' id='word_1_755' title='bbox 2447 3590 2607 3645; x_wconf 81' lang='lat' dir='ltr'><strong>habeo</strong></span> <span class='ocrx_word' id='word_1_756' title='bbox 2634 3592 2687 3643; x_wconf 85' lang='lat' dir='ltr'><strong>in</strong></span> <span class='ocrx_word' id='word_1_757' title='bbox 2715 3590 2913 3645; x_wconf 77' lang='lat' dir='ltr'><strong>Cltrisro</strong></span> <span class='ocrx_word' id='word_1_758' title='bbox 2947 3590 3071 3644; x_wconf 82' lang='lat' dir='ltr'><strong>Jesu</strong></span> <span class='ocrx_word' id='word_1_759' title='bbox 3114 3591 3336 3668; x_wconf 78' lang='lat' dir='ltr'><strong>Domino</strong></span> <span class='ocrx_word' id='word_1_760' title='bbox 3365 3603 3557 3647; x_wconf 80' lang='lat' dir='ltr'><strong>nostra.</strong></span> 
     </span>
    </p>
   </div>
   <div class='ocr_carea' id='block_1_94' title="bbox 1995 3681 3559 3750">
    <p class='ocr_par' dir='ltr' id='par_1_94' title="bbox 1995 3681 3559 3750">
     <span class='ocr_line' id='line_1_94' title="bbox 1995 3681 3559 3750; baseline 0.002 -16"><span class='ocrx_word' id='word_1_761' title='bbox 1995 3681 2103 3749; x_wconf 83' lang='lat' dir='ltr'><strong>Ego</strong></span> <span class='ocrx_word' id='word_1_762' title='bbox 2133 3682 2303 3735; x_wconf 89' lang='lat' dir='ltr'><strong>habeo</strong></span> <span class='ocrx_word' id='word_1_763' title='bbox 2330 3681 2632 3735; x_wconf 82' lang='lat' dir='ltr'><strong>mercedem</strong></span> <span class='ocrx_word' id='word_1_764' title='bbox 2671 3682 2867 3735; x_wconf 87' lang='lat' dir='ltr'><strong>laboris</strong></span> <span class='ocrx_word' id='word_1_765' title='bbox 2887 3724 2900 3744; x_wconf 92' lang='lat'><strong>,</strong></span> <span class='ocrx_word' id='word_1_766' title='bbox 2934 3697 2963 3737; x_wconf 92' lang='lat' dir='ltr'><strong>e</strong></span> <span class='ocrx_word' id='word_1_767' title='bbox 2992 3683 3142 3735; x_wconf 88' lang='lat' dir='ltr'><strong>iamsi</strong></span> <span class='ocrx_word' id='word_1_768' title='bbox 3173 3697 3265 3736; x_wconf 88' lang='lat' dir='ltr'><strong>vos</strong></span> <span class='ocrx_word' id='word_1_769' title='bbox 3301 3684 3559 3750; x_wconf 84' lang='lat' dir='ltr'><strong>prolicere</strong></span> 
     </span>
    </p>
   </div>
   <div class='ocr_carea' id='block_1_95' title="bbox 1991 3770 3557 3840">
    <p class='ocr_par' dir='ltr' id='par_1_95' title="bbox 1991 3770 3557 3840">
     <span class='ocr_line' id='line_1_95' title="bbox 1991 3770 3557 3840; baseline 0 -17"><span class='ocrx_word' id='word_1_770' title='bbox 1991 3786 2095 3823; x_wconf 88' lang='lat' dir='ltr'><strong>non</strong></span> <span class='ocrx_word' id='word_1_771' title='bbox 2128 3770 2320 3825; x_wconf 86' lang='lat' dir='ltr'><strong>velitis.</strong></span> <span class='ocrx_word' id='word_1_772' title='bbox 2354 3771 2416 3824; x_wconf 89' lang='lat' dir='ltr'><strong>Si</strong></span> <span class='ocrx_word' id='word_1_773' title='bbox 2441 3771 2715 3823; x_wconf 83' lang='lat' dir='ltr'><strong>secundum</strong></span> <span class='ocrx_word' id='word_1_774' title='bbox 2747 3771 2999 3823; x_wconf 78' lang='lat' dir='ltr'><strong>hominem</strong></span> <span class='ocrx_word' id='word_1_775' title='bbox 3030 3772 3097 3823; x_wconf 76' lang='lat' dir='ltr'><strong>ad</strong></span> <span class='ocrx_word' id='word_1_776' title='bbox 3129 3772 3312 3824; x_wconf 63' lang='lat' dir='ltr'><strong>(vestias</strong></span> <span class='ocrx_word' id='word_1_777' title='bbox 3336 3775 3557 3840; x_wconf 80' lang='lat' dir='ltr'><strong>pugnari</strong></span> 
     </span>
    </p>
   </div>
   <div class='ocr_carea' id='block_1_96' title="bbox 1990 3859 3651 3933">
    <p class='ocr_par' dir='ltr' id='par_1_96' title="bbox 1990 3859 3651 3933">
     <span class='ocr_line' id='line_1_96' title="bbox 1990 3859 3651 3933; baseline 0.001 -21"><span class='ocrx_word' id='word_1_778' title='bbox 1990 3859 2198 3928; x_wconf 78' lang='lat' dir='ltr'><strong>Ephesi,</strong></span> <span class='ocrx_word' id='word_1_779' title='bbox 2226 3861 2350 3926; x_wconf 82' lang='lat' dir='ltr'><strong>quid</strong></span> <span class='ocrx_word' id='word_1_780' title='bbox 2378 3862 2502 3914; x_wconf 79' lang='lat' dir='ltr'><strong>mihi</strong></span> <span class='ocrx_word' id='word_1_781' title='bbox 2525 3864 2724 3927; x_wconf 65' lang='lat' dir='ltr'><strong>proles!</strong></span> <span class='ocrx_word' id='word_1_782' title='bbox 2751 3862 2795 3914; x_wconf 89' lang='lat' dir='ltr'><strong>si</strong></span> <span class='ocrx_word' id='word_1_783' title='bbox 2824 3863 3012 3914; x_wconf 84' lang='lat' dir='ltr'><strong>mortui</strong></span> <span class='ocrx_word' id='word_1_784' title='bbox 3042 3877 3141 3914; x_wconf 83' lang='lat' dir='ltr'><strong>non</strong></span> <span class='ocrx_word' id='word_1_785' title='bbox 3170 3864 3475 3932; x_wconf 68' lang='lat' dir='ltr'><strong>resurgunt?</strong></span> <span class='ocrx_word' id='word_1_786' title='bbox 3498 3860 3559 3916; x_wconf 78' lang='lat' dir='ltr'><strong>Si</strong></span> <span class='ocrx_word' id='word_1_787' title='bbox 3648 3930 3651 3933; x_wconf 13' lang='grc' dir='ltr'>δ</span> 
     </span>
    </p>
   </div>
   <div class='ocr_carea' id='block_1_97' title="bbox 1988 3952 3554 4020">
    <p class='ocr_par' dir='ltr' id='par_1_97' title="bbox 1988 3952 3554 4020">
     <span class='ocr_line' id='line_1_97' title="bbox 1988 3952 3554 4020; baseline 0.003 -17"><span class='ocrx_word' id='word_1_788' title='bbox 1988 3952 2113 4004; x_wconf 89' lang='lat' dir='ltr'><strong>nihil</strong></span> <span class='ocrx_word' id='word_1_789' title='bbox 2169 3952 2400 4018; x_wconf 88' lang='lat' dir='ltr'><strong>speratis</strong></span> <span class='ocrx_word' id='word_1_790' title='bbox 2454 3965 2537 4005; x_wconf 89' lang='lat' dir='ltr'><strong>me</strong></span> <span class='ocrx_word' id='word_1_791' title='bbox 2592 3953 3035 4006; x_wconf 81' lang='lat' dir='ltr'><strong>remuneraiottis</strong></span> <span class='ocrx_word' id='word_1_792' title='bbox 3086 3954 3329 4020; x_wconf 75' lang='lat' dir='ltr'><strong>accipere</strong></span> <span class='ocrx_word' id='word_1_793' title='bbox 3359 3968 3387 4006; x_wconf 91' lang='lat' dir='ltr'><strong>a</strong></span> <span class='ocrx_word' id='word_1_794' title='bbox 3420 3953 3554 4014; x_wconf 86' lang='lat' dir='ltr'><strong>Deo.</strong></span> 
     </span>
    </p>
   </div>
   <div class='ocr_carea' id='block_1_98' title="bbox 1987 4042 3554 4113">
    <p class='ocr_par' dir='ltr' id='par_1_98' title="bbox 1987 4042 3554 4113">
     <span class='ocr_line' id='line_1_98' title="bbox 1987 4042 3554 4113; baseline 0.002 -16"><span class='ocrx_word' id='word_1_795' title='bbox 1987 4058 2116 4111; x_wconf 81' lang='lat' dir='ltr'><strong>ergo</strong></span> <span class='ocrx_word' id='word_1_796' title='bbox 2138 4044 2303 4111; x_wconf 80' lang='lat' dir='ltr'><strong>gratis</strong></span> <span class='ocrx_word' id='word_1_797' title='bbox 2336 4043 2584 4112; x_wconf 80' lang='lat' dir='ltr'><strong>pugnavi,</strong></span> <span class='ocrx_word' id='word_1_798' title='bbox 2633 4042 2770 4097; x_wconf 75' lang='lat' dir='ltr'><strong>forte</strong></span> <span class='ocrx_word' id='word_1_799' title='bbox 2820 4053 2875 4096; x_wconf 89' lang='lat' dir='ltr'><strong>ut</strong></span> <span class='ocrx_word' id='word_1_800' title='bbox 2926 4043 3229 4097; x_wconf 87' lang='lat' dir='ltr'><strong>hominibus</strong></span> <span class='ocrx_word' id='word_1_801' title='bbox 3262 4045 3554 4113; x_wconf 87' lang='lat' dir='ltr'><strong>placerem.</strong></span> 
     </span>
    </p>
   </div>
   <div class='ocr_carea' id='block_1_99' title="bbox 1988 4135 3554 4207">
    <p class='ocr_par' dir='ltr' id='par_1_99' title="bbox 1988 4135 3554 4207">
     <span class='ocr_line' id='line_1_99' title="bbox 1988 4135 3554 4207; baseline 0.002 -18"><span class='ocrx_word' id='word_1_802' title='bbox 1988 4135 2055 4189; x_wconf 83' lang='lat' dir='ltr'><strong>Et</strong></span> <span class='ocrx_word' id='word_1_803' title='bbox 2088 4137 2240 4190; x_wconf 87' lang='lat' dir='ltr'><strong>aiiter</strong></span> <span class='ocrx_word' id='word_1_804' title='bbox 2267 4150 2361 4204; x_wconf 81' lang='lat' dir='ltr'><strong>per</strong></span> <span class='ocrx_word' id='word_1_805' title='bbox 2389 4136 2695 4205; x_wconf 80' lang='lat' dir='ltr'><strong>allegoriam</strong></span> <span class='ocrx_word' id='word_1_806' title='bbox 2736 4135 2923 4191; x_wconf 69' lang='lat' dir='ltr'><strong>bestire</strong></span> <span class='ocrx_word' id='word_1_807' title='bbox 2955 4138 3321 4207; x_wconf 79' lang='lat' dir='ltr'><strong>intelliguntur</strong></span> <span class='ocrx_word' id='word_1_808' title='bbox 3362 4140 3477 4192; x_wconf 56' lang='lat' dir='ltr'><strong>adv:</strong></span> <span class='ocrx_word' id='word_1_809' title='bbox 3502 4155 3554 4192; x_wconf 87' lang='lat' dir='ltr'><strong>r-</strong></span> 
     </span>
    </p>
   </div>
   <div class='ocr_carea' id='block_1_100' title="bbox 1985 4225 3551 4294">
    <p class='ocr_par' dir='ltr' id='par_1_100' title="bbox 1985 4225 3551 4294">
     <span class='ocr_line' id='line_1_100' title="bbox 1985 4225 3551 4294; baseline 0.002 -14"><span class='ocrx_word' id='word_1_810' title='bbox 1985 4228 2139 4280; x_wconf 80' lang='lat' dir='ltr'><strong>saria:</strong></span> <span class='ocrx_word' id='word_1_811' title='bbox 2168 4235 2481 4294; x_wconf 87' lang='lat' dir='ltr'><strong>potestates.</strong></span> <span class='ocrx_word' id='word_1_812' title='bbox 2507 4226 2655 4280; x_wconf 74' lang='grc' dir='ltr'><strong>δὶιύῑ</strong></span> <span class='ocrx_word' id='word_1_813' title='bbox 2682 4226 2732 4279; x_wconf 90' lang='lat' dir='ltr'><strong>in</strong></span> <span class='ocrx_word' id='word_1_814' title='bbox 2762 4225 2971 4280; x_wconf 82' lang='lat' dir='ltr'><strong>Psalmo</strong></span> <span class='ocrx_word' id='word_1_815' title='bbox 3004 4244 3017 4281; x_wconf 93' lang='lat'><strong>:</strong></span> <span class='ocrx_word' id='word_1_816' title='bbox 3052 4227 3127 4281; x_wconf 87' lang='lat' dir='ltr'><strong>Ne</strong></span> <span class='ocrx_word' id='word_1_817' title='bbox 3160 4229 3335 4281; x_wconf 75' lang='lat' dir='ltr'><strong>tradas</strong></span> <span class='ocrx_word' id='word_1_818' title='bbox 3368 4229 3551 4284; x_wconf 84' lang='lat' dir='ltr'><strong>bestiis</strong></span> 
     </span>
    </p>
   </div>
   <div class='ocr_carea' id='block_1_101' title="bbox 1984 4317 3553 4392">
    <p class='ocr_par' dir='ltr' id='par_1_101' title="bbox 1984 4317 3553 4392">
     <span class='ocr_line' id='line_1_101' title="bbox 1984 4317 3553 4392; baseline 0.003 -21"><span class='ocrx_word' id='word_1_819' title='bbox 1984 4320 2325 4372; x_wconf 71' lang='lat' dir='ltr'><strong>cottﬁtentem</strong></span> <span class='ocrx_word' id='word_1_820' title='bbox 2359 4318 2473 4371; x_wconf 88' lang='lat' dir='ltr'><strong>tibi.</strong></span> <span class='ocrx_word' id='word_1_821' title='bbox 2500 4319 2562 4371; x_wconf 86' lang='lat' dir='ltr'><strong>Et</strong></span> <span class='ocrx_word' id='word_1_822' title='bbox 2590 4318 2751 4372; x_wconf 87' lang='lat' dir='ltr'><strong>multa</strong></span> <span class='ocrx_word' id='word_1_823' title='bbox 2781 4317 3031 4373; x_wconf 76' lang='lat' dir='ltr'><strong>dictntttr</strong></span> <span class='ocrx_word' id='word_1_824' title='bbox 3051 4324 3102 4373; x_wconf 91' lang='lat' dir='ltr'><strong>in</strong></span> <span class='ocrx_word' id='word_1_825' title='bbox 3130 4320 3406 4389; x_wconf 85' lang='lat' dir='ltr'><strong>Epistolis,</strong></span> <span class='ocrx_word' id='word_1_826' title='bbox 3434 4337 3553 4392; x_wconf 72' lang='lat' dir='ltr'><strong>quas</strong></span> 
     </span>
    </p>
   </div>
   <div class='ocr_carea' id='block_1_102' title="bbox 1986 4406 3554 4479">
    <p class='ocr_par' dir='ltr' id='par_1_102' title="bbox 1986 4406 3554 4479">
     <span class='ocr_line' id='line_1_102' title="bbox 1986 4406 3554 4479; baseline 0.003 -19"><span class='ocrx_word' id='word_1_827' title='bbox 1986 4406 2039 4460; x_wconf 90' lang='lat' dir='ltr'><strong>in</strong></span> <span class='ocrx_word' id='word_1_828' title='bbox 2078 4411 2176 4461; x_wconf 73' lang='lat' dir='ltr'><strong>Act</strong></span> <span class='ocrx_word' id='word_1_829' title='bbox 2201 4408 2295 4461; x_wconf 90' lang='lat' dir='ltr'><strong>bus</strong></span> <span class='ocrx_word' id='word_1_830' title='bbox 2326 4423 2427 4461; x_wconf 89' lang='lat' dir='ltr'><strong>non</strong></span> <span class='ocrx_word' id='word_1_831' title='bbox 2462 4406 2757 4472; x_wconf 81' lang='lat' dir='ltr'><strong>habentur,</strong></span> <span class='ocrx_word' id='word_1_832' title='bbox 2790 4418 2844 4462; x_wconf 91' lang='lat' dir='ltr'><strong>et</strong></span> <span class='ocrx_word' id='word_1_833' title='bbox 2875 4408 3035 4461; x_wconf 90' lang='lat' dir='ltr'><strong>multa</strong></span> <span class='ocrx_word' id='word_1_834' title='bbox 3069 4409 3119 4463; x_wconf 94' lang='lat' dir='ltr'><strong>in</strong></span> <span class='ocrx_word' id='word_1_835' title='bbox 3157 4410 3403 4475; x_wconf 71' lang='lat' dir='ltr'><strong>Actibus,</strong></span> <span class='ocrx_word' id='word_1_836' title='bbox 3435 4425 3554 4479; x_wconf 72' lang='lat' dir='ltr'><strong>quie</strong></span> 
     </span>
    </p>
   </div>
   <div class='ocr_carea' id='block_1_103' title="bbox 1986 4499 3557 4565">
    <p class='ocr_par' dir='ltr' id='par_1_103' title="bbox 1986 4499 3557 4565">
     <span class='ocr_line' id='line_1_103' title="bbox 1986 4499 3557 4565; baseline 0.002 -13"><span class='ocrx_word' id='word_1_837' title='bbox 1986 4502 2035 4553; x_wconf 89' lang='lat' dir='ltr'><strong>in</strong></span> <span class='ocrx_word' id='word_1_838' title='bbox 2072 4500 2319 4565; x_wconf 69' lang='lat' dir='ltr'><strong>lip‘tstoiis</strong></span> <span class='ocrx_word' id='word_1_839' title='bbox 2363 4514 2467 4552; x_wconf 90' lang='lat' dir='ltr'><strong>non</strong></span> <span class='ocrx_word' id='word_1_840' title='bbox 2510 4500 2778 4554; x_wconf 90' lang='lat' dir='ltr'><strong>dicuntur.</strong></span> <span class='ocrx_word' id='word_1_841' title='bbox 2822 4499 3187 4554; x_wconf 80' lang='lat' dir='ltr'><strong>Mandttcemus</strong></span> <span class='ocrx_word' id='word_1_842' title='bbox 3216 4511 3262 4554; x_wconf 82' lang='lat' dir='ltr'><strong>et</strong></span> <span class='ocrx_word' id='word_1_843' title='bbox 3299 4501 3557 4565; x_wconf 79' lang='lat' dir='ltr'><strong>bibamus,</strong></span> 
     </span>
    </p>
   </div>
   <div class='ocr_carea' id='block_1_104' title="bbox 1985 4591 3557 4663">
    <p class='ocr_par' dir='ltr' id='par_1_104' title="bbox 1985 4591 3557 4663">
     <span class='ocr_line' id='line_1_104' title="bbox 1985 4591 3557 4663; baseline 0.001 -20"><span class='ocrx_word' id='word_1_844' title='bbox 1985 4607 2099 4643; x_wconf 75' lang='lat' dir='ltr'><strong>(ras</strong></span> <span class='ocrx_word' id='word_1_845' title='bbox 2130 4593 2260 4644; x_wconf 84' lang='lat' dir='ltr'><strong>enim</strong></span> <span class='ocrx_word' id='word_1_846' title='bbox 2302 4592 2599 4645; x_wconf 77' lang='lat' dir='ltr'><strong>morientur.</strong></span> <span class='ocrx_word' id='word_1_847' title='bbox 2634 4591 2716 4645; x_wconf 73' lang='lat' dir='ltr'><strong>Pri</strong></span> <span class='ocrx_word' id='word_1_848' title='bbox 2742 4592 2899 4659; x_wconf 83' lang='lat' dir='ltr'><strong>pheta</strong></span> <span class='ocrx_word' id='word_1_849' title='bbox 2942 4594 3107 4647; x_wconf 89' lang='lat' dir='ltr'><strong>lsaias</strong></span> <span class='ocrx_word' id='word_1_850' title='bbox 3146 4593 3388 4659; x_wconf 74' lang='lat' dir='ltr'><strong>inetepat</strong></span> <span class='ocrx_word' id='word_1_851' title='bbox 3418 4598 3557 4663; x_wconf 67' lang='lat' dir='ltr'><strong>gufte</strong></span> 
     </span>
    </p>
   </div>
   <div class='ocr_carea' id='block_1_105' title="bbox 1984 4680 3550 4752">
    <p class='ocr_par' dir='ltr' id='par_1_105' title="bbox 1984 4680 3550 4752">
     <span class='ocr_line' id='line_1_105' title="bbox 1984 4680 3550 4752; baseline 0.001 -18"><span class='ocrx_word' id='word_1_852' title='bbox 1984 4680 2192 4735; x_wconf 86' lang='lat' dir='ltr'><strong>deditos</strong></span> <span class='ocrx_word' id='word_1_853' title='bbox 2240 4680 2612 4749; x_wconf 83' lang='lat' dir='ltr'><strong>desperatione</strong></span> <span class='ocrx_word' id='word_1_854' title='bbox 2660 4681 2982 4747; x_wconf 70' lang='lat' dir='ltr'><strong>futurorum,</strong></span> <span class='ocrx_word' id='word_1_855' title='bbox 3025 4682 3175 4752; x_wconf 72' lang='lat' dir='ltr'><strong>cujus</strong></span> <span class='ocrx_word' id='word_1_856' title='bbox 3206 4683 3550 4751; x_wconf 74' lang='lat' dir='ltr'><strong>blasphemia:</strong></span> 
     </span>
    </p>
   </div>
   <div class='ocr_carea' id='block_1_106' title="bbox 1982 4772 3543 4841">
    <p class='ocr_par' dir='ltr' id='par_1_106' title="bbox 1982 4772 3543 4841">
     <span class='ocr_line' id='line_1_106' title="bbox 1982 4772 3543 4841; baseline 0.001 -16"><span class='ocrx_word' id='word_1_857' title='bbox 1982 4772 2181 4825; x_wconf 86' lang='lat' dir='ltr'><strong>crimen</strong></span> <span class='ocrx_word' id='word_1_858' title='bbox 2228 4782 2382 4841; x_wconf 80' lang='lat' dir='ltr'><strong>negat</strong></span> <span class='ocrx_word' id='word_1_859' title='bbox 2425 4773 2504 4825; x_wconf 89' lang='lat' dir='ltr'><strong>eis</strong></span> <span class='ocrx_word' id='word_1_860' title='bbox 2547 4773 2777 4835; x_wconf 82' lang='lat' dir='ltr'><strong>dimitti,</strong></span> <span class='ocrx_word' id='word_1_861' title='bbox 2828 4773 3174 4840; x_wconf 88' lang='lat' dir='ltr'><strong>quoadusque</strong></span> <span class='ocrx_word' id='word_1_862' title='bbox 3224 4772 3543 4826; x_wconf 24' lang='lat' dir='ltr'><strong>mor-iamut.</strong></span> 
     </span>
    </p>
   </div>
   <div class='ocr_carea' id='block_1_107' title="bbox 1984 4860 3551 4931">
    <p class='ocr_par' dir='ltr' id='par_1_107' title="bbox 1984 4860 3551 4931">
     <span class='ocr_line' id='line_1_107' title="bbox 1984 4860 3551 4931; baseline 0.001 -19"><span class='ocrx_word' id='word_1_863' title='bbox 1984 4863 2161 4914; x_wconf 70' lang='lat' dir='ltr'><strong>Nolite</strong></span> <span class='ocrx_word' id='word_1_864' title='bbox 2205 4862 2396 4913; x_wconf 78' lang='lat' dir='ltr'><strong>seduci.</strong></span> <span class='ocrx_word' id='word_1_865' title='bbox 2434 4861 2513 4914; x_wconf 82' lang='lat' dir='ltr'><strong>Ab</strong></span> <span class='ocrx_word' id='word_1_866' title='bbox 2556 4861 2637 4913; x_wconf 72' lang='lat' dir='ltr'><strong>his</strong></span> <span class='ocrx_word' id='word_1_867' title='bbox 2683 4862 2771 4929; x_wconf 89' lang='lat' dir='ltr'><strong>qui</strong></span> <span class='ocrx_word' id='word_1_868' title='bbox 2821 4863 2941 4913; x_wconf 86' lang='lat' dir='ltr'><strong>talia</strong></span> <span class='ocrx_word' id='word_1_869' title='bbox 2972 4873 3152 4929; x_wconf 77' lang='lat' dir='ltr'><strong>agunt.</strong></span> <span class='ocrx_word' id='word_1_870' title='bbox 3206 4860 3551 4931; x_wconf 75' lang='lat' dir='ltr'><strong>Corrumpunt</strong></span> 
     </span>
    </p>
   </div>
   <div class='ocr_carea' id='block_1_108' title="bbox 1978 4949 3551 5021">
    <p class='ocr_par' dir='ltr' id='par_1_108' title="bbox 1978 4949 3551 5021">
     <span class='ocr_line' id='line_1_108' title="bbox 1978 4949 3551 5021; baseline -0.001 -17"><span class='ocrx_word' id='word_1_871' title='bbox 1978 4966 2139 5005; x_wconf 81' lang='lat' dir='ltr'><strong>moros</strong></span> <span class='ocrx_word' id='word_1_872' title='bbox 2161 4954 2317 5004; x_wconf 75' lang='lat' dir='ltr'><strong>bonos</strong></span> <span class='ocrx_word' id='word_1_873' title='bbox 2340 4951 2591 5020; x_wconf 85' lang='lat' dir='ltr'><strong>colloquia</strong></span> <span class='ocrx_word' id='word_1_874' title='bbox 2610 4967 2786 5020; x_wconf 81' lang='lat' dir='ltr'><strong>prava.</strong></span> <span class='ocrx_word' id='word_1_875' title='bbox 2817 4949 2894 5003; x_wconf 81' lang='lat' dir='ltr'><strong>Ne</strong></span> <span class='ocrx_word' id='word_1_876' title='bbox 2910 4950 3150 5004; x_wconf 72' lang='lat' dir='ltr'><strong>dicerent</strong></span> <span class='ocrx_word' id='word_1_877' title='bbox 3170 4968 3182 5003; x_wconf 92' lang='lat'>:</span> <span class='ocrx_word' id='word_1_878' title='bbox 3202 4950 3396 5006; x_wconf 85' lang='lat' dir='ltr'><strong>Seduci</strong></span> <span class='ocrx_word' id='word_1_879' title='bbox 3420 4969 3551 5021; x_wconf 79' lang='lat' dir='ltr'><strong>ergo</strong></span> 
     </span>
    </p>
   </div>
   <div class='ocr_carea' id='block_1_109' title="bbox 1978 5042 3543 5112">
    <p class='ocr_par' dir='ltr' id='par_1_109' title="bbox 1978 5042 3543 5112">
     <span class='ocr_line' id='line_1_109' title="bbox 1978 5042 3543 5112; baseline 0.001 -14"><span class='ocrx_word' id='word_1_880' title='bbox 1978 5060 2077 5098; x_wconf 86' lang='lat' dir='ltr'><strong>nos</strong></span> <span class='ocrx_word' id='word_1_881' title='bbox 2100 5057 2254 5112; x_wconf 73' lang='lat' dir='ltr'><strong>posse</strong></span> <span class='ocrx_word' id='word_1_882' title='bbox 2276 5045 2550 5096; x_wconf 76' lang='lat' dir='ltr'><strong>existimas</strong></span> <span class='ocrx_word' id='word_1_883' title='bbox 2570 5044 2588 5095; x_wconf 82' lang='lat'><strong>?</strong></span> <span class='ocrx_word' id='word_1_884' title='bbox 2610 5057 2898 5096; x_wconf 77' lang='lat' dir='ltr'><strong>orcurrens</strong></span> <span class='ocrx_word' id='word_1_885' title='bbox 2919 5043 3098 5095; x_wconf 90' lang='lat' dir='ltr'><strong>sensui</strong></span> <span class='ocrx_word' id='word_1_886' title='bbox 3124 5042 3336 5098; x_wconf 90' lang='lat' dir='ltr'><strong>illorum</strong></span> <span class='ocrx_word' id='word_1_887' title='bbox 3361 5062 3375 5098; x_wconf 91' lang='lat'><strong>:</strong></span> <span class='ocrx_word' id='word_1_888' title='bbox 3403 5046 3543 5111; x_wconf 82' lang='lat' dir='ltr'><strong>Non,</strong></span> 
     </span>
    </p>
   </div>
   <div class='ocr_carea' id='block_1_110' title="bbox 1976 5131 3545 5202">
    <p class='ocr_par' dir='ltr' id='par_1_110' title="bbox 1976 5131 3545 5202">
     <span class='ocr_line' id='line_1_110' title="bbox 1976 5131 3545 5202; baseline 0.001 -15"><span class='ocrx_word' id='word_1_889' title='bbox 1976 5133 2175 5201; x_wconf 88' lang='lat' dir='ltr'><strong>inquit,</strong></span> <span class='ocrx_word' id='word_1_890' title='bbox 2209 5132 2277 5187; x_wconf 88' lang='lat' dir='ltr'><strong>de</strong></span> <span class='ocrx_word' id='word_1_891' title='bbox 2317 5132 2469 5187; x_wconf 87' lang='lat' dir='ltr'><strong>vobis</strong></span> <span class='ocrx_word' id='word_1_892' title='bbox 2502 5132 2697 5195; x_wconf 89' lang='lat' dir='ltr'><strong>timeo,</strong></span> <span class='ocrx_word' id='word_1_893' title='bbox 2743 5131 2839 5185; x_wconf 90' lang='lat' dir='ltr'><strong>sed</strong></span> <span class='ocrx_word' id='word_1_894' title='bbox 2869 5132 2935 5187; x_wconf 88' lang='lat' dir='ltr'><strong>de</strong></span> <span class='ocrx_word' id='word_1_895' title='bbox 2966 5131 3175 5187; x_wconf 90' lang='lat' dir='ltr'><strong>illorum</strong></span> <span class='ocrx_word' id='word_1_896' title='bbox 3223 5138 3545 5202; x_wconf 67' lang='lat' dir='ltr'><strong>tergiversa~</strong></span> 
     </span>
    </p>
   </div>
   <div class='ocr_carea' id='block_1_111' title="bbox 1975 5223 3544 5295">
    <p class='ocr_par' dir='ltr' id='par_1_111' title="bbox 1975 5223 3544 5295">
     <span class='ocr_line' id='line_1_111' title="bbox 1975 5223 3544 5295; baseline 0.004 -18"><span class='ocrx_word' id='word_1_897' title='bbox 1975 5226 2117 5278; x_wconf 91' lang='lat' dir='ltr'><strong>tione</strong></span> <span class='ocrx_word' id='word_1_898' title='bbox 2148 5224 2396 5277; x_wconf 82' lang='lat' dir='ltr'><strong>formido.</strong></span> <span class='ocrx_word' id='word_1_899' title='bbox 2435 5223 2745 5277; x_wconf 73' lang='lat' dir='ltr'><strong>Econtrario</strong></span> <span class='ocrx_word' id='word_1_900' title='bbox 2772 5226 3136 5295; x_wconf 79' lang='lat' dir='ltr'><strong>redintegrant</strong></span> <span class='ocrx_word' id='word_1_901' title='bbox 3170 5243 3344 5283; x_wconf 70' lang='lat' dir='ltr'><strong>more~</strong></span> <span class='ocrx_word' id='word_1_902' title='bbox 3375 5247 3437 5282; x_wconf 91' lang='lat' dir='ltr'><strong>tn.</strong></span> <span class='ocrx_word' id='word_1_903' title='bbox 3465 5232 3544 5283; x_wconf 88' lang='lat' dir='ltr'><strong>los</strong></span> 
     </span>
    </p>
   </div>
   <div class='ocr_carea' id='block_1_112' title="bbox 1973 5315 3542 5386">
    <p class='ocr_par' dir='ltr' id='par_1_112' title="bbox 1973 5315 3542 5386">
     <span class='ocr_line' id='line_1_112' title="bbox 1973 5315 3542 5386; baseline 0.001 -14"><span class='ocrx_word' id='word_1_904' title='bbox 1973 5318 2237 5386; x_wconf 89' lang='lat' dir='ltr'><strong>colloquia</strong></span> <span class='ocrx_word' id='word_1_905' title='bbox 2262 5317 2417 5370; x_wconf 89' lang='lat' dir='ltr'><strong>bona.</strong></span> <span class='ocrx_word' id='word_1_906' title='bbox 2451 5315 2720 5386; x_wconf 82' lang='lat' dir='ltr'><strong>Evigilate.</strong></span> <span class='ocrx_word' id='word_1_907' title='bbox 2745 5317 2918 5372; x_wconf 90' lang='lat' dir='ltr'><strong>Sobrii</strong></span> <span class='ocrx_word' id='word_1_908' title='bbox 2946 5329 3135 5374; x_wconf 70' lang='lat' dir='ltr'><strong>estote.</strong></span> <span class='ocrx_word' id='word_1_909' title='bbox 3165 5318 3322 5373; x_wconf 78' lang='lat' dir='ltr'><strong>Justi.</strong></span> <span class='ocrx_word' id='word_1_910' title='bbox 3348 5321 3542 5375; x_wconf 82' lang='lat' dir='ltr'><strong>Probat</strong></span> 
     </span>
    </p>
   </div>
   <div class='ocr_carea' id='block_1_113' title="bbox 1970 5407 3538 5478">
    <p class='ocr_par' dir='ltr' id='par_1_113' title="bbox 1970 5407 3538 5478">
     <span class='ocr_line' id='line_1_113' title="bbox 1970 5407 3538 5478; baseline -0.002 -14"><span class='ocrx_word' id='word_1_911' title='bbox 1970 5408 2421 5464; x_wconf 88' lang='lat' dir='ltr'><strong>resurrectionem</strong></span> <span class='ocrx_word' id='word_1_912' title='bbox 2458 5422 2563 5460; x_wconf 92' lang='lat' dir='ltr'><strong>non</strong></span> <span class='ocrx_word' id='word_1_913' title='bbox 2608 5407 2831 5463; x_wconf 87' lang='lat' dir='ltr'><strong>credere</strong></span> <span class='ocrx_word' id='word_1_914' title='bbox 2869 5423 2964 5464; x_wconf 88' lang='lat' dir='ltr'><strong>eos</strong></span> <span class='ocrx_word' id='word_1_915' title='bbox 2998 5411 3086 5478; x_wconf 86' lang='lat' dir='ltr'><strong>qui</strong></span> <span class='ocrx_word' id='word_1_916' title='bbox 3116 5425 3173 5462; x_wconf 84' lang='lat' dir='ltr'><strong>se</strong></span> <span class='ocrx_word' id='word_1_917' title='bbox 3203 5411 3339 5478; x_wconf 77' lang='lat' dir='ltr'><strong>gula:</strong></span> <span class='ocrx_word' id='word_1_918' title='bbox 3364 5421 3417 5464; x_wconf 87' lang='lat' dir='ltr'><strong>et</strong></span> <span class='ocrx_word' id='word_1_919' title='bbox 3449 5425 3538 5461; x_wconf 75' lang='lat' dir='ltr'><strong>vo-</strong></span> 
     </span>
    </p>
   </div>
   <div class='ocr_carea' id='block_1_114' title="bbox 1971 5498 3543 5571">
    <p class='ocr_par' dir='ltr' id='par_1_114' title="bbox 1971 5498 3543 5571">
     <span class='ocr_line' id='line_1_114' title="bbox 1971 5498 3543 5571; baseline -0.001 -16"><span class='ocrx_word' id='word_1_920' title='bbox 1971 5499 2264 5567; x_wconf 86' lang='lat' dir='ltr'><strong>luptatibus</strong></span> <span class='ocrx_word' id='word_1_921' title='bbox 2295 5498 2643 5553; x_wconf 87' lang='lat' dir='ltr'><strong>tradiderunt.</strong></span> <span class='ocrx_word' id='word_1_922' title='bbox 2695 5498 2763 5552; x_wconf 83' lang='lat' dir='ltr'><strong>Et</strong></span> <span class='ocrx_word' id='word_1_923' title='bbox 2811 5501 2964 5553; x_wconf 82' lang='lat' dir='ltr'><strong>nolite</strong></span> <span class='ocrx_word' id='word_1_924' title='bbox 3004 5515 3231 5567; x_wconf 81' lang='lat' dir='ltr'><strong>peccare.</strong></span> <span class='ocrx_word' id='word_1_925' title='bbox 3287 5498 3543 5571; x_wconf 62' lang='lat' dir='ltr'><strong>Ignoran-</strong></span> 
     </span>
    </p>
   </div>
   <div class='ocr_carea' id='block_1_115' title="bbox 1971 5589 3539 5659">
    <p class='ocr_par' dir='ltr' id='par_1_115' title="bbox 1971 5589 3539 5659">
     <span class='ocr_line' id='line_1_115' title="bbox 1971 5589 3539 5659; baseline 0.001 -13"><span class='ocrx_word' id='word_1_926' title='bbox 1971 5595 2094 5646; x_wconf 85' lang='lat' dir='ltr'><strong>tiam</strong></span> <span class='ocrx_word' id='word_1_927' title='bbox 2134 5592 2267 5645; x_wconf 79' lang='lat' dir='ltr'><strong>enim</strong></span> <span class='ocrx_word' id='word_1_928' title='bbox 2295 5589 2391 5642; x_wconf 85' lang='lat' dir='ltr'><strong>Dei</strong></span> <span class='ocrx_word' id='word_1_929' title='bbox 2413 5590 2623 5659; x_wconf 87' lang='lat' dir='ltr'><strong>quidam</strong></span> <span class='ocrx_word' id='word_1_930' title='bbox 2653 5589 2855 5642; x_wconf 82' lang='lat' dir='ltr'><strong>habent.</strong></span> <span class='ocrx_word' id='word_1_931' title='bbox 2887 5590 2979 5643; x_wconf 88' lang='lat' dir='ltr'><strong>Ille</strong></span> <span class='ocrx_word' id='word_1_932' title='bbox 3001 5589 3172 5657; x_wconf 76' lang='lat' dir='ltr'><strong>justus</strong></span> <span class='ocrx_word' id='word_1_933' title='bbox 3206 5600 3283 5643; x_wconf 89' lang='lat' dir='ltr'><strong>est</strong></span> <span class='ocrx_word' id='word_1_934' title='bbox 3312 5591 3400 5659; x_wconf 85' lang='lat' dir='ltr'><strong>qui</strong></span> <span class='ocrx_word' id='word_1_935' title='bbox 3432 5609 3539 5647; x_wconf 78' lang='lat' dir='ltr'><strong>non</strong></span> 
     </span>
    </p>
   </div>
   <div class='ocr_carea' id='block_1_116' title="bbox 1971 5680 3540 5755">
    <p class='ocr_par' dir='ltr' id='par_1_116' title="bbox 1971 5680 3540 5755">
     <span class='ocr_line' id='line_1_116' title="bbox 1971 5680 3540 5755; baseline -0.002 -15"><span class='ocrx_word' id='word_1_936' title='bbox 1971 5692 2173 5755; x_wconf 87' lang='lat' dir='ltr'><strong>peccat,</strong></span> <span class='ocrx_word' id='word_1_937' title='bbox 2208 5680 2258 5735; x_wconf 89' lang='lat' dir='ltr'><strong>id</strong></span> <span class='ocrx_word' id='word_1_938' title='bbox 2288 5688 2388 5747; x_wconf 78' lang='lat' dir='ltr'><strong>est,</strong></span> <span class='ocrx_word' id='word_1_939' title='bbox 2419 5680 2646 5750; x_wconf 87' lang='lat' dir='ltr'><strong>capitale</strong></span> <span class='ocrx_word' id='word_1_940' title='bbox 2669 5691 2968 5750; x_wconf 86' lang='lat' dir='ltr'><strong>peccatum,</strong></span> <span class='ocrx_word' id='word_1_941' title='bbox 3000 5691 3087 5734; x_wconf 87' lang='lat' dir='ltr'><strong>aut</strong></span> <span class='ocrx_word' id='word_1_942' title='bbox 3119 5682 3162 5734; x_wconf 93' lang='lat' dir='ltr'><strong>si</strong></span> <span class='ocrx_word' id='word_1_943' title='bbox 3190 5682 3368 5735; x_wconf 88' lang='lat' dir='ltr'><strong>subito</strong></span> <span class='ocrx_word' id='word_1_944' title='bbox 3397 5697 3540 5751; x_wconf 72' lang='lat' dir='ltr'><strong>pra:-</strong></span> 
     </span>
    </p>
   </div>
  </div>
