3968 6166
348 278 441 332 ﬁrst

1432 274 1727 332 PRIMASil
1771 278 1806 328 .\
1819 274 2213 332 DRUMETANI
2260 278 2469 332 EI‘ISC.

3493 280 3593 335 δη

346 394 556 449 venitur
577 434 590 456 ,
633 390 996 461 paenitentiam
1028 389 1233 458 agendo
1262 390 1408 447 delet
1432 431 1447 456 ,
1492 392 1613 461 quia
1647 408 1706 446 sc
1737 392 1907 451 credit
1946 396 1988 450 Α
2018 391 2183 446 simus
2201 407 2263 445 ex
2286 395 2457 471 primo
2477 405 2542 446 ex
2570 405 2633 445 eo
2651 390 2844 445 dicitur
2869 390 3146 456 Dominus,
3169 393 3314 462 quod
3341 407 3511 463 usque
3533 393 3597 446 ad

344 490 396 539 in
420 484 621 555 judicio
646 486 905 538 rationem
925 496 1046 537 esse
1074 481 1424 537 redditurum.
1454 482 1587 536 Nam
1611 484 1699 552 qui
1730 498 1912 537 resur-

345 577 636 631 rectionem
671 590 773 627 non
797 573 987 637 credit,
1011 573 1303 641 desperans
1328 573 1505 627 omnia
1530 572 1740 626 iuranda
1765 588 1917 626 com-

345 668 523 720 mittit.
563 666 709 719 Multi
739 666 915 718 solent
938 677 1234 733 preponere
1251 673 1426 717 utrum
1449 662 1644 718 debilia
1666 677 1915 730 corpora,

344 759 414 809 ita
447 765 504 809 ut
531 764 658 809 sunt
687 753 934 809 defuncta
962 793 978 818 ,
1011 764 1311 824 resurgant.
1352 754 1560 829 Quibus
1587 755 1918 821 responlen-

343 847 470 899 dum
516 855 632 910 est,
662 845 804 913 quod
854 844 906 898 iu
957 844 1404 899 resurrectionem
1437 860 1543 898 non
1573 843 1920 898 indebilitatis

347 937 533 989 viuum
558 977 571 1000 ,
604 937 695 990 sed
737 947 921 989 natura
965 944 1263 1003 reparetur.
1311 935 1591 1003 Nunquam
1637 934 1779 988 enim
1812 943 1918 986 tam

349 1029 521 1083 debile
570 1037 653 1083 est
693 1042 885 1092 corpus
920 1042 1077 1094 quam
1112 1039 1231 1079 cum
1280 1025 1409 1079 latet
1448 1024 1504 1078 in
1551 1023 1789 1093 pulvere.
1819 1020 1918 1088 Qui

347 1136 474 1189 ergo
504 1120 738 1175 creditur
768 1128 934 1172 totum
966 1117 1220 1184 reddere,
1255 1132 1352 1172 cur
1389 1130 1454 1170 ex
1488 1125 1637 1185 parte
1671 1128 1922 1183 reparare

348 1209 651 1264 tlubitetur?
673 1223 767 1262 cur
802 1208 986 1261 oculos
1009 1225 1112 1261 non
1139 1208 1323 1262 reddat
1349 1206 1439 1274 qui
1472 1214 1639 1259 totum
1671 1211 1919 1259 restituet

346 1299 575 1366 corpus?
608 1298 688 1350 Ad
720 1298 1052 1350 reverentiam
1094 1298 1233 1352 tobis
1272 1298 1476 1367 loquor.
1516 1294 1623 1348 Sed
1661 1295 1790 1347 dicet
1820 1294 1923 1346 ati-

345 1406 457 1443 outs
480 1406 498 1442 :
530 1390 798 1453 Quomodo
824 1400 1086 1461 resurgant
1110 1390 1335 1444 mortui?
1353 1388 1493 1456 quali
1518 1398 1686 1440 autem
1713 1400 1924 1454 corpore

347 1483 579 1534 venient?
610 1482 855 1549 Ignorant
903 1483 1192 1547 potentiam
1243 1481 1376 1545 Dei,
1429 1480 1518 1548 qui
1563 1468 1685 1532 cum
1733 1485 1920 1545 putant

350 1582 589 1626 mortuos
618 1574 879 1626 suscitare
911 1590 1014 1627 non
1043 1589 1218 1641 posse,
1240 1574 1574 1631 divinitatem
1607 1588 1673 1627 ex
1704 1587 1797 1626 sua
1828 1572 1928 1625 im-

350 1662 637 1716 becillitate
667 1665 977 1727 metientes,
1010 1671 1068 1716 ut
1104 1666 1429 1719 erube~catis
1465 1679 1559 1720 vos
1588 1663 1777 1718 talibus
1809 1678 1928 1717 ser-

2024 485 2193 549 ipsum
2209 500 2259 536 ιη
2299 498 2353 537 rs
2365 484 2431 538 ab
2444 485 2558 551 ipso
2571 484 2739 551 primo
2754 483 2908 537 inven
2919 491 2965 536 ta
2980 483 3246 539 descendit
3257 484 3422 552 ,quod
3436 499 3600 552 usque

2019 576 2083 627 ad
2102 590 2311 629 crucem
2333 577 2507 643 lapsus
2524 572 2685 644 primi
2743 575 2972 631 hominis
2985 585 3304 645 potestatem
3324 579 3537 645 habuit,
3550 587 3606 633 ct

2020 662 2141 716 ideo
2169 664 2329 715 morti
2359 663 2908 728 primusnov’ssimus
2944 665 3100 718 Saluti
3133 666 3257 720 :ille
3289 672 3497 734 primus
3528 669 3607 721 vi-

2023 768 2172 815 vens,
2192 753 2291 807 iste
2309 753 2601 807 viviﬁcans.
2620 754 2726 809 Sed
2739 770 2840 807 non
2854 755 2996 822 prius
3009 758 3142 823 quod
3156 758 3392 825 spiritale
3405 768 3502 824 est,
3518 759 3608 812 sed

2021 844 2159 911 quod
2174 843 2382 896 carnale
2398 853 2493 909 est,
2514 844 2698 895 deinde
2712 844 2847 912 quod
2870 846 3098 914 spiritale
3114 858 3204 900 est.
3225 846 3437 900 Primus
3453 850 3609 901 homo

2023 934 2084 987 de
2111 944 2245 986 t.rra
2284 944 2534 986 terrenus.
2577 935 2901 1000 Notandum,
2934 936 3070 1001 quod
3106 952 3227 991 cum
3260 937 3396 990 duos
3431 939 3609 991 Adam

2023 1023 2170 1081 dicit.
2190 1024 2426 1092 ejusdem
2450 1032 2654 1078 natura:
2677 1032 2929 1094 utrosque
2947 1026 3299 1089 demonstrat,
3324 1028 3447 1096 quin
3466 1029 3615 1082 sicut

2025 1116 2109 1169 ille
2128 1116 2242 1170 sine
2257 1130 2476 1184 genere,
2497 1116 2566 1169 ita
2590 1116 2691 1171 is'e
2707 1116 2821 1168 sine
2843 1117 3065 1169 semine.
3091 1118 3359 1171 Secundus
3374 1117 3532 1169 homo
3549 1118 3617 1169 de

2026 1211 2150 1262 creto
2177 1209 2412 1263 cwlestis.
2468 1210 2576 1264 llac
2616 1212 2824 1264 ratione
2871 1210 3115 1264 Christus
3160 1213 3319 1264 homo
3347 1213 3415 1265 de
3440 1214 3615 1274 cmlo,

2026 1300 2147 1366 quia
2180 1300 2232 1353 in
2276 1302 2540 1369 baptismo
2587 1300 2808 1354 Joannis
2852 1316 2956 1353 non
3008 1316 3142 1369 aqua
3170 1344 3183 1367 ,
3216 1300 3309 1354 Sed
3339 1301 3519 1370 gratia
3542 1299 3616 1355 de

2027 1393 2166 1444 curio
2192 1392 2492 1445 descendit.
2527 1393 2585 1444 Et
2611 1392 2732 1460 quia
2761 1392 2875 1445 sine
2907 1400 3123 1460 peccato
3151 1408 3364 1449 carnem
3395 1407 3617 1444 assunt-

2030 1489 2155 1554 psit.
2189 1495 2244 1540 et
2277 1487 2415 1539 Deus
2465 1502 2530 1540 ex
2578 1485 2796 1551 Virgine
2825 1484 2970 1537 nasci
3013 1484 3258 1551 dignatus
3288 1494 3387 1537 est.
3425 1484 3619 1549 Qualis

2031 1585 2274 1636 terrenus,
2308 1575 2431 1628 tales
2454 1584 2497 1625 et
2527 1576 2732 1637 terreni,
2763 1583 2808 1626 et
2838 1574 3004 1642 qualis
3027 1574 3260 1635 cte'estis,
3293 1573 3418 1626 talcs
3441 1584 3490 1627 et
3511 1589 3617 1626 cae-

2032 1667 2198 1720 lestes.
2226 1667 2312 1720 Sic
2343 1666 2579 1734 intelligo
2605 1665 3198 1735 ChristunLcmledetn,
3230 1668 3348 1734 quia
3382 1666 3615 1717 omnino

352 1751 597 1805 monibus
615 1761 862 1817 tanquam
891 1754 1138 1818 parvulus
1155 1754 1385 1811 erudire.
1408 1751 1691 1819 Insipiens,
1718 1764 1769 1805 tu
1791 1752 1925 1819 quod
1961 1746 2001 1803 Β
2030 1760 2142 1814 δίκε
2175 1770 2410 1827 peccato,
2448 1775 2552 1812 non
2574 1758 2695 1825 quia
2717 1757 2781 1811 dt-
2835 1757 2941 1811 uelo
2967 1773 3179 1811 Carnem
3204 1760 3347 1810 attul.
3372 1758 3465 1810 ι-ῑι,
3502 1755 3618 1825 19.“.

349 1842 566 1895 seminus
589 1858 687 1896 non
717 1843 1024 1909 v'vi/icatur,
1056 1844 1152 1896 nisi
1177 1846 1317 1913 prius
1344 1846 1613 1910 moriatur.
1639 1844 1923 1912 lusipieus,

351 1932 631 1999 quietiam
683 1931 1012 1986 naturalibus
1056 1935 1216 1988 rebus
1267 1934 1479 1988 edoceri
1527 1934 1593 1987 dc
1634 1948 1810 1995 ueras,
1860 1934 1927 1987 de

352 2023 743 2077 resurrectione
772 2036 876 2075 non
907 2022 1174 2075 dubitare.
1205 2023 1391 2076 Adhuc
1422 2023 1929 2092 repromissiouilzus

351 2112 547 2166 divinis
571 2113 754 2169 existis
779 2112 1115 2167 incredulus?
1138 2129 1203 2164 ex
1234 2115 1307 2167 tui
1331 2116 1506 2180 operis
1537 2112 1925 2168 consuetudine

351 2205 693 2261 considerare
723 2203 950 2258 debuisti
977 2204 1116 2273 quod
1149 2204 1393 2258 dicim'is.
1426 2204 1491 2257 Et
1520 2206 1654 2271 quod
1685 2205 1926 2271 seminus,

352 2318 454 2354 non
483 2316 663 2370 corpus
685 2301 820 2369 quod
847 2300 1073 2366 futuru‘u
1104 2310 1175 2353 est
1206 2301 1449 2367 seminus,
1478 2300 1568 2355 sed
1596 2301 1786 2353 nudum
1813 2317 1930 2367 gra-

355 2405 526 2444 num:
567 2399 621 2443 ut
666 2399 789 2460 puta
838 2391 1014 2455 tritici,
1056 2398 1143 2443 aut
1173 2390 1395 2461 alicujus
1443 2398 1758 2444 ca’terorum.
1797 2390 1931 2444 Deus

357 2492 525 2536 autem
547 2483 631 2538 dat
658 2481 734 2536 illi
756 2497 941 2550 corpus
962 2481 1089 2534 sicut
1112 2482 1234 2534 vult.
1263 2480 1410 2536 Sicut
1432 2480 1498 2536 de
1517 2495 1681 2549 grano
1704 2479 1935 2547 resurgit

368 2572 644 2628 fecundior
675 2586 795 2627 cum
822 2573 1002 2641 granis
1031 2572 1192 2625 ari~ta
1211 2612 1225 2636 ,
1257 2580 1314 2626 et
1340 2585 1530 2639 corpus
1543 2570 1888 2639 corruptiliile
1905 2568 1958 2625 in

360 2665 545 2734 gloriae
571 2672 817 2732 resurget
852 2673 1215 2733 augmentum.
1269 2662 1332 2716 Et
1378 2664 1649 2731 unicuique
1690 2665 1937 2715 sem'uum

359 2755 628 2822 proprium
654 2768 860 2824 corpus.
895 2753 1047 2809 Unde
1075 2753 1133 2807 Β.
1164 2752 1264 2807 Joh
1292 2769 1305 2807 :
1339 2753 1405 2807 Et
1427 2752 1483 2808 in
1509 2767 1670 2807 carne
1699 2767 1815 2806 inca
1859 2750 1939 2805 vi-

359 2844 498 2899 deho
527 2844 714 2899 Deum.
770 2843 889 2899 Non
927 2845 1089 2898 omnis
1118 2860 1237 2897 caro
1269 2845 1442 2897 eadem
1491 2860 1633 2898 caro.
1682 2842 1932 2905 Attende,

363 2937 484 3004 quia
509 2937 778 3005 proprium
806 2933 939 2989 dixit
983 2949 1211 3004 corpus,
1258 2949 1362 2988 non
1405 2934 1662 2988 alienum.
1699 2933 1803 2988 Sed
1826 2933 1934 2985 alia

363 3026 656 3090 hominum,
685 3027 789 3079 alia
821 3041 1056 3094 pecorum
1075 3066 1089 3088 ,
1120 3026 1223 3077 alia
1246 3038 1367 3077 caro
1393 3025 1679 3089 volucrum,
1710 3024 1812 3075 alia
1837 3038 1935 3074 au-

2032 1861 2113 1905 ων
2147 1852 2277 1905 sicut
2307 1852 2618 1918 portavimus
2650 1850 2921 1915 itttﬂJitiBtlt
2953 1850 3155 1901 tcirtui.
3189 1849 3440 1902 l‘ecmtor
3473 1848 3614 1902 inta-

2030 1941 2208 2007 gincnt
2239 1939 2405 1991 Adam
2437 1945 2632 2003 portat,
2660 1937 2833 2003 justus
2867 1952 2989 1991 veru
3013 1936 3228 1990 Christi.
3258 1936 3533 1988 Portemus
3564 1946 3614 1987 et

2031 2031 2301 2099 imaginem
2324 2030 2556 2089 catastis,
2579 2039 2808 2081 veterem
2831 2028 3099 2081 hominem
3122 2037 3238 2080 ante
3259 2030 3382 2095 hapt
3404 2042 3611 2091 simtu,

2034 2137 2226 2178 novum
2254 2132 2369 2189 post
2393 2120 2736 2188 baptismum.
2774 2118 2889 2172 lloc
2911 2129 3079 2172 autem
3102 2121 3234 2184 dico,
3260 2119 3468 2185 fratres,
3493 2120 3620 2188 quia

2031 2228 2151 2265 caro
2188 2221 2234 2265 et
2265 2211 2477 2282 sanguis
2525 2227 2735 2281 regum:
2780 2210 2871 2262 Dei
2918 2210 3175 2277 possidere
3219 2227 3319 2263 non
3368 2220 3621 2275 possunt;

2033 2319 2191 2373 neque
2221 2302 2484 2370 corruptio
2514 2302 2910 2369 iucu.ruptclam
2942 2300 3233 2368 possidebit.
3278 2300 3621 2367 Frequenter

2036 2393 2309 2462 Scriptura
2332 2406 2491 2459 opera
2521 2391 2698 2445 curuis
2730 2391 2969 2443 nominat
2998 2405 3090 2457 pro
3121 2389 3439 2447 substantia,
3474 2388 3626 2442 sicut

2038 2484 2109 2537 ibi
2144 2501 2157 2535 :
2194 2483 2300 2536 Vos
2332 2490 2510 2535 autem
2554 2482 2604 2534 in
2636 2495 2796 2536 carne
2825 2496 2930 2535 non
2956 2482 3108 2549 estis,
3159 2481 3250 2533 sed
3304 2482 3352 2533 in
3398 2480 3621 2547 Spiritu.

2039 2574 2242 2628 Aliter:
2277 2573 2435 2635 Caro,
2475 2572 2613 2627 sient
2638 2587 2777 2625 nunc
2807 2578 2908 2635 est,
2939 2587 3156 2642 regnum
3193 2572 3245 2624 Ι).
3268 2572 3286 2625 i
3311 2568 3415 2624 non
3436 2574 3626 2637 possi-

2036 2663 2220 2729 debit,
2267 2664 2367 2717 nisi
2419 2662 2821 2716 immortalitate
2871 2666 3087 2716 vestita.
3144 2660 3273 2714 Ecce
3325 2662 3632 2730 urguet-ium

2039 2758 2178 2819 vobis
2207 2757 2343 2811 dico.
2376 2757 2673 2810 Obscurum
2723 2755 2986 2825 signiﬁcat
3033 2755 3358 2810 nominando
3409 2764 3629 2824 myste-

2040 2846 2198 2902 rium.
2226 2845 2410 2900 Omnes
2431 2845 2637 2914 quidem
2659 2860 2997 2914 resurgemus.
3024 2844 3221 2898 Omnes
3245 2858 3629 2910 resurgentius,

2040 2940 2132 3008 qui
2170 2937 2366 2992 mortui
2408 2934 2773 2998 inveniemur,
2806 2934 3020 2989 Christo
3064 2934 3328 2989 veniente.
3362 2931 3472 2987 Sed
3518 2949 3631 2985 non

2044 3045 2215 3084 euntes
2254 3026 2659 3081 immutabimur.
2692 3024 2792 3093 Qui
2829 3026 2882 3080 in
2913 3040 3137 3094 corpore
3167 3024 3366 3079 iuerint
3392 3025 3629 3091 reperti,

365 3129 462 3172 tem
494 3119 725 3185 piscium.
758 3117 1015 3172 Similiter
1042 3124 1097 3170 et
1124 3117 1193 3170 dc
1216 3118 1367 3184 aquis
1396 3117 1651 3185 intelligo,
1679 3131 1796 3185 qua:
1822 3124 1938 3168 tan-
1966 3108 2009 3169 C
2043 3123 2163 3193 quia
2206 3119 2376 3175 saIICIi
2414 3126 2775 3185 “sumentur,
2807 3125 3117 3187 peccatores
3146 3132 3271 3172 vero
3297 3125 3506 3169 πίει-[ιο
3542 3117 3635 3167 ί..-

366 3220 472 3264 tam
504 3210 871 3264 divexsitatem
903 3210 1172 3263 volnerum
1203 3215 1254 3261 et
1284 3208 1504 3274 piscium
1537 3206 1839 3261 ediderunt.
1877 3203 1941 3257 Et

363 3316 579 3371 corpora
602 3299 841 3364 ctelestiu,
872 3309 917 3352 et
946 3312 1165 3365 corpora
1193 3306 1308 3350 terr.
1327 3300 1474 3351 stria.
1509 3298 1641 3365 Quia
1673 3299 1792 3351 talia
1819 3296 1945 3351 fecit

366 3407 591 3460 corpora
622 3394 1029 3455 elementorum,
1058 3404 1153 3443 cur
1187 3403 1290 3443 non
1318 3391 1523 3444 reliciat
1543 3391 1791 3460 exiguum
1820 3406 1942 3445 cor-

369 3497 466 3549 pus
492 3481 811 3534 humanum?
841 3479 947 3534 Sed
976 3479 1080 3532 alia
1102 3478 1305 3541 quidem
1331 3478 1606 3532 ctelestium
1630 3479 1820 3547 gloria,
1842 3480 1946 3534 alia

368 3580 536 3622 autem
558 3569 884 3622 terrestrium.
916 3567 1029 3620 Alia
1051 3567 1258 3619 claritas
1282 3568 1438 3630 lunae,
1468 3566 1572 3620 alia
1594 3568 1802 3622 claritas
1822 3569 1946 3624 stel-

372 3661 565 3718 larunt.
606 3660 792 3713 Omnis
823 3658 1237 3727 comparationis
1259 3657 1540 3713 diversitas
1566 3659 1631 3712 ad
1669 3659 1768 3714 hoc
1798 3660 1945 3725 facit,

372 3760 430 3805 ut
457 3751 643 3805 credas
672 3765 833 3803 unum
863 3748 1017 3803 lacle
1048 3749 1273 3803 reddere
1306 3764 1461 3816 posse
1482 3790 1497 3815 ,
1524 3750 1614 3818 qui
1646 3758 1791 3805 tanta
1824 3749 1949 3807 fecit

372 3858 436 3895 ex
470 3842 655 3896 nihilo.
689 3841 855 3896 Stella
892 3840 1026 3892 enim
1052 3856 1083 3891 a
1107 3839 1255 3893 stella
1293 3839 1464 3907 diﬁert
1501 3842 1552 3894 in
1582 3842 1815 3895 claritate
1837 3857 1855 3896 :
1877 3844 1949 3897 sic

369 3945 417 3986 et
476 3935 776 3987 resurrectio
833 3941 1166 3985 mortuorum.
1233 3932 1523 4001 Stellarum
1582 3932 1944 3988 diversitatem

369 4024 632 4094 justorum
661 4028 940 4092 comparat
970 4021 1283 4076 dilIerentin
1308 4062 1323 4086 ,
1376 4037 1509 4091 quos
1541 4024 1764 4078 virtutes
1784 4065 1799 4091 ,
1843 4040 1951 4080 non

376 4122 596 4183 peccata
640 4112 835 4167 facient
861 4127 980 4167 esse
1010 4112 1272 4168 diversos.
1307 4114 1435 4167 Nam
1486 4122 1822 4182 peccatorum
1874 4116 1955 4171 di-

376 4207 598 4261 versitas
623 4207 675 4259 in
708 4204 847 4260 cmlo
881 4218 985 4258 non
1012 4209 1137 4268 erit,
1161 4204 1254 4260 sed
1282 4206 1333 4259 in
1360 4220 1539 4273 paena.
1571 4207 1871 4263 Seminatur
1899 4211 1954 4269 in

374 4296 730 4361 turruptionc,
779 4304 948 4364 surget
977 4295 1028 4347 in
1072 4296 1523 4362 incorruptionem.
1559 4298 1629 4354 Ut
1659 4316 1724 4354 ne
1757 4302 1952 4365 febres,

380 4402 475 4437 uce
506 4393 699 4437 meti-ra
733 4386 983 4451 patiatur.
1016 4384 1307 4438 Semino'ur
1346 4387 1400 4439 in
1436 4390 1772 4456 ignobilitate.
1816 4393 1952 4456 Quid

2045 3206 2239 3272 cendio
2270 3215 2661 3283 relinquentur.
2711 3213 2841 3269 Nam
2887 3229 2920 3283 q
2965 3215 2979 3267 i
3029 3214 3134 3267 vivi
3184 3214 3385 3268 inventi
3430 3213 3638 3265 iuerint

2047 3319 2375 3378 peccatores,
2395 3306 2660 3362 combusti
2687 3307 2859 3373 primo
2882 3305 3111 3374 ignibus,
3129 3313 3252 3357 tunc
3278 3315 3569 3371 resurgant
3595 3303 3636 3358 ii

2048 3409 2381 3471 peccatores,
2399 3399 2486 3465 qui
2515 3398 2567 3451 in
2587 3396 2870 3452 adventum
2894 3396 3103 3451 Domini
3133 3397 3238 3449 vivi
3259 3397 3634 3450 invenientur.

2053 3493 2157 3547 Sed
2187 3507 2288 3544 non
2318 3506 2490 3543 omnes
2530 3490 2934 3542 immutabimur.
2962 3488 3091 3554 Quia
3123 3488 3248 3556 justi
3275 3488 3339 3541 ad
3376 3489 3639 3556 gloriam,

2052 3594 2358 3651 pe'catores
2387 3591 2666 3648 resurgant
2687 3580 2753 3635 ad
2784 3595 3016 3649 poenam.
3049 3578 3115 3632 In
3141 3589 3415 3640 momento.
3441 3582 3492 3632 in
3529 3581 3641 3632 ictu

2052 3672 2187 3725 oculi
2236 3673 2558 3725 Brevitatcm
2587 3673 2693 3725 vult
2725 3670 3027 3739 signiﬁcare
3055 3672 3331 3733 momenti,
3368 3668 3431 3722 In
3457 3688 3543 3721 ttut
3564 3673 3640 3723 is-

2052 3764 2182 3816 sima
2211 3762 2352 3816 tuba.
2397 3763 2619 3829 Quidam
2653 3762 2783 3816 duas
2812 3763 2997 3825 tubas,
3027 3762 3162 3814 duos
3190 3760 3386 3814 Christi
3416 3763 3639 3813 adven-

2055 3864 2136 3907 tus
2164 3854 2478 3920 in'elligunt.
2508 3852 2665 3906 Cunet
2694 3855 2826 3905 enim
2855 3852 2974 3904 tuba
2998 3892 3012 3913 ,
3056 3862 3099 3903 et
3133 3852 3315 3903 mortui
3343 3860 3645 3921 resurgant.

2057 3944 2234 3999 Primo
2256 3951 2534 4012 resurgunt
2559 3945 2770 4005 mortui,
2804 3953 2858 3998 et
2881 3944 2954 3998 sic
2978 3945 3395 3997 itntnutahuutur
3425 3948 3634 4007 sineti,

2056 4044 2116 4091 ut
2135 4035 2236 4090 hoc
2264 4036 2468 4089 dicatur
2490 4036 2776 4088 novissima
2803 4036 2944 4093 tuba.
2974 4034 3292 4102 lncorrupti.
3319 4034 3384 4088 Ut
3406 4050 3637 4102 semper

2057 4129 2253 4182 durent
2281 4127 2331 4182 in
2367 4142 2542 4194 paena.
2578 4125 2640 4179 Et
2671 4144 2761 4180 nos
2801 4128 3196 4181 immutabimur.
3250 4128 3455 4196 Oportet
3490 4131 3643 4180 enim

2058 4218 2382 4289 corruptibile
2404 4219 2493 4271 lto:
2521 4219 2728 4271 induere
2750 4220 3201 4285 incorruptionem,
3227 4227 3270 4269 ct
3295 4220 3508 4269 mortale
3538 4218 3648 4269 hoc

2058 4313 2265 4365 induere
2313 4308 2767 4365 immortalitatem.
2818 4306 2944 4361 Cum
2989 4318 3157 4360 autem
3200 4317 3492 4375 corruptum
3542 4309 3648 4362 hoc

2060 4404 2280 4456 induerit
2313 4403 2744 4467 incorruptionem
2770 4442 2782 4463 ,
2812 4412 2857 4451 et
2901 4401 3113 4453 mortale
3157 4399 3251 4452 hoc
3290 4399 3511 4451 induerit
3542 4400 3647 4451 iut-

383 4490 487 4531 tain
511 4477 739 4545 ignulnle
762 4491 917 4544 quam
940 4487 1203 4530 mortuum
1224 4492 1415 4545 corpus
1434 4481 1456 4530 ’ἓ
1488 4480 1673 4551 Surget
1694 4485 1745 4536 in
1767 4485 1931 4552 gloria

2063 4493 2443 4545 mortalitatem.
2498 4492 2591 4544 Est
2645 4490 2785 4557 qnod
2826 4489 2984 4545 indue
3049 4500 3103 4543 et
3137 4495 3221 4542 est
3256 4487 3395 4554 quod
3456 4487 3646 4540 indui-

378 4569 569 4633 Surget
592 4566 643 4620 in
674 4566 893 4634 gloriam
924 4566 1244 4633 sp‘endoris,
1274 4567 1413 4621 sicut
1436 4570 1534 4622 sui.
1571 4572 1871 4627 Semiuatur
1900 4575 1955 4627 in

382 4659 701 4724 infirmitate.
738 4656 1115 4710 ltnbecillitatis
1147 4656 1413 4711 humanm.
1448 4659 1636 4729 Surget
1665 4664 1716 4715 in
1754 4665 1954 4719 virtute.

381 4754 436 4807 lu
470 4754 663 4806 virtute
692 4750 1008 4805 aeternitatis
1028 4748 1302 4817 angelicae.
1325 4749 1619 4805 Seminatur
1643 4769 1827 4822 corpus
1844 4758 1959 4808 aui-

382 4849 535 4903 male,
592 4851 762 4911 surget
817 4857 1001 4909 corpus
1040 4840 1291 4909 spiri'ale.
1338 4840 1434 4896 llic
1479 4842 1691 4909 quidem
1730 4846 1961 4901 animale

380 4952 597 5004 corpus,
624 4938 742 5002 quia
768 4948 872 4987 non
895 4946 1106 4998 semper
1122 4924 1375 5000 Spiritum
1398 4941 1637 4986 sanctum
1665 4934 1955 4990 habemus:

385 5036 511 5079 tunc
534 5040 660 5079 vero
680 5039 892 5093 semper
924 5023 1029 5077 erit
1059 5022 1111 5077 in
1137 5023 1309 5077 nobis.
1339 5021 1399 5078 Si
1420 5033 1491 5077 est
1511 5039 1695 5091 corpus
1715 5028 1957 5093 animale,

383 5130 457 5173 cst
484 5118 803 5186 et'spiritale.
837 5116 989 5183 Quod
1015 5118 1184 5185 possit
1213 5117 1289 5171 ire
1318 5116 1526 5181 obviam
1550 5117 1784 5175 Christo.
1813 5119 1960 5172 Sicut

385 5212 629 5277 scriptum
650 5218 719 5259 est
740 5222 758 5260 :
786 5204 972 5260 Factus
992 5217 1064 5260 est
1086 5210 1280 5270 primus
1301 5208 1452 5262 ltomo
1476 5209 1641 5262 Adam
1664 5211 1715 5262 in
1734 5210 1959 5262 animum

386 5321 413 5357 υ
438 5310 649 5355 venient.
678 5299 784 5351 lloc
810 5297 1169 5352 testimonium
1193 5316 1255 5353 ex
1284 5301 1417 5369 lege.
1452 5299 1773 5355 Novissima:
1796 5302 1961 5353 Adam

388 5395 442 5446 in
474 5393 724 5464 Spiritum
771 5394 1125 5461 vivificantem.
1186 5396 1291 5451 Cur
1342 5397 1499 5451 homo
1549 5398 1845 5462 secundus,
1881 5398 1963 5450 vel

392 5482 557 5537 Adim
590 5486 912 5539 novissimus
955 5494 1072 5553 post
1101 5492 1180 5538 tot
1210 5485 1451 5540 homines
1492 5486 1725 5541 dlt‘llttl‘?
1757 5488 1965 5542 Primus

393 5575 560 5629 Adam
595 5578 817 5631 habetur
848 5578 1093 5644 quisquis
1125 5576 1344 5643 vestigia
1390 5577 1507 5643 ejus
1552 5577 1790 5631 imitatur
1824 5596 1837 5631 :
1874 5594 1967 5646 poi-

399 5673 625 5716 strctnus
658 5667 742 5719 ille
772 5674 856 5720 est
884 5668 969 5735 qui
1001 5665 1208 5720 Domini
1243 5664 1461 5734 vestigia
1491 5666 1746 5736 sequitur.
1775 5666 1967 5722 Novis-

2065 4589 2172 4636 tur.
2214 4581 2359 4635 Tunc
2402 4582 2487 4647 ﬁet
2528 4596 2692 4633 sermo
2731 4582 2815 4645 qui
2854 4581 3072 4643 scriptus
3117 4587 3193 4632 est
3224 4593 3244 4631 :
3278 4578 3533 4643 Absorpta
3574 4588 3648 4630 est

2065 4689 2199 4727 mors
2240 4674 2289 4725 in
2325 4673 2554 4725 uictoria.
2604 4672 2884 4725 Evacuatis
2926 4669 3103 4724 causis
3158 4670 3362 4723 mortis.
3402 4668 3500 4719 ι’ῡὶ
3546 4668 3646 4726 ex",

2064 4782 2223 4831 mors,
2246 4766 2454 4819 victoria
2483 4766 2608 4818 tua?
2632 4765 2715 4815 ubi
2744 4774 2816 4815 erit
2844 4803 2857 4824 ,
2892 4779 3048 4825 mors,
3082 4762 3314 4815 stimulus
3349 4762 3510 4813 tuus?
3541 4761 3642 4814 [ιιι

2065 4842 2170 4917 est,
2203 4868 2381 4917 mers,
2412 4854 2685 4907 contentio
2725 4852 2845 4905 tua?
2876 4852 3004 4918 Quae
3049 4855 3344 4915 contentio,
3380 4851 3476 4903 nisi
3513 4853 3646 4918 quia

2066 4944 2224 4998 modo
2256 4959 2380 4997 caro
2401 4943 2734 5010 eniicnpiscit
2763 4943 3017 4996 adversus
3039 4943 3307 5010 Spirizum,
3336 4948 3391 4993 et
3417 4941 3647 5009 spiritus

2067 5035 2320 5117 adveqsus
2349 5036 2605 5088 carnem?
2653 5033 2754 5086 Ista
2805 5048 2995 5101 pugna,
3050 5034 3147 5087 ista
3191 5032 3464 5086 contentio
3498 5050 3511 5085 :
3546 5033 3645 5085 sed

2069 5141 2133 5179 ex
2178 5140 2404 5193 penuria
2446 5128 2710 5190 ju~torum
2765 5126 2994 5192 lo,uitur
3043 5125 3412 5179 insultantium
3458 5126 3642 5179 morti.

2071 5215 2323 5270 Stimulus
2350 5226 2518 5268 autem
2550 5216 2725 5268 mortis
2770 5224 3033 5286 peccatum
3076 5225 3171 5268 cst.
3212 5217 3416 5284 Sagitta
3457 5227 3649 5269 mortis

2073 5314 2373 5373 peccatum,
2408 5322 2501 5373 per
2542 5307 2682 5374 quini
2731 5307 2921 5360 animae
2956 5304 3287 5375 iugulantur.
3333 5303 3506 5358 Virtus
3531 5320 3648 5356 vero

2070 5395 2262 5464 peccati
2298 5396 2398 5447 lex.
2435 5394 2643 5448 Fortius
2676 5395 2733 5445 lit
2771 5410 2864 5459 per
2893 5394 3171 5447 scientiam
3206 5403 3502 5461 peceatum.
3537 5393 3651 5445 Cur

2072 5486 2240 5538 virtus
2284 5486 2482 5552 peccati
2518 5486 2597 5539 lex
2620 5525 2635 5550 ,
2679 5488 2721 5539 si
2756 5487 2843 5538 les
2880 5485 3015 5537 bona
3057 5484 3177 5538 est?
3204 5484 3335 5550 Quia
3371 5493 3648 5549 peccatum

2074 5592 2166 5647 per
2195 5577 2261 5630 bo
2286 5592 2393 5639 inut
2421 5585 2699 5644 operatum
2729 5584 2810 5629 est
2840 5585 3063 5629 mortem
3084 5616 3098 5640 ,
3133 5584 3188 5627 ut
3228 5576 3312 5627 list
3348 5589 3506 5642 supra
3535 5589 3651 5625 mo-

2072 5669 2220 5733 dum,
2250 5668 2347 5723 huc
2393 5678 2495 5734 e5t,
2528 5668 2756 5737 majores
2786 5668 2924 5722 vires
2956 5683 3018 5721 ex
3046 5665 3482 5737 prmvaricatione
3509 5664 3649 5719 acci-
