3968 6166
266 297 373 351 555

1048 291 1112 346 ΙΝ
1149 284 1529 345 EPISTULAM
1573 281 1616 336 Il
1657 277 1746 335 AD
1785 273 2197 332 CORINTIHOS
2238 274 2753 339 COMllENTAlllA.

3433 281 3538 338 555

265 409 405 480 piat.
433 408 537 461 Deo
564 412 733 460 autem
763 403 953 474 gratias
972 444 986 468 ,
1018 402 1267 481 qui‘dedit
1294 400 1439 455 nobis
1475 398 1736 453 victoriam
1758 412 1846 469 per
1880 391 1932 453 Α
1955 392 2166 448 veniret.
2212 393 2382 450 Veniet
2412 407 2581 450 autem
2608 414 2720 451 cum
2750 397 2796 451 ei
2830 414 3045 453 vacuum
3077 401 3253 470 fuerit.
3291 401 3537 475 Vigilate,

274 496 554 548 Dominum
588 505 817 548 nostrum
850 492 1030 546 Iesum
1075 490 1357 546 Christum.
1397 490 1679 546 Victoriam
1711 489 1856 546 illius

276 588 488 657 peccati
526 587 579 641 in
611 600 719 655 quo
752 586 834 638 lex
866 585 1266 650 inlirmahatur,
1319 598 1414 650 per
1452 584 1722 637 carnalem
1757 597 1857 636 no-

271 691 441 731 strain
466 678 793 746 voluptatem
817 691 975 744 quam
999 674 1242 728 Christus
1263 689 1425 729 cruce
1447 690 1539 728 sua
1564 675 1857 730 destruxit.

273 770 483 841 Itaque,
522 775 706 840 fratres
745 774 842 825 mei
871 769 1065 825 dilecti.
1096 770 1323 825 Reddita
1364 772 1573 826 ratione
1620 788 1862 828 resurre-

272 866 495 929 ctionis,
521 864 591 918 de
613 880 717 933 qua
744 865 1083 926 btcsitabant,
1116 863 1357 917 hortatur
1375 878 1469 917 cos
1498 863 1550 917 in
1578 863 1667 917 Dei
1696 878 1863 931 opere

277 968 631 1023 permanere,
660 956 769 1023 jam
801 964 984 1010 certus
1025 956 1090 1009 de
1128 957 1482 1011 retributione
1509 958 1704 1010 futura.
1738 955 1863 1013 Sta-

274 1047 400 1100 biles
426 1057 534 1100 esto
559 1064 584 1098 e
609 1056 657 1100 et
683 1048 989 1110 immobiles,
1020 1048 1341 1102 abundantes
1377 1049 1430 1104 in
1474 1065 1626 1120 opere
1657 1047 1867 1105 Domini

274 1152 498 1200 semper.
532 1136 702 1190 Nemo
733 1151 827 1191 vos
868 1136 934 1191 tle
977 1137 1077 1192 hoc
1100 1138 1269 1206 gradu
1300 1139 1415 1206 spei
1447 1148 1661 1195 moveat
1701 1143 1866 1196 ultra.

278 1226 512 1284 Scientes
540 1227 677 1293 quod
717 1226 864 1283 labor
898 1237 1062 1282 vester
1091 1246 1192 1283 non
1227 1242 1303 1284 est
1338 1227 1507 1285 inanis
1536 1234 1590 1286 in
1620 1234 1863 1290 Domino.

278 1315 394 1369 lloc
424 1325 530 1379 est,
563 1332 670 1369 non
700 1318 819 1372 sine
848 1332 1009 1373 causa
1042 1320 1319 1376 laboratis.

353 1405 488 1460 Car.
534 1422 647 1460 ιη.
680 1436 749 1447 -
778 1405 853 1461 De
882 1409 1108 1462 collectis
1132 1419 1301 1463 autem
1331 1427 1445 1480 quia
1472 1412 1605 1480 ﬁunt
1648 1416 1700 1468 in
1749 1432 1869 1471 san-

278 1507 412 1562 ctus,
441 1499 573 1551 sicut
608 1499 840 1552 ordinavi
866 1501 1092 1555 ecclesiis
1121 1500 1344 1577 Galatiae
1368 1543 1382 1567 ,
1411 1505 1487 1557 ita
1513 1514 1559 1558 et
1587 1523 1672 1560 vos
1696 1507 1867 1576 facite.

282 1589 362 1643 De
384 1590 686 1658 sumptibus
706 1590 837 1645 dicit
858 1591 951 1659 qui
975 1607 1069 1661 per
1096 1593 1336 1661 singulas
1366 1595 1623 1651 ecclesias
1653 1597 1869 1653 collecti

284 1680 718 1751 Hierosolymam
748 1682 951 1738 sanctis
1001 1685 1324 1753 pauperibus
1355 1687 1730 1743 mittebantur.
1766 1689 1870 1744 Per

1960 495 2087 539 state
2133 486 2185 540 in
2231 488 2352 555 ﬁde,
2384 490 2598 543 viriliter
2636 492 2772 562 agile
2796 533 2811 557 ,
2849 502 2894 545 et
2924 493 3304 561 confortamini.
3354 495 3539 550 Omnia

1960 588 2125 632 vestra
2157 580 2208 631 in
2240 580 2487 635 charitate
2530 583 2681 650 ﬁant.
2736 584 2859 637 Ideo
2894 584 2967 639 ibi
3008 587 3369 653 permanebo,
3418 588 3542 657 quia

1960 682 2084 722 cum
2115 670 2245 723 mibi
2276 671 2495 728 evidens
2531 683 2653 727 nata
2683 676 2754 727 sit
2790 676 3161 743 opportunitas
3192 678 3542 745 prmdicandi,

1963 765 2020 812 et
2064 758 2275 827 plurimi
2306 760 2413 815 sint
2457 763 2545 830 qui
2588 763 2870 830 resistant,
2923 765 3166 840 plurimis
3196 775 3373 821 autem
3405 769 3545 823 Deus

1965 848 2163 904 ostium
2190 851 2367 905 cordis
2395 856 2636 921 aperuit,
2673 864 2727 909 et
2758 856 2908 908 multi
2941 872 3046 910 non
3079 856 3362 912 credentes
3392 859 3549 914 resti-

1968 947 2164 1017 terunt.
2200 942 2417 996 Obsecro
2466 954 2641 998 autem
2689 961 2811 1011 vos,
2864 949 3050 1017 fratres
3086 950 3290 1002 :‘nostis
3342 950 3552 1002 domum

1969 1012 2246 1103 Stephana:
2265 1046 2310 1089 et
2327 1033 2624 1102 Fortunati,
2654 1012 2894 1104 quoniam
2919 1050 3036 1091 sunt
3059 1041 3301 1109 primitia:
3322 1042 3551 1097 Achaica.

1970 1124 2067 1178 Vel
2100 1125 2201 1178 (ide
2231 1126 2481 1193 primitiae
2504 1168 2520 1192 ,
2568 1128 2649 1182 vel
2682 1128 2905 1183 honore.
2948 1128 3013 1182 Et
3043 1131 3096 1184 in
3125 1132 3404 1187 ministerio
3429 1150 3550 1188 san-

1969 1227 2165 1271 ctorum
2213 1220 2579 1273 ordinaverunt
2630 1222 2845 1288 seipsos.
2898 1224 2978 1277 Ad
3021 1225 3297 1280 docendos
3336 1239 3553 1284 sanctos

1970 1308 2053 1363 vel
2092 1310 2394 1363 necessaria
2422 1310 2622 1365 eisdem
2657 1314 3026 1368 ministrantis.
3064 1314 3131 1370 Ut
3172 1328 3219 1369 et
3249 1332 3335 1370 vos
3366 1319 3557 1372 subditi

1971 1399 2081 1451 sitis
2111 1400 2383 1469 ejusmodi,
2410 1412 2454 1453 et
2486 1403 2625 1455 omni
2669 1406 2995 1474 cooperanti,
3042 1420 3089 1459 et
3133 1408 3409 1463 laboranti.
3452 1411 3556 1478 Qui

1973 1489 2249 1544 nobiscum
2281 1491 2365 1545 vel
2398 1491 2502 1547 illis
2528 1507 2887 1561 coeperantur
2930 1498 2981 1552 in
3017 1499 3302 1568 Evangelia
3333 1502 3553 1558 Christi.

1973 1579 2217 1636 Gaudebo
2245 1594 2414 1638 autem
2442 1594 2496 1637 tn
2522 1589 2792 1655 prtesentia
2821 1588 3131 1659 Stephanio,
3163 1600 3210 1645 et
3246 1590 3558 1664 Fortunati,

1972 1685 2021 1726 et
2058 1674 2287 1730 Achaici.
2335 1674 2439 1743 Qui
2484 1690 2776 1746 praesentes
2803 1692 2932 1736 sunt
2959 1686 3098 1752 apud
3135 1700 3250 1739 vos.
3303 1685 3561 1752 Quoniam

283 1787 443 1833 "am
480 1771 678 1826 ,αδιαιε
708 1774 1053 1841 unusquisque
1082 1782 1327 1829 υεειτυηι,
1353 1777 1466 1833 una
1495 1779 1704 1855 sabbali
1725 1824 1740 1848 ,
1772 1782 1870 1836 do.
1899 1760 1947 1819 Β
1974 1764 2029 1855 id
2058 1767 2194 1832 quod
2222 1769 2359 1820 vobis
2388 1769 2584 1823 deerat.
2625 1771 2681 1825 In
2731 1774 2972 1827 scientia.
3022 1773 3138 1840 Ipsi
3176 1778 3561 1846 suppleverunt.

285 1861 482 1916 minica
506 1863 623 1918 dies
653 1874 767 1929 est,
797 1865 934 1919 sicut
962 1865 1015 1919 in
1050 1865 1336 1935 Evangelia
1365 1870 1623 1935 scriptum
1654 1880 1740 1927 est
1768 1871 1873 1926 Do-

285 1951 490 2005 minum
513 1967 618 2006 una
647 1953 853 2008 sabbati
887 1958 1269 2012 rasum-exisse.
1298 1960 1451 2028 Apud
1470 1976 1526 2015 se
1544 1974 1775 2032 seponat,
1793 1981 1875 2019 re-

283 2042 509 2093 condens
537 2043 675 2111 quod
707 2043 753 2096 ei
799 2045 922 2097 bene
969 2048 1219 2114 placuerit
1248 2064 1267 2102 :
1292 2060 1347 2104 ut
1396 2065 1499 2105 non
1536 2068 1653 2105 cum
1690 2070 1873 2110 venero

283 2136 407 2183 tunc
435 2132 660 2186 collecta
702 2133 852 2199 fiant.
899 2133 1029 2188 Cum
1071 2146 1243 2191 autem
1294 2156 1517 2208 praesens
1546 2142 1713 2211 fuero,
1749 2160 1875 2208 quos

282 2220 447 2284 proba
476 2222 619 2275 eritis
646 2240 732 2290 per
755 2227 1019 2294 epistolas,
1057 2228 1149 2282 hos
1177 2230 1373 2284 mittam
1398 2233 1623 2301 perferre
1651 2237 1873 2304 gratiam

284 2324 508 2367 vestram
554 2315 607 2369 in
651 2316 1013 2405 Hierusalem;
1034 2321 1103 2374 Ut
1132 2321 1388 2390 paulatim
1417 2335 1741 2394 reponentes
1765 2344 1869 2384 non

284 2421 391 2461 una
425 2407 559 2462 hora
587 2410 799 2479 gravari
828 2426 886 2465 se
917 2421 1099 2480 putent
1126 2454 1142 2477 ,
1187 2422 1244 2468 ut
1292 2415 1489 2471 hilares
1515 2417 1626 2472 sint
1654 2420 1872 2475 datores

286 2498 376 2566 qui
410 2499 699 2569 diligantur
725 2517 754 2555 a
791 2502 919 2556 Deo.
956 2502 1106 2568 Quod
1126 2505 1171 2558 si
1191 2506 1402 2576 dignum
1427 2510 1608 2579 fuerit,
1637 2522 1692 2565 ut
1713 2522 1761 2566 et
1782 2528 1873 2584 ego

284 2603 426 2654 eam,
459 2592 656 2645 mecum
679 2592 845 2647 ibunt.
887 2592 945 2649 Si
997 2596 1118 2649 talis
1162 2595 1319 2651 fuerit
1357 2599 1560 2655 oblatio
1587 2610 1785 2670 vestra,
1818 2614 1875 2659 ut

289 2695 388 2749 per
410 2696 498 2736 me
526 2683 685 2753 digne
712 2685 876 2752 possit
900 2685 1103 2741 oll'vrri.
1140 2686 1353 2743 Veniam
1380 2701 1549 2745 autem
1571 2694 1640 2747 ad
1656 2711 1741 2750 vos
1757 2713 1875 2751 cum

289 2771 653 2828 Macedoniam
676 2778 1033 2841 pertrans‘ero.
1062 2775 1200 2831 Nam
1221 2777 1585 2837 Macedoniam
1615 2795 1875 2849 pertrans-

286 2862 391 2917 ibo.
425 2865 578 2936 Apud
605 2882 690 2920 vos
723 2877 891 2921 autem
918 2871 1138 2939 forsitan
1168 2874 1378 2927 manebo
1402 2916 1418 2939 ,
1462 2877 1541 2931 vel
1578 2881 1730 2935 etiam
1758 2884 1873 2938 hie-

287 2957 459 3019 mabo,
482 2965 535 3009 ut
556 2971 643 3010 vos
666 2973 743 3010 me
762 2958 1028 3014 deducatis
1055 2977 1354 3033 quocunque
1380 2966 1509 3023 iero.
1537 2968 1679 3026 Nolo
1701 2985 1874 3029 autem

1978 1853 2082 1908 l‘er
2109 1855 2433 1923 doctrinam,
2465 1859 2547 1912 vel
2566 1861 2835 1929 exemplo.
2857 1862 3159 1931 Refecerunt
3178 1867 3311 1920 enim
3329 1877 3376 1921 et
3394 1884 3562 1921 meum

1973 1946 2212 2014 spiritum
2241 1956 2288 2001 et
2311 1964 2548 2005 rastrum.
2584 1951 2757 2007 Meum
2789 1954 3037 2023 spiritum
3067 1957 3264 2024 gaudio
3287 1956 3353 2011 de
3380 1968 3562 2014 Vestro

1976 2038 2251 2105 proiectu,
2284 2050 2517 2095 vestrum
2568 2057 2699 2097 vero
2748 2044 2817 2098 de
2870 2045 3227 2100 instruc.ione
3280 2047 3560 2102 doctrinae.

1976 2124 2274 2195 (.‘oynoscite
2299 2144 2421 2198 ergo
2449 2130 2537 2198 qui
2574 2132 2868 2201 hujusmodi
2897 2145 3036 2186 sunt.
3067 2134 3315 2190 Salutant
3346 2152 3431 2189 vos
3460 2134 3565 2189 Ec-

1974 2217 2141 2271 clesite
2175 2220 2330 2271 Asiae.
2364 2219 2610 2273 Salutant
2650 2238 2733 2275 vos
2771 2224 2822 2275 in
2860 2221 3082 2276 Domina
3115 2241 3317 2293 semper
3342 2227 3563 2279 multum

1974 2310 2161 2381 Aquila
2174 2323 2216 2364 et
2232 2312 2411 2367 Prisca
2426 2314 2605 2386 [Vulg.
2629 2314 2915 2388 Priscilla].
2932 2319 3082 2374 Sicut
3098 2320 3225 2374 alibi
3242 2336 3256 2373 ε
3276 2320 3567 2391 Cognosci-

1978 2412 2029 2457 te
2050 2418 2143 2457 eos
2164 2403 2252 2472 qui
2276 2404 2347 2457 ita
2373 2406 2648 2461 ambulant
2668 2408 2804 2462 sicut
2824 2408 3028 2465 habetis
3056 2410 3280 2465 lormant
3296 2422 3561 2470 nostram.

1979 2499 2074 2554 llic
2098 2500 2408 2569 cognoscite
2438 2514 2533 2566 pro
2562 2501 2843 2566 honorate,
2872 2511 3230 2569 agnoscentes
3262 2518 3449 2560 eorum
3484 2509 3559 2561 la-

1976 2591 2181 2647 berem.
2201 2589 2331 2645 Cant
2348 2591 2622 2645 domestica
2635 2607 2729 2644 sua
2744 2589 2998 2645 Ecclesia.
3017 2592 3320 2649 Domestica
3334 2610 3563 2666 congre-

1974 2685 2118 2754 gatio
2140 2685 2486 2740 fraternitatis
2510 2683 2750 2739 Ecclesia
2767 2684 2983 2740 dicitur.
3005 2685 3248 2741 Salutant
3268 2703 3353 2742 vos
3373 2689 3562 2758 fratres

1977 2795 2173 2846 omnes,
2200 2780 2341 2847 apud
2367 2793 2496 2848 quos
2528 2780 2683 2831 etiam
2709 2779 2962 2849 hospitor.
2998 2778 3235 2833 Salutate
3264 2781 3475 2836 invicem
3504 2782 3560 2837 in

1976 2873 2153 2927 osculo
2178 2882 2380 2924 sancto.
2422 2870 2538 2925 Non
2568 2872 2691 2923 licto
2717 2909 2734 2935 ,
2769 2873 2907 2924 sicut
2936 2867 3123 2924 Judas.
3160 2872 3420 2927 Salutatio
3451 2890 3565 2931 mea

1976 2983 2131 3021 manu
2159 2965 2338 3021 Pauli.
2375 2966 2437 3019 Si
2466 2966 2582 3035 quis
2609 2980 2710 3018 non
2735 2979 2873 3018 amat
2908 2964 3183 3019 Dominum
3206 2965 3386 3021 Jesum
3416 2967 3562 3023 Chri-

286 3059 375 3098 vos
402 3044 557 3098 modo
584 3047 638 3098 in
670 3048 886 3102 transitu
918 3052 1105 3105 videre.
1131 3054 1262 3120 Quia
1294 3072 1354 3113 se
1382 3058 1587 3124 habent,
1625 3065 1870 3123 Macedo-
1932 3128 1947 3129 η
1980 3073 2132 3129 stum,
2153 3062 2217 3114 sit
2239 3060 2535 3123 anathema,
2552 3059 3171 3124 maranatha.Quontodo
3189 3060 3296 3114 iiiis
3321 3062 3408 3128 qui
3429 3076 3554 3116 eunt

286 3150 423 3197 nes.
470 3147 527 3190 ut
561 3152 665 3192 non
709 3139 777 3192 sit
810 3154 1028 3197 necesse
1052 3146 1192 3211 apud
1220 3160 1313 3202 eos
1343 3150 1543 3207 diutius
1573 3156 1864 3216 demorari.
1903 3128 1949 3191 C
1980 3164 2161 3208 amant
2196 3152 2496 3221 redemptio
2529 3164 2786 3206 venturus
2811 3161 2894 3207 est
2922 3152 3166 3207 Christus
3189 3193 3204 3217 ,
3251 3154 3322 3206 ita
3355 3154 3438 3208 bis
3467 3157 3556 3222 qui

286 3229 446 3296 Apud
470 3245 563 3284 vos
584 3239 760 3285 autem
787 3246 1005 3288 necesse
1036 3247 1195 3292 estut
1218 3255 1458 3296 maneam
1488 3248 1569 3300 vel
1595 3247 1826 3308 hiemem
1854 3271 1868 3308 :

287 3330 457 3375 mu‘ta
498 3324 642 3376 enim
671 3333 794 3378 sunt
833 3341 951 3394 qtae
980 3329 1315 3400 corrigantur
1346 3335 1398 3389 in
1436 3340 1585 3395 vobis
1616 3358 1631 3397 :
1664 3360 1786 3399 nam
1815 3358 1870 3403 et

288 3414 533 3468 Illetliﬂls
589 3415 658 3469 ibi
716 3432 917 3472 moram
972 3419 1151 3487 habet,
1209 3425 1301 3479 ubi
1349 3427 1528 3496 plures
1585 3448 1865 3503 ingratam.

288 3504 460 3572 Spero
488 3507 619 3560 enim
652 3524 729 3561 m-
759 3508 1077 3576 aliquantum
1092 3519 1344 3585 temporis
1373 3535 1579 3576 manere
1600 3528 1742 3591 apud
1759 3546 1863 3596 vos,

283 3606 331 3647 st
361 3594 613 3650 Dominus
638 3601 945 3668 permiserit.
976 3600 1291 3659 Pet-manebo
1311 3620 1476 3663 autem
1500 3611 1691 3682 Ephesi
1715 3594 1872 3690 usque

284 3688 357 3739 ad
391 3685 737 3744 Pentecouen.
781 3693 978 3745 Ostium
1028 3696 1163 3749 enim
1191 3699 1338 3752 'mihi
1369 3714 1602 3770 apertum
1650 3720 1724 3762 est
1762 3685 1871 3767 ma-

291 3793 458 3846 gnum
487 3789 531 3831 et
559 3780 780 3845 evidens,
808 3794 855 3835 et
903 3786 1182 3840 adversarii
1204 3791 1370 3844 multi.
1400 3793 1462 3848 Si
1487 3805 1659 3851 auttm
1684 3806 1870 3857 venerit

286 3867 609 3934 Timotheus,
654 3873 816 3927 videte
865 3886 918 3928 ut
948 3877 1056 3931 sine
1098 3880 1279 3934 tintore
1308 3883 1373 3936 sit
1407 3889 1548 3954 apud
1589 3905 1706 3961 vos;
1747 3910 1871 3964 Opus

282 3965 426 4012 enim
457 3960 659 4016 Domini
687 3982 925 4036 operatur
950 3971 1079 4023 sicut
1107 3982 1156 4025 et
1185 3989 1298 4043 ego.
1332 3975 1415 4030 Ne
1438 3982 1553 4047 quis
1580 3960 1700 4054 ergo
1721 3960 1869 4041 illum

280 4063 515 4117 spernat.
550 4051 794 4108 Deducite
822 4069 988 4113 autem
1036 4062 1186 4117 illum
1225 4066 1278 4118 in
1308 4085 1468 4136 pace,
1501 4084 1555 4125 ut
1598 4051 1765 4131 veniat
1802 4083 1869 4134 ad

282 4156 369 4193 me
402 4156 424 4193 :
460 4156 693 4213 exspecto
730 4150 865 4202 enim
904 4150 1050 4204 illunt
1103 4170 1219 4209 cum
1258 4158 1521 4226 fratribus.
1557 4163 1635 4221 De
1686 4171 1870 4236 Apollo

278 4242 456 4285 autem
487 4234 663 4303 fratre,
696 4239 908 4293 multum
939 4247 1113 4312 rogavi
1138 4261 1330 4302 eumut
1354 4255 1542 4321 veniret
1563 4259 1633 4311 ad
1655 4234 1870 4318 roseum

277 4326 533 4395 fratribus
564 4342 585 4381 :
610 4340 655 4381 et
685 4332 855 4398 utique
898 4350 999 4386 non
1050 4338 1147 4403 fuit
1187 4339 1417 4396 voluntas
1473 4348 1589 4413 ejus
1640 4362 1695 4403 ut
1739 4370 1873 4411 nunc

1975 3260 2098 3299 eum
2131 3261 2235 3298 non
2257 3253 2458 3309 amant,
2480 3243 2767 3297 anathema
2792 3244 2899 3298 illis
2924 3244 3109 3301 venit:
3135 3244 3187 3299 id
3212 3258 3318 3312 est,
3348 3256 3406 3301 ut
3434 3248 3557 3302 illos

1973 3339 2313 3394 abominetur
2356 3347 2413 3393 et
2460 3338 2668 3406 perdat.
2717 3336 2897 3392 Gratia
2941 3336 3157 3392 Domini
3197 3337 3320 3392 Jesu
3367 3338 3560 3394 Christi

1973 3434 2248 3487 vobiscum.
2299 3431 2638 3499 Subscriptio
2684 3438 2767 3485 cst
2810 3449 2822 3483 :
2858 3430 2962 3484 hoc
3008 3440 3108 3495 est,
3159 3433 3231 3486 sit
3272 3433 3554 3488 vobiscum

1970 3525 2143 3594 gratia
2166 3537 2403 3591 semper,
2435 3523 2554 3575 sine
2576 3522 2730 3591 cujus
2759 3522 2963 3575 auxilio
2990 3522 3290 3578 subsistere
3319 3540 3424 3579 non
3455 3541 3556 3594 pn-

1977 3618 2153 3678 testis,
2201 3632 2302 3672 nec
2349 3616 2550 3685 aliquid
2584 3617 2705 3669 boni
2738 3615 2937 3670 facere.
2990 3615 3232 3670 Charitas
3280 3633 3393 3672 mea
3440 3635 3557 3673 cum

1975 3710 2209 3765 omnibus
2234 3710 2370 3764 vobis
2401 3710 2453 3762 in
2479 3707 2682 3763 Christo
2698 3708 2844 3763 Iesu.
2866 3707 2980 3761 Non
3006 3707 3250 3762 saeculari
3269 3709 3556 3774 charitate,

1978 3813 2034 3856 ut
2079 3802 2352 3871 quomodo
2382 3814 2479 3853 vos
2506 3815 2606 3868 ego
2634 3800 2707 3854 dtl
2731 3814 2821 3869 go,
2855 3799 2925 3853 ita
2957 3813 3050 3853 vos
3080 3800 3398 3852 alterutrum
3429 3802 3557 3854 (Μὶ-

1976 3893 2112 3960 gatis
2144 3894 2195 3946 in
2231 3891 2447 3946 Christo
2484 3891 2575 3958 qui
2605 3890 2747 3945 dixit
2779 3907 2794 3943 :
2825 3890 2882 3944 ln
2926 3889 3029 3944 hoc
3076 3901 3431 3958 cognoscatur
3460 3906 3559 3946 vos

1976 3985 2271 4052 discipulos
2322 3997 2472 4036 mens
2504 3996 2646 4046 esse,
2689 3982 2736 4036 si
2788 3981 3019 4035 invicem
3069 3982 3322 4050 diligatis.
3371 3983 3554 4037 Amen.

1977 4077 2324 4133 Conlirmatio
2355 4074 2743 4130 benedictionis
2779 4084 2859 4128 est
2880 4115 2895 4138 ,
2926 4090 3106 4128 amen.
3139 4074 3291 4129 Sicut
3318 4076 3433 4144 ipse
3468 4090 3561 4129 sn-

1980 4172 2160 4238 pcrlus
2192 4169 2320 4221 dicit
2356 4184 2369 4219 :
2418 4166 2699 4234 Quomodo
2744 4166 2875 4220 dicit
2902 4180 3058 4219 amen
3098 4169 3262 4234 super
3291 4174 3435 4220 tuam
3466 4167 3561 4221 he-

1980 4261 2335 4318 nedictiouetn
2347 4300 2360 4313 .

279 4460 3539 4537 Ὢ

978 4593 1110 4669 ΑΙ)
1153 4594 1767 4687 CORINTHIOS
1820 4610 2314 4693 EPISTOLA
2363 4615 2853 4694 SECUNDA.

822 4780 1326 4844 ARGUMENTUM.

312 4893 450 4966 Po_s_t
492 4902 655 4945 actam
683 4896 1029 4966 paenitentiam
1059 4902 1463 4958 consolatoriam
1497 4910 1670 4962 scribit
1698 4912 1768 4965 eis
1799 4929 1831 4966 α
1859 4894 1881 4913 ”

398 4963 613 5031 Troade,
635 4963 688 5018 et
708 4965 1009 5021 collaudatis
1038 4985 1122 5022 eos
1151 4969 1384 5025 hortatur
1426 4979 1494 5029 ad
1519 4963 1755 5034 meliora.

348 5070 534 5128 Cirtrr
566 5088 781 5130 PBIIUI.
811 5077 1012 5132 Paulus
1032 5078 1309 5149 Apostolus
1329 5083 1456 5139 .Iesu
1478 5086 1686 5145 Christi.
1707 5091 1867 5158 Quae-

270 5170 423 5222 ritur
440 5180 533 5220 cur
548 5169 600 5221 in
620 5170 867 5224 Omnibus
892 5172 1166 5240 Epistolis,
1185 5188 1367 5230 contra
1388 5194 1540 5235 usum
1567 5185 1859 5254 scribendi,

267 5258 460 5330 primo
474 5273 626 5313 suum
643 5275 836 5315 nomen
862 5271 1044 5330 ponat,
1057 5272 1111 5317 et
1132 5264 1212 5320 sic
1227 5280 1414 5322 eorum
1432 5273 1518 5339 qui
1528 5272 1626 5327 bus
1646 5276 1861 5343 scribit;

267 5349 380 5405 sed
412 5350 512 5404 hoc
555 5353 890 5409 auctoritatis
919 5365 1000 5410 est
1037 5359 1344 5427 apostolica;
1372 5370 1427 5416 et
1478 5364 1701 5432 ordinis,
1738 5371 1863 5438 quia

276 5442 588 5498 minoribus
618 5459 678 5499 se
702 5445 909 5510 scribit,
936 5447 1478 5520 sicutsolentjudices
1506 5453 1572 5507 ad
1603 5469 1697 5511 eos
1724 5473 1859 5527 quos

272 5542 482 5601 regunt
510 5546 771 5605 praecepta
803 5536 1054 5607 dirigere.
1083 5537 1186 5593 Per
1217 5541 1523 5598 voluntatem
1560 5545 1676 5601 Dei.
1709 5547 1861 5605 Sicut

268 5624 347 5679 ad
377 5622 591 5680 Galatas
618 5626 745 5679 dicit
779 5644 791 5679 :
824 5627 938 5681 Non
970 5629 1040 5683 ab
1081 5629 1405 5699 hominibus,
1437 5650 1610 5705 neque
1640 5653 1735 5707 per
1762 5641 1860 5696 bo-

271 5717 515 5782 minem;
547 5716 705 5770 simul
749 5726 805 5771 ut
834 5720 1142 5775 ostenderet
1171 5736 1278 5776 non
1314 5724 1432 5793 sine
1461 5728 1733 5786 voluntate
1758 5730 1859 5786 Pa-

526 5809 795 5871 Ps'rsOL.
831 5810 1113 5871 LXVlll.

1894 4809 2068 4870 Dtris
2109 4823 2169 4863 se
2217 4809 2484 4862 missum:
2518 4807 2611 4862 Dei
2642 4819 2819 4863 utem
2869 4808 3198 4863 voluntatem
3242 4809 3443 4878 justam
3496 4819 3551 4865 et

1970 4898 2341 4953 rationabilem
2361 4914 2480 4953 esse
2507 4899 2686 4953 nullus
2710 4900 2937 4968 ignorat.
2964 4897 3032 4950 Et
3054 4898 3351 4952 Timotheus
3371 4900 3553 4967 frater.

1970 4984 2086 5039 Non
2112 4985 2245 5040 dixit
2273 4987 2467 5043 Paulus
2497 4996 2551 5041 et
2578 4986 2923 5050 Timotheus,
2952 4990 3073 5053 quia
3107 5001 3214 5039 non
3245 4989 3404 5042 ambo
3428 5004 3557 5060 apo-

1969 5077 2113 5132 stoli.
2130 5079 2209 5131 Ad
2232 5079 2611 5150 Pbilippenses
2634 5092 2781 5141 vero.
2802 5076 2894 5131 ubi
2912 5076 3205 5132 auctoritas
3228 5094 3333 5133 non
3352 5089 3559 5137 tantum

1970 5181 2084 5223 erat
2110 5173 2433 5234 necessaria,
2448 5172 2527 5225 sic
2555 5169 2740 5238 incipit
2755 5186 2770 5220 :
2784 5167 2979 5223 Paulus
3002 5179 3057 5223 et
3077 5169 3561 5240 Timotheus,servi

1971 5257 2098 5313 Jesu
2122 5256 2321 5313 Christi
2356 5277 2368 5312 :
2398 5260 2519 5329 quia
2538 5261 2698 5312 ambo
2723 5268 2847 5313 sunt
2868 5260 3032 5314 servi.
3068 5258 3313 5317 Ecclesia
3332 5264 3430 5318 Dei
3446 5282 3562 5331 qua

1967 5356 2041 5401 est
2063 5346 2322 5404 Corinthi.
2352 5350 2479 5405 Erat
2498 5351 2641 5406 enim
2665 5350 2738 5405 ibi
2768 5351 3028 5418 Ecclesia,
3061 5364 3115 5409 et
3144 5370 3248 5408 non
3283 5356 3397 5411 Dei.
3425 5353 3560 5411 Cant

1964 5439 2153 5493 sanctis
2184 5440 2418 5494 omnibus
2449 5442 2537 5511 qui
2564 5453 2683 5497 sunt
2711 5443 2765 5496 in
2792 5438 3026 5499 universa
3066 5446 3285 5500 Achaia.
3324 5447 3561 5505 Possunt

1962 5531 2134 5586 sancti
2166 5530 2251 5587 bic
2277 5535 2465 5601 accipi,
2512 5549 2617 5589 non
2654 5538 2826 5591 solum
2860 5537 3130 5608 baptizati,
3162 5538 3257 5593 sed
3285 5548 3339 5593 et
3376 5553 3559 5595 sacer-

1963 5620 2117 5678 dotes
2166 5623 2288 5689 Dei,
2330 5624 2466 5679 sicut
2497 5624 2549 5679 in
2580 5627 2749 5694 prima
2781 5646 2796 5683 :
2824 5628 2956 5683 Cum
2986 5627 3237 5683 omnibus
3269 5628 3357 5698 qui
3405 5630 3555 5686 invo~

1968 5717 2091 5765 cant
2116 5726 2313 5769 nomen
2349 5713 2579 5791 Domini.
2625 5715 2689 5772 Et
2718 5716 2789 5772 ad
2831 5716 3202 5787 Philippenscs
3236 5736 3251 5774 :
3284 5720 3413 5777 Cum
3444 5724 3556 5793 epi-

3047 5830 3119 5891 18
