3904 6176
460 305 562 360 555

1583 272 1872 353 rntttssu
1913 287 2357 349 ADRUMETANI
2398 288 2605 345 πριιιιδο.

3548 300 3633 355 558

461 418 635 488 scopis
665 424 719 472 ct
750 413 1014 479 diaconls;
1058 413 1176 469 ideo
1217 420 1390 467 autem
1425 414 1606 483 postea
1651 409 1826 479 ροςυῑι
1854 422 2031 462 sacer-
2061 405 2105 463 Α
2137 400 2292 456 simul
2327 401 2612 455 notandum
2668 399 2805 468 quod
2852 398 2950 453 nisi
2984 398 3222 454 laborans
3251 416 3344 457 non
3371 405 3533 463 dicitur
3558 416 3635 466 ad"

463 511 648 575 dotes,
680 524 748 564 ne
780 522 962 576 parum
1001 502 1420 574 intelligentibzis
1449 519 1479 557 e
1500 517 1543 557 is
1576 502 1628 555 in
1666 498 1905 556 Ecclesia
1931 513 2036 551 non

465 599 931 669 comprehendisse
954 594 1241 651 videretur.
1270 586 1449 648 Gratia
1480 592 1636 656 vobis,
1668 604 1715 645 et
1735 606 1835 661 pax
1864 605 1896 642 a
1934 585 2041 640 Deo

475 694 629 749 Patre
658 706 849 757 nostro,
879 701 925 745 et
960 689 1173 743 Domino
1195 687 1317 740 Jesu
1345 684 1565 739 Christo.
1595 682 1745 738 Sicut
1777 694 1875 733 nos
1905 679 2043 733 sole-

473 785 592 841 mus
638 784 785 839 initio
842 781 1182 850 epistularum
1234 778 1435 845 precari
1483 776 1742 839 salutem,
1792 784 1889 840 pro
1934 758 2044 823 hoc

475 877 759 947 Apostolus
785 888 996 941 semprr
1019 872 1239 941 gratiam
1276 868 1439 937 ponit.
1467 864 1767 919 Benedictus
1800 860 1966 920 Deus,
1999 865 2044 911 et

480 944 635 1024 Pater
682 968 884 1021 Domini
927 965 1087 1018 nostri
1114 961 1236 1015 Jcsu
1286 958 1494 1014 Christi.
1535 956 1744 1012 Gratias
1786 954 1891 1022 agit
1934 944 2045 1010 Deo

478 1062 615 1133 quod
645 1058 1059 1115 consolationem
1094 1055 1217 1109 ideo
1239 1051 1520 1119 accipiunt,
1549 1057 1607 1101 ut
1639 1044 1736 1114 ipsi
1766 1044 1899 1097 alios
1919 1047 2045 1095 c'on-

480 1154 735 1209 solentnr.
794 1149 948 1202 Pater
990 1144 1482 1199 misericordiarum.
1535 1138 1669 1204 Quia
1705 1138 1775 1189 ex
1825 1135 1939 1202 ipso
1968 1139 2046 1183 est

480 1245 653 1300 omnis
683 1238 1065 1300 misericorlia.
1107 1235 1174 1289 Et
1198 1235 1330 1288 Dens
1366 1234 1518 1287 totius
1540 1226 1921 1283 consolationis.
1945 1222 2048 1277 Το-

481 1339 586 1391 tins
609 1330 1007 1395 consolationis,
1040 1327 1161 1397 quia
1195 1325 1426 1395 perfecte
1454 1335 1584 1377 cons
1624 1320 1784 1381 lutttr,
1816 1329 1914 1368 nec
1944 1312 2047 1365 mi-

479 1445 582 1484 nor
617 1436 699 1482 est
740 1423 1077 1479 tribulatione
1110 1418 1426 1473 consolatio.
1476 1414 1575 1479 Qui
1635 1410 1930 1464 consolatur
1958 1420 2048 1457 nos

481 1525 534 1576 in
560 1522 693 1575 omni
724 1517 1044 1572 tri’mlutione
1070 1522 1264 1567 nostra.
1296 1509 1411 1563 Non
1447 1508 1500 1560 in
1524 1505 1628 1573 aliq
1656 1504 1808 1557 ibus.
1848 1499 1914 1554 Ut
1934 1514 2050 1570 pos-

460 1615 638 1669 simus
665 1620 710 1663 et
737 1600 835 1678 ipsi
870 1604 1121 1661 consolari
1152 1618 1232 1657 eos
1261 1600 1347 1672 qui
1375 1601 1425 1653 in
1453 1598 1590 1651 omni
1646 1606 1883 1663 pressura
1912 1597 2045 1643 sunt.

480 1704 768 1773 Propterea
814 1713 911 1753 nos
954 1697 1159 1759 liberat,
1186 1702 1246 1748 ut
1275 1692 1373 1760 ipsi
1404 1689 1665 1759 possimus
1693 1685 1826 1737 alios
1852 1694 2047 1736 conso-

2143 496 2334 563 juvari.
2395 493 2460 546 In
2506 495 2734 547 oratione
2783 508 2876 562 pro
2916 492 3097 546 'nobis.
3134 476 3342 548 Multum
3385 499 3502 554 valet
3542 518 3637 555 ora-

2148 586 2222 639 tio
2295 586 2469 638 ornnis
2532 584 2804 638 Ecclesiae.
2878 582 2951 638 Ut
3015 599 3078 636 ea:
3143 587 3394 640 multorum
3457 597 3642 660 personis

2146 676 2258 746 ejus
2311 684 2426 741 ante
2469 677 2521 728 in
2546 677 2690 729 nobis
2728 685 2800 728 est
2847 674 3137 728 donationis
3180 691 3262 745 per
3297 682 3464 733 multos
3504 684 3646 751 gratia

2146 775 2366 834 agantur
2402 780 2494 831 pro
2525 764 2687 817 nobis.
2739 762 2806 818 Ut
2828 778 2891 817 ex
2922 764 3199 817 multarum
3227 777 3462 822 conventu
3502 783 3648 839 perso-

2147 870 2356 921 narum,
2394 857 2635 912 videlicet
2666 856 2969 919 infantium,
2992 860 3261 925 juvennm,
3283 874 3472 925 senum,
3500 878 3579 930 pro
3597 881 3649 920 eo

2146 948 2287 1015 quod
2320 948 2467 1001 vobis
2487 948 2669 1001 donati
2692 962 2893 1011 smnus,
2932 947 3154 1002 Omnino
3181 950 3351 1017 gratiae
3376 950 3648 1010 referantur.

2150 1038 2287 1092 Nam
2318 1040 2485 1108 gloria
2514 1048 2687 1091 nostra
2729 1038 2837 1091 hate
2866 1047 2939 1092 est
2971 1079 2986 1102 ,
3029 1041 3353 1093 testimonium
3388 1046 3656 1100 conscientia

2149 1140 2355 1198 πωπω,
2410 1130 2547 1199 quod
2576 1131 2629 1183 in
2672 1132 3019 1196 simplicitate
3039 1140 3086 1184 et
3130 1133 3397 1186 sinceritate
3437 1133 3535 1188 Dei.
3561 1136 3660 1191 Ideo

2149 1222 2350 1291 gl-uior
2375 1223 2426 1275 in
2467 1222 2921 1285 tribulationibus,
2955 1226 3075 1289 quia
3104 1237 3261 1276 consc
3282 1225 3411 1278 entia
3452 1241 3551 1279 mea
3577 1243 3659 1279 non

2150 1311 2493 1380 reprehendit
2522 1327 2607 1366 me
2636 1312 2766 1365 lucri
2792 1312 2872 1365 vel
2899 1314 3081 1378 gloria!
3107 1327 3257 1366 causa
3283 1315 3561 1382 prmdicire,
3585 1290 3681 1370 sed“

2154 1406 2208 1459 in
2237 1404 2573 1471 simplicitate
2601 1416 2829 1458 vestram
2861 1405 3083 1458 salutem
3116 1407 3395 1473 requirere.
3436 1403 3495 1457 Et
3524 1408 3665 1457 nonin

2151 1496 2397 1563 sapientia
2426 1496 2642 1561 carnali,
2664 1496 2751 1547 sed
2781 1496 2834 1549 in
2863 1496 3031 1566 gratia
3056 1494 3151 1547 Dei
3178 1497 3439 1549 conversati
3459 1512 3607 1550 sumus
3627 1498 3667 1549 in

2152 1586 2366 1640 arundo.
2412 1585 2527 1639 Non
2556 1586 2778 1639 subdole
2840 1586 3113 1648 docentes,
3171 1586 3301 1639 sicut
3341 1595 3417 1639 est
3440 1586 3663 1654 sapientia

2150 1677 2405 1740 carnalis,
2436 1690 2556 1745 quin
2595 1676 2838 1730 mercede
2866 1676 3199 1739 distrahitur,
3242 1675 3329 1729 sed
3358 1678 3530 1743 gratis,
3554 1678 3666 1731 sicut

485 1798 603 1856 lari.
640 1810 701 1849 ac
731 1794 807 1847 sic
840 1792 1058 1845 formam
1090 1788 1243 1841 nobis
1270 1785 1360 1838 dat
1392 1783 1524 1836 alios
1566 1776 1901 1834 consolandi.
1950 1772 2050 1826 Per
2087 1754 2128 1823 Β
2153 1785 2180 1823 a
2214 1769 2322 1822 Deo
2345 1768 2665 1835 accepimus,
2693 1768 2772 1819 vel
2806 1768 2894 1821 Dei
2917 1782 3074 1821 causa
3101 1768 3503 1835 praedicavimns.
3527 1767 3666 1820 illum

483 1886 882 1943 exhortationem
910 1897 1011 1951 qua
1052 1878 1379 1933 exhortamur
1406 1881 1450 1925 et
1493 1872 1546 1940 ip
1563 1870 1590 1922 .i
1621 1886 1651 1921 a
1698 1866 1821 1921 Deo.
1869 1864 1934 1918 Et
1964 1878 2057 1932 per

390 2044 393 2045 ν
484 1979 907 2035 exhortationem
953 1986 1053 2040 qua
1086 1969 1184 2037 ipsi
1222 1984 1248 2021 a
1284 1966 1393 2020 Deo
1423 1978 1486 2017 co
1512 1962 1782 2023 ‘Sﬂlallllll',
1813 1955 2056 2026 agnosci—

462 2080 602 2127 mus
625 2069 761 2138 quod
787 2067 925 2121 Dens
949 2062 1213 2118 neminem
1243 2054 1596 2124 derelinquat,
1621 2063 1674 2106 et
1702 2050 1862 2103 .r.nlto
1892 2047 2057 2117 magis

488 2168 538 2221 in
573 2165 750 2217 futuro
777 2163 1100 2221 remaneret,
1131 2155 1287 2208 etiam
1313 2148 1447 2218 quas
1472 2149 1524 2203 in
1553 2145 1800 2217 prtesenti
1830 2157 1932 2195 non
1959 2138 2058 2192 de-

486 2253 634 2309 serit.
671 2248 922 2316 Quoniam
947 2247 1078 2301 sicut
1108 2243 1365 2297 abundant
1391 2237 1645 2309 passiones
1667 2233 1856 2289 Citristi
1887 2232 1937 2284 in
1966 2246 2062 2284 no-

458 2341 585 2400 'b's.
632 2340 914 2398 Passiones
940 2350 1035 2406 pro
1066 2335 1281 2389 nomine
1323 2328 1542 2385 Christi.
1591 2324 1674 2380 Ita
1713 2333 1759 2378 et
1792 2336 1881 2395 per
1908 2320 2059 2376 Chri-

459 2444 622 2489 'stum
648 2429 870 2484 abundat
909 2425 1187 2480 consolatio
1226 2431 1422 2476 nostra.
1455 2419 1606 2476 Sicut
1647 2418 1838 2471 Petrus
1867 2423 1950 2468 est
1995 2412 2063 2467 de

492 2536 708 2580 cari-ere
734 2522 1009 2586 liberatus,
1055 2525 1104 2571 et
1138 2513 1332 2569 Paulus
1359 2511 1562 2567 visione
1593 2506 1824 2572 Domini,
1856 2513 1907 2561 et
1934 2517 2064 2558 voce

491 2614 834 2671 confirmatus
861 2610 914 2663 in
944 2607 1161 2676 templo.
1196 2604 1315 2659 Sive
1335 2611 1503 2656 autem
1532 2599 1955 2661 tributomur,pro
1984 2608 2067 2647 oe-

492 2715 600 2759 stro
629 2700 977 2757 exhortatione
1003 2706 1050 2751 et
1090 2694 1275 2755 salute,
1305 2694 1409 2747 sive
1429 2691 1879 2751 consolamur,pro
1904 2692 2066 2737 vestra

494 2792 855 2849 consolatione.
894 2787 1027 2857 Quia
1076 2800 1169 2839 vos
1198 2783 1544 2839 exhortamur
1571 2777 1643 2832 ad
1684 2776 1927 2840 salutem,
1957 2775 2067 2826 sive

496 2898 547 2940 ut
580 2883 729 2938 rubis
758 2879 1056 2946 exemplum
1106 2872 1383 2929 tolerantia
1437 2869 1792 2940 praebeamus.
1837 2864 1954 2921 Sive
1980 2877 2069 2917 e3-

497 2979 763 3032 kortamnr
790 2989 880 3042 pro
907 2978 1069 3023 vestra
1107 2965 1479 3025 exhortatione,
1523 2976 1640 3030 qum
1671 2966 1906 3025 operatur
1937 2957 2066 3009 tole-

496 3068 719 3120 rar‘m‘am
758 3061 1052 3117 earumdem
1094 3056 1410 3124 passionum,
1449 3066 1574 3121 quas
1618 3057 1663 3103 et
1692 3064 1782 3101 nos
1822 3046 2065 3117 patimur.

2156 1861 2362 1915 dantius
2395 1871 2562 1913 attlem
2588 1859 2655 1911 ad
2683 1875 2791 1913 vos.
2827 1861 2865 1913 A
2898 1859 3090 1929 quibus
3113 1874 3211 1914 nec
3238 1861 3421 1913 victum
3448 1861 3523 1927 qui
3549 1858 3672 1913 nobis

2152 1953 2274 2020 jure
2301 1951 2611 2014 debebitur,
2651 1951 2974 2019 accepimus.
3008 1950 3133 2005 Non
3165 1952 3294 2004 enim
3316 1952 3418 2004 alia
3450 1950 3666 2005 scribimus

2156 2043 2314 2096 vobis.
2358 2042 2472 2096 Non
2499 2042 2775 2105 erubesco,
2816 2041 2937 2110 quia
2977 2040 3145 2095 etiam
3187 2055 3279 2095 vos
3329 2040 3467 2094 scitis
3506 2049 3671 2093 certum

2158 2148 2279 2189 esse
2309 2133 2448 2201 quod
2475 2135 2617 2189 dico.
2649 2133 2816 2199 Quam
2843 2148 2958 2202 quae
2987 2133 3185 2201 legistis
3210 2142 3256 2186 et
3281 2132 3568 2201 cognoscitis.
3586 2124 3680 2182 Hoc

2164 2224 2401 2292 legentes
2431 2224 2482 2277 in
2514 2225 2757 2292 epistola,
2785 2237 2903 2290 quae
2928 2223 3269 2292 cognoscatis
3308 2221 3360 2275 in
3388 2217 3681 2276 conscientia.

2162 2315 2329 2386 Spero
2368 2324 2539 2368 autem
2589 2314 2725 2383 quod
2776 2324 2933 2383 usque
2976 2315 3028 2380 ip
3069 2314 3231 2381 finem
3276 2311 3574 2383 cognoscetis.
3598 2308 3686 2362 Non

2162 2406 2385 2459 mutabo
2411 2404 2736 2474 propositum
2775 2408 2971 2460 meum.
2992 2403 3145 2459 Sicut
3170 2414 3219 2457 et
3241 2400 3521 2473 cognoristis
3545 2415 3622 2452 nos
3643 2411 3689 2449 es

2163 2503 2327 2565 parte.
2359 2496 2495 2561 Quia
2522 2494 2756 2549 nondum
2787 2502 2869 2549 est
2897 2492 3016 2547 linis
3044 2509 3059 2547 :
3090 2508 3216 2548 cum
3246 2501 3414 2547 autem
3441 2490 3620 2545 venerit
3642 2487 3687 2538 li-

2166 2587 2269 2649 nis,
2301 2594 2428 2640 tunc
2453 2600 2517 2639 ex
2548 2585 2755 2654 integro
2805 2586 3177 2655 cognoscetis.
3214 2582 3345 2648 Quia
3387 2581 3539 2653 gloria
3565 2585 3695 2631 restis

2164 2693 2358 2741 sumus,
2390 2677 2518 2729 sicut
2548 2684 2595 2729 et
2615 2690 2700 2729 nos
2729 2684 2930 2729 nostra.
2958 2674 3047 2729 Sic
3073 2684 3169 2730 est
3198 2674 3359 2742 gloria
3385 2669 3626 2739 discipulis
3644 2666 3697 2721 de

2167 2767 2308 2822 bono
2336 2766 2576 2832 doctore,
2606 2767 2875 2835 quomodo
2895 2778 2947 2821 et
2973 2769 3237 2836 magister
3261 2767 3314 2820 in
3341 2764 3481 2819 bonis
3502 2761 3698 2828 discipu-

2167 2860 2234 2917 lis
2260 2859 2541 2931 gloriatur.
2576 2859 2641 2914 In
2669 2861 2752 2915 die
2798 2859 3006 2914 Domini
3046 2861 3221 2913 nostri
3249 2859 3372 2912 Iesu
3409 2854 3595 2911 Christi.
3620 2849 3699 2906 Ubi

2169 2962 2226 3007 et
2267 2954 2377 3007 reri
2410 2953 2647 3023 inagistri
2696 2961 2750 3007 et
2796 2952 2916 3006 boni
2966 2952 3226 3019 discipuli
3278 2939 3702 3019 probabdnturJt

2171 3042 2268 3098 hac
2307 3044 2624 3109 conﬁdentia
2652 3042 2795 3096 volui
2818 3044 2961 3113 prius
3005 3043 3304 3097 renire'ad
3341 3050 3441 3094 eos.
3487 3037 3706 3091 "accou-

498 3158 791 3225 Propterea
843 3162 940 3204 uos
991 3148 1309 3209 liberamur,
1342 3116 1401 3197 ut
1444 3116 1546 3201 ipsi
1597 3116 2143 3200 τθοοηῧτὶιὶοωὶυίηζο
2180 3136 2420 3204 scientia,
2448 3137 2568 3206 quia
2607 3136 2735 3190 nihil
2758 3135 2900 3190 aliud
2929 3144 3175 3191 vestrum
3198 3131 3542 3204 quaesivimus,
3580 3137 3706 3196 quam

499 3266 603 3304 nou
627 3262 721 3301 vos
743 3242 941 3298 debere
970 3236 1350 3307 pertimescere
1375 3230 1653 3302 passiones
1678 3244 1692 3281 :
1723 3228 1836 3283 sive
1862 3234 1921 3282 ιιι
1950 3227 2076 3280 hor-
2114 3302 2119 3303 γ

501 3334 675 3393 temur
704 3332 963 3405 patienter
982 3328 1097 3382 hinc
1118 3328 1275 3389 terre,
1294 3340 1413 3395 quae
1434 3329 1750 3393 praesentem
1773 3328 1827 3373 et
1847 3319 2073 3373 inituram

500 3428 693 3484 habent
733 3420 1175 3478 consolationem.
1230 3414 1295 3472 Ut
1342 3430 1459 3483 spes
1505 3422 1681 3466 nostra
1708 3410 1859 3479 ﬁrma
1887 3410 1952 3465 sit
1982 3424 2075 3479 pro

501 3519 661 3583 vobis,
713 3516 927 3570 scientes
967 3511 1208 3581 quoniam
1248 3509 1380 3565 sicut
1417 3505 1545 3559 socii
1587 3503 1887 3574 pessimum
1935 3511 2073 3564 ests,

500 3614 575 3668 sic
602 3610 740 3666 eritis
762 3617 807 3662 et
827 3604 1206 3659 consolationis.
1235 3600 1367 3666 Quia
1400 3600 1532 3653 certi
1555 3610 1758 3651 sumus.
1791 3594 1914 3649 Non
1939 3595 2087 3649 enim

500 3708 732 3762 uolumus
770 3704 1012 3774 ignorare
1045 3713 1153 3759 vos,
1183 3699 1390 3765 fratres,
1434 3692 1495 3745 de
1528 3690 1852 3745 tribulatione
1876 3699 2073 3755 nostra,

500 3814 617 3870 qua
643 3796 779 3865 facta
815 3802 889 3846 ett
925 3792 977 3844 in
1009 3789 1155 3843 Asia.
1182 3786 1320 3843 Suas
1367 3792 1545 3837 narrat
1578 3782 1875 3850 passiones,
1915 3789 1973 3832 ut
2001 3778 2075 3833 illi

501 3895 825 3960 cognoscant
850 3900 909 3940 se
934 3895 1097 3954 parva
1122 3878 1251 3949 pati,
1285 3876 1514 3931 maxime
1537 3890 1658 3929 cum
1694 3873 1768 3928 illi
1812 3872 1937 3925 talia
1968 3872 2077 3925 sint

505 3978 880 4060 perpessi,_qui
909 3977 1025 4031 vice
1046 3972 1243 4028 Christi
1287 3971 1496 4026 fueram
1535 3969 1785 4024 destinati
1817 3983 1832 4021 :
1863 3980 2077 4033 compa-

502 4075 710 4129 ratione
739 4056 977 4141 magistri
1014 4064 1348 4119 erubescant
1397 4058 1645 4127 discipuli
1698 4072 1851 4111 suam
1894 4056 2078 4108 dolere

504 4163 775 4232 injuriam,
807 4172 926 4215 cum
956 4154 1270 4224 magistrum
1315 4150 1517 4219 utajora
1550 4149 1830 4218 pertulisse
1875 4161 2077 4215 cogno-

504 4254 700 4309 verint.
747 4247 1003 4316 Quoniam
1037 4260 1194 4313 supra
1235 4242 1440 4295 modum
1470 4240 1671 4309 gravati,
1708 4252 1881 4291 sumus
1920 4250 2077 4305 supra

505 4344 758 4397 uirtutem.
792 4338 1048 4393 Pressura
1079 4331 1498 4385 tribulationum.
1532 4326 1613 4381 Ita
1661 4336 1713 4379 ut
1743 4326 1946 4379 taderet
1985 4340 2077 4377 nos

505 4433 654 4487 etiam
676 4430 857 4483 vivere.
884 4425 957 4479 Ita
985 4432 1042 4478 ut
1071 4424 1202 4476 mori
1226 4434 1561 4487 caperemus.
1596 4418 1701 4474 Sed
1730 4416 1829 4485 ipsi
1858 4418 1910 4469 in
1938 4414 2079 4468 nobis

2177 3228 2426 3282 salutem.
2473 3226 2539 3282 Ut
2574 3228 2848 3280 secundam
2891 3228 3121 3297 gratiam
3157 3225 3426 3287 haberetis,
3463 3230 3507 3275 et
3547 3228 3713 3284 perm

2175 3319 2395 3373 transire
2441 3320 2495 3371 in
2546 3316 2923 3372 Macedoniam.
2968 3316 3034 3370 Et
3075 3320 3264 3372 iterum
3289 3332 3321 3369 α
3349 3307 3708 3368 Macedonian:-

2178 3412 2288 3465 nire
2325 3412 2393 3464 ad
2434 3428 2543 3475 ius,
2588 3420 2633 3463 rt
2668 3427 2701 3462 α
2737 3410 2873 3463 vobis
2916 3409 3106 3463 deduci
3149 3410 3203 3464 in
3242 3406 3492 3462 Iudaeam.
3531 3400 3646 3469 Quis
3669 3396 3714 3450 in

2180 3503 2352 3570 primo
2381 3501 2611 3555 adventu
2645 3501 2868 3566 primam
2916 3500 3185 3555 habuistis
3229 3516 3243 3554 :
3302 3507 3392 3552 aut
3415 3505 3549 3551 certe
3574 3490 3713 3559 pinni-

2179 3596 2398 3646 tentiam
2428 3592 2723 3647 sccundam
2755 3592 2980 3657 gratiam
3010 3593 3186 3646 voluit
3215 3589 3453 3659 intelligi,
3495 3585 3601 3656 quia
3630 3580 3717 3651 pri-

2178 3696 2262 3737 ma
2292 3690 2375 3737 est
2418 3682 2686 3749 baptismi.
2740 3679 2868 3735 Cum
2909 3696 3033 3751 ergo
3073 3682 3174 3735 hoc
3212 3681 3496 3739 voluissem,
3514 3670 3718 3740 nunquid

2178 3771 2379 3825 let'ita'e
2406 3787 2528 3823 usus
2555 3786 2667 3823 sunt
2695 3770 2719 3824 ?
2770 3769 2903 3837 Quia
2934 3771 3269 3839 pmtttissum
3299 3783 3402 3823 non
3425 3763 3717 3820 exhibuerat.

2179 3879 2247 3918 ne
2276 3862 2377 3917 hoc
2404 3862 2639 3917 levitatis
2667 3876 2787 3917 esse
2816 3873 3092 3931 putarent,
3126 3862 3396 3918 veraciter
3421 3868 3472 3915 et
3494 3855 3723 3925 sapiente!

2178 3966 2415 4012 esensat.
2472 3956 2575 4011 Aut
2615 3972 2731 4025 quin
2757 3957 2943 4027 cogito,
2992 3960 3539 4024 secundum,carnem
3571 3943 3725 4017 cogito.

2176 4045 2480 4103 Secundum
2513 4046 2836 4100 voluntatem
2864 4039 3167 4102 carnalem.
3221 4045 3452 4101 Carnale
3483 4050 3577 4105 est,
3606 4034 3724 4090 nulla

2180 4139 2441 4193 exiswnte
2466 4151 2647 4203 causa,
2701 4151 2808 4192 non
2841 4136 3021 4192 facere
3061 4137 3213 4209 quod
3258 4136 3536 4207 promittas
3560 4172 3576 4196 ,
3616 4128 3730 4181 sicui

2181 4231 2330 4284 multi
2372 4230 2614 4285 carnales
2643 4229 2883 4284 homines
2932 4229 3119 4286 facere
3149 4230 3350 4284 snlent.
3406 4227 3473 4281 Ut
3515 4224 3576 4277 sit
3617 4215 3732 4288 apud

2180 4336 2261 4373 me
2291 4319 2401 4384 Est,
2429 4330 2475 4372 et
2503 4318 2623 4373 Non
2650 4319 2676 4371 7
2703 4319 2826 4375 Ideo
2853 4334 2956 4373 non
2988 4322 3177 4391 cogito
3205 4316 3498 4375 secundum
3527 4320 3732 4367 carnem,

2183 4423 2239 4465 ut
2270 4427 2372 4466 non
2405 4412 2649 4466 mentiar.
2703 4409 2899 4466 Fidelis
2923 4420 3096 4465 autem
3128 4411 3276 4481 Deus
3299 4425 3319 4464 :
3349 4410 3467 4479 quia
3492 4417 3643 4459 seruio
3664 4412 3737 4450 tw-

507 4522 633 4587 ipsis
656 4510 955 4585 responsum
990 4508 1175 4564 'mortis
1211 4510 1494 4562 habuimus.
1530 4506 1647 4575 ipsa
1689 4521 1833 4560 mors
1861 4519 1957 4559 nos
1987 4505 2080 4557 do-
2110 4478 2159 4540 θ
2182 4514 2283 4557 ster
2308 4505 2391 4572 qui
2415 4503 2511 4573 fuit
2534 4496 2674 4573 apud
2696 4519 2803 4566 vos,
2832 4519 2934 4556 non
2959 4512 3030 4556 est
3055 4504 3112 4556 in
3136 4504 3232 4557 illo
3252 4478 3384 4569 Est,
3413 4508 3460 4553 et
3490 4495 3604 4550 Non
3630 4506 3644 4546 :
3667 4484 3739 4543 sed

507 4608 617 4664 cuit
643 4600 800 4660 omne
846 4605 1133 4657 humanum
1172 4599 1431 4679 pusillum
1482 4596 1766 4669 deiecisse,
1795 4604 1850 4649 et
1890 4593 1957 4670 ab
1986 4594 2074 4667 illo

508 4699 625 4753 solo
656 4694 976 4767 sperandum
1008 4705 1129 4747 esse
1168 4666 1484 4751 icon-dium,
1513 4687 1599 4740 (υἱ
1632 4687 1789 4740 etiam
1841 4666 2079 4739 mortuos

508 4789 765 4846 suscitare
793 4783 1045 4854 possibile
1075 4791 1178 4835 est.
1212 4779 1282 4841 Ut
1310 4795 1408 4831 non
1440 4778 1595 4830 simus
1619 4776 1825 4842 ﬁdentes
1848 4776 1898 4827 in
1917 4774 2078 4827 nobis.

508 4882 633 4938 Sive
660 4883 818 4934 etiam
849 4875 1194 4943 desperemus
1224 4871 1290 4926 de
1315 4870 1438 4922 vita.
1475 4867 1623 4922 Facit
1652 4867 1800 4921 locus
1828 4866 1928 4919 iste
1954 4882 2078 4919 con-

509 4983 590 5027 tra
618 4984 711 5026 eos
766 4970 853 5037 qui
884 4964 1133 5021 catholici
1181 4971 1322 5025 sunt,
1374 4970 1426 5017 et
1471 4959 1581 5015 suis
1627 4958 1824 5027 aliquid
1879 4957 2082 5012 meritis

511 5063 742 5116 tribucre
771 5067 1115 5127 prmsumnnt.
1165 5055 1269 5111 Sed
1308 5054 1361 5107 iu
1398 5050 1525 5115 Deo,
1574 5051 1660 5120 qui
1687 5052 1894 5105 suscitat
1942 5065 2083 5107 mor-

500 5164 645 5216 tuos,
686 5153 771 5219 qui
797 5156 856 5204 de
886 5151 1037 5203 tantis
1064 5149 1305 5221 periculis
1336 5148 1518 5217 eripuit
1548 5162 1657 5207 uas,
1702 5154 1748 5198 et
1771 5145 1922 5199 eruit.
1963 5143 2077 5198 Non

512 5262 565 5298 ,η
618 5260 684 5295 no
719 5251 796 5294 tra
828 5240 907 5293 vel
942 5239 1241 5307 prudentia,
1275 5238 1357 5291 vel
1389 5235 1615 5301 cautela,
1663 5250 1835 5304 neque
1883 5234 1934 5288 in
1978 5234 2083 5286 vir-

514 5336 711 5391 tutibus
739 5332 958 5394 nostris.
1006 5331 1126 5397 quia
1161 5329 1473 5381 ntaledictus
1516 5327 1605 5395 qui
1640 5326 1788 5393 ponit
1834 5324 2079 5382 ﬁduciam

512 5442 728 5482 carnem
763 5421 964 5479 brachii
1006 5421 1106 5474 sui.
1141 5420 1203 5473 In
1230 5434 1374 5488 quem
1407 5434 1697 5487 speramus,
1720 5418 1961 5484 quoniam
1986 5420 2083 5470 ad-

515 5520 612 5572 huc
639 5527 685 5569 et
713 5516 910 5581 eripiet,
940 5513 1161 5568 Praescit
1203 5502 1265 5565 se
1306 5511 1478 5565 adhuc
1510 5526 1806 5579 passurum,
1849 5512 1938 5579 qui
1966 5525 2085 5578 Spe-

514 5617 597 5663 rat
626 5624 682 5660 se
712 5605 1059 5661 liberandum.
1092 5602 1463 5674 Adjuvantibus
1492 5611 1537 5657 et
1568 5602 1724 5657 vobis.
1748 5602 1904 5659 ,Sicut
1923 5613 1978 5656 et
1993 5603 2083 5656 Pe-

517 5707 628 5754 tius
659 5699 725 5753 de
765 5712 977 5752 carcere
1018 5696 1268 5756 liberatus
1297 5705 1377 5751 est
1427 5696 1752 5751 orationibus
1787 5695 2035 5750 Ecclesiae
2071 5713 2082 5747 :

2182 4594 2254 4647 'est
2283 4596 2336 4648 in
2363 4592 2455 4648 illo
2489 4584 2739 4653 EstJNon
2768 4580 2855 4649 est
2878 4582 2935 4646 iu'
2957 4593 3051 4647 illo
3073 4594 3353 4657 dubietas,
3386 4602 3482 4644 nec
3510 4585 3645 4638 Vobis
3670 4594 3743 4632 sn-

2186 4701 2302 4739 ntus
2329 4685 2612 4753 aliquando
2639 4684 2866 4739 mentiti.
2895 4682 2982 4738 Dei
3000 4685 3142 4736 enim
3171 4682 3346 4736 Filius
3365 4673 3742 4733 JesusCItrisftm

2183 4778 2269 4846 qui
2292 4777 2343 4829 in
2365 4778 2502 4828 vobis
2529 4793 2617 4843 per
2639 4792 2731 4829 nos
2756 4776 3061 4844 prtcdicatus
3093 4783 3195 4839 est,
3227 4791 3319 4844 per
3347 4789 3425 4825 me
3449 4782 3494 4822 et
3511 4766 3747 4824 Siluanum

2143 4876 2231 4922 'et
2265 4867 2602 4930 Timotheum,
2659 4882 2759 4920 non
2801 4867 2899 4934 fuit
2940 4866 2990 4917 in
3020 4866 3120 4918 illo
3159 4865 3277 4928 Est,
3325 4872 3372 4918 et
3400 4861 3543 4917 Non.
3578 4855 3747 4912 Contra

2188 4960 2525 5024 Manichacus,
2576 4958 2665 5028 qui
2696 4957 2965 5013 Christum
3019 4957 3219 5011 falsam
3263 4970 3483 5010 carnem
3530 4946 3749 5005 habuisse

2188 5052 2506 5106 conﬁrmant
2554 5070 2567 5105 :
2614 5060 2679 5105 et
2717 5060 2901 5105 contra
2932 5049 3215 5112 Arianos,‘
3244 5050 3339 5117 qui
3370 5051 3559 5115 negant
3587 5035 3749 5093 Filium

2176 5158 2399 5221 semper
2420 5143 2619 5198 fuisse:
2648 5157 2767 5195 cum
2799 5142 2911 5210 ipse
2941 5141 3156 5199 locutus
3185 5141 3262 5193 sit
3293 5137 3500 5207 Moysi:
3532 5132 3635 5201 Ego
3657 5137 3753 5179 sum

2191 5235 2283 5305 qui
2311 5249 2426 5289 sum
2456 5252 2470 5299 ;
2520 5245 2574 5288 et
2604 5250 2617 5286 :
2662 5235 2758 5301 Qui
2785 5242 2887 5298 est,
2922 5232 3071 5285 misit
3102 5245 3195 5285 me
3220 5232 3289 5283 ad
3326 5244 3422 5285 vos
3451 5244 3468 5293 ;
3515 5223 3633 5293 qui!
3657 5217 3753 5286 illie

2193 5338 2246 5383 et
2273 5337 2407 5390 erat,
2453 5335 2635 5390 etest,
2688 5335 2740 5378 et
2764 5339 2972 5391 semper
2999 5332 3087 5376 cst
3124 5338 3139 5385 ;
3204 5323 3332 5391 quia
3364 5330 3629 5387 nunquam
3667 5321 3756 5362 non

2189 5428 2289 5474 est.
2326 5419 2429 5474 Sed
2461 5427 2555 5482 est,
2584 5418 2637 5470 in
2666 5418 2754 5469 illo
2785 5416 2899 5483 fuit.
2962 5414 3081 5469 Hoc
3113 5422 3225 5477 est,
3262 5412 3485 5474 veritas,
3516 5416 3567 5461 et
3596 5403 3758 5456 immu-

2193 5511 2423 5566 nbilitas
2453 5528 2467 5575 ;
2501 5510 2635 5565 sicut
2667 5508 2872 5578 Moyses
2902 5506 3027 5560 dicit
3052 5523 3064 5556 :
3104 5505 3215 5572 Qui
3247 5514 3369 5569 est,
3390 5504 3536 5556 misit
3563 5513 3660 5551 me.
3688 5490 3762 5545 11ίο

2194 5610 2276 5655 est
2307 5601 2447 5669 enim
2476 5615 2624 5664 vere,
2656 5600 2745 5667 qui
2777 5613 2986 5665 setupcr
3013 5596 3167 5649 idem
3197 5606 3306 5650 cst.
3375 5599 3625 5659 Quotquot
3653 5584 3763 5637 sitim

2198 5691 2549 5761 promissiones
2583 5687 2677 5741 Dei
2697 5698 2835 5755 sunt,
2860 5688 2910 5742 in
2942 5686 3039 5740 illo
3094 5684 3214 5740 Est.
3251 5683 3384 5739 ideo
3415 5697 3455 5737 rt
3506 5699 3590 5748 per
3629 5678 3767 5745 ipim
