3904 6176
256 262 350 315 5.37

1104 256 1170 312 ΙΝ
1212 254 1590 312 EPISTOLAM
1622 254 1662 309 ll
1702 254 1791 308 AD
1827 252 2234 309 CORINTlllOS
2274 251 2784 310 CUMilENTA-lih.

3402 255 3501 317 iiiis

248 379 469 435 dicimus
502 389 651 426 amen
680 372 808 426 Deo.
831 370 1080 425 Veritatis
1112 369 1369 436 impietio.
1398 367 1475 419 At!
1501 367 1715 436 glor'am
1739 382 1827 417 no-
1860 369 1897 423 Α
1933 366 2108 420 scribo
2131 382 2251 423 eum
2282 367 2468 436 recipi,
2499 376 2554 420 ut
2587 384 2687 420 nm
2721 383 2812 419 vos
2847 378 3047 438 gravet,
3077 370 3118 422 si
3151 384 3243 439 per
3276 382 3502 426 vestram

248 462 429 529 stram.
461 466 646 529 Omnis
672 462 865 527 veritas
909 459 1316 529 promissionum
1357 457 1407 510 in
1459 458 1670 510 Christo
1722 466 1825 519 est,

256 575 371 627 qum
404 572 499 625 per
543 571 640 609 nos
665 551 983 623 ad'gloriam
1032 549 1123 603 Dei
1170 548 1486 615 completur.
1524 546 1624 610 Qui
1664 557 1833 599 autem

244 648 526 716 con/imm
552 656 663 698 nos.
695 643 828 711 Quia
848 641 1056 697 dixerat
1090 656 1104 692 :
1149 639 1252 693 Per
1279 653 1406 701 nos,
1430 641 1599 697 ,modo
1622 638 1721 691 hoc
1751 647 1831 690 to-

248 752 366 809 tum
398 738 633 793 ostendit
681 736 845 801 Deum
898 734 1096 797 facere,
1153 732 1242 800 qui
1292 731 1346 785 in
1372 731 1452 785 eis
1502 735 1598 787 ista
1657 733 1831 791 omnia

240 840 509 902 ,operatus
531 838 631 893 est,
660 842 725 882 ne
752 825 854 883 sibi
883 824 1079 892 aliquid
1104 824 1337 876 humana
1364 823 1644 876 inﬁrmitas
1679 838 1832 876 ario-

246 932 432 989 ,ευ-ει.
474 919 746 973 Vobiscum
785 917 837 969 in
866 914 1085 969 Christo.
1126 913 1437 968 Virtutibus.
1484 911 1551 965 Et
1579 913 1664 982 qui
1694 915 1837 966 unxit

259 1027 351 1064 nos
382 1009 543 1063 Deus.
587 1007 786 1075 Spiritu
832 1014 1039 1064 sancto,
1072 1004 1154 1057 vel
1204 1002 1512 1056 chrismate.
1547 1000 1612 1054 Et
1656 1003 1741 1074 qui
1770 1002 1838 1055 si-

257 1104 427 1171 gnavit
458 1117 571 1157 nos.
604 1106 772 1153 Omne
800 1099 940 1164 quod
964 1098 1282 1151 intrinsecus
1304 1100 1395 1151 est
1427 1095 1736 1163 pretiosum,
1765 1095 1834 1146 si-

261 1204 473 1262 gnatur.
506 1192 570 1247 Et
599 1192 736 1245 dedit
767 1191 949 1261 pignus
977 1188 1202 1257 Spiritus
1248 1189 1300 1239 in
1340 1186 1577 1239 cordibus
1631 1186 1834 1238 nostris.

261 1283 451 1347 {turnis
485 1285 643 1335 arrha
668 1295 764 1348 pro
785 1278 940 1348 pretii
960 1275 1329 1345 magnitudine
1354 1274 1509 1328 datur
1535 1291 1548 1326 ε
1579 1284 1835 1342 quantum

260 1388 395 1440 ergo
425 1371 700 1441 praemium
748 1377 850 1432 est,
899 1366 1053 1436 cujus
1101 1376 1243 1425 tanta
1292 1375 1374 1419 est
1418 1365 1610 1425 arrha?
1643 1365 1692 1417 id
1734 1373 1836 1435 est,

260 1465 435 1534 gratia
458 1463 706 1531 Spiritus.
739 1459 847 1530 Ego
869 1470 1057 1514 autent.
1091 1457 1284 1511 Reddit
1310 1472 1500 1525 causas
1540 1472 1703 1525 quare
1729 1471 1834 1519 non

242 1556 406 1620 ierit,
436 1569 542 1609 non
568 1569 679 1608 sua:
712 1550 932 1614 levitati,
977 1550 1071 1603 sed
1102 1550 1312 1604 illorum
1346 1548 1641 1615 inﬁrmitati
1670 1548 1840 1614 depu-

246 1651 509 1709 tandum.
531 1646 728 1705 Testem
751 1645 913 1697 Deum
940 1645 1115 1698 inausa
1144 1645 1196 1697 in
1223 1643 1448 1696 animam
1471 1643 1840 1709 meam.Quein

1931 459 2173 523 duritiam
2213 458 2584 525 Jesperaverit.
2624 460 2817 529 Sit/[icit
2848 462 2942 526 illi,
2977 462 3063 529 qui
3090 461 3504 535 hujusmodiest,

1932 551 2219 623 objurgatio
2248 551 2384 612 lucc,
2420 567 2530 620 quis
2562 551 2618 620 fit
2644 570 2673 604 a
2700 551 2952 620 pluribus.
2983 553 3095 608 Non
3127 540 3297 609 Solum
3321 556 3387 613 de
3416 557 3507 610 illo

1932 639 2077 703 dicit,
2110 642 2196 709 qui
2228 652 2498 709 paternum
2524 642 2709 710 polluit
2735 653 2928 708 torum,
2960 644 3051 698 sed
3076 645 3169 725 .de
3192 650 3334 702 omni
3379 663 3506 718 pec-

1933 733 2272 801 cante:quia
2307 732 2458 784 multi
2516 745 2887 797 peccaverunt,
2948 735 3084 787 sicut
3136 736 3301 804 prima
3350 738 3508 793 docet

1934 815 2187 881 Epistola.
2221 816 2307 871 Ita
2339 828 2390 871 ut
2432 832 2608 873 contra
2638 822 2799 891 maqis
2825 821 3044 889 timetis,
3079 833 3124 875 et
3147 825 3505 894 consolemini,

1936 924 1997 962 ne
2019 908 2148 975 forte
2176 910 2529 963 abundantiori
2575 911 2779 963 tristitia
2809 913 3160 979 absorbeatur,
3201 918 3287 985 qui
3321 916 3509 986 hujus-

1936 1000 2073 1050 modi
2094 1010 2187 1051 est.
2214 999 2428 1053 Donetis
2458 1002 2685 1063 veniam,
2714 1010 2765 1055 et
2793 1003 3141 1058 consulamini
3174 1007 3350 1061 verbis
3381 1009 3513 1062 Pro-

1937 1090 2112 1158 pbeta:
2140 1106 2154 1143 :
2189 1091 2320 1144 Nolo
2347 1101 2568 1146 mortem
2598 1094 2909 1161 peccatoris,
2942 1104 3143 1149 tantum
3186 1108 3243 1152 ut
3278 1115 3510 1157 conver-

1938 1189 2098 1235 tatur.
2144 1182 2207 1235 Et
2236 1198 2247 1236 :
2279 1184 2604 1253 Quacunque
2633 1185 2721 1238 die
2756 1200 3055 1267 conversas
3085 1188 3245 1244 fuerit
3275 1193 3507 1262 iniquus.

1938 1270 2016 1325 Ne
2039 1287 2132 1340 per
2150 1272 2577 1341 desperationem
2604 1276 2945 1345 indulgentia:
2990 1281 3362 1350 absorbeatur,
3396 1302 3513 1355 pro-

1940 1361 2104 1417 fundo
2132 1364 2379 1427 vitiorum
2408 1366 2490 1419 vel
2520 1382 2547 1419 a
2578 1367 2793 1421 diabolo
2818 1371 3121 1440 absorptus,
3170 1375 3233 1428 ad
3276 1375 3505 1439 inﬁdeli-

1943 1452 2065 1505 ttis
2111 1461 2164 1505 et
2216 1453 2552 1521 blasphemia
2609 1457 2895 1524 prrecipitia
2935 1459 3245 1516 deducatur.
3298 1462 3514 1535 Pr0pter

1942 1542 2078 1613 quod
2109 1544 2309 1596 οὺσ;ειὀ
2344 1560 2446 1609 ros,
2482 1555 2533 1596 ut
2560 1547 2867 1611 conﬁrmetis
2905 1548 2957 1600 in
3006 1550 3152 1602 illum
3194 1550 3513 1610 charita'em.

1950 1632 2015 1687 Ut
2044 1649 2134 1700 per
2163 1634 2494 1703 prophetam
2530 1651 2589 1690 re
2627 1647 2878 1704 agnoscat.
2912 1641 3115 1699 veniam
3146 1655 3512 1708 censecutum,

260 1742 443 1797 solum
470 1740 662 1792 anitum
684 1749 891 1791 secreta
933 1750 1038 1788 non
1088 1734 1295 1788 fallunt.
1329 1735 1477 1800 Quod
1520 1750 1729 1802 parcens
1759 1752 1843 1787 το.
1878 1720 1919 1778 Β
1948 1739 2047 1791 qua
2082 1723 2220 1778 Deus
2241 1724 2368 1777 dixit
2399 1742 2410 1776 :
2446 1725 2576 1777 Nolo
2628 1741 2852 1780 mortem
2901 1732 3194 1805 morientis.
3226 1732 3354 1787 Ideo
3386 1739 3518 1790 enim

261 1832 356 1897 bis,
397 1846 499 1883 non
529 1828 636 1883 veni
656 1828 798 1889 ultra
828 1825 1142 1879 Corinthum.
1168 1824 1243 1880 Ne
1272 1826 1324 1878 in
1349 1827 1496 1879 vobis
1524 1826 1704 1891 acrius
1734 1827 1847 1880 vii.-

263 1925 527 1977 dicarem.
562 1920 613 1975 Ν
619 1936 681 1973 οη
707 1920 827 1989 quia
849 1919 1173 1971 dominamur
1209 1918 1331 1985 ﬁdei
1358 1925 1556 1981 vestrte.
1580 1917 1694 1971 Non
1716 1935 1784 1986 qu
1812 1933 1840 1971 a

268 2015 401 2069 ideo
432 2010 760 2075 credidistis,
791 2018 848 2064 ut
883 2008 1035 2064 vobis
1071 2008 1428 2073 dominemur,
1468 2011 1606 2063 sicut
1644 2012 1695 2073 in
1733 2011 1850 2078 lego

263 2102 601 2167 sacerdotes,
625 2110 680 2156 et
708 2101 828 2155 ideo
845 2114 938 2154 vos
961 2108 1243 2165 terremus,
1271 2100 1364 2155 sed
1383 2100 1560 2155 omnia
1578 2101 1642 2154 ad
1662 2116 1850 2167 emen-

261 2194 544 2249 dationem
574 2200 806 2244 vestram
837 2189 1076 2255 facimus,
1112 2201 1170 2242 ut
1199 2198 1253 2244 et
1302 2190 1388 2262 hic
1432 2190 1483 2247 in
1519 2191 1849 2246 conscientia

265 2287 411 2349 etin
456 2293 715 2353 terpetuo
757 2282 1051 2353 gaudeatis.
1100 2281 1215 2335 Non
1260 2282 1400 2352 quod
1442 2283 1635 2347 iterum
1692 2284 1844 2353 quasi

263 2378 410 2432 servi
462 2383 607 2429 metu
635 2374 918 2442 cogamini,
960 2372 1056 2426 sed
1096 2371 1197 2441 ipsi
1245 2372 1479 2427 libertati
1525 2372 1850 2443 adjutorium

264 2470 485 2529 dannts,
523 2483 588 2520 ne
618 2466 743 2520 dum
772 2465 889 2533 ejus
933 2479 1236 2520 mensuram
1278 2479 1495 2521 servare
1527 2480 1632 2519 non
1662 2465 1852 2535 nostis,

266 2558 446 2615 matis
494 2558 550 2611 in
584 2557 752 2627 pejus.
795 2556 901 2612 Sed
929 2556 1193 2621 adiutores
1220 2572 1415 2611 summ.
1439 2554 1851 2627 Cooperatores.

265 2650 466 2715 σαιόῆ
495 2650 665 2705 uestri.
699 2647 836 2702 Nam
864 2648 966 2715 [ide
991 2649 1223 2702 stetistis.
1266 2646 1441 2703 Liberi
1476 2649 1626 2713 estis,
1666 2650 1709 2703 si
1751 2661 1855 2709 non

266 2742 534 2813 peccatis.
575 2739 779 2795 Gaudet
816 2741 1165 2806 conscientia,
1196 2754 1317 2793 cum
1349 2739 1607 2794 bonorum
1636 2753 1857 2809 operum

244 2832 609 2893 recordatur.
640 2831 882 2885 Doctoris
926 2830 1174 2900 gaudium
1205 2838 1289 2885 est
1315 2829 1696 2905 discipulorum
1728 2846 1853 2901 pro.

267 2924 473 2978 iectus.

334 3014 480 3079 Car.
520 3027 579 3067 ll.
622 3012 795 3079 Statui
822 3023 991 3066 autem
1022 3012 1117 3065 hoc
1152 3013 1261 3082 ipse
1289 3014 1429 3083 apud
1467 3028 1567 3067 me.
1597 3012 1855 3082 Cogitavi,

1947 1817 2152 1882 scripsi,
2184 1825 2254 1877 ut
2301 1833 2600 1887 cognoscam
2639 1828 3035 1890 experimentum
3082 1835 3320 1895 vestrum,
3353 1846 3419 1883 an
3467 1832 3521 1883 in

1948 1907 2182 1985 omnibus
2212 1907 2495 1962 obedientes
2520 1910 2650 1963 sitis.
2683 1910 2807 1965 Ideo
2840 1912 2975 1967 hanc
3000 1918 3289 1972 secundum
3319 1924 3517 1985 scribo,

1951 2008 2010 2053 ut
2038 2000 2265 2065 videam,
2300 2002 2343 2054 si
2372 2002 2638 2070 quomodo
2671 2003 2927 2060 obedistis
2970 2005 3025 2061 in
3054 1989 3522 2067 excommunicati-

1950 2090 2049 2150 do,
2074 2091 2155 2143 sic
2182 2090 2443 2146 obediatis
2473 2092 2524 2147 in
2567 2095 2894 2160 recipiendo.
2921 2097 3231 2153 Obedientia
3262 2101 3403 2157 enim
3432 2102 3520 2156 ilia

1910 2242 1913 2245 _
1952 2183 2185 2251 perfecta
2209 2193 2262 2237 et
2285 2199 2409 2239 vera
2440 2194 2543 2245 est.
2567 2201 2685 2255 qua:
2711 2188 2762 2242 in
2794 2189 2938 2243 nullo
2961 2193 3275 2265 contemnit.
3304 2194 3400 2250 Cui
3424 2213 3519 2249 au-

1951 2280 2052 2325 tem
2070 2273 2265 2343 aliquid
2305 2273 2552 2329 donastis.
2587 2274 2690 2330 Pro
2719 2278 3064 2351 donaveritis.
3116 2281 3179 2336 Et
3219 2300 3331 2357 ego.
3376 2286 3524 2343 Sietit

1953 2365 2223 2431 vobiscum
2258 2366 2537 2431 vindicavi,
2586 2367 2657 2421 ita
2684 2380 2737 2422 et
2779 2370 3055 2426 vobiscum
3109 2373 3273 2430 dono.
3306 2376 3446 2432 Nam
3475 2391 3521 2432 et

1953 2471 2046 2526 ego
2088 2456 2222 2525 quod
2264 2458 2469 2509 donavi.
2517 2458 2580 2510 Et
2613 2473 2711 2528 ego
2739 2461 2881 2527 quod
2933 2461 3149 2531 donavi,
3182 2480 3288 2519 non
3318 2468 3372 2521 in
3402 2485 3522 2525 mea

1946 2564 2218 2618 persona,
2256 2549 2363 2621 sed
2411 2548 2608 2629 Christi
2634 2551 2736 2629 “qui
2784 2552 2963 2619 dixit:
2996 2553 3126 2629 Qua:
3175 2558 3441 2616 solveritis
3467 2563 3522 2616 iu

1940 2651 2125 2713 terra,
2140 2650 2298 2697 erunt
2322 2640 2491 2693 soluta
2507 2626 2563 2696 et
2586 2626 2824 2697 inacmio.
2859 2643 2919 2696 Si
2947 2626 3068 2712 quid
3088 2643 3296 2714 donavi,
3318 2661 3529 2721 propter

1957 2746 2065 2784 vos.
2091 2730 2170 2785 Ne
2199 2745 2291 2784 vos
2312 2730 2625 2799 gravemini.
2658 2728 2722 2784 In
2752 2748 2969 2818 persona
2996 2732 3209 2791 Christi.
3240 2737 3372 2804 Quia
3403 2755 3525 2810 per-

1958 2836 2142 2895 sonam
2172 2822 2405 2891 gerimus
2431 2820 2654 2876 Christi.
2690 2820 2757 2876 Ut
2782 2838 2884 2876 non
2904 2825 3407 2899 circumveniamura
3425 2831 3529 2887 Sa-

1958 2919 2097 2966 tana.
2129 2910 2380 2967 Similiter
2408 2909 2550 2966 enim
2571 2898 2927 2967 circumvenit
2950 2898 3055 2981 per
3076 2916 3295 2972 nimiam
3322 2926 3527 2987 severi-

1961 3014 2121 3061 tatem
2150 3012 2409 3070 nostram,
2441 3013 2499 3059 ut
2537 3016 2755 3074 pereant
2782 3008 2975 3061 animae
3001 3008 3357 3080 desperando,
3390 3032 3524 3084 quo-

268 3108 352 3162 vel
384 3106 658 3174 disposui.
710 3105 789 3158 Ne
832 3107 1013 3159 iterum
1056 3106 1109 3157 in
1139 3105 1348 3159 tristitia
1385 3105 1606 3159 venirem
1635 3106 1704 3158 ad
1749 3121 1855 3161 vos.
1884 3074 1930 3136 δ
1964 3099 2122 3154 modo
2156 3113 2205 3153 et
2233 3114 2326 3168 per
2356 3099 2571 3153 nimiam
2602 3098 2890 3155 bonitatem
2932 3115 3166 3160 matram
3216 3123 3318 3161 non
3360 3115 3530 3166 cori-‘-

265 3198 642 3267 Quipr-imum
674 3196 725 3248 in
752 3196 946 3263 gaudio
976 3208 1246 3257 veneram.
1281 3195 1493 3262 quando
1530 3195 1852 3250 credidistis.

262 3289 329 3346 Si
352 3289 505 3345 enim
536 3304 629 3356 ego
654 3288 893 3340 contristo
916 3303 1023 3350 vos,
1049 3295 1098 3341 et
1122 3287 1232 3355 quis
1260 3295 1335 3341 est
1361 3288 1447 3357 qui
1477 3304 1553 3341 me
1594 3287 1813 3357 lecti/iret
1835 3289 1861 3341 .’

265 3382 347 3437 Ad
368 3382 496 3443 hoc
523 3395 619 3435 vos
648 3378 926 3443 contristo,
964 3388 1017 3431 ut
1048 3380 1301 3447 gaudeam
1333 3378 1399 3447 de
1425 3379 1594 3433 vobis.
1625 3379 1744 3434 Nisi
1771 3381 1859 3447 qui

264 3480 615 3529 contristatur
650 3486 713 3524 ea:
739 3471 850 3523 me?
878 3472 977 3535 Qui
1024 3471 1164 3524 enim
1198 3472 1563 3535 cantristatur,
1617 3472 1861 3541 intelligit

266 3581 331 3621 se
371 3578 672 3633 961308898;
719 3563 856 3616 sicut
884 3578 1046 3631 arger,
1070 3563 1166 3633 'qui
1202 3562 1447 3619 dolorem
1477 3564 1648 3617 adhuc
1676 3566 1856 3630 sentit,

264 3667 466 3725 potest
494 3659 730 3724 recipere
757 3658 1056 3713 sanitatem.
1112 3654 1177 3707 Et
1223 3654 1317 3708 hoc
1345 3656 1508 3719 ipsum
1552 3657 1731 3726 scripsi
1779 3674 1862 3708 ro-

266 3752 366 3803 bis.
402 3748 537 3803 Ideo
565 3747 773 3813 scripsi,
818 3748 1361 3809 utiliueriscorrecti
1388 3802 1389 3805 η
1414 3759 1728 3816 pra-sentem
1776 3764 1862 3803 me

264 3842 520 3910 gaudere
551 3839 811 3895 faceretis.
850 3839 917 3894 Ut
940 3857 1039 3894 non
1060 3858 1175 3894 cum
1196 3857 1396 3903 venero,
1422 3842 1682 3895 tristitiam
1712 3860 1864 3906 super

164 3978 172 3985 .
265 3933 548 3986 tristitiam
574 3931 804 3984 habeam.
838 3931 927 3983 Tri
962 3932 1126 3985 titiam
1159 3930 1298 3985 enim
1347 3932 1539 3993 habeo,
1569 3931 1689 3999 quia
1737 3946 1801 3997 pe
1823 3953 1859 3972 ··

267 4023 409 4076 catis
452 4040 468 4073 :
515 4030 734 4085 augetur
772 4035 898 4088 ergo
941 4022 1181 4078 tristitia.
1230 4022 1276 4076 si
1320 4037 1412 4075 vos
1454 4023 1518 4076 ad
1568 4024 1857 4090 perlectum

266 4126 377 4165 tuin
408 4110 734 4169 emendatis.
771 4111 843 4164 De
870 4111 1052 4179 quibus
1080 4122 1371 4178 oportuerat
1402 4130 1480 4166 me
1504 4114 1767 4181 gaudere...
1790 4116 1862 4168 lle

264 4202 480 4268 quibus
518 4216 605 4255 me
633 4216 902 4270 nunquam
929 4211 1238 4269 oportuerat
1276 4205 1605 4268 contristari,
1635 4205 1748 4258 sive
1795 4206 1861 4258 de

267 4291 663 4349 emendatione
707 4292 955 4360 gaudere.
1006 4291 1279 4361 Conﬁdens
1323 4294 1376 4347 in
1421 4296 1653 4347 omnibus
1701 4296 1857 4369 vobis,

260 4383 531 4450 quoniam
558 4398 724 4435 meum
749 4383 993 4450 gaudium
1028 4385 1256 4435 omnium
1285 4392 1505 4438 vestrum
1549 4394 1657 4443 est.
1685 4383 1833 4439 Couti

265 4476 417 4529 deus
434 4488 535 4526 vos
559 4473 1083 4541 omnesintelligere,
1105 4474 1225 4541 quia
1259 4484 1381 4527 tunc
1408 4490 1585 4528 verum
1610 4475 1856 4545 gaudium

266 4564 516 4623 habetis,
549 4565 718 4632 siege
742 4563 968 4632 gaudeo.
1000 4564 1137 4617 Nam
1165 4580 1229 4618 ex
1269 4567 1431 4623 multa
1456 4567 1781 4621 tribulatione
1817 4578 1864 4621 et

262 4655 529 4723 angustia
557 4654 746 4711 cordis.
780 4653 848 4708 Et
884 4654 969 4709 hic
1009 4655 1406 4723 intelligendum
1454 4671 1611 4723 quam
1648 4658 1861 4711 solliciti

260 4754 441 4798 erant
475 4742 699 4810 apostoli
721 4743 789 4798 de
823 4745 1059 4805 omnium
1104 4744 1296 4800 salute.
1347 4745 1550 4810 Scripsi
1598 4747 1735 4800 vobis
1777 4765 1866 4814 per

264 4836 479 4895 multas
503 4835 779 4902 lacrumas.
823 4834 1056 4899 Priorem
1093 4836 1390 4905 epistolam.
1439 4835 1560 4890 Non
1588 4848 1643 4891 ut
1669 4840 1862 4891 contri-

261 4924 513 4990 stemini,
542 4924 715 4976 :edut
740 4924 912 4977 sciatis
939 4940 1092 4993 quam
1121 4925 1440 4979 charitafem.
1485 4926 1600 4981 Non
1640 4942 1748 4996 quo
1778 4944 1865 4982 me

265 5027 468 5073 vester
489 5015 644 5066 dolor
674 5015 924 5077 delectet,
954 5016 1047 5068 sed
1075 5018 1194 5085 quia
1226 5017 1397 5071 curari
1431 5017 1585 5072 aliter
1628 5032 1732 5071 non
1768 5034 1863 5083 po-

265 5114 405 5158 test.
446 5104 806 5157 Abundantius
845 5103 1057 5159 habeam
1088 5110 1140 5159 in
1164 5109 1319 5160 vobis.
1357 5108 1431 5162 Nc
1458 5110 1727 5169 dicerent:
1754 5109 1865 5162 Non

262 5200 375 5250 soli
419 5212 526 5249 nos
558 5199 941 5263 peccavimus..
969 5198 1044 5251 Ex
1089 5200 1461 5255 abundantiori
1511 5200 1867 5255 sollicitudine

268 5288 556 5359 majorem
588 5288 810 5353 potestis
839 5288 1152 5343 charitatem
1185 5291 1426 5357 probare.
1475 5292 1533 5345 Si
1562 5294 1675 5359 quis
1701 5303 1869 5345 autem

262 5382 631 5444 contristarit,
660 5397 761 5432 non
791 5397 865 5433 me
895 5383 1223 5435 contristabit.
1267 5384 1399 5447 Quia
1433 5397 1525 5451 per
1567 5385 1709 5438 illius
1751 5401 1871 5451 pec-

266 5483 481 5523 catum
512 5470 670 5521 etiam
691 5484 786 5521 vos
805 5472 1034 5536 correpti
1057 5472 1282 5538 amplius
1311 5473 1583 5537 prolicitis,
1616 5474 1728 5527 sive
1749 5474 1870 5540 quia

265 5559 632 5623 emendavit,
661 5570 763 5612 non
805 5575 897 5627 per
918 5560 1094 5613 omnia
1117 5561 1465 5627 contristavit.
1501 5561 1606 5615 Sed
1628 5577 1689 5613 ex
1711 5570 1870 5629 parte.

267 5652 462 5719 Quasi
498 5651 662 5706 bonus
693 5653 888 5706 nocuit.
923 5652 989 5707 L’t
1031 5669 1131 5706 non
1182 5670 1379 5709 onerent
1421 5671 1592 5709 omnes
1617 5670 1721 5709 vos.
1753 5655 1876 5709 ldi'o

1958 3190 2133 3262 gelido
2161 3206 2175 3242 :
2208 3190 2349 3245 unde
2372 3190 2622 3244 Salomon
2652 3192 2758 3246 ait:
2785 3192 2899 3248 Non
2919 3194 3154 3253 declines
3170 3199 3235 3252 ad
3253 3200 3527 3256 dexteram

1961 3297 2133 3351 neque
2161 3281 2449 3349 sinistram.
2482 3281 2736 3348 Quamvis
2763 3292 2869 3336 tota
2900 3286 3121 3353 epiStola
3147 3301 3332 3344 contra
3360 3291 3534 3346 Nova-

1962 3376 2134 3430 tianos
2161 3376 2253 3441 sit,
2278 3384 2453 3429 tamen
2486 3375 2571 3429 hic
2588 3377 2985 3433 evidentissima
3004 3384 3357 3439 o~tenduutur
3384 3402 3415 3441 a
3431 3382 3536 3441 dia-

1962 3467 2086 3521 bolo
2128 3467 2474 3529 circumventi
2531 3467 2896 3535 ptenitentiam
2927 3451 3213 3537 denegare.
3248 3473 3370 3528 Non
3397 3479 3535 3530 enim

1961 3559 2252 3627 ignoramus
2292 3558 2622 3628 cogitationes
2668 3559 2798 3628 ejus.
2834 3558 2923 3627 ita:
2968 3571 3089 3613 sunt
3123 3565 3370 3619 versutia:
3395 3567 3534 3633 ejus,

1963 3657 2017 3702 ut
2046 3663 2141 3716 per
2169 3647 2515 3715 immoderata
2542 3647 2676 3699 bona
2718 3647 2864 3700 fallat
2904 3650 3166 3705 incautos.
3214 3653 3341 3705 Cum
3370 3656 3535 3709 renis-

1962 3755 2067 3793 sem
2089 3751 2257 3791 autem
2280 3738 2531 3791 Troadem
2551 3747 2758 3808 prapter
2781 3738 3112 3809 Euangelium
3135 3741 3347 3797 Christi.
3378 3745 3535 3799 Modo

1967 3833 2069 3885 illis
2096 3833 2204 3883 vnit
2230 3830 2453 3899 probare
2470 3838 2666 3897 quanto
2698 3832 2926 3897 amplius
2955 3847 3047 3883 eos
3067 3833 3271 3901 diligat,
3298 3847 3351 3889 et
3372 3854 3528 3906 quia".

1964 3923 2033 3977 sit
2058 3936 2244 3975 eorum
2273 3935 2434 3974 causa
2462 3920 2744 3985 sollicitus,
2769 3920 2857 3986 qui
2889 3935 3009 3973 erm
3039 3922 3127 3993 illi
3150 3924 3326 3978 omnia
3354 3941 3535 3981 essent

1968 4027 2241 4089 prospera,
2272 4011 2470 4073 nullam
2518 4021 2693 4063 tamen
2742 4010 2821 4063 lia’
2850 4012 2921 4063 nit
2975 4015 3206 4080 requiem
3254 4018 3374 4085 quia
3431 4036 3534 4074 nou

1967 4105 2169 4159 inVcnit
2190 4102 2388 4164 Titum,
2418 4116 2574 4169 quem
2605 4101 2822 4155 miserat
2850 4103 2914 4155 ad
2946 4120 3059 4166 eos,
3087 4115 3143 4173 ut
3168 4107 3216 4160 ei
3243 4109 3392 4162 nunti
3429 4120 3533 4172 ret,

1966 4199 2008 4251 si
2031 4212 2087 4251 se
2116 4194 2497 4257 surrexissent,
2529 4193 2629 4245 hoc
2655 4200 2711 4245 ut
2743 4194 3037 4261 intelligant
3057 4209 3177 4249 cum
3208 4199 3383 4251 omnia
3414 4215 3534 4266 pro-

1969 4300 2082 4357 pter
2104 4288 2415 4349 charitatem
2447 4284 2657 4340 fecisse.
2696 4284 2760 4337 Et
2784 4286 2969 4338 ostium
2997 4288 3122 4340 milii
3149 4299 3378 4360 apertum
3408 4303 3536 4346 esset

1965 4391 2019 4443 in
2064 4386 2280 4440 Domino
2309 4402 2327 4438 :
2353 4400 2452 4438 non
2492 4383 2646 4436 habui
2676 4384 2893 4453 requiem
2923 4384 3124 4451 spiritui
3153 4402 3284 4440 meo.
3312 4390 3538 4451 Ustitun,

1967 4480 2163 4543 aditus,
2199 4477 2278 4531 vel
2326 4476 2697 4544 Opportunitas
2728 4475 3060 4542 priedicanti,
3105 4477 3185 4529 v~l
3211 4479 3330 4547 quia
3377 4482 3538 4533 corda

1968 4586 2154 4627 eorum
2182 4568 2388 4636 aperuit
2422 4567 2560 4621 Deus
2586 4567 2778 4634 quibus
2806 4568 2893 4621 ille
2926 4568 3269 4636 praulicabat.
3298 4570 3373 4623 Eo
3401 4572 3537 4639 quod

1969 4679 2066 4715 non
2094 4660 2364 4719 invenirem
2384 4657 2555 4711 Titum
2585 4656 2792 4726 fratrem
2823 4672 3007 4710 meum.
3040 4657 3115 4709 Eo
3144 4658 3293 4733 quod
3324 4675 3426 4712 non
3452 4676 3540 4708 re-

1960 4753 2134 4817 _di~set
2161 4750 2225 4803 ad
2258 4764 2362 4813 me,
2392 4757 2447 4805 ut
2484 4763 2567 4801 me
2591 4748 2656 4809 de
2688 4742 2835 4813 vobis
2868 4746 3060 4800 faceret
3096 4749 3401 4800 certiorem.
3430 4748 3537 4799 Sed

1966 4842 2075 4895 vale
2104 4840 2295 4909 faciens
2316 4840 2387 4891 eis
2415 4828 2670 4907 profectus
2698 4852 2809 4889 sum
2832 4837 2953 4888 cito.
2985 4836 3108 4887 lnde
3138 4835 3262 4901 exii,
3295 4838 3540 4903 quamvis

1967 4932 2301 4985 occasionem
2338 4927 2619 4981 habuerim
2652 4925 2968 4991 pradicandi
3000 4943 3011 4976 :
3044 4934 3096 4977 ct
3124 4925 3200 4977 cis
3241 4925 3357 4979 vale
3411 4925 3541 4989 ieci,

1967 5021 2056 5088 qui
2080 5019 2442 5079 crediderunt,
2469 5031 2689 5083 quorum
2725 5014 2901 5069 curtlis
2935 5014 3129 5068 ostium
3152 5017 3352 5081 aperuit
3379 5016 3539 5070 Deus.

1970 5108 2033 5161 In
2064 5108 2436 5161 Macedoniam.
2476 5106 2624 5161 Unde
2659 5118 2710 5157 et
2738 5105 2962 5158 ceierius
2994 5106 3057 5159 de
3096 5108 3243 5160 ubis
3274 5110 3539 5161 audirem.

1974 5199 2205 5253 Vicinior
2232 5209 2312 5252 est
2342 5198 2554 5252 Achaia:
2597 5198 2924 5252 Macedonia.
2978 5196 3082 5251 Deo
3125 5208 3293 5252 autem
3325 5199 3538 5269 gratius,

1968 5292 2055 5361 qui
2090 5306 2283 5355 semper
2315 5289 2596 5355 triumphat
2639 5304 2730 5341 nos
2784 5289 2837 5339 in
2884 5285 3088 5343 Christo
3131 5288 3276 5342 Jesu.
3334 5288 3543 5341 Trium-

1974 5384 2137 5451 pltare
2166 5396 2264 5435 nos
2292 5380 2414 5434 facit
2436 5381 2545 5434 sive
2573 5380 2622 5434 in
2642 5395 2739 5434 nos
2769 5380 2883 5450 ipse
2907 5381 3216 5447 triumphat.
3251 5377 3315 5431 Et
3334 5379 3541 5430 odorem

1974 5476 2165 5529 notitia:
2195 5488 2299 5527 sua:
2319 5474 2612 5541 manifestat
2652 5488 2739 5539 per
2760 5488 2850 5524 nos
2873 5472 2925 5524 in
2964 5471 3102 5523 omni
3131 5471 3259 5526 loco.
3313 5470 3375 5520 lit
3417 5466 3541 5535 quia

1918 5628 1921 5629 ν
1978 5566 2147 5633 primo
2191 5561 2762 5627 credentesmodieum
2793 5560 2988 5628 aliquid
3016 5560 3162 5627 quasi
3206 5556 3424 5610 OdOI‘t‘l’ll
3475 5555 3541 5610 ii-

1978 5658 2064 5714 dei
2090 5669 2410 5726 cognoscere
2434 5671 2464 5722 p
2488 5663 2694 5710 iterant.
2729 5654 2861 5718 Quia
2890 5652 3074 5705 Christi
3101 5652 3260 5704 bonus
3295 5650 3421 5703 odor
3456 5665 3541 5704 su-
