3910 6174
512 288 611 340 57.9
696 287 707 293 “

513 400 775 455 mus'Deo.
806 399 949 454 Odor
992 399 1190 455 notitiae
1231 399 1322 454 Dei
1372 414 1465 468 per
1496 399 1789 454 doctrinam
1834 410 1887 454 et
1934 402 2079 467 signa

517 492 900 545 manifestatur.
935 490 1079 545 Odor
1122 500 1294 544 autem
1347 490 1485 554 ideo,
1541 490 1663 559 quia
1720 491 1944 543 sentitur
1986 505 2079 557 po-

520 583 621 635 tius
662 596 820 650 quam
867 581 1094 636 videtur.
1148 582 1321 635 Bonus
1377 583 1511 635 odor
1560 581 1861 650 prmdicatio
1900 590 2079 634 sancta

517 682 619 735 est,
648 682 701 727 et
740 674 845 726 vita
891 672 1024 725 bona
1058 672 1184 740 :qui
1214 680 1394 725 amant
1433 671 1615 735 talem,
1639 656 1793 726 bono.
1814 670 1979 725 odore
2007 671 2083 724 vi-

521 772 685 817 vunt:
733 764 820 831 qui
868 764 1133 829 invident,
1184 765 1319 816 bono
1350 764 1510 817 odore
1550 764 1869 816 moriuntur.
1902 761 1966 814 In
2007 763 2083 814 his

521 857 607 922 qui
637 857 762 910 salvi
782 856 929 923 ﬁunt.
960 853 1143 909 Gratia
1182 856 1316 924 ejus.
1346 853 1409 907 Et
1438 856 1488 907 in
1516 854 1592 907 his
1621 856 1709 924 qui
1734 861 1962 921 pereunt.
1986 852 2083 906 Ju-

523 945 715 999 dicium
739 945 1255 1014 ejusjustissimum.
1299 945 1350 998 ln
1400 945 1482 998 his
1511 946 1597 1012 qui
1648 943 1785 997 salvi
1820 946 1966 1005 fiunt,
2011 944 2084 995 uti

524 1035 835 1087 Tabithazet
869 1034 919 1085 in
952 1034 1032 1086 his
1064 1035 1149 1101 qui
1184 1043 1428 1102 pereunt,
1463 1046 1512 1088 ut
1553 1033 1855 1104 Hymeneus
1884 1043 1937 1087 ct
1966 1035 2086 1087 Ale-

526 1124 739 1178 xander.
773 1124 901 1177 Aliis
926 1124 1127 1193 intidem
1153 1127 1280 1178 odor
1311 1127 1484 1178 mortis
1508 1125 1557 1177 in
1588 1138 1817 1188 mortem,
1848 1123 1963 1177 aliis
1994 1141 2086 1176 au-

524 1224 623 1267 tem
648 1214 774 1266 odor
802 1214 916 1267 vita:
940 1216 991 1267 in
1019 1214 1188 1267 vitam.
1220 1214 1367 1269 Unus
1392 1215 1523 1269 odor
1553 1214 1818 1282 quomodo
1842 1223 1895 1268 et
1925 1215 2084 1267 vitam

520 1314 573 1357 et
618 1313 841 1359 mortem
870 1305 1077 1371 confert
1102 1307 1125 1359 τ
1177 1306 1316 1360 sicut
1344 1307 1482 1360 enim
1510 1306 1637 1359 solis
1667 1316 1913 1374 aspectus
1942 1308 2087 1360 sanis

522 1398 687 1452 oculis
714 1399 1030 1464 claritatem,
1076 1399 1416 1467 lippientibus
1447 1398 1599 1451 aﬂct‘l
1633 1398 1925 1452 ezecltatem
1959 1414 1971 1461 ;
2018 1399 2086 1450 ita

522 1485 769 1540 doetrina
802 1485 997 1540 Christi
1027 1486 1395 1541 obedientibus
1425 1478 1571 1549 vita,
1600 1485 2088 1540 contradicentibus

522 1590 665 1629 mors
692 1583 794 1629 est.
827 1574 957 1630 Item
989 1575 1141 1629 aliter
1176 1592 1188 1628 :
1221 1573 1365 1629 Odor
1407 1575 1576 1628 bonus
1604 1573 1862 1644 baptisma
1893 1574 2089 1628 Christi

520 1674 631 1720 est:
653 1665 742 1735 qui
774 1666 873 1719 hoc
902 1665 954 1719 in
983 1665 1215 1719 Ecclesia
1240 1664 1499 1719 catholica
1524 1664 1735 1732 accipit,
1763 1662 1902 1717 bono
1924 1662 2090 1718 odore

522 1757 678 1811 vivit:
711 1756 798 1824 qui
823 1755 873 1808 in
899 1754 1107 1820 hteresi,
1140 1753 1279 1808 bono
1302 1752 1464 1807 odore
1486 1754 1725 1807 moritur.
1754 1753 1881 1805 ltem
1902 1752 2084 1805 aliter:

524 1846 725 1899 Amasti
757 1846 893 1899 bene
922 1854 1187 1915 agentem,
1239 1844 1414 1898 vixisti
1463 1844 1601 1899 bono
1642 1844 1850 1908 odore;
1884 1843 2090 1898 invides

522 1946 573 1989 et
602 1936 836 1990 detrahis
861 1936 997 1991 bene
1021 1936 1219 2006 agenti,
1252 1946 1490 1992 mortuus
1518 1953 1577 1992 es
1608 1938 1746 1992 bono
1776 1937 1964 1994 odme.
2022 1938 2091 1992 Et

522 2028 589 2080 ad
619 2028 724 2081 Itazc
747 2027 859 2095 quis
885 2037 987 2082 tam
1009 2028 1221 2083 idoneus
1244 2030 1269 2082 τ’
1311 2028 1439 2095 Quis
1469 2044 1560 2097 per
1586 2043 1666 2092 se,
1698 2039 1788 2083 aut
1818 2029 1931 2084 suis
1959 2030 2090 2084 viri-

524 2120 640 2180 bus,
689 2117 790 2172 nisi
831 2116 923 2171 illo
955 2116 1249 2186 inspirante
1281 2128 1334 2171 et
1363 2118 1614 2181 donante,
1670 2118 1787 2173 sine
1815 2133 1922 2187 quo
1954 2118 2089 2173 nihil

522 2220 803 2272 possumus
831 2205 855 2258 2
910 2219 1030 2259 nam
1056 2206 1176 2275 quis
1208 2205 1307 2261 hoc
1336 2205 1771 2275 comprehendat,
1825 2208 2093 2272 quomodo

521 2296 691 2364 gratia
718 2295 813 2350 Dei
840 2295 976 2350 alios
1016 2296 1187 2351 salvat
1214 2305 1268 2351 et
1296 2296 1428 2351 alios
1454 2298 1760 2367 relinquat?
1805 2296 1927 2351 Non
1957 2300 2091 2352 enim

522 2403 694 2439 sumus
715 2387 843 2440 sicut
872 2387 1104 2457 plurimi,
1150 2388 1493 2442 adulterantes
1517 2388 1720 2441 verbum
1754 2387 1866 2453 Dei,
1914 2391 2002 2443 sed
2031 2406 2092 2443 ca:

521 2479 827 2534 sinceritate.
852 2477 1335 2549 Pseudoapostolos
1381 2489 1543 2543 taxat,
1567 2478 1855 2534 humanum
1874 2495 2090 2534 sensum

523 2572 713 2625 divinae
744 2569 1105 2640 praedicatioui
1152 2570 1457 2638 miscentes,
1500 2571 1637 2626 sicut
1675 2572 1731 2625 in
1762 2570 1891 2626 Isaia
1919 2571 2086 2626 dicit:

524 2663 803 2733 Caupones
832 2664 903 2716 tui
937 2664 1161 2717 miscent
1193 2663 1313 2718 vino
1339 2679 1550 2733 aquam,
1604 2662 1656 2718 id
1680 2672 1783 2730 est,
1813 2678 1973 2718 mera:
1998 2663 2090 2718 do.

525 2754 708 2808 ctrina:
754 2751 1073 2807 adulationis
1116 2752 1273 2807 verba
1306 2754 1496 2823 quibus
1542 2755 1784 2810 homines
1834 2769 1938 2808 non
1984 2764 2090 2809 tam

524 2841 782 2897 ebrietate
803 2840 1061 2907 ferveant,
1085 2858 1243 2909 quam
1269 2842 1618 2919 delectatione
1650 2852 1941 2912 tepescant.
1977 2843 2092 2899 Sic-

524 2942 582 2984 ut
606 2947 669 2986 ea:
700 2932 804 2986 Deo
829 2947 1001 2985 caram
1032 2931 1158 2986 Deo.
1207 2932 1507 2998 Pracessit,
1537 2944 1590 2987 et
1622 2935 1847 2987 scientes
1880 2948 1976 2987 nos
2023 2935 2090 2989 ab

526 3022 641 3088 ipso
665 3036 841 3075 coram
875 3023 991 3090 ipso
1022 3022 1183 3089 loqui.
1238 3020 1300 3075 In
1333 3021 1530 3077 Christo
1558 3023 1832 3089 loquimur.
1876 3021 1931 3076 ln
1969 3039 2087 3092 per-

527 3128 656 3167 soiia
684 3114 902 3177 Christi,
935 3115 1072 3167 sicut
1103 3118 1211 3180 ipse
1233 3113 1430 3167 docuit.

597 3200 722 3255 Car.
751 3216 828 3259 Ill.
855 3200 982 3267 inci.
1005 3202 1132 3253 imus
1155 3202 1335 3253 iterum
1356 3203 1685 3274 nosmetipsos
1705 3202 2093 3257 commendare?

528 3303 614 3346 aut
644 3293 873 3362 nunquid
901 3308 1101 3363 egemus
1139 3293 1265 3346 sicut
1293 3294 1501 3361 quidam
1526 3295 1550 3348 ?
1590 3294 1703 3348 Non
1741 3303 1798 3348 ut
1824 3310 2095 3349 commen-

528 3384 717 3440 ttetnur
747 3383 917 3447 vobis,
955 3383 1227 3437 laudamus
1256 3398 1372 3451 nos,
1410 3385 1503 3439 sed
1537 3400 1604 3440 ne
1632 3386 1699 3440 ab
1725 3386 1844 3440 aliis
1872 3386 2095 3441 setluca-

470 3480 476 3489 '
529 3478 679 3541 mini,
734 3477 973 3547 cogimur
1004 3491 1300 3532 memorare
1342 3478 1474 3532 haec.
1527 3478 1960 3533 Commendatitiis
1989 3480 2096 3547 epi-

527 3569 669 3622 stolis
710 3568 775 3621 ad
814 3584 921 3634 vos,
972 3580 1059 3621 aut
1090 3584 1152 3622 ea:
1192 3570 1379 3623 vobis?
1424 3570 1569 3636 Quos
1612 3587 1715 3624 non
1757 3572 2094 3627 commendat

526 3662 691 3729 gratia
718 3662 993 3725 virtutum,
1022 3661 1143 3715 illos
1169 3661 1325 3729 digne
1353 3664 1729 3716 commendant
1753 3663 1945 3717 littera
1971 3666 2097 3717 ami-

526 3768 729 3807 corum.
766 3752 989 3822 Epistula
1018 3761 1193 3806 nostra
1215 3768 1299 3805 vos
1321 3754 1457 3827 estis.
1492 3753 1641 3807 Sicut
1663 3753 1714 3806 in
1740 3752 1909 3821 prima
1932 3753 2089 3807 dicit:

526 3842 863 3912 Signaculum
888 3844 1214 3910 apostolatus
1242 3844 1343 3896 mei
1372 3856 1465 3897 vos
1492 3843 1622 3897 estis
1648 3860 1659 3894 :
1691 3842 1911 3910 epistola
1950 3857 2095 3897 com-

528 3934 853 3989 mendatitia.
884 3932 1091 4001 Scripta
1111 3935 1164 3986 in
1184 3932 1420 3986 cordibus
1443 3933 1649 3986 nostris.
1681 3933 1733 3985 ln
1755 3931 2096 3987 conscientiis

532 4027 727 4079 nostris
757 4035 857 4089 est,
890 4040 988 4079 nos
1014 4024 1163 4079 vobis
1187 4024 1595 4093 praedicantibus
1624 4023 1936 4079 credidisse.
1971 4024 2097 4091 Qua:

527 4118 683 4170 scitur
726 4124 773 4170 et
824 4115 1011 4184 legitur
1051 4116 1114 4168 ab
1160 4115 1391 4169 omnibus
1430 4114 2093 4183 hominibus;manifestati.

525 4210 780 4264 Omnibus
806 4208 1145 4262 manifestum
1173 4216 1278 4267 est,
1305 4221 1399 4261 vos
1443 4206 1658 4261 Christo
1685 4220 1777 4275 per
1801 4215 1898 4261 no‘s
1927 4208 2097 4262 credi-

528 4302 690 4363 disse,
720 4300 1071 4354 confirmante
1117 4297 1410 4350 doctrinam
1443 4306 1678 4351 nostram
1722 4296 1951 4366 Sp‘ritu'
1974 4311 2097 4349 san-

529 4400 614 4442 cto
644 4403 736 4459 per
763 4388 982 4442 virtutes
1013 4403 1026 4441 :
1070 4387 1182 4441 sive
1211 4386 1334 4441 hinc
1363 4401 1487 4442 vere
1516 4387 1911 4457 coguoscemini
1940 4386 2094 4441 Chri-

531 4481 597 4534 sti
623 4493 763 4543 esse,
796 4480 931 4547 quod
949 4479 1064 4546 ejus
1084 4478 1337 4547 Spiritum
1362 4481 1662 4548 accepistis.
1699 4479 1951 4543 Quoniam
1977 4481 2086 4545 epi-
2121 4470 2169 4530 D

529 4572 663 4626 stola
704 4572 820 4625 estis
853 4569 1063 4634 Christi,
1097 4571 1383 4624 ministrata
1414 4589 1444 4623 a
1471 4572 1635 4636 nobis,
1664 4579 1710 4625 et
1735 4571 1945 4640 scripta,
1991 4586 2095 4625 non

529 4670 832 4731 atramento,
861 4664 951 4717 sed
976 4661 1176 4730 Spiritu
1214 4659 1305 4716 Dei
1342 4662 1458 4722 vivi.
1490 4660 1763 4717 Itivlsibili.
1791 4662 1911 4736 Non
1937 4665 1987 4716 in
2017 4672 2096 4716 ta-

527 4757 655 4810 bulis
682 4754 917 4823 lapideis.
960 4753 1128 4809 Judaei
1166 4752 1219 4807 in
1250 4752 1381 4808 dura
1413 4753 1632 4807 materia
1669 4752 1839 4821 legem
1870 4768 2093 4821 accepe-

530 4856 674 4912 runt,
705 4846 1037 4917 significante
1084 4842 1333 4901 duritiam
1389 4857 1616 4897 eorum:
1668 4842 1806 4897 sicut
1854 4846 2092 4900 velamen

530 4937 691 5006 Moysi
723 4936 1037 4991 ostendebat
1087 4934 1327 4988 velamen
1370 4934 1546 4988 cordis
1587 4948 1793 4987 eorum.
1841 4936 2090 5001 Quamvis

527 5038 581 5087 et
631 5044 727 5081 nos
784 5030 949 5098 legem
997 5028 1189 5081 Christi
1242 5027 1490 5095 scriptam
1552 5025 1882 5090 habeamus,
1916 5036 2093 5079 tamen

532 5118 701 5182 primo
730 5133 831 5172 non
863 5120 1005 5186 quasi
1036 5120 1302 5183 absentes,
1324 5117 1415 5172 sed
1445 5126 1735 5185 praesentes
1761 5116 1971 5186 scriptis
2000 5126 2085 5169 ta-

530 5207 667 5261 bulis
693 5208 854 5261 corde
886 5220 1067 5262 nostro
1101 5210 1301 5262 Domini
1331 5208 1489 5262 verba
1513 5222 1633 5263 susc
1658 5208 1871 5277 pimus:
1917 5208 2094 5262 Evan-

529 5298 668 5367 gelia
722 5312 846 5352 vero
893 5312 959 5366 po
993 5298 1223 5351 tmodum
1273 5307 1489 5366 promer
1535 5300 1843 5353 memoriam
1896 5297 2091 5367 scripta

526 5404 653 5443 sunt
682 5401 1037 5457 poserorum.
1073 5386 1200 5440 llinc
1228 5389 1332 5455 iam
1357 5388 1705 5442 differentiam
1736 5386 1936 5442 inducit
1962 5389 2093 5457 legis

527 5493 577 5535 et
604 5482 806 5546 grati-.12.
841 5480 944 5537 Sed
973 5480 1023 5533 in
1054 5480 1235 5532 tabulis
1264 5480 1429 5532 cordis
1455 5479 1766 5534 carnalibus.
1798 5480 1897 5535 Ubi
1921 5489 2004 5533 est
2028 5480 2091 5532 fi-

528 5571 623 5624 des
651 5584 704 5623 et
728 5572 895 5638 gratia
920 5569 1167 5638 Spiritus.
1192 5569 1312 5623 Vult
1335 5569 1615 5624 ostendere
1642 5570 1798 5624 nobis
1838 5570 1957 5638 plus
1987 5571 2097 5644 col-

534 5662 717 5725 latum,
766 5662 855 5728 qui
912 5660 1075 5729 legem
1110 5659 1161 5713 in
1193 5659 1355 5713 corde
1401 5658 1720 5727 accepimus.
1773 5658 1829 5715 Si
1860 5673 1987 5726 ergo
2019 5659 2092 5715 illi

1613 278 1902 369 PillMdSll
1942 280 2385 336 AllllUME'IANl
2429 284 2632 339 EPISC.

3544 300 3620 355 560

2112 402 2155 459 Λ
2187 400 2577 454 inexcusabilis
2624 400 2829 455 fuerunt
2862 400 2943 469 qui
2986 400 3289 458 extrin‘ecus
3327 406 3467 474 legem
3505 409 3624 464 halic-

2183 488 2332 553 bant,
2352 500 2551 558 quanto
2584 492 2751 559 mag's
2793 505 2886 543 nos
2913 490 2995 561 qui
3041 491 3185 544 verba
3228 509 3284 547 ex
3313 508 3392 550 ore
3416 495 3568 554 Christi
3589 504 3625 557 in

2183 579 2340 633 corde
2379 582 2743 649 suscepimus!
2796 578 3057 633 Fiduciam
3078 592 3232 635 autem
3279 585 3409 638 talem
3434 587 3628 645 habemus.

2184 665 2524 733 Quiascimus
2551 683 2645 722 vos
2672 683 2765 736 per
2792 683 2888 721 nos
2915 666 3117 722 Christo
3160 671 3431 740 credidisse,
3457 676 3522 730 vel
3543 680 3631 745 quia

2185 772 2281 813 nos
2305 774 2407 811 non
2434 760 2657 813 humana
2685 761 2925 828 epistola,
2958 762 3046 815 sed
3075 762 3157 816 Dei
3187 764 3334 832 gratia
3354 768 3632 826 commendat.

2188 847 2290 902 Per
2318 847 2575 903 Christum
2603 851 2670 903 ad
2712 849 2893 903 Deum.
2936 851 3045 905 Non
3076 866 3163 920 νοτ
3191 867 3297 916 nos,
3326 855 3403 923 qui
3439 856 3529 910 sine
3552 858 3636 926 ipso

2187 939 2316 992 nihil
2347 954 2550 995 sumus.
2578 938 2628 992 Ν
2633 956 2696 993 an
2719 941 2853 1007 quod
2892 941 3177 1009 sufﬁcientes
3214 928 3353 996 simus
3376 946 3553 1014 cogitare
3568 949 3639 1000 ali-

2186 1031 2327 1097 quid.
2370 1028 2424 1083 Si
2471 1044 2567 1083 nec
2606 1030 2860 1098 cogitare,
2890 1040 3082 1098 quanto
3108 1032 3233 1099 magi
3285 1032 3640 1091 facerelsicotet

2190 1120 2441 1173 Dominus
2472 1120 2597 1175 dicit
2644 1124 2694 1174 in
2730 1123 3011 1192 Evangelia
3042 1137 3056 1174 :
3085 1124 3202 1179 Sino
3230 1140 3307 1179 me
3347 1126 3456 1179 nihil
3481 1138 3573 1194 pote
3596 1130 3643 1183 tis

2192 1212 2383 1263 facere.
2418 1211 2549 1264 l’linc
2574 1226 2957 1279 cognoscamus
2984 1203 3118 1281 quia
3149 1228 3235 1279 per
3256 1229 3340 1267 nos
3357 1215 3466 1268 nihil
3491 1232 3642 1283 sumus,

2190 1299 2287 1352 nisi
2343 1299 2551 1352 Domini
2601 1289 2968 1354 mi:ericordia
3018 1314 3068 1355 et
3107 1304 3263 1369 gratia
3307 1306 3646 1371 regamtir.Vult

2190 1405 2316 1461 ergo
2347 1392 2628 1445 ostendere
2676 1391 2808 1445 nihil
2840 1406 2935 1447 sua
2977 1392 3163 1447 virtute
3189 1394 3262 1446 vel
3289 1393 3646 1462 prudentiasels-
3702 1440 3707 1461 ε

2190 1495 2333 1545 cere,
2365 1496 2486 1535 cum
2517 1481 2700 1550 utique
2734 1482 2911 1552 pauci,
2941 1483 2983 1536 si
3015 1496 3115 1537 non
3143 1482 3224 1537 Dei
3250 1485 3419 1550 gratia,
3446 1499 3646 1554 nunquam

2193 1583 2359 1627 totum
2385 1573 2642 1627 mundum
2684 1574 2891 1628 salvare
2931 1573 3233 1642 potuissent.
3264 1573 3375 1627 Ideo
3407 1584 3549 1628 autem
3580 1575 3665 1639 hoc

2194 1662 2479 1731 praemisit,
2508 1663 2631 1732 quia
2668 1663 2911 1717 dicturus
2946 1672 3081 1730 erat,
3121 1672 3257 1716 tanto
3288 1662 3439 1731 majus
3477 1676 3525 1718 se
3544 1664 3648 1719 titini-

2122 1757 2165 1817 B
2191 1755 2416 1831 sterium
2456 1754 2759 1824 suscepisse
2784 1771 2943 1826 quam
2976 1756 3199 1825 Moyses,
3228 1764 3406 1823 quanto
3432 1756 3565 1823 majus
3593 1766 3650 1809 cst

2192 1844 2395 1899 Novum
2422 1845 2821 1901 Testamentum
2845 1862 2879 1898 a
2926 1846 3063 1914 lege,
3111 1860 3173 1899 ne
3202 1844 3318 1913 quid
3358 1845 3446 1899 sibi
3470 1859 3649 1913 arrogare

2192 1936 2461 1991 videretur
2488 1955 2502 1991 :
2530 1937 2667 2007 quod
2696 1938 2814 1993 ideo
2844 1938 3075 2003 dicebat,
3106 1949 3160 1992 ut
3188 1952 3276 1993 eos
3295 1946 3345 1992 et
3366 1952 3393 1991 a
3417 1937 3535 1991 falsis
3555 1952 3648 2005 apo-

2191 2027 2341 2081 stolis
2361 2037 2655 2095 revocaret,
2673 2038 2724 2083 et
2747 2043 2812 2083 ne
2828 2028 2991 2097 aliqui
3012 2029 3025 2079 l
3044 2029 3183 2082 meri
3197 2030 3238 2081 is
3261 2028 3360 2081 suis
3385 2027 3646 2080 ascriberent.

2192 2117 2233 2168 Α
2255 2116 2397 2170 nobis
2425 2118 2570 2186 quasi
2594 2134 2657 2171 ex
2686 2118 2863 2182 nobis;
2894 2118 2983 2172 sed
3008 2118 3291 2188 suﬁcientia
3330 2125 3477 2170 nostra
3498 2132 3547 2170 es
3581 2115 3651 2168 Dea

2193 2223 2283 2267 est.
2309 2200 2468 2281 Quasi
2496 2223 2671 2268 nostra
2701 2216 2987 2284 sapientia,
3007 2217 3310 2282 velvirtute,
3335 2224 3382 2269 ut
3399 2214 3653 2267 nihilviribus

2191 2305 2303 2359 suis
2340 2305 2559 2374 deputet
2612 2306 2838 2360 humana
2886 2307 3162 2375 fragilitas.
3190 2305 3284 2372 Qui
3328 2313 3368 2357 et
3401 2304 3566 2357 idoneos
3597 2317 3657 2353 nos

2193 2395 2309 2463 fecit
2353 2398 2609 2450 ministros
2654 2397 2785 2450 Novi
2829 2397 3165 2452 Testamenti.
3196 2396 3266 2449 Ad
3296 2395 3387 2450 hoc
3413 2393 3654 2461 implendum

2195 2487 2414 2543 idoneos
2453 2501 2550 2541 nos
2581 2488 2723 2542 fecit.
2760 2487 2879 2540 Non
2909 2487 3102 2550 littera,
3132 2487 3217 2539 sed
3246 2486 3431 2555 spiritu.
3458 2482 3549 2538 Non
3572 2482 3658 2549 legis

2196 2578 2369 2633 littera
2398 2620 2411 2643 ,
2470 2578 2564 2633 sed
2618 2578 2930 2646 spiritalium
2989 2588 3375 2648 praeceptorum.
3417 2575 3505 2629 Nec
3541 2574 3660 2626 littera

2195 2671 2389 2724 malum
2428 2679 2540 2737 est,
2574 2672 2697 2739 quia
2734 2671 2924 2725 occidit
2970 2688 2984 2725 :
3026 2670 3117 2726 sed
3147 2669 3263 2723 mali
3290 2678 3400 2722 sunt
3428 2680 3535 2735 quos
3564 2679 3661 2731 pra:-

2194 2761 2517 2815 varicatione
2554 2762 2822 2817 convincit
2855 2779 2867 2814 :
2901 2763 3124 2817 aculeus
3154 2762 3288 2816 enim
3319 2762 3503 2824 mortis,
3529 2769 3663 2824 perca-

2197 2860 2339 2916 tum;
2372 2853 2542 2905 virtus
2567 2860 2745 2905 autem
2778 2854 3016 2919 peccati.
3052 2853 3135 2906 lex
3167 2868 3179 2905 :
3212 2842 3357 2921 auget
3381 2847 3545 2918 peccati
3566 2844 3667 2899 desi-

2193 2942 2360 3005 deria,
2386 2952 2439 2996 et
2469 2942 2591 2995 inde
2614 2942 2837 3007 occidit;
2864 2942 2947 2995 lex
2974 2943 3117 2997 enim
3147 2942 3256 2997 sola
3277 2941 3433 2995 littera
3450 2947 3515 2993 est
3533 2939 3591 2991 eis
3605 2937 3665 3003 qui

2194 3047 2310 3084 eam
2357 3034 2532 3102 legere
2565 3042 2825 3086 noverunt
2862 3041 2918 3086 et
2946 3032 3172 3101 implere
3211 3016 3309 3086 noii
3337 3040 3523 3100 possunt
3551 3039 3668 3095 :qtm

2123 3110 2166 3171 C
2201 3135 2301 3176 non
2342 3130 2424 3174 est
2458 3118 2691 3189 adiutrix
2732 3120 3022 3190 legentium
3043 3165 3059 3188 ,
3102 3122 3194 3176 sed
3227 3121 3365 3175 testis
3392 3117 3668 3188 peccantium,

2195 3226 2313 3280 qua:
2345 3210 2625 3265 mortificat
2658 3220 2994 3280 peccatores.
3027 3212 3286 3267 Cancrum
3313 3211 3414 3279 ipse
3438 3204 3669 3262 dixit:l.et

2196 3309 2380 3355 sancta
2404 3341 2417 3364 ,
2446 3307 2501 3354 et
2530 3298 2838 3354 mandatum
2867 3312 3139 3356 sanctum.
3161 3299 3267 3356 Cur
3293 3313 3410 3368 ergo
3428 3294 3673 3351 ministratio

2195 3393 2379 3447 mortis
2420 3393 2632 3457 dicitur,
2673 3391 2717 3446 si
2755 3393 2893 3447 bona
2935 3404 3022 3448 est
3067 3393 3188 3448 lex?
3225 3392 3326 3447 Nec
3354 3389 3555 3450 mireris,
3584 3397 3674 3440 cun

2194 3485 2352 3538 etiam
2388 3484 2454 3537 de
2486 3485 2865 3552 praedicatione
2895 3485 3177 3555 Evangelii
3202 3484 3389 3539 dictum
3417 3484 3507 3535 sit:
3533 3474 3676 3532 Clirisi

2195 3572 2365 3627 bonus
2396 3574 2530 3628 odor
2553 3589 2739 3629 sumus
2763 3576 2870 3630 Deo
2892 3614 2906 3639 ,
2948 3579 3004 3630 in
3037 3578 3121 3630 bis
3150 3576 3238 3646 qui
3271 3575 3390 3628 salvi
3413 3571 3544 3631 fiunt,
3568 3577 3611 3622 et
3641 3568 3677 3616 in

2197 3663 2277 3717 his
2297 3665 2387 3734 qui
2410 3674 2652 3733 pereunt,
2679 3676 2731 3719 et
2752 3666 2981 3736 reliqua.
3008 3667 3088 3721 Ad
3117 3666 3326 3721 Judaaos
3352 3666 3477 3719 enim
3495 3661 3604 3714 dicta
3624 3667 3681 3710 est

2196 3754 2278 3809 les
2311 3755 2629 3811 ministratio
2657 3758 2873 3822 mortis,
2911 3758 2977 3811 ad
3005 3773 3139 3828 quos
3178 3767 3232 3813 et
3259 3759 3310 3812 in
3333 3752 3512 3823 lapides
3534 3750 3681 3815 scripti

2194 3855 2306 3910 est,
2338 3847 2402 3902 ad
2430 3862 2614 3903 eorum
2647 3849 2893 3904 duritiam
2927 3850 3260 3921 figurandam
3294 3868 3307 3903 :
3335 3864 3428 3903 non
3450 3845 3506 3900 ad
3529 3857 3602 3898 eos
3621 3840 3683 3908 qui

2196 3937 2364 4007 legem
2394 3952 2488 4006 per
2509 3938 2825 3994 charitatem
2855 3940 3103 4011 implent.
3131 3941 3245 4011 Ipsa
3267 3940 3398 3995 cnim
3427 3938 3516 3997 lex,
3539 3946 3629 4001 (11³³³
3646 3928 3682 3980 in

2198 4028 2392 4083 litteris
2419 4039 2500 4082 cst
2526 4029 2748 4099 figurata
2778 4029 3036 4099 lapideis,
3071 4032 3202 4086 dicit
3228 4049 3239 4084 :
3270 4030 3377 4084 Non
3405 4018 3683 4080 adulteraliis.

2201 4135 2309 4174 non
2345 4119 2697 4175 nimcliaberis
2718 4162 2731 4184 ,
2770 4130 2826 4175 et
2863 4121 3090 4191 reliqua.
3121 4120 3327 4177 Occidit
3360 4127 3517 4173 autem
3547 4124 3684 4181 pem:

2200 4220 2374 4277 tores,
2405 4226 2526 4266 cum
2555 4211 3038 4280 transgrediuntur.
3071 4211 3346 4279 Quomodo
3373 4223 3489 4278 ergo
3519 4206 3589 4261 les
3610 4198 3687 4267 spi-

2197 4302 2404 4356 ritalis?
2430 4301 2654 4367 Quidam
2688 4311 2874 4370 putant
2901 4303 3044 4369 quod
3072 4303 3263 4357 littera:
3290 4302 3557 4354 intellectus
3587 4287 3689 4347 ord-

2199 4393 2277 4446 dit
2311 4410 2322 4445 :
2360 4407 2464 4447 non
2492 4392 2641 4447 iutell
2664 4402 2851 4460 gentes
2886 4395 3010 4462 quia
3041 4408 3141 4448 nec
3171 4393 3361 4461 ubique
3389 4385 3692 4447 historis,nec

2199 4485 2393 4554 ubique
2421 4486 2586 4553 possit
2606 4484 2854 4553 allegoria
2883 4485 3112 4539 servari.
3137 4484 3267 4538 Nam
3294 4491 3411 4536 sunt
3436 4470 3689 4547 quaedamin

2198 4574 2363 4644 figura
2413 4575 2574 4629 dicta.
2625 4574 2679 4630 Si
2724 4587 3051 4644 praeceptum
3095 4575 3318 4630 velimus
3364 4572 3413 4627 in
3447 4563 3691 4636 allegoriam

2199 4675 2429 4733 vertere,
2461 4680 2673 4721 omnem
2706 4680 2890 4721 eorum
2914 4683 3238 4722 enervamus
3266 4668 3515 4727 virtutem,
3540 4669 3585 4713 et
3604 4669 3693 4721 θρεο

2198 4755 2333 4810 ritur
2356 4757 2515 4825 janua
2545 4756 2907 4825 delinquendi.
2934 4757 3131 4811 Littera
3155 4760 3287 4813 enim
3311 4756 3483 4811 occidit
3502 4768 3516 4805 :
3535 4748 3693 4817 spiritu

2197 4858 2367 4901 autem
2402 4847 2637 4914 viviﬁcat.
2686 4847 2815 4901 Dum
2856 4851 3143 4903 credentes
3182 4848 3333 4913 facit,
3379 4856 3430 4899 et
3464 4836 3693 4910 Spiritaiem

2202 4937 2524 4990 intellectum
2565 4936 2823 5002 infundit,
2872 4946 2929 4991 ut
2968 4948 3275 5006 opportune
3314 4941 3603 5001 unaquaeque
3632 4932 3694 4975 r6

2205 5027 2549 5096 intelligatur.
2585 5029 2732 5093 Quod
2774 5030 2819 5081 si
2848 5029 3160 5082 ministratio
3188 5028 3355 5081 mortis
3388 5022 3545 5077 litteris
3570 5017 3695 5081 M0"
3727 5044 3743 5057 λη

2201 5128 2338 5171 mata
2366 5121 2418 5171 in
2468 5120 2745 5187 lapidibus,
2789 5120 2886 5189 fuit
2925 5121 2976 5171 in
3016 5121 3203 5187 gloria.
3237 5110 3623 5177 lnsensibilibtls,
3654 5107 3694 5153 ιιι

2201 5212 2330 5265 dura
2352 5210 2509 5266 corda
2534 5210 2876 5265 merebantur
2898 5209 3227 5265 Judceorum.
3249 5208 3332 5262 Ita
3355 5218 3403 5259 ut
3430 5219 3517 5257 non
3543 5198 3693 5265 posse“

2203 5304 2298 5371 ﬁlii
2329 5300 2492 5354 Israel
2520 5300 2780 5355 intendere
2806 5302 2857 5352 in
2888 5299 3072 5368 faciem
3104 5297 3295 5368 Moysi,
3325 5300 3510 5366 propter
3531 5282 3692 5371 gloriam

2201 5369 2365 5445 uultus
2395 5392 2527 5460 ejus.
2561 5388 2757 5443 Contra
2788 5389 3108 5442 Manichaeos
3136 5403 3148 5439 :
3189 5397 3443 5452 nunquam
3467 5369 3691 5444 Apostolus

2203 5480 2374 5548 possit
2388 5479 2654 5532 contraria
2672 5492 3002 5545 comparare,
3031 5491 3133 5530 nec
3157 5476 3411 5529 minorem
3428 5480 3557 5523 suam
3576 5468 3689 5529 (1³⁸⁸⁸⁸

2200 5571 2365 5641 Moysi
2378 5571 2598 5639 gloriam
2630 5571 2948 5639 pradicare,
2975 5568 3079 5623 nisi
3104 5554 3227 5637 quia
3248 5554 3386 5622 idem
3403 5564 3529 5617 Deus
3543 5552 3689 5645 utrius-

2200 5639 2303 5729 que
2330 5660 2659 5715 'l'estamenti
2707 5670 2790 5715 est
2818 5661 3091 5715 conditor.
3146 5659 3274 5722 ρυω
3320 5657 3577 5707 evacuatur.
3604 5639 3697 5704 Qui!
