3910 6174
339 325 439 380 561

1116 327 1183 383 IN
1224 329 1602 386 EPlSTOLAM
1642 328 1680 383 ll
1722 329 1814 384 AD
1851 330 2252 390 (ZORINTIIIOS
2290 335 2807 392 COMMENTARIA.

3483 339 3586 393 562

337 434 566 489 visibilis
587 432 752 504 gloria
776 442 1070 488 evacuatur
1099 449 1190 503 per
1213 436 1436 504 gloriam
1468 436 1740 502 Esangelii
1774 452 1783 486 ε
1816 436 1911 489 sed
1943 442 1988 497 Α
2020 437 2257 494 nitimur.
2283 444 2322 495 Α
2348 445 2593 499 claritate.
2628 448 2669 500 A
2692 447 2856 515 gloria
2888 451 3160 515 praesenti,
3184 466 3302 521 quae
3332 467 3438 507 non
3469 455 3583 507 lini-

338 531 410 579 lta
434 536 721 579 evacuatur
751 536 809 578 ut
831 527 1099 590 proliciat.
1131 527 1270 579 sicut
1299 526 1516 580 infantia
1543 535 1831 580 evacuatur
1861 526 1910 577 in

331 617 645 684 iuventute,
667 625 722 670 et
743 628 924 669 semen
951 614 1002 668 in
1032 614 1203 668 fructu
1230 616 1457 670 :.melior
1477 616 1688 684 quidem
1714 617 1914 668 fructus

333 707 569 773 setniue,
608 708 703 761 sed
731 722 1001 776 nunquam
1050 708 1168 761 sine
1193 709 1397 763 semine
1428 708 1657 772 fructus;
1707 718 1761 763 et
1808 724 1911 760 non

337 798 499 866 perit,
532 797 626 853 sed
656 799 1038 869 multiplicatur
1062 813 1245 854 semen
1273 801 1325 854 in
1358 796 1553 871 fructu,
1577 801 1655 854 sic
1687 816 1913 856 evacua-

338 898 452 955 tur,
475 889 614 942 sicut
642 888 758 958 ipse
776 889 905 943 dicit
932 892 985 943 in
1015 891 1179 958 prima
1199 890 1531 959 prophetiam
1550 899 1605 947 et
1630 892 1910 946 scientiam

335 980 721 1045 destruendus,
751 980 973 1035 dicens:
1008 980 1141 1039 Cum
1190 980 1394 1036 venerit
1435 982 1575 1050 quod
1619 981 1910 1050 perlectum

332 1081 456 1136 est,
504 1073 847 1129 evacuabitur
874 1074 1017 1143 quod
1047 1090 1111 1127 ex
1153 1083 1304 1143 parte
1342 1083 1446 1130 est.
1498 1074 1765 1140 Quomodo
1809 1091 1912 1129 non

337 1168 503 1239 magis
522 1168 830 1222 ministratio
843 1168 1087 1239 Spiritus.
1107 1169 1253 1224 Sicut
1274 1169 1416 1224 enim
1440 1169 1628 1237 injuria
1650 1170 1708 1224 lit
1727 1170 1910 1225 Veteri

335 1257 708 1322 Testamento,
732 1258 777 1311 si
806 1256 1016 1312 dicatur
1046 1273 1152 1313 non
1183 1260 1250 1312 ab
1274 1259 1463 1314 eodem
1503 1259 1613 1314 Deo
1637 1261 1910 1315 conditum

334 1362 368 1402 a
388 1362 496 1416 quo
523 1347 726 1402 Novum
752 1389 768 1415 ,
797 1347 867 1402 ita
892 1347 1040 1403 Novo
1064 1349 1120 1402 lit
1141 1349 1329 1419 injuria
1362 1351 1404 1404 si
1432 1349 1610 1405 Veteri
1631 1366 1909 1420 compara-

338 1448 448 1491 tur.
482 1436 596 1491 Erit
626 1438 679 1491 in
701 1438 904 1508 gloria?
934 1438 1149 1505 Nostra,
1181 1455 1299 1509 quae
1320 1454 1425 1494 non
1447 1450 1757 1507 evacuatur,
1787 1442 1909 1511 quia

338 1530 576 1599 perfecta
607 1539 709 1584 est.
737 1530 875 1584 Nam
910 1532 955 1585 si
983 1548 1047 1585 ea:
1068 1532 1349 1587 ministerio
1378 1533 1718 1587 damnationis
1746 1534 1912 1604 gloria

335 1631 435 1675 est.
489 1621 751 1690 Exposuit
792 1622 1240 1677 ministrationem
1287 1623 1494 1679 mortis.
1527 1623 1692 1677 Multo
1749 1627 1911 1696 magis

332 1713 563 1768 abundat
609 1715 949 1769 ministerium
990 1715 1211 1786 justitite
1250 1717 1304 1770 in
1330 1716 1515 1787 gloria.
1567 1717 1679 1784 Qua
1706 1716 1910 1786 iustitia

2015 540 2119 592 tur,
2144 534 2234 585 sed
2268 534 2474 600 prolicit
2496 536 2558 587 ad
2590 535 2839 589 futuram.
2871 536 2935 589 In
2953 540 3253 609 claritatem,
3285 550 3525 613 tanquam
3553 559 3587 597 α

2016 624 2224 680 Domini
2248 628 2464 695 Spiritu.
2499 631 2678 686 Gloria
2712 632 2763 685 iu
2792 632 3037 700 gloriam.

2083 714 2209 770 Car.
2244 734 2314 772 tv.
2350 719 2474 773 Ideo
2514 722 2749 775 habentes
2788 724 2918 774 hanc
2962 723 3394 778 ministrationem.
3443 726 3580 794 Apo-

2014 808 2257 863 szolatus.
2284 810 2444 865 Juxta
2471 813 2607 879 quod
2640 813 3044 865 miscricordiam
3092 816 3341 867 consecuti
3387 831 3579 871 sumus.

2014 900 2149 967 Quia
2198 917 2288 969 per
2326 917 2426 955 nos
2469 904 2644 958 idonei
2695 912 2840 956 tanto
2876 903 3173 958 ministerio
3204 919 3308 959 non
3336 920 3578 970 eramus,

2015 992 2435 1046 misericordiam
2463 992 2628 1056 illius,
2663 1008 2781 1060 qua:
2814 1008 2910 1047 nos
2939 994 3224 1061 przct'eiiit,
3253 993 3449 1063 jugiter
3481 996 3581 1048 im-

2015 1082 2306 1150 ploramus.
2336 1081 2457 1136 Non
2497 1083 2596 1150 deli
2626 1084 2781 1137 imus.
2816 1082 2929 1136 Non
2955 1082 3230 1138 deﬁcimus
3259 1084 3315 1137 in
3334 1084 3582 1138 omnibus

2014 1171 2464 1227 tribulaiionibus.
2497 1172 2602 1227 Sed
2628 1172 2920 1225 abdicamus
2943 1174 3142 1225 occulta
3170 1173 3450 1239 dedecoris,
3482 1191 3584 1226 non

2013 1264 2328 1318 ambulantes
2359 1265 2411 1317 in
2447 1266 2655 1318 astutia.
2685 1263 2785 1318 Per
2813 1267 3036 1333 gratiam
3081 1265 3173 1319 Dei
3205 1266 3481 1335 abjicitnus
3517 1270 3585 1321 ab

2014 1355 2319 1413 hominibus
2351 1356 2557 1410 occulta
2595 1356 2862 1409 vitiorum.
2896 1356 3131 1411 Dedecus
3150 1367 3235 1411 est
3262 1358 3401 1411 enim
3425 1359 3583 1412 Chri-

2013 1446 2209 1510 stiano,
2233 1447 2559 1502 dedecorose
2581 1448 2783 1500 vivere.
2816 1445 2881 1500 Νι
2897 1463 2991 1516 que
3009 1446 3354 1501 adulterantes
3380 1449 3582 1503 vcrbum

2018 1536 2130 1589 Dei.
2155 1536 2307 1591 Sicut
2334 1536 2410 1590 illi
2433 1538 2523 1605 qui
2560 1537 2835 1592 laetiﬁcant
2866 1537 3108 1590 homines
3132 1537 3292 1591 verbo
3314 1539 3440 1603 Dei,
3470 1554 3583 1593 scr-

2013 1638 2224 1679 monem
2267 1626 2427 1681 vilem
2464 1627 2784 1695 admiscent,
2816 1635 2869 1680 et
2896 1642 2989 1695 per
3017 1636 3210 1681 terram
3244 1637 3460 1695 repunt,
3489 1644 3585 1683 ex-

2011 1715 2250 1770 cusando
2278 1725 2493 1785 peccata
2530 1732 2623 1785 per
2646 1718 3025 1772 adulationem.
3061 1718 3166 1773 Sed
3195 1721 3245 1771 in
3288 1721 3583 1787 manifesta-

332 1806 592 1872 justiﬁeat
646 1806 846 1876 gratis,
887 1807 971 1860 vel
1007 1813 1282 1875 exspectat
1309 1807 1375 1861 ad
1408 1807 1798 1876 ptenitentiam.
1844 1807 1904 1861 lit
1936 1800 1983 1861 Β
2008 1807 2143 1860 tione
2178 1808 2433 1873 veritatis,
2461 1810 2868 1863 commendantes
2908 1800 3239 1878 nosmetipsos
3274 1814 3341 1864 ad
3384 1828 3583 1867 omnem

336 1897 502 1965 gloria
528 1906 752 1951 aeterna.
793 1894 932 1949 Nam
961 1911 1049 1969 nec
1088 1897 1433 1969 gloriﬁcatum
1460 1907 1531 1952 est
1557 1900 1693 1969 quod
1725 1899 1912 1954 claruit

337 1990 388 2041 in
415 1988 513 2041 hac
535 1997 701 2056 parte,
726 1994 936 2057 propter
964 1966 1285 2041 eicellentem
1310 1988 1550 2057 gloriam.
1570 1966 1658 2044 γΑά
1685 2000 1909 2060 compa-

338 2078 600 2133 rationem
627 2078 811 2147 glorize
851 2078 1124 2147 Evangelii
1154 2078 1501 2132 obumbratur
1527 2079 1694 2150 gloria
1727 2081 1860 2151 legis
1890 2097 1907 2137 :

339 2166 484 2221 sicut
510 2176 633 2220 orto
658 2165 773 2220 sole
795 2166 974 2221 lumen
1007 2167 1243 2222 lucerna:
1288 2177 1542 2234 caecatur,
1573 2184 1691 2222 cum
1730 2178 1909 2224 tamen

336 2269 437 2310 suo
460 2264 704 2325 tempore
726 2271 976 2326 magnum
999 2256 1247 2311 videatur
1267 2257 1466 2313 habere
1488 2258 1766 2327 fulgorem.
1796 2259 1911 2315 Hoc

334 2345 574 2401 ostendit
600 2347 877 2414 Dominus,
907 2363 1026 2403 cum
1053 2349 1349 2404 ascendens
1383 2350 1436 2403 in
1470 2360 1705 2405 montem
1728 2351 1907 2416 solus,

335 2437 629 2506 splendore
656 2437 786 2492 solis
807 2438 1001 2493 dicitur
1024 2437 1266 2494 radiasse
1299 2455 1312 2491 :
1339 2453 1460 2495 cum
1492 2448 1668 2493 tamen
1697 2440 1907 2511 Moyses

334 2541 391 2585 et
423 2529 569 2584 Elias
596 2531 692 2584 visi
721 2530 774 2584 in
803 2530 966 2600 gloria
994 2529 1321 2595 referantur,
1356 2540 1410 2585 et
1440 2531 1559 2585 ideo
1592 2546 1693 2586 vox
1728 2531 1910 2587 Patris

337 2625 515 2692 ipsum
539 2622 651 2694 jam
678 2623 853 2677 solum
882 2623 1067 2685 audire
1096 2638 1196 2677 nos
1219 2624 1492 2693 przecepit.
1524 2623 1585 2679 Si
1608 2626 1744 2677 enim
1769 2626 1929 2695 quod.

333 2722 641 2779 evacuatur,
671 2731 763 2783 per
787 2714 1003 2786 gloriam
1027 2725 1124 2782 est,
1169 2716 1330 2769 multo
1359 2717 1519 2786 magis
1545 2717 1682 2786 quod
1709 2728 1907 2782 manet,

337 2807 395 2858 in
424 2806 587 2878 gloria
611 2815 706 2860 est.
733 2806 789 2860 Si
826 2806 1191 2861 evacuandum
1230 2820 1326 2875 per
1352 2806 1575 2876 gloriam
1615 2805 1796 2861 datum
1828 2816 1912 2863 est

336 2898 739 2952 Testamentum
761 2937 777 2963 ,
809 2897 1077 2967 quomodo
1106 2914 1212 2953 non
1240 2912 1464 2954 manens
1511 2899 1565 2953 in
1593 2899 1759 2967 gloria
1792 2900 1910 2954 est?

275 3054 284 3061 _
335 2989 600 3045 Habentes
619 2991 773 3061 igitur
795 2990 948 3044 talem
971 3006 1013 3056 s,
1034 3007 1132 3045 em.
1164 2990 1348 3045 Talem
1378 3006 1526 3060 spem
1557 2992 1727 3061 gloria
1746 3036 1761 3061 ,
1790 3008 1909 3062 qua

337 3096 442 3149 per
471 3080 628 3136 tidem
673 3080 1029 3139 ambulamus.
1072 3080 1239 3135 Multa
1277 3082 1471 3151 ﬁducia
1502 3085 1710 3137 utimur.
1754 3083 1809 3138 In
1841 3098 1911 3138 eo

2013 1898 2374 1953 conscientiam
2422 1900 2703 1955 hominum.
2747 1902 2849 1955 Sed
2882 1901 2951 1955 ita
2990 1902 3325 1956 manifestum
3357 1914 3435 1957 est
3468 1921 3583 1960 om-

2012 1990 2168 2045 nibus
2208 2007 2391 2047 verum
2436 2008 2562 2050 esse
2596 1995 2736 2063 quod
2786 1995 3045 2060 dicimus,
3091 2004 3148 2049 ut
3192 1998 3351 2050 etiam
3396 2012 3580 2052 eorum

2012 2085 2336 2139 conscientia
2380 2087 2740 2141 teStimonium
2780 2088 2934 2142 nobis
2982 2088 3285 2155 perhibent,
3318 2091 3407 2159 qui
3446 2091 3584 2144 resi-

2011 2180 2175 2227 stunt.
2191 2175 2374 2229 Coram
2391 2176 2515 2230 Deo.
2530 2176 2724 2232 Coram
2749 2178 2855 2232 Deo
2870 2180 2971 2234 hoc
2986 2178 3221 2242 lucinius.
3241 2194 3345 2233 non
3369 2189 3584 2248 propter

2013 2264 2261 2320 homines
2289 2284 2301 2318 :
2334 2268 2576 2335 quamvis
2607 2282 2670 2321 ex
2704 2267 2804 2322 hoc
2830 2269 2946 2335 ipso
2967 2279 3020 2323 et
3050 2268 3354 2323 hominibus
3375 2270 3584 2339 placea-

2011 2370 2150 2412 mus.
2189 2355 2335 2422 Quod
2362 2358 2407 2409 si
2438 2357 2588 2410 etiam
2614 2365 2844 2424 opertum
2875 2368 2946 2410 est
2976 2358 3305 2427 Erange'iurn
3330 2369 3577 2421 nostrum,

2009 2443 2064 2498 in
2085 2442 2163 2498 Itis
2183 2445 2265 2513 qui
2292 2454 2499 2512 pereunt
2524 2453 2596 2499 est
2624 2455 2873 2515 opertum.
2906 2446 3065 2513 Quasi
3093 2446 3289 2516 aliquis
3310 2447 3381 2500 illi
3411 2448 3580 2500 dixis-

2011 2542 2131 2587 set:
2160 2533 2264 2589 Sed
2296 2542 2525 2602 vestram
2554 2534 2986 2603 prxdicationem
3016 2552 3120 2590 non
3156 2552 3341 2591 omue‘
3379 2537 3580 2591 intell-

2010 2632 2161 2692 gunt.
2189 2624 2293 2677 Sed
2336 2623 2614 2692 infideles,
2667 2625 2857 2694 inquit,
2894 2626 2974 2680 vel
3007 2627 3433 2697 pseudoapostnli
3475 2645 3578 2682 non

2014 2713 2331 2782 intelligth
2364 2713 2495 2769 Nam
2518 2714 2802 2770 credentes
2835 2716 2941 2770 Deo
2966 2717 3235 2793 revelante
3258 2718 3577 2789 intelligunt.

2012 2804 2081 2859 In
2120 2805 2302 2874 quibus
2340 2804 2503 2861 Deus.
2554 2806 2609 2860 In
2659 2807 3140 2877 pseudoapostolis.
3191 2808 3368 2881 Hujus
3410 2813 3583 2865 sa'culi

2011 2897 2279 2971 exerccavit
2325 2906 2514 2950 mentes
2559 2896 2866 2965 inﬁdelium.
2908 2897 3087 2952 Potest
3114 2896 3193 2954 sic
3233 2899 3402 2968 accipi
3446 2900 3584 2955 Deus

2011 2988 2213 3054 saeculi,
2239 2986 2506 3056 qumnodo
2534 2988 2785 3057 princeps
2808 2988 2990 3044 mundi
3024 3005 3038 3044 :
3071 2988 3195 3058 quia
3242 2989 3356 3059 ipse
3385 2990 3487 3045 sibi
3527 2990 3586 3045 in

1965 3078 1971 3084 ’
2013 3077 2316 3133 inﬁdelibus
2336 3076 2566 3133 vindicat
2587 3078 2943 3148 principatum
2978 3098 2991 3132 :
3020 3080 3115 3134 sed
3146 3093 3361 3152 propter
3380 3084 3583 3137 calum-

333 3170 483 3238 quod
516 3169 736 3225 idoneos
761 3185 857 3225 nos
888 3171 1074 3225 iecerit
1102 3172 1259 3225 Deus.
1295 3170 1359 3225 Et
1386 3188 1487 3225 non
1524 3172 1655 3226 sicut
1704 3171 1906 3243 Moyses
1938 3162 1983 3227 (ἶ
2017 3170 2223 3225 niantes
2255 3172 2325 3225 ita
2365 3170 2812 3239 pronuntiandum
2860 3184 2943 3227 est
2976 3179 3035 3227 ut
3080 3172 3320 3228 dicamus
3344 3216 3358 3240 ,
3415 3174 3582 3228 Drum

331 3282 371 3334 p
410 3263 555 3317 nebat
582 3265 803 3318 velamen
833 3280 982 3334 super
1004 3266 1190 3334 faciem
1218 3280 1383 3319 suam.
1411 3264 1529 3320 Jam
1569 3279 1667 3319 nos
1695 3281 1799 3320 non
1830 3266 1911 3322 sic

336 3354 591 3419 facimus,
622 3355 746 3424 quia
789 3355 876 3411 hic
903 3370 1092 3411 omnes
1121 3355 1342 3425 gloriam
1373 3357 1559 3413 vident
1596 3356 1906 3414 Christiani.

339 3445 419 3501 Ut
446 3462 547 3500 non
588 3448 905 3503 intenderent
933 3447 1032 3517 ﬁlii
1076 3447 1243 3503 Israel
1271 3450 1323 3503 in
1352 3451 1534 3519 [aciem
1567 3450 1700 3521 ejus.
1733 3450 1910 3520 Usque

335 3536 413 3589 ad
452 3536 833 3593 revelationrm
873 3539 991 3609 ejus
1024 3556 1037 3591 :
1069 3539 1150 3595 sic
1185 3548 1238 3593 et
1280 3539 1366 3594 les
1411 3553 1517 3594 non
1567 3540 1905 3610 intelligitur,

333 3641 512 3697 usque
536 3628 662 3682 dum
704 3630 756 3683 in
781 3629 886 3685 line
910 3630 1023 3699 ejus
1051 3630 1270 3685 Christo
1304 3632 1554 3686 credatur
1588 3648 1600 3685 :
1644 3633 1765 3701 quia
1794 3634 1911 3699 ipse

331 3726 429 3773 est
466 3717 584 3773 linis
615 3720 743 3789 legis
767 3760 782 3785 ,
842 3734 948 3790 quo
970 3721 1125 3776 nobis
1160 3729 1244 3776 est
1279 3722 1719 3790 perveniendum.
1758 3723 1911 3791 Quod

331 3813 634 3864 wacuatut'.
666 3810 922 3867 Velamen
952 3811 1006 3866 in
1035 3812 1158 3878 line,
1190 3821 1243 3866 et
1267 3826 1408 3866 nunc
1435 3812 1488 3868 in
1522 3812 1758 3868 Christo.
1803 3814 1909 3870 Sed

331 3901 507 3955 obtusi
555 3910 672 3954 sunt
715 3918 891 3957 sensus
923 3919 1099 3957 eorum
1132 3919 1288 3972 usque
1325 3903 1379 3956 in
1411 3904 1711 3959 hodiernum
1750 3907 1907 3960 diem.

332 3992 458 4046 Nisi
480 3992 619 4046 enim
643 3993 1006 4059 credideritis,
1027 4008 1130 4048 non
1159 3993 1485 4064 intelligetis.
1509 3994 1749 4063 ldipsum
1769 3998 1908 4050 vela-

338 4099 459 4135 men
490 4083 790 4137 inJectione
819 4084 1014 4139 Veteris
1041 4084 1349 4139 Testamenti
1389 4096 1577 4140 manet.
1622 4085 1788 4155 Cujus
1817 4088 1908 4143 ille

336 4177 563 4246 ﬁguram
619 4177 862 4246 gestabat
889 4177 942 4232 in
971 4177 1124 4232 facie.
1178 4175 1299 4231 Non
1332 4180 1624 4233 revelatum.
1665 4180 1906 4247 Quandiu

334 4281 447 4319 non
479 4268 648 4320 credit
675 4265 907 4322 Christo.
944 4267 1093 4333 Quod
1119 4269 1174 4322 in
1210 4268 1412 4323 Christo
1464 4280 1759 4325 evacuatur.
1805 4272 1906 4338 Qui

327 4365 417 4411 εει
444 4357 561 4411 linis
583 4360 729 4425 legis.
761 4357 869 4412 Sed
891 4375 1047 4429 usque
1065 4361 1119 4414 in
1142 4361 1444 4415 hodiernum
1459 4361 1618 4431 diem,
1644 4379 1759 4417 cum
1780 4364 1909 4436 legi-

333 4458 422 4499 tur
470 4446 674 4517 Moyses
698 4488 714 4512 ,
762 4450 984 4504 velamen
1028 4460 1100 4504 est
1127 4452 1343 4521 positum
1371 4468 1525 4521 super
1571 4469 1660 4507 cor
1706 4471 1902 4511 eorum.

2011 3271 2217 3318 mentes
2241 3262 2537 3318 infidelium
2559 3262 2718 3333 hujus
2746 3264 2923 3319 smculi
2954 3280 3255 3321 excmcasse
3282 3266 3473 3321 merito
3504 3268 3584 3321 in-

2012 3353 2345 3420 ﬁdelitatum,
2375 3356 2513 3410 sicut
2544 3355 2657 3425 ipse
2686 3355 2928 3411 Salvator
2956 3357 3058 3411 ait:
3092 3358 3144 3412 In
3172 3358 3422 3427 judicium
3455 3359 3579 3414 veni

2012 3446 2065 3500 in
2098 3447 2377 3512 mundum,
2403 3456 2458 3501 ut
2478 3448 2565 3516 qui
2590 3447 2771 3502 vident
2790 3451 2914 3502 exc?
2943 3448 3091 3505 (iant.
3117 3449 3180 3503 Et
3209 3451 3320 3518 ipse
3348 3452 3575 3520 Aposto-

2014 3536 2095 3591 lus
2119 3536 2252 3591 dixit
2276 3538 2400 3591 alibi
2426 3554 2440 3589 :
2467 3538 2597 3605 Quia
2630 3553 2736 3591 non
2767 3533 3106 3593 crediderunt
3133 3540 3371 3609 veritati,
3405 3541 3581 3596 mittet

2014 3624 2121 3679 illis
2143 3625 2285 3681 Deus
2311 3627 2552 3697 spiritum
2581 3628 2782 3681 erroris
2813 3644 2827 3681 :
2864 3629 2981 3697 qvia
3031 3629 3283 3697 permittit
3312 3631 3425 3685 duri
3474 3649 3591 3687 non.

2014 3715 2355 3773 credentibus
2378 3718 2476 3773 sibi
2509 3734 2522 3771 :
2551 3718 2687 3773 sicut
2711 3720 2753 3772 si
2778 3720 3015 3774 medicus
3040 3737 3237 3790 :rgrum
3269 3723 3580 3780 inobedicn-

2015 3814 2120 3860 tem
2144 3806 2375 3872 deserat,
2399 3807 2513 3877 ipse
2533 3811 2581 3862 ei
2598 3808 2793 3863 dicitur
2814 3809 3183 3877 aegritudinem
3209 3812 3570 3883 prolongasse,

2010 3912 2130 3952 cum
2161 3907 2328 3953 totum
2361 3898 2477 3968 ejus
2501 3902 2601 3963 sit,
2649 3902 2738 3970 qui
2769 3915 2889 3955 eum
2917 3902 3103 3957 audire
3130 3910 3470 3974 contempsit.
3517 3907 3574 3959 Si

2015 3999 2189 4045 tan-en
2233 4007 2444 4045 rursum
2480 3992 2726 4055 ohediat,
2759 3994 2933 4047 veniet
2977 3995 3043 4047 ad
3087 3996 3329 4049 sMulem.
3368 3994 3434 4050 Ut
3474 4014 3581 4051 non
3642 4056 3643 4059 η

2012 4084 2205 4155 fulgeat
2226 4083 2533 4136 illuminatio
2558 4082 2824 4153 Evangelii
2842 4087 3023 4155 gloriae
3052 4085 3262 4139 Christi.
3287 4088 3431 4153 Quia.
3448 4091 3577 4144 caeci

2012 4184 2157 4238 sunt,
2188 4175 2330 4227 clare
2358 4175 2621 4228 lucentem
2652 4179 2819 4228 sofem
2853 4176 3032 4230 videre
3062 4191 3166 4229 non
3201 4191 3436 4244 possunt.
3474 4181 3585 4246 Qui.

2012 4273 2086 4317 est
2117 4265 2285 4333 imago
2315 4262 2428 4318 Dei.
2455 4262 2578 4317 Sive
2610 4263 2783 4332 imago
2808 4280 3060 4332 expressa
3092 4267 3419 4330 substantia),
3461 4271 3575 4324 sive

2011 4354 2132 4423 quia
2157 4355 2271 4408 sitte
2294 4362 2533 4423 peccato.
2562 4354 2680 4408 Non
2703 4357 2835 4408 enim
2858 4358 3185 4428 nosmet'psos
3207 4360 3539 4428 prwdicamus
3557 4376 3577 4415 :

2009 4446 2098 4499 sed
2149 4444 2423 4498 Dominum
2471 4444 2651 4499 Iesum
2697 4445 2974 4499 Christum.
3029 4448 3127 4514 Qui
3180 4450 3320 4502 enim
3365 4453 3575 4519 pmpria

332 4536 658 4605 Ignorantia:
692 4524 749 4593 in
779 4540 1029 4595 cordibus
1052 4519 1381 4597 Judteorum.
1422 4519 1548 4596 Cum
1582 4552 1752 4597 autem
1779 4562 1904 4599 con-

2011 4534 2289 4589 commoda
2320 4534 2539 4602 quaerit,
2569 4550 2672 4588 non
2718 4535 2990 4589 Lhristum
3019 4538 3300 4605 piazdicat,
3347 4542 3438 4595 sed
3469 4557 3525 4595 se
3561 4560 3572 4593 :

330 4643 508 4682 versus
528 4628 681 4696 fuerit
709 4631 777 4683 ad
807 4629 968 4684 Deum
991 4669 1008 4695 ,
1039 4634 1300 4701 auferetur
1327 4633 1574 4689 velamen.
1606 4633 1813 4704 Aliquis
1838 4652 1902 4691 cx

276 4788 287 4793 ’
330 4718 441 4772 illis
471 4721 738 4788 quomodo
768 4721 974 4792 Moyses
1002 4724 1438 4779 convertebatur.
1465 4723 1714 4780 Dominus
1732 4737 1905 4781 autem

330 4808 549 4875 spiritus
568 4817 662 4864 est.
689 4810 834 4864 Nihil
863 4812 917 4865 in
945 4813 1036 4866 illo
1062 4813 1348 4868 obscurum
1370 4853 1385 4878 ,
1429 4830 1602 4884 neque
1638 4818 1905 4885 composi-

333 4913 484 4964 tum;
515 4899 650 4955 libcr
669 4913 748 4957 est
764 4903 1003 4971 spiritus,
1023 4913 1078 4958 et
1098 4904 1297 4957 idcirco
1324 4919 1429 4958 non
1460 4915 1634 4974 potest
1657 4907 1903 4962 velamen

328 4992 601 5059 arcipere,
633 4992 728 5047 sed
756 4994 921 5062 magis
950 4994 1062 5062 ipse
1091 4994 1314 5048 revelat.
1360 4993 1459 5047 Ubi
1484 5004 1649 5049 autem
1675 4995 1901 5066 Spiritus

335 5080 564 5145 Domini,
596 5082 663 5135 ibi
693 5083 917 5138 libertas.
943 5084 1041 5151 Qui
1072 5092 1246 5139 autem
1288 5084 1540 5153 Spiritum
1576 5086 1778 5140 Domini
1808 5088 1901 5139 ha-

333 5169 448 5234 bet,
479 5172 659 5225 omnia
710 5173 876 5227 libere
914 5173 1173 5240 conSpitit
1223 5190 1235 5225 :
1277 5172 1507 5240 Spiritus
1535 5174 1675 5228 enim
1722 5177 1898 5229 omnia

332 5273 628 5317 scrutatur.
672 5263 784 5317 Nos
821 5279 955 5318 vero.
982 5264 1215 5319 Fideles.
1257 5265 1444 5318 Omnes
1487 5267 1706 5320 revelata
1747 5267 1897 5334 facie.

330 5353 449 5406 Non
481 5356 653 5421 palmi.
672 5357 811 5409 sicut
826 5356 1052 5427 Moyses.
1078 5356 1308 5411 Gloriam
1333 5356 1541 5411 Domini
1561 5365 1896 5428 speculantes.

331 5443 626 5499 Evidenter
655 5455 708 5500 et
744 5447 888 5502 clare
919 5447 1122 5501 Domini
1152 5449 1380 5516 gloriam
1414 5450 1786 5518 intelligimus.
1819 5453 1899 5506 vel

330 5536 438 5589 title
466 5535 756 5589 cernimus.
786 5536 852 5590 In
877 5538 1105 5591 eamdem
1136 5539 1427 5609 imaginem.
1458 5541 1624 5604 Quam
1655 5540 1899 5595 Christus

326 5628 563 5681 ostendit
587 5630 639 5681 in
668 5639 867 5693 monte,
891 5630 1029 5683 sicut
1055 5629 1205 5695 alibi,
1234 5630 1333 5695 Qui
1363 5631 1758 5686 transformabit
1781 5648 1901 5687 cor-

329 5732 432 5783 pus
458 5717 773 5775 humilitatis
804 5728 1019 5777 nostra}.
1060 5719 1532 5792 Transformamur.
1571 5723 1816 5792 Quotidie
1843 5724 1898 5780 id

2008 4625 2147 4679 sicut
2192 4628 2283 4693 qui
2323 4640 2419 4680 suo
2467 4627 2635 4681 ventri
2676 4626 3002 4683 deserviunt.
3044 4628 3156 4683 Nos
3200 4639 3364 4684 autem
3409 4650 3576 4687 srrvos

2006 4724 2194 4769 vestros
2225 4732 2314 4784 per
2343 4715 2535 4769 Iesum.
2571 4717 2701 4784 Quia
2734 4718 2926 4773 vestris
2967 4720 3261 4773 commodis
3310 4722 3581 4776 servimus

2011 4819 2109 4873 per
2133 4807 2431 4875 exemplum
2462 4808 2577 4876 ejus
2607 4810 2693 4878 qui
2729 4808 2949 4863 formam
2983 4812 3123 4863 servi
3158 4813 3386 4879 suscepit
3421 4829 3434 4865 :
3464 4830 3569 4867 non

2010 4907 2227 4962 propter
2254 4897 2550 4964 avaritiam,
2594 4913 2690 4953 nec
2714 4899 2957 4967 gloriam.
2994 4899 3247 4964 Quoniam
3290 4898 3452 4964 Deus,
3486 4904 3575 4971 qui

2009 4988 2137 5040 dixit
2177 4989 2239 5041 de
2290 4991 2506 5043 tenebris
2549 4990 2707 5043 lucem
2738 4991 3101 5057 splendescere.
3149 4989 3342 5043 Contra
3384 5007 3575 5049 omnes

2010 5077 2254 5134 inimicos
2288 5078 2494 5135 Veteris
2533 5080 2877 5134 Tesmmemi.
2912 5079 3009 5143 Qui
3042 5080 3209 5133 illuxit
3238 5080 3290 5134 in
3334 5084 3575 5139 cordibus

2009 5190 2098 5225 nos
2122 5174 2212 5225 ris.
2242 5172 2417 5226 Primo
2450 5187 2541 5239 per
2562 5171 2851 5235 Christum,
2886 5180 2941 5223 ut
2970 5185 3061 5236 per
3089 5186 3185 5225 nos
3216 5172 3348 5225 alios
3376 5174 3572 5228 illumi-

2007 5272 2178 5317 naret.
2207 5263 2287 5315 Ad
2308 5262 2728 5314 illuminationem
2750 5260 2973 5313 scientia:
3020 5261 3268 5316 claritatis
3300 5262 3411 5319 Dei.
3465 5265 3573 5317 Ma.

2008 5352 2423 5407 niiestationcm.
2489 5348 2553 5401 In
2608 5350 2738 5418 {acie
2789 5348 2977 5404 Christi
3028 5352 3173 5406 Jesu.
3234 5353 3288 5405 In
3346 5368 3570 5421 persona

2008 5446 2223 5501 Christi.
2256 5443 2361 5499 Sed
2387 5451 2438 5494 et
2467 5442 2565 5495 hoc
2593 5441 2839 5507 adverte,
2870 5441 3008 5510 quod
3042 5443 3123 5495 hic
3149 5442 3462 5496 Trinitatem
3494 5444 3572 5495 in-

2009 5541 2224 5594 dicavit.
2272 5538 2411 5592 Deus
2449 5538 2537 5605 qui
2566 5536 2701 5591 dixit
2728 5536 2794 5590 de
2850 5538 3078 5590 tenebris
3117 5537 3290 5591 lumen
3322 5537 3571 5604 splende-

2006 5632 2412 5700 scere,Spiritus
2425 5641 2636 5685 sanctus
2650 5629 3111 5698 intelligitur,etad
3129 5629 3565 5683 illuminationem

2007 5723 2241 5780 scientiae
2269 5725 2378 5777 clar
2406 5724 2523 5776 tatis
2552 5722 2667 5786 Dei,
2695 5720 2899 5774 Patrem
2925 5732 3171 5788 agnosce.
3210 5717 3261 5772 In
3291 5718 3417 5772 lacie
3442 5716 3575 5773 lusu
