3904 6176
509 278 612 352 s’ca
1626 306 1913 362 PRIMASll
1954 304 2394 361 ADRUMETANI
2436 307 2640 363 EPISC.
3600 322 3684 374 sat.

508 408 730 476 Christi,
755 408 940 467 Filium
964 413 1277 483 designavit.
1305 415 1564 471 Habemus
1589 428 1754 469 autem
1776 418 2069 469 thesaurum
2103 418 2144 476 Α
2178 415 2458 484 deﬁcimus.
2496 417 2548 471 ltt
2581 417 3006 471 tribulationibts
3034 429 3085 473 et
3114 423 3413 488 opprobriis.
3446 426 3515 480 illi
3538 432 3673 485 tribu-

507 496 658 555 i'stum
683 502 735 557 in
764 506 893 557 t-asis
922 506 1175 571 ﬁctilibus,
1208 519 1262 558 ut
1292 508 1573 559 sublimitas
1601 509 1665 560 sit
1696 507 1895 560 uirtutis
1946 506 2070 571 Dei,
2178 507 2457 563 lationibus
2490 524 2591 562 non
2620 509 2955 564 deﬁciebant.
2991 510 3287 567 Nusvcrosi
3308 530 3402 568 nou
3421 518 3668 586 laudamur,

508 603 556 644 et
605 609 705 645 non
758 610 822 646 ea:
857 595 1017 648 nobis.
1051 595 1381 649 Titesaurum
1428 597 1609 664 gratia:
1648 597 1901 665 spiritalis
1922 641 1935 661 ,
1970 610 2072 665 qua
2173 598 2467 652 deiicimus.
2501 599 2606 654 Sed
2630 602 2744 653 licet
2786 601 2829 654 is
2857 601 2944 669 qui
2970 601 3093 669 feris
3120 612 3211 667 est,
3239 616 3394 657 noster
3424 607 3557 661 homo
3581 627 3671 663 cor-

507 668 656 754 sigoa
688 685 931 747 facimus,
963 687 1013 740 in
1046 686 1155 756 frag
1180 689 1213 740 li
1246 703 1473 757 corpore
1505 689 1799 756 bajnlamus
1821 730 1836 753 ,
1884 690 1934 740 itt
1968 704 2072 756 quo
2170 691 2464 757 rumpitur:
2504 701 2670 745 tamen
2710 693 2752 745 is
2774 693 2861 761 qui
2888 694 3024 745 intus
3050 703 3149 755 est,
3174 706 3423 748 renovatur
3456 697 3512 750 de
3531 700 3600 751 die
3631 700 3674 753 in

506 777 665 829 etiam
699 775 1008 843 frequenter
1037 788 1156 832 cum
1191 783 1322 834 alios
1353 796 1602 836 sanemus
1625 822 1640 846 ,
1688 781 1787 850 ipsi
1827 782 2070 835 iniirtna-
2170 779 2319 832 diem.
2344 778 2491 834 Licet
2515 796 2707 849 corpus
2731 782 3158 836 tribulationibus
3180 790 3232 837 et
3258 784 3674 848 passionibustor-

506 882 646 929 mur,
679 879 736 923 ut
774 885 888 937 quae
913 870 1154 940 facimus,
1182 890 1283 927 nou
1317 886 1492 929 nostra
1519 876 1733 940 virtute,
1755 876 1837 929 vel
1871 874 2071 929 nostris
2170 882 2471 939 rumpatur;
2500 873 2593 927 scd
2622 874 2796 926 anima
2819 889 2912 942 spe
2945 875 3229 927 futurorum
3250 876 3471 944 quotidie
3493 880 3675 930 confir-

509 956 710 1009 tnetitis
735 998 749 1020 ,
788 960 880 1012 sed
927 959 1264 1015 sublimitatis
1311 965 1400 1018 Dei
1447 979 1569 1019 esse
1598 968 1940 1035 intelligatur.
2002 967 2067 1022 In
2170 971 2309 1013 tatur
2342 963 2406 1015 ad
2447 964 2626 1016 omnia
2659 964 2949 1017 toleranda.
2978 964 3044 1015 Μ
3074 966 3205 1018 enim
3244 966 3440 1035 quodin
3477 973 3689 1037 pra-sentt

503 1048 737 1101 omnibus
768 1050 1138 1103 tribulationem
1166 1055 1405 1121 patimur.
1439 1055 1856 1113 Tribulutionem
1884 1070 2022 1126 perSt‘

2165 1061 2237 1103 est
2261 1063 2657 1105 momentaneum
2684 1063 2733 1106 et
2778 1054 2881 1107 leve
2904 1054 3236 1109 tribulationis
3264 1067 3453 1111 nostris.
3480 1059 3674 1123 Quanta-

502 1136 775 1191 cutionum
816 1141 897 1192 vel
939 1141 1199 1197 laborum.
1229 1143 1334 1198 Sed
1360 1163 1458 1197 non
1485 1149 1853 1215 angustiamur.
1887 1148 2022 1203 Caedi

2167 1141 2246 1193 vis
2269 1154 2422 1208 patina
2452 1155 2683 1209 praesens
2707 1182 2722 1208 ,
2769 1153 2825 1198 et
2859 1144 3220 1221 quandiulibet
3252 1161 3584 1210 perseverans,
3620 1148 3674 1201 ad

503 1225 599 1279 bus
629 1227 709 1281 vel
741 1232 1060 1297 opprobriis.
1097 1235 1422 1299 Aporiamur,
1452 1238 1540 1288 sed
1565 1254 1663 1290 non
1703 1230 2021 1292 destituimur

2163 1230 2611 1297 comparationem
2636 1233 2906 1286 immensa:
2928 1243 2981 1286 et
3007 1243 3217 1288 aeterna:
3239 1235 3429 1303 gloriae,
3454 1238 3673 1301 etiacilis,

498 1320 891 1373 persecutionem
935 1324 1175 1387 patimur,
1218 1326 1308 1378 sed
1356 1342 1456 1378 non
1492 1328 1905 1392 derclt'nquimur.
1960 1329 2022 1382 Pe

2164 1330 2217 1370 et
2241 1318 2413 1372 brevis
2435 1329 2537 1385 est,
2561 1321 2831 1374 sicutaiibi
2848 1322 3003 1375 dicit:
3025 1323 3282 1375 Existimo
3301 1326 3430 1376 euitu
3447 1328 3568 1392 quod
3586 1343 3674 1380 non

497 1408 916 1463 consolationem
949 1414 1059 1479 spei
1110 1428 1215 1465 non
1249 1414 1603 1469 destituitnor.
1640 1415 1938 1487 Dejicimttr,
1970 1419 2061 1472 sed
2161 1411 2269 1461 εέηι
2316 1411 2590 1477 οοηάῑκιιω
2619 1411 2895 1479 Ρίθδὸίουθε
2930 1411 3083 1481 huius
3113 1415 3356 1481 ίειιιροτίε
3382 1414 3441 1466 ad
3479 1414 3671 1468 Ῑυῑυτίνιι

495 1515 597 1553 non
618 1501 861 1567 perimus.
888 1500 1066 1571 Usque
1096 1503 1161 1557 ad
1187 1504 1612 1573 desperationem
1641 1507 1761 1561 vita:
1790 1508 2022 1563 venimus

2164 1499 2382 1566 gloriam
2415 1515 2534 1567 quae
2574 1501 2895 1555 revelabitur
2933 1502 2983 1555 in
3016 1502 3192 1557 nobis.
3224 1504 3389 1569 Supra
3419 1503 3601 1556 modum
3635 1506 3676 1557 in

492 1589 586 1643 sed
615 1604 719 1643 non
750 1592 1007 1647 morimur
1036 1610 1048 1646 :
1081 1602 1135 1647 et
1166 1595 1263 1648 etsi
1296 1596 1602 1659 moriamur,
1648 1612 1754 1651 non
1794 1599 2022 1667 perimus

2159 1589 2488 1642 sublimitate.
2519 1588 2651 1655 Quia
2699 1605 2795 1645 nec
2822 1592 3149 1660 οιοηιρειιειιίο
3170 1607 3284 1648 esse
3330 1602 3505 1660 potest.
3526 1592 3673 1646 After-

493 1678 704 1745 Semper
725 1683 1161 1752 mortiﬁcationem
1189 1685 1309 1739 Jesu
1335 1688 1386 1741 in
1415 1703 1626 1752 corpore
1647 1699 1818 1743 nostra
1838 1691 2022 1745 circum

2159 1695 2281 1731 nunt
2319 1681 2495 1750 gloria'
2520 1684 2716 1749 pondus
2743 1694 2985 1751 operatur
3014 1685 3066 1737 in
3094 1685 3255 1739 nobis.
3287 1686 3410 1752 Quia
3437 1686 3549 1738 illud
3578 1688 3674 1740 leve

490 1776 704 1825 ferentes
734 1788 754 1826 :
781 1785 834 1825 ut
855 1783 900 1827 et
924 1776 1027 1828 vita
1053 1774 1179 1829 Iesu
1224 1777 1275 1829 in
1304 1777 1594 1847 corporibus
1626 1781 1812 1833 nostris
1840 1783 2022 1849 manife

2124 1772 2135 1826 ι
2161 1771 2384 1834 dixerat,
2409 1772 2529 1827 ideo
2555 1772 2638 1826 hic
2669 1774 2869 1839 pondus
2895 1777 3086 1842 posuit,
3115 1792 3336 1831 servans
3357 1778 3672 1842 me:aphoratn

486 1869 663 1916 stetur.
713 1858 1167 1921 Mortiiicationetn
1234 1868 1663 1935 tribulationum,
1705 1872 1841 1925 sicut
1882 1872 2045 1929 alibi:

485 1955 735 2020 Quotidie
762 1957 963 2010 morior
986 1973 1079 2027 per
1102 1969 1334 2013 vestram
1364 1962 1587 2030 gloriam
1616 1979 1629 2015 :
1658 1964 1703 2017 si
1732 1965 1871 2019 enim
1902 1980 2051 2021 cum-

483 2046 762 2112 morimur,
784 2058 836 2102 et
865 2050 1229 2105 convivemus.
1265 2052 1337 2104 illi
1367 2060 1539 2107 autem
1564 2055 1652 2122 qui
1678 2070 1782 2110 non
1811 2073 2049 2115 commo-

481 2139 712 2207 riuntur,
745 2154 843 2194 nec
864 2142 1168 2198 convivent.
1195 2143 1409 2213 Semper
1435 2149 1567 2199 enim
1595 2164 1686 2203 nos
1710 2151 1795 2218 qui
1815 2146 2043 2218 uiuimus,

479 2228 532 2280 in
559 2238 767 2282 mortem
795 2231 1062 2287 tradimur.
1105 2233 1201 2299 Qui
1253 2250 1435 2289 smnus
1458 2236 1511 2289 in
1545 2252 1788 2307 corpore.
1831 2241 2046 2312 l'r0pter

474 2318 651 2372 Iesum
681 2335 702 2374 :
727 2330 781 2373 ut
801 2329 847 2375 et
875 2323 977 2374 vita
1002 2321 1149 2376 Iesu.
1181 2324 1233 2378 Si
1265 2327 1527 2393 patiamur
1555 2344 1649 2396 pro
1673 2347 1898 2397 corpore
1925 2336 2044 2403 ejus

475 2410 614 2478 quod
640 2409 729 2463 ille
766 2425 862 2479 pro
895 2410 1048 2466 nobis
1077 2428 1263 2480 passus
1305 2425 1383 2469 est
1407 2456 1422 2480 ,
1468 2426 1520 2470 et
1552 2418 1711 2473 vitam
1742 2420 1896 2488 lesn,
1940 2426 2045 2483 hoc

473 2508 584 2562 e~t,
628 2498 1173 2568 incorruptibilitatem
1204 2506 1429 2573 aec'piet
1458 2516 1584 2560 caro
1615 2520 1791 2563 nostra
1823 2522 2027 2568 morta-

477 2597 542 2652 lis
569 2641 582 2661 ,
624 2607 680 2650 ut
710 2595 799 2650 iiat
830 2596 1163 2653 immortalis.
1194 2598 1551 2670 Manifestetur
1596 2603 1649 2656 in
1690 2620 1842 2659 carne
1866 2620 2041 2664 nostra

472 2686 699 2742 mortali.
723 2686 861 2759 Quia.
884 2687 1120 2743 nondum
1150 2684 1395 2759 apparuit
1422 2692 1546 2758 quid
1577 2694 1798 2760 erimus,
1830 2697 1908 2751 vel
1944 2714 2038 2766 per

469 2792 568 2855 nos
603 2768 757 2855 illius
784 2780 1013 2847 potentia
1048 2779 1363 2835 innotescat.
1399 2778 1555 2852 Ergo.
1591 2778 1834 2852 Nunquid
1872 2792 2035 2859 ergo?

470 2865 615 2921 Mors
651 2869 704 2920 in
739 2869 882 2921 nobis
922 2879 1181 2936 operatur,
1205 2871 1307 2923 vita
1331 2881 1497 2927 autem
1521 2874 1571 2926 in
1597 2873 1769 2928 vobis?
1793 2876 2034 2945 increpat

466 2948 561 3011 eos
586 2958 710 3025 quia
746 2954 1087 3013 crediderunt
1116 2958 1261 3014 falsis
1312 2962 1588 3029 apostolis,
1637 2965 1932 3021 dicentibus
1954 2970 2033 3023 ἰαι-

2152 1873 2386 1918 atatem.
2422 1864 2539 1917 Non
2566 1865 3019 1933 contemplantibus
3046 1869 3191 1922 nobis
3210 1884 3332 1933 aut}:
3358 1870 3584 1931 videntur,
3603 1870 3672 1922 sed

2150 1971 2263 2024 qua:
2277 1971 2377 2009 non
2397 1956 2645 2009 videntur.
2675 1958 2800 2023 Qua:
2821 1960 2951 2010 enim
2974 1954 3227 2023 videntur,
3245 1961 3523 2027 temporalia
3541 1959 3671 2012 sunt:

2148 2054 2459 2117 quteautem
2502 2066 2602 2104 non
2630 2052 2879 2118 ridentur,
2903 2060 3090 2105 trterna
3139 2062 3275 2106 sunt.
3315 2051 3425 2105 Non
3464 2051 3673 2106 conside-

2148 2141 2388 2195 rantibus
2438 2158 2535 2198 nec
2583 2142 2719 2197 bona
2768 2159 2885 2211 qua:
2913 2143 3195 2211 videntur,
3241 2158 3335 2199 nec
3364 2144 3530 2198 mala:
3570 2143 3669 2213 quia

2146 2214 2390 2301 neutrum
2417 2249 2601 2288 eorum
2633 2246 2887 2289 mlerttttttt
2918 2247 3022 2293 εει.

2214 2323 2343 2378 Car.
2374 2339 2427 2379 v.
2459 2324 2660 2378 Scimus
2690 2326 2823 2379 enim
2844 2329 3111 2395 quoniam.
3156 2327 3313 2393 Quasi
3358 2326 3533 2394 aliqu's
3554 2324 3671 2378 d‘cec

2142 2424 2259 2469 ret:
2285 2414 2340 2469 Si
2368 2416 2419 2468 in
2449 2416 2546 2469 hac
2575 2418 2676 2468 vita
2710 2416 2823 2469 ιιωο
2846 2416 3035 2484 patior,
3063 2417 3279 2485 quando
3309 2416 3402 2470 ista
3428 2413 3668 2483 arcipiam,

2142 2507 2230 2576 qui
2262 2507 2491 2560 morior?
2518 2507 2635 2561 ideo
2655 2508 2835 2577 incipit
2858 2510 3077 2577 gloriam
3105 2509 3502 2565 resurtectiouis
3517 2517 3670 2561 osten-

2140 2597 2283 2651 dere.
2306 2597 2365 2651 Si
2388 2601 2633 2652 terrestris
2648 2600 2829 2653 domus
2850 2609 3044 2653 nostra.
3070 2602 3188 2655 lloc
3210 2613 3310 2666 est,
3333 2615 3537 2669 corpus,
3551 2598 3666 2668 quod

2138 2687 2206 2743 de
2222 2698 2359 2743 terra
2380 2689 2572 2743 factum
2593 2698 2695 2755 est,
2724 2700 2776 2745 et
2793 2692 2845 2744 in
2862 2705 2965 2760 quo
2984 2693 3035 2746 in
3052 2691 3161 2746 hoc
3186 2692 3666 2747 steculobabitamus.

2142 2780 2313 2851 Hujus
2336 2781 2657 2835 habitationis
2685 2781 3012 2836 dissolvatur.
3050 2782 3106 2838 Si
3141 2794 3265 2837 ante
3291 2783 3555 2838 adventum
3579 2780 3666 2834 Do-

2136 2870 2264 2924 mini
2302 2870 2642 2934 dissolvatur,
2674 2870 2755 2924 vel
2781 2872 3152 2939 passionibus,
3185 2874 3264 2927 vel
3294 2871 3575 2927 conditione
3592 2884 3668 2922 ua-

2135 2970 2289 3015 ωιτη.
2318 2961 2467 3027 Quod
2491 2962 2896 3030 tedi/icatiottcm.
2926 2962 3093 3031 Ipsam
3128 2963 3576 3030 incorruptionem.
3598 2957 3666 3011 Et

464 3048 611 3102 circo
640 3049 856 3104 Paulum
890 3044 1343 3117 persecutiouibns
1372 3051 1490 3120 subj
1528 3067 1671 3115 cere,
1710 3055 1828 3120 quia
1862 3060 2032 3111 mino.
2139 3049 2241 3103 Deo
2265 3049 2558 3104 habeamus.
2583 3050 2713 3116 Quia
2740 3050 3117 3104 immortalem.
3157 3051 3368 3104 Domum
3394 3067 3488 3103 non
3510 3064 3664 3102 manu-

464 3142 539 3197 ris
580 3142 652 3197 sit
679 3142 823 3207 iidei,
864 3157 922 3198 se
949 3158 1074 3197 Vero
1114 3158 1206 3212 per
1240 3143 1402 3208 iidem
1441 3142 1675 3199 triﬁttlari
1719 3164 1822 3200 non
1853 3165 2022 3217 pr-ssc.

2134 3141 2341 3210 fartam,
2369 3150 2611 3194 a’ternam
2651 3142 2702 3191 in
2734 3141 2892 3194 ctrlis.
2921 3140 3051 3206 Quia
3098 3141 3206 3193 hoc
3246 3140 3508 3209 cotporale
3538 3135 3664 3204 quasi

462 3234 703 3287 Ostendit
733 3249 860 3304 ergo
883 3235 1184 3288 econtrario
1200 3249 1257 3289 se
1279 3251 1384 3289 non
1406 3250 1617 3305 propter
1640 3237 2027 3309 infidelitatem,

461 3324 557 3378 sed
586 3333 799 3394 propter
826 3324 982 3379 iidem
1016 3325 1128 3380 haec
1165 3327 1268 3394 pati
1316 3346 1330 3383 :
1363 3327 1481 3380 illos
1514 3343 1638 3381 vero
1668 3343 1882 3383 causam
1921 3332 2026 3386 odii

463 3430 567 3467 non
594 3415 808 3479 habere,
833 3430 926 3483 per
946 3416 1299 3469 adulationem
1323 3427 1375 3471 et
1396 3417 1673 3484 desidiam,
1701 3422 1838 3475 sicut
1857 3423 1930 3475 ait
1958 3424 2025 3478 ad

458 3498 701 3561 Galatas:
724 3504 793 3559 Ut
819 3506 991 3560 crucis
1012 3505 1208 3560 Christi
1234 3509 1655 3575 persecutionem
1688 3526 1789 3564 non
1824 3514 2025 3579 patian-

457 3590 563 3661 tur,
591 3591 711 3647 ideo
731 3604 925 3662 cogunt
946 3609 1040 3647 vos
1064 3596 1393 3651 circumcidi.
1427 3597 1676 3651 Habentes
1699 3611 1863 3653 autem
1884 3617 2025 3656 eum-

455 3687 569 3740 dem
601 3684 829 3756 spiritum
851 3686 991 3754 fidei,
1015 3686 1143 3741 sicut
1168 3688 1409 3757 scriptum
1439 3702 1531 3745 es'.
1581 3692 1746 3755 Quem
1779 3692 1938 3747 David
1970 3702 2023 3749 et

453 3777 641 3847 τειειιιιί
686 3779 1001 3847 patriarchae
1029 3781 1108 3834 vel
1158 3780 1430 3850 praphetze
1469 3799 1481 3834 :
1524 3784 1641 3851 quia
1673 3801 1735 3837 ex
1768 3786 1869 3838 iide
1916 3801 2019 3854 qua

451 3884 551 3924 nos
574 3870 823 3934 vivimus,
845 3885 948 3924 una
975 3871 1269 3940 eademque
1289 3873 1547 3938 vixerunt,
1579 3874 2016 3943 incarnationem,

453 3962 779 4031 passionem,
823 3948 1368 4030 rcsurrcctiooemqtte
1399 3964 1593 4018 Christi
1627 3966 1904 4021 credi-otes
1932 3966 2016 4021 iu-

451 4062 645 4116 turam,
679 4067 834 4119 quam
876 4068 971 4104 nos
994 4054 1257 4105 credimus
1292 4053 1480 4106 factam
1502 4093 1517 4116 ,
1560 4068 1725 4121 usipte
1750 4054 1813 4107 ad
1844 4055 2015 4123 ipsum

446 4134 735 4211 Baptistam
755 4144 1034 4197 Joannem.
1053 4141 1482 4214 Credidimroptcr
1502 4147 1635 4213 quod
1653 4148 1846 4198 locutus
1866 4162 1975 4199 sum
1996 4162 2016 4200 .°

444 4241 496 4285 et
525 4248 616 4285 nos
638 4235 889 4285 credimus
940 4244 1146 4302 prepter
1165 4237 1299 4302 quod
1328 4245 1374 4285 et
1412 4236 1682 4299 loquimur.
1716 4234 1825 4288 Hoc
1867 4240 2015 4290 testi-

446 4325 628 4377 monio
650 4325 832 4393 probat
857 4325 1172 4379 accredere.
1198 4324 1252 4379 Si
1276 4325 1417 4379 enim
1442 4326 1523 4379 ille
1540 4328 1655 4380 ideo
1681 4328 1881 4383 locutus
1908 4340 2010 4395 est,

450 4417 568 4484 quia
603 4417 823 4471 credidit
847 4418 1023 4484 (nemo
1052 4418 1191 4471 enim
1223 4418 1340 4472 aliis
1365 4434 1507 4472 sana:
1537 4420 1727 4474 mentis
1754 4421 2004 4488 affirmat,

2133 3247 2291 3285 manu
2319 3231 2584 3300 corporali
2613 3230 2809 3284 dicitur
2837 3234 3030 3284 factum
3062 3248 3075 3283 :
3111 3231 3218 3286 hoc
3248 3232 3415 3301 ipsum
3444 3244 3558 3296 ergo
3575 3226 3665 3295 Spi-

2128 3323 2282 3376 r‘tale
2314 3336 2408 3388 per
2429 3322 2673 3391 spiritum
2706 3321 2814 3375 iiet.
2853 3320 2993 3376 Nam
3021 3331 3066 3374 et
3087 3322 3150 3376 in
3183 3322 3278 3376 hoc
3305 3319 3661 3392 ingemiscintns,

2127 3412 2489 3465 habitationem
2518 3422 2744 3466 nostram
2766 3428 2879 3481 qua:
2907 3412 2971 3465 de
2997 3413 3126 3466 calo
3155 3422 3251 3467 est.
3277 3409 3663 3480 lngemiscimus,

2127 3518 2220 3571 pro
2248 3518 2354 3572 quo
2383 3504 2686 3559 laboramus
2706 3544 2721 3569 ,
2746 3505 2867 3572 quia
2899 3518 3057 3558 nemo
3083 3505 3207 3560 sine
3234 3504 3425 3573 gemitu
3447 3502 3658 3554 laborat:

2123 3596 2255 3648 sicut
2283 3604 2462 3663 partus
2488 3597 2699 3663 ponitur
2727 3611 2821 3664 pro
2848 3596 3048 3650 dolore.
3077 3595 3396 3663 Superiudui
3420 3596 3661 3664 cupientes.

2122 3685 2318 3740 Sumus
2352 3703 2479 3755 ergo
2521 3688 2715 3754 aliquid
2758 3688 2923 3741 itu'atti
2949 3727 2965 3752 ,
3009 3696 3067 3742 ut
3113 3690 3560 3758 superitrittamur.
3611 3683 3661 3738 Si

2121 3790 2285 3833 tamen
2312 3788 2432 3832 vrstt
2456 3779 2613 3841 i,non
2642 3778 2763 3830 nudi
2791 3779 3127 3831 inveniamur.
3151 3780 3204 3834 Si
3225 3788 3396 3834 tamen
3415 3774 3660 3843 «Spoliati

2118 3888 2365 3939 Corpore,
2410 3886 2515 3924 non
2538 3872 2670 3924 nudi
2703 3850 3035 3925 inveniamur
3058 3872 3128 3925 ab
3156 3887 3338 3940 opere.
3369 3871 3496 3924 Nam
3519 3879 3557 3920 et
3589 3865 3659 3933 qui

2117 3977 2292 4015 sumus
2331 3965 2383 4014 in
2423 3960 2539 4013 Ιιοε·
2564 3961 2910 4027 tabernaculo,
2948 3962 3329 4031 ingemiscintus
3358 3958 3578 4032 fqrat'ati,
3612 3971 3661 4008 eo

2116 4055 2251 4122 quod
2274 4054 2508 4106 nolumus
2528 4052 2827 4122 exspoliari,
2849 4053 2939 4106 sed
2966 4055 3313 4121 supervestiri.
3333 4050 3455 4107 Nam
3474 4058 3524 4107 et
3540 4045 3660 4117 Quod

2116 4144 2219 4198 vivi
2243 4134 2658 4197 iuerintiitventi
2701 4141 2751 4195 in
2786 4142 3014 4196 adventu
3053 4143 3307 4209 Domini,
3343 4143 3439 4198 hoc
3468 4137 3661 4210 ingemi-

2115 4245 2337 4293 scuotet
2355 4236 2616 4301 laborant,
2640 4244 2816 4289 utnon
2830 4235 3277 4303 eaSpoliettfurab
3293 4236 3410 4305 igne
3424 4248 3536 4288 eum
3556 4244 3660 4300 pec-

2114 4329 2388 4385 catoribus
2419 4347 2432 4382 :
2473 4328 2566 4383 sed
2598 4342 2714 4381 cum
2744 4326 2905 4394 jusgis
2935 4327 3340 4380 immortalitate
3380 4316 3661 4394 superindui

2117 4428 2439 4476 mereantur.
2474 4419 2540 4474 Ut
2566 4417 2905 4473 absorbeatur.
2925 4417 3073 4483 Quod
3094 4417 3431 4479 absoruetur,
3459 4430 3554 4466 non
3580 4426 3661 4477 ap-

447 4479 581 4572 (ξιιοά
604 4506 717 4574 ipse
746 4479 864 4559 non
890 4522 960 4559 cr.
982 4507 1077 4573 dit)
1096 4548 1110 4570 ,
1139 4522 1265 4576 ergo
1293 4516 1347 4562 et
1375 4524 1471 4562 nos
1498 4512 1583 4578 qui
1613 4509 1897 4577 loquimur,
1923 4511 2005 4565 in-
2041 4479 2090 4538 υ
2115 4521 2262 4581 paret
2291 4510 2532 4579 quamvis
2555 4509 2803 4563 sitzsicut
2830 4507 3047 4571 ferrum,
3072 4507 3114 4560 si
3145 4508 3388 4559 mittatur
3410 4506 3458 4567 in
3482 4504 3660 4572 ignem,

442 4599 575 4666 quit,
597 4601 883 4663 credimus,
906 4600 991 4666 qui
1018 4601 1174 4654 etiam
1200 4611 1473 4670 propterea
1502 4603 1836 4666 tribulatnnr,
1866 4604 2006 4671 quod

447 4690 516 4745 illi
548 4689 885 4745 crediderunt
908 4690 1163 4754 futurum,
1193 4705 1289 4744 nos
1310 4691 1572 4744 credimus
1597 4693 1806 4745 factum.
1831 4693 2011 4747 Seiem

445 4774 547 4848 tes,
601 4784 843 4854 quoniam
884 4783 971 4851 qui
1007 4782 1264 4837 suscitavit
1304 4782 1501 4836 Jesum.
1553 4782 1884 4839 Firmissime
1934 4796 2009 4840 te-

446 4868 625 4931 nentes
682 4876 842 4930 :bzec
890 4886 972 4931 est
1021 4877 1249 4944 petieram
1299 4879 1462 4943 rules,
1493 4893 1519 4929 a
1559 4894 1657 4947 qua
1692 4895 1789 4934 ncc
1839 4894 2011 4937 morte

439 4969 754 5024 divellimur.
781 4969 848 5024 Et
894 4989 983 5025 nos
1030 4990 1142 5025 cum
1167 4972 1292 5027 Jesu
1346 4974 1604 5027 suscitabit
1646 4985 1694 5028 et
1740 4978 2005 5031 constituet

439 5060 710 5113 vobiscum.
742 5061 995 5116 Simi'iler
1020 5065 1297 5117 suSt-itabit
1318 5104 1333 5125 ,
1364 5064 1406 5117 si
1440 5080 1535 5132 pro
1590 5080 1654 5119 eo
1694 5069 2002 5121 moriamur.

440 5147 625 5200 tlmnia
654 5149 785 5200 enim
818 5162 1021 5218 propfer
1046 5169 1151 5207 vos.
1207 5155 1393 5207 Utnnia
1434 5155 1551 5208 idto
1583 5155 1830 5224 patimur,
1881 5156 2004 5225 quia

436 5237 667 5315 perfecte
692 5236 915 5291 salutem
966 5251 1193 5296 vestram
1227 5260 1493 5299 curamus.
1531 5245 1604 5299 llli
1632 5262 1756 5299 vero
1791 5258 2004 5314 propter

373 5390 383 5407 ι
434 5328 807 5400 negligentiam
858 5343 1006 5382 suam
1056 5333 1184 5385 nihil
1236 5336 1338 5387 tale
1392 5335 1681 5402 patiititr.
1733 5336 1797 5391 Ut
1842 5340 2006 5407 gratia

431 5421 695 5473 abundans
724 5436 813 5490 per
835 5421 1018 5472 multos
1044 5425 1322 5490 gratiarum
1351 5427 1546 5479 actione
1569 5429 1787 5479 abundet
1816 5428 1865 5479 in
1889 5428 2004 5497 glo-

430 5512 562 5563 riam
600 5510 710 5564 Dei.
746 5509 812 5565 Ut
844 5526 936 5575 ter
964 5511 1351 5564 maltitndLoem
1378 5516 1744 5581 credentium,
1788 5530 2006 5584 propter

430 5600 789 5654 abundantem
818 5602 1061 5669 gratiam,
1095 5612 1146 5654 et
1174 5603 1462 5669 gratiarum
1504 5606 1641 5657 actio
1671 5604 1902 5657 abundet
1951 5605 2001 5657 iit

435 5688 652 5754 gloriam
685 5690 737 5741 Di
760 5691 795 5742 i.
827 5688 1049 5747 Pronter
1069 5693 1222 5750 quod.
1260 5692 1382 5748 ldvo
1425 5709 1526 5747 non
1556 5709 1845 5749 ςιιεδτιιηυδ.
1881 5694 2002 5748 Non

2113 4611 2169 4657 et
2190 4613 2437 4656 manente
2465 4602 2684 4655 materia
2708 4606 2874 4653 totum
2904 4599 3039 4667 ignis
3069 4598 3141 4651 sit
3174 4614 3188 4650 :
3231 4601 3353 4665 quia
3382 4597 3542 4663 ipsum
3572 4592 3658 4644 ier-

2115 4713 2230 4751 rom
2282 4710 2321 4757 s,
2348 4695 2619 4749 lendorem
2646 4704 2701 4747 et
2741 4692 2970 4745 calorem
3012 4691 3148 4758 ignis
3179 4689 3484 4758 assumpsit.
3531 4682 3659 4748 Quod

2111 4788 2326 4840 mortale
2362 4795 2453 4839 est.
2494 4785 2652 4852 Quasi
2703 4792 2922 4851 tangens
2959 4796 3173 4849 corpus.
3222 4781 3266 4833 Α
3313 4782 3435 4833 uita.
3464 4776 3659 4831 {Etcroa

2116 4878 2217 4942 Qui
2246 4886 2413 4930 autem
2445 4876 2590 4946 eﬂicit
2620 4890 2709 4928 nos
2744 4875 2798 4927 in
2827 4876 2921 4926 hoc
2959 4876 3120 4944 ipsum
3154 4872 3315 4926 Deus.
3350 4870 3508 4924 Deum
3548 4865 3660 4917 dict

2116 4970 2215 5022 hoc
2246 4968 2436 5031 iacere,
2470 4981 2536 5020 ne
2570 4967 2663 5019 'cui
2705 4964 3013 5019 incredibile
3065 4965 3358 5017 videretur.
3401 4960 3497 5023 Qui
3538 4953 3661 5007 dedit

2112 5060 2255 5113 nobis
2284 5058 2466 5128 pignus
2498 5059 2727 5124 spiritus.
2751 5055 2976 5125 Quijam
3009 5055 3159 5109 nobis
3189 5055 3380 5122 pignus
3406 5050 3544 5104 dedit
3566 5044 3660 5113 δρία

2113 5151 2269 5204 ritum
2289 5190 2303 5214 ,
2350 5158 2408 5202 ut
2434 5148 2665 5202 sciamus
2692 5150 2812 5216 quia
2853 5147 3105 5216 templum
3135 5148 3219 5198 sui
3258 5146 3476 5214 spiritus
3504 5139 3661 5209 perire

2112 5255 2215 5295 non
2246 5239 2458 5307 patitur,
2501 5247 2556 5292 et
2579 5248 2635 5292 ιιι
2663 5239 2799 5304 quod
2834 5240 2847 5291 i
2873 5239 3113 5306 :quitnur.
3144 5238 3318 5304 ipsius
3343 5249 3461 5289 es~e
3485 5228 3656 5285 creda-

2112 5332 2199 5385 tis.
2228 5310 2510 5397 Seqnitnr:
2541 5332 2794 5382 Audentes
2816 5331 2968 5397 igitur
2991 5343 3206 5391 semper,
3239 5335 3287 5378 et
3318 5326 3519 5378 scientes
3541 5336 3656 5388 qur:-

2110 5422 2249 5472 niam
2277 5420 2399 5471 dum
2431 5434 2604 5471 sumus
2643 5418 2694 5470 in
2720 5432 2946 5486 corpore.
2988 5416 3107 5469 Ideo
3136 5414 3400 5467 audemus
3438 5398 3650 5478 sperare.

2111 5496 2555 5578 l’cregrinamura
2594 5506 2833 5560 Domino.
2881 5508 3319 5573 i’erepriuamur,
3360 5503 3478 5572 quia
3504 5499 3653 5553 adhuc

2111 5616 2214 5655 non
2236 5615 2420 5655 sumus
2452 5601 2503 5653 in
2528 5600 2838 5655 ha‘reditate
2870 5608 3107 5668 paterna;
3135 5611 3266 5665 ergo
3297 5606 3354 5648 ut
3381 5586 3653 5662 peregrini,

2108 5709 2213 5748 non
2245 5693 2499 5748 debemus
2534 5692 2600 5746 de
2632 5691 2786 5761 tutius
2807 5691 2986 5746 saeculi
3030 5691 3188 5745 rebus
3229 5694 3550 5756 magnopere
3576 5692 3655 5732 cu-
