3910 6174
260 335 360 389 ε’ϋὸ

1037 293 1104 394 m‘
1139 340 1518 396 EPISTOLAM
1559 340 1602 394 ιι
1643 339 1735 400 ιιι),
1769 336 2176 404 ευιιιδιτιιιυε
2213 292 2723 390 conmeantum.

3389 341 3490 396 566

258 468 375 505 rare
400 495 416 518 ,
460 452 554 507 sed
584 451 900 510 necessariis
938 455 1169 510 contenti
1212 470 1372 510 omne
1409 453 1728 510 desiderium
1771 461 1827 505 et
1853 454 1901 512 Λ
1928 458 2062 513 (τιον,
2087 460 2171 504 et:
2207 451 2318 518 Ego
2339 466 2440 503 non
2465 451 2610 518 potui
2634 449 2780 504 vobis
2811 451 2950 519 loqui
2976 452 3492 522 quasispiritaliluis.

253 543 488 596 studium
523 543 837 602 habeamus.
867 545 1134 610 quoude
1173 546 1239 598 ad
1282 546 1503 613 patriam
1533 545 1825 612 pervenire

257 634 542 697 possimus.
579 632 677 685 Per
699 634 851 700 ﬁdem
869 635 1001 687 enim
1029 636 1374 712 ambulamus,
1402 647 1448 688 et
1479 651 1579 692 non
1599 651 1688 704 per
1711 650 1827 701 spe-

249 741 400 778 nem.
429 724 554 778 Fide
585 725 759 778 adhuc
784 738 1089 792 Sper-amns,
1117 727 1349 784 nondum
1379 727 1560 793 specie
1585 725 1826 794 possida-

249 829 393 868 suns.
421 815 672 870 Audemus
699 825 867 872 autem
884 859 899 882 ,
929 827 974 872 et
1018 803 1200 869 bonum
1226 816 1530 879 voluntatem
1559 815 1820 878 habemus.

251 901 482 958 Prorsus
498 903 758 962 audenter
778 905 874 958 hoc
891 905 1065 972 eligim
1106 919 1152 969 s,
1169 905 1304 958 sicut
1314 905 1439 970 alibi
1457 921 1474 959 :
1493 904 1819 970 Desiderium

245 993 458 1056 habens
487 994 706 1050 dissolvi
751 1003 804 1048 et
826 1009 944 1056 cum
970 995 1178 1054 Christo
1198 1009 1316 1048 esse
1337 993 1504 1048 multo
1525 994 1690 1062 magis
1711 1007 1824 1052 me-

242 1084 375 1146 lius.
407 1082 574 1154 Magis
601 1083 913 1154 peregrinari
953 1099 986 1150 ᾳ
1011 1100 1238 1155 corpore.
1280 1084 1420 1153 Bene
1448 1083 1770 1155 peregrinari
1805 1099 1818 1135 :

240 1175 374 1242 quia
423 1175 488 1228 ad
519 1190 639 1234 eum
669 1189 854 1232 sumus
883 1175 1069 1243 iterum
1100 1154 1412 1244 regressuri.
1446 1172 1511 1246 Et
1552 1154 1822 1247 praesentes

237 1265 456 1330 essNd
501 1264 682 1330 Deum.
706 1265 801 1328 llle
825 1266 1018 1334 ubique
1043 1280 1278 1336 prresens
1311 1274 1392 1320 est
1437 1280 1453 1318 :
1485 1264 1578 1326 sed
1609 1278 1706 1338 nos
1746 1262 1818 1316 illi

239 1367 380 1412 tunc
411 1357 576 1425 magis
605 1370 790 1418 sumus
811 1355 1200 1424 quodammodo
1229 1365 1537 1424 prmseutes,
1561 1367 1681 1424 cum
1709 1367 1822 1407 car-

237 1448 334 1510 nis
359 1445 614 1502 fuerimus
641 1443 924 1513 fragilitate
951 1444 1196 1514 sejuncti.
1220 1443 1283 1497 Et
1307 1445 1423 1498 ideo
1449 1443 1818 1518 contendimus,

236 1536 354 1588 sive
378 1536 603 1604 absentes
624 1536 726 1612 sive
745 1544 1036 1602 praesentes,
1061 1534 1258 1604 placere
1277 1535 1379 1594 illi.
1396 1535 1510 1598 .lam
1536 1536 1670 1588 tales
1693 1550 1821 1588 csu-

236 1627 517 1700 teudimus
565 1641 686 1684 esse
727 1626 886 1696 modo
925 1637 1046 1680 actu
1070 1665 1086 1691 ,
1118 1627 1301 1698 quales
1331 1626 1492 1698 futuri
1536 1639 1722 1680 sumus
1766 1625 1818 1680 in

236 1732 416 1786 regno
442 1717 741 1787 substantia
774 1715 1222 1783 incorruptibiles,
1255 1716 1372 1786 sine
1419 1715 1580 1794 dubio
1622 1726 1673 1770 el
1698 1731 1821 1785 per-

1929 539 2310 605 Descendebat,
2335 553 2456 610 cum
2485 539 2693 608 dicebat
2719 539 2931 608 :Ncque
2961 544 3101 608 enim
3155 545 3382 596 iudicavi
3408 560 3494 600 me

1923 632 2061 686 scire
2084 630 2281 701 aliquid
2307 634 2444 686 inter
2470 647 2585 700 vos,
2623 633 2721 685 nisi
2743 633 3011 696 Christum
3034 634 3235 708 Jesutn,
3267 646 3322 704 et
3353 639 3492 690 hunc

1923 725 2252 781 cruciﬁxum.
2283 726 2518 794 Charitas
2549 728 2680 796 enim
2711 726 2901 782 Christi
2925 738 3067 795 urget
3097 743 3212 780 nos.
3265 729 3498 800 hit-resse

1923 826 2004 872 est
2031 833 2128 882 nos
2155 817 2385 887 aliquam
2419 825 2619 888 partem
2650 817 2764 884 ejus
2802 817 3093 890 rependere
3135 821 3400 882 ctiaritati,
3437 832 3495 876 ut

1923 922 2018 978 pro
2044 905 2159 976 ejus
2181 921 2406 974 corpore
2423 923 2499 980 pa
2531 907 2818 975 iamur,qui
2845 893 2976 976 mori
3006 922 3100 976 pro
3123 917 3300 972 nostra
3321 920 3493 963 morte

1922 999 2165 1070 dignatus
2194 1010 2293 1051 est.
2313 981 2774 1056 'Judicauteshoc.
2805 997 3210 1073 Recogitantes,
3228 999 3339 1073 sive
3359 1000 3494 1054 arbi-

1923 1096 2144 1149 trantes.
2175 1089 2428 1154 Quoniam
2459 1089 2504 1141 si
2531 1104 2659 1162 unus
2699 1104 2791 1157 pro
2839 1071 3068 1142 munibus
3118 1071 3348 1142 mortuus
3398 1100 3492 1152 est,

1921 1195 2040 1248 ergo
2066 1195 2237 1250 omnes
2262 1179 2449 1231 mortui
2474 1188 2610 1252 sunt.
2660 1177 2722 1230 Et
2749 1195 2840 1245 pro
2888 1179 3119 1256 omnibus
3169 1189 3397 1232 mortuus
3419 1189 3492 1234 est

1921 1269 2170 1342 Christus.
2201 1269 2357 1344 Solus
2388 1271 2632 1322 iuventus
2659 1282 2758 1333 εει,
2789 1270 2876 1342 qui
2928 1281 2986 1323 ut
3015 1269 3351 1324 immaculata
3393 1269 3492 1324 ho-

1921 1362 2020 1414 alia
2047 1375 2142 1430 pro
2168 1361 2413 1438 omnibus
2445 1371 2761 1421 moreretur,
2782 1377 2875 1424 pro
2905 1361 2983 1414 eis
3008 1362 3098 1432 qui
3123 1372 3273 1415 erant
3296 1364 3490 1434 mortui

1923 1451 1976 1503 in
1994 1435 2242 1518 peccatis.
2277 1449 2345 1505 Ut
2383 1461 2428 1504 et
2459 1449 2544 1516 qui
2574 1453 2764 1505 vivunt.
2807 1452 2864 1508 Ei
2905 1435 3158 1530 debemus
3195 1453 3491 1508 vitam'noo

1921 1555 2108 1608 stram,
2137 1543 2228 1620 qui
2251 1559 2366 1618 eam
2399 1544 2450 1598 iu
2479 1543 2630 1598 nobis
2655 1559 2748 1596 sua
2783 1553 2954 1620 morte
2985 1527 3231 1620 reddidit.
3247 1542 3366 1597 Jam
3393 1561 3491 1597 non

1920 1637 2018 1689 sibi
2042 1619 2230 1705 vitam,
2259 1636 2347 1710 srd
2373 1637 2419 1712 ei
2444 1637 2528 1710 qui
2555 1651 2647 1703 pro
2678 1637 2801 1701 ipsis
2843 1615 3069 1715 mortuus
3107 1619 3228 1689 est.
3279 1637 3333 1690 Si
3375 1641 3492 1704 quis

1922 1741 2045 1798 suas
2081 1709 2715 1802 voluntates,etttonJiei
2738 1709 2878 1788 facit,
2903 1709 3000 1780 si.in
3021 1713 3181 1791 vivit;
3224 1726 3362 1780 unde
3385 1726 3489 1779 Du-

235 1810 396 1864 fccti.
425 1808 611 1872 Omnes
635 1809 768 1874 enim
795 1823 886 1870 nos
916 1808 1231 1876 manifestari
1250 1817 1443 1876 oportet
1460 1819 1576 1864 ante
1599 1806 1815 1860 tribunal

1928 1819 2101 1871 minus
2133 1834 2145 1869 :
2176 1816 2232 1872 Si
2254 1817 2374 1886 quis
2405 1818 2534 1892 vult,
2572 1815 2761 1882 inquit,
2790 1824 2907 1894 post
2931 1831 3014 1896 me
3037 1807 3239 1888 venire,
3267 1815 3493 1883 alincget

236 1901 458 1956 (.‘lm'sti.
485 1899 588 1966 Pro
607 1898 969 1969 magnitudine
999 1906 1202 1968 potesta
1232 1899 1272 1952 is
1294 1897 1586 1970 et.judicis_,
1612 1897 1814 1967 magni-

237 1993 378 2046 tudo
404 1991 685 2054 tribunalis
705 1989 961 2058 etjudicii
981 1989 1288 2050 aestimanda
1313 1999 1394 2050 est
1417 2006 1430 2041 :
1459 1999 1655 2064 quanto
1675 1991 1816 2066 enim

236 2085 421 2152 major
453 2091 690 2151 potestas
712 2081 932 2151 judicis,
961 2071 1107 2141 tanto
1134 2082 1303 2148 major
1326 2080 1698 2152 terrorjudicii
1727 2083 1817 2145 sit,

235 2187 469 2227 necesse
491 2182 590 2226 est.
624 2170 691 2225 Ut
711 2174 899 2240 referat
924 2172 1286 2240 unusquisque.
1315 2171 1572 2242 Recipiat.
1597 2171 1818 2240 Pmpria

232 2268 498 2338 corporis,
534 2273 681 2335 prout
705 2265 878 2335 gessit.
910 2261 1045 2328 Quid
1074 2271 1157 2330 est
1180 2263 1470 2318 secundum
1493 2260 1552 2317 ea
1576 2278 1693 2332 qme
1727 2278 1819 2330 per

231 2356 659 2424 corpus-gessit,
707 2354 808 2407 nisi
835 2354 1124 2424 secundum
1156 2368 1218 2406 ea
1247 2367 1364 2424 quae
1400 2355 1566 2422 gessit
1589 2368 1653 2406 eo
1679 2361 1816 2406 tem-

234 2463 374 2510 |Ofe
433 2461 539 2516 quo
587 2445 637 2498 in
677 2459 904 2514 corpore
951 2442 1089 2498 fuit?
1127 2443 1256 2510 Quia
1311 2442 1379 2504 de
1423 2443 1818 2512 resurrectione

230 2547 466 2602 tractat,
493 2537 605 2590 vult
632 2535 915 2610 os:endere
948 2535 1000 2595 in
1031 2533 1279 2590 omnibus
1304 2535 1532 2608 animam
1570 2549 1664 2604 per
1694 2549 1814 2588 cor-

229 2646 336 2696 pus
368 2637 644 2700 operatam
694 2643 816 2684 esse
838 2670 852 2691 ,
893 2626 1126 2696 quandiu
1155 2628 1207 2680 in
1246 2641 1470 2696 carpare
1499 2628 1650 2702 vixit.
1686 2628 1814 2692 Nam

229 2720 421 2774 anima
465 2721 584 2786 sine
631 2735 856 2790 corpore
887 2729 1100 2788 peccat,
1131 2734 1324 2790 corpus
1353 2719 1468 2790 sine
1503 2720 1676 2780 anima
1710 2735 1815 2773 uou

228 2818 440 2879 potitast.
474 2810 590 2868 Sive
611 2812 824 2876 malum,
846 2811 950 2866 sive
977 2812 1182 2866 bonum.
1213 2797 1480 2874 Discedite
1500 2825 1528 2862 a
1555 2791 1644 2864 me
1661 2852 1676 2874 ,
1707 2827 1818 2880 ma-

227 2901 454 2967 ledicti;
480 2903 601 2958 veni
627 2918 679 2966 e,
708 2902 973 2972 benedicti
1003 2903 1172 2958 Patris
1198 2903 1319 2957 mei.
1348 2901 1644 2956 Nolandum
1695 2904 1814 2971 quia

227 3008 397 3059 pinna
436 2993 558 3052 mali
591 2993 783 3047 malum
814 2975 1289 3062 diciturJSrientes
1317 3007 1434 3061 ergo
1456 2992 1682 3058 timorem
1707 2992 1813 3044 Do-

225 3081 366 3152 mini
395 3082 680 3135 honrinibus
701 3081 996 3144 suademus,
1022 3080 1128 3142 Deo
1149 3091 1315 3133 autem
1341 3082 1592 3152 manifesti
1612 3098 1808 3134 sumus.

1920 1910 2190 1980 seipsum,
2225 1918 2278 1972 ιιι
2308 1908 2528 1978 reliqua.
2567 1905 2629 1962 Et
2683 1908 2980 1982 resurrexit.
3033 1905 3257 1975 Semper
3335 1907 3491 1959 morti

1920 2000 2364 2076 resurrectionem
2389 1996 3022 2074 jungit,proplorcaluur
3050 1996 3172 2048 iam.
3204 1994 3492 2064 ltaquenos

1919 2107 1982 2160 ea:
2002 2090 2094 2143 hoc
2122 2091 2372 2150 neminem
2413 2075 2642 2164 novimus
2679 2087 2954 2161 secundum
2992 2101 3214 2138 carnem.
3260 2084 3390 2152 Quia
3415 2084 3492 2138 illi

1921 2189 2154 2246 veterum
2169 2163 2410 2244 exempla
2427 2176 2714 2250 Corinthiis
2730 2176 3386 2246 proponebant.nemiucm
3403 2191 3512 2233 no-.

1919 2269 2090 2323 vimus
2116 2269 2397 2336 carnaliter
2421 2250 2788 2340 circumcisum
2811 2257 2838 2332 ,’
2855 2255 2912 2342 et.
2925 2267 3138 2320 carnale
3202 2265 3487 2320 sabbatum

1919 2361 2317 2426 observantem.
2343 2343 2544 2412 nullius
2564 2358 2758 2412 veteris
2781 2356 3050 2426 sequimur
3073 2357 3397 2424 exemplum.
3423 2357 3490 2408 Et

1919 2450 1962 2502 si
1982 2429 2303 2520 cognorimus
2323 2446 2600 2500 secundum
2615 2461 2812 2498 carnem
2831 2443 3114 2498 Christum.
3140 2445 3357 2499 Etiamsi
3372 2445 3486 2509 ipse

1918 2539 2164 2594 Christus
2191 2553 2318 2592 earn
2359 2538 2477 2592 liter
2498 2537 2841 2616 circumcisus
2876 2525 2978 2599 est,
3024 2544 3079 2590 et
3125 2551 3247 2590 cum
3289 2535 3490 2590 Judaeis

1919 2633 2096 2706 outnTa
2126 2629 2431 2683 celebravit.
2465 2627 2567 2682 Sed
2598 2611 2710 2696 pom
2741 2611 3192 2682 resurrectionem
3235 2627 3350 2696 ejus
3378 2627 3486 2679 Nu-

1919 2705 2138 2795 vumest
2153 2721 2570 2803 Testamentum.
2590 2705 2694 2792 Sed
2714 2736 2843 2771 nunc
2851 2721 2966 2792 jam
2983 2735 3080 2792 non
3097 2719 3346 2772 novimus.
3370 2719 3486 2772 lam

1928 2827 2032 2884 non
2061 2811 2300 2884 novimus
2329 2809 2548 2884 ulterius
2578 2822 2852 2884 passurum
2891 2808 3185 2884 Christum,
3212 2808 3302 2876 qui
3330 2809 3486 2875 spiri-

1921 2883 2094 2966 taliter
2123 2881 2244 2976 eittti
2275 2910 2391 2976 post
2417 2881 2859 2974 resurrecﬁonem
2885 2879 3056 2952 totum
3081 2897 3242 2951 Deum
3271 2914 3390 2952 esse
3419 2899 3490 2950 iu-

1921 2973 2218 3068 telligimits.
2253 2973 2312 3054 Si
2335 3007 2436 3068 qua
2462 2973 2582 3058 ergo
2607 2989 2658 3058 in
2687 2973 2884 3043 Christo
2908 3007 3034 3044 nova
3055 3001 3300 3058 creatura,
3325 3001 3489 3042 vctrra

1919 3071 2246 3160 transierunt.
2285 3061 2340 3136 Si
2367 3083 2483 3150 quis
2508 3065 2674 3134 novus
2701 3073 2800 3146 εει,
2829 3095 2968 3135 nova
3003 3067 3061 3133 in
3093 3081 3217 3134 Cliti
3253 3091 3305 3133 to
3335 3097 3486 3134 crea-

227 3173 651 3252 Scientesiquan
682 3189 743 3226 us
791 3174 861 3227 sit
902 3183 1075 3227 metus
1107 3173 1289 3244 judieii
1330 3174 1420 3240 Dei
1449 3215 1462 3236 ,
1506 3173 1806 3228 hominibus
1833 3157 1878 3218 C
1917 3157 2334 3242 tu_ra,'iutelligat
2368 3169 2543 3224 omnia
2568 3181 2745 3223 vetera
2773 3183 2870 3222 suo
2889 3185 3124 3236 tempore
3146 3169 3484 3237 essedisjun-

223 3267 549 3329 suademus,
573 3275 626 3318 ut
657 3273 880 3320 caveant
913 3267 963 3318 in
991 3281 1112 3320 eum
1139 3264 1394 3322 incidere.
1427 3264 1530 3318 Deo
1557 3282 1666 3319 tero
1694 3281 1807 3317 ma-

224 3356 414 3410 nifesti
469 3371 666 3408 sumus.
719 3355 773 3414 Si
831 3370 986 3423 quam
1031 3355 1320 3419 ducemus,
1383 3355 1539 3410 aliter
1581 3356 1805 3424 agimus.

226 3449 404 3518 Spero
435 3458 602 3502 autem
637 3455 685 3500 et
734 3446 784 3498 in
818 3447 1134 3502 conscientiis
1164 3447 1338 3500 vestris
1381 3447 1674 3516 manifestos
1719 3463 1809 3499 nos

224 3552 368 3606 esse.
417 3535 669 3604 Quamvis
699 3533 849 3604 vobis
894 3535 960 3588 de
1009 3535 1161 3592 nobis
1191 3535 1328 3590 ntale
1359 3543 1664 3605 suggestum
1703 3535 1766 3588 sit
1790 3576 1808 3601 ,

229 3636 372 3697 puto
395 3633 568 3698 tamen
615 3626 754 3696 quod
790 3639 892 3676 non
925 3624 1142 3700 recipiat.
1172 3632 1346 3678 vestra
1374 3623 1698 3676 conscientia
1743 3625 1811 3679 de

227 3717 397 3772 nobis
417 3717 572 3771 a'iter
600 3715 856 3786 suspicari
911 3731 1066 3790 quam
1096 3707 1265 3779 novit,
1301 3729 1399 3768 nec
1445 3716 1614 3784 possit
1643 3716 1811 3783 magis

228 3811 362 3864 aliis
401 3809 560 3886 ﬁdem
613 3807 1019 3864 accommodare
1084 3824 1237 3877 quam
1287 3805 1411 3862 sibi.
1470 3806 1586 3860 Non
1629 3807 1811 3862 iterum

228 3901 574 3968 nosmetipsos
647 3901 1056 3953 commendamus
1123 3900 1280 3952 vobis.
1358 3899 1490 3966 Quia
1567 3901 1812 3968 superius

227 3991 452 4046 dixerat
475 4004 531 4044 se
557 3989 1003 4043 cornmendatitiis
1035 4004 1136 4066 non
1166 4003 1342 4056 egere.
1381 3988 1480 4066 Sed
1502 3991 1813 4066 occasionem

231 4082 427 4134 damus
472 4080 607 4134 vobis
663 4080 920 4149 gloriandi
972 4095 1067 4148 pro
1097 4059 1282 4132 inobis.
1343 4065 1537 4132 Contra
1587 4059 1811 4148 pseudo-

228 4172 548 4239 apostolos,
593 4173 680 4242 qui
730 4171 807 4226 eis
849 4169 1022 4240 primo
1061 4185 1157 4238 per
1201 4154 1582 4240 deraCtiouem
1633 4155 1811 4224 odium

229 4279 362 4331 ejus
403 4265 641 4319 inserere
673 4262 952 4329 volebant,
998 4270 1054 4316 ut
1081 4263 1158 4331 eis
1201 4263 1328 4317 fides
1359 4262 1562 4317 facilius
1593 4261 1814 4316 halte:e-

225 4368 350 4430 Itur.
384 4355 450 4410 Ut
499 4354 724 4408 habeatis
768 4355 837 4408 ad
875 4370 977 4409 eos.
1015 4354 1160 4421 Quid
1201 4353 1520 4432 respondeat
1541 4368 1583 4408 ε.
1623 4355 1724 4421 Qui
1763 4354 1814 4406 in

232 4447 378 4516 {aria
409 4444 718 4518 gloriantur,
759 4455 805 4498 et
847 4461 948 4498 non
988 4445 1042 4498 in
1091 4445 1262 4499 corde.
1316 4445 1413 4509 Qui
1461 4460 1579 4498 cum
1628 4444 1692 4498 ad
1735 4445 1812 4497 fa-

1915 3254 2020 3325 cta,
2049 3271 2100 3314 ct
2131 3264 2290 3314 modo
2321 3255 2457 3314 uov'o
2481 3275 2626 3314 more
2657 3259 2960 3332 vivendum.
2991 3260 3117 3312 [ζει-ε
3163 3261 3300 3326 facta
3346 3265 3483 3312 sunt.

1917 3347 2213 3430 scentulum
2245 3337 2454 3404 Isaiam.
2484 3351 2614 3421 Umu
2638 3368 2667 3403 a
2695 3335 2842 3430 nova.
2867 3351 2996 3420 Quia
3037 3352 3194 3405 etiam
3221 3367 3487 3422 pr;c(‘epla

1916 3446 2161 3499 iunovata
2191 3455 2335 3510 sunt.
2365 3445 2490 3497 dum
2531 3445 2814 3526 implentur
2866 3459 2958 3511 per
3005 3431 3228 3526 gratiam
3263 3442 3484 3496 (.ltrisli.

1919 3537 2101 3612 Omnia
2119 3523 2288 3591 autem
2317 3554 2379 3591 ea:
2407 3537 2534 3590 Deo.
2562 3537 2628 3600 Et
2655 3515 2790 3591 nova
2820 3546 2874 3591 et
2919 3544 3099 3614 vetera
3144 3515 3212 3589 ab
3244 3553 3346 3588 ιιιιυ
3380 3537 3487 3589 heu

1918 3643 2012 3696 pro
2043 3615 2350 3700 dirersnate
2374 3637 2672 3695 temporum
2695 3617 2817 3696 sunt
2835 3625 3042 3680 effecta.
3069 3625 3167 3693 Qui
3183 3613 3484 3678 reconcilia-

1914 3723 1981 3775 vit
2026 3739 2134 3776 nas.
2153 3723 2281 3790 Quia
2298 3739 2393 3798 per
2420 3707 2632 3793 peccata
2657 3724 2722 3777 ab
2747 3737 2812 3782 eo
2843 3725 3111 3777 fueramus
3138 3725 3336 3794 aversi.
3374 3707 3487 3778 Sibi

1915 3830 2002 3882 per
2032 3813 2308 3890 Christum.
2341 3815 2442 3869 l’er
2466 3813 2773 3884 sanguinem
2809 3817 2879 3868 et'
2910 3813 3210 3888 exemplum
3243 3813 3437 3876 Christi
3468 3831 3482 3866 :

1915 3907 2036 3973 quia
2064 3915 2118 3958 et
2150 3905 2396 3972 redemit,
2425 3915 2476 3959 et
2504 3905 2702 3959 docuit.
2735 3903 2802 3960 Et
2824 3905 2958 3958 dedit
2985 3903 3130 3958 nobis
3152 3904 3481 3978 ministerium

1916 3995 2357 4048 reconciliationis.
2392 3993 2457 4050 Ut
2486 4003 2539 4048 et
2567 4009 2665 4050 nos
2693 3994 2828 4046 alios
2859 3993 3282 4048 reconciliemus.
3343 3995 3483 4056 Quo-

1917 4086 2052 4136 niam
2069 4067 2271 4151 quidrm
2305 4082 2438 4156 Deus
2454 4091 2559 4136 erat
2584 4084 2638 4156 in
2663 4081 2862 4135 Christo
2891 4084 3132 4134 mundum
3154 4083 3486 4135 reconcilians

1922 4174 2037 4229 sibi.
2070 4173 2185 4248 Non
2215 4172 2386 4226 solum
2421 4172 2580 4226 homo
2606 4184 2719 4224 rrat
2745 4157 3006 4244 Christus,
3034 4171 3125 4223 sed
3172 4181 3224 4223 et
3324 4187 3402 4231 us,
3433 4171 3482 4222 id

1916 4273 2016 4328 εει,
2052 4263 2192 4316 Deus
2226 4263 2384 4316 homo
2405 4263 2694 4316 secundum
2757 4261 3090 4330 praesentiam
3138 4263 3329 4330 ultique
3378 4273 3481 4327 εει,

1919 4369 2024 4406 non
2041 4351 2332 4406 secundum
2351 4350 2627 4426 ell'ectum;
2658 4351 2710 4403 in
2731 4345 2940 4404 Chiisto
2967 4358 3142 4402 autem
3166 4350 3338 4402 omnis
3371 4349 3483 4414 ple-

1919 4443 2099 4496 nitudo
2129 4442 2422 4495 divinitatis
2449 4432 2726 4496 inhabitat.
2756 4425 2876 4493 Non
2906 4429 3142 4512 reputans
3176 4437 3278 4493 illis
3299 4440 3483 4492 delicta

231 4541 378 4594 ciem
407 4536 700 4606 gloriantur
731 4536 798 4590 de
820 4550 913 4590 sua
935 4534 1139 4604 justitia
1169 4545 1219 4587 et
1250 4544 1428 4589 nostra
1471 4535 1806 4598 infirmitate,
1847 4533 1896 4591 ')
1919 4533 2163 4599 ipsorum.
2184 4531 2404 4590 llucest,
2425 4530 2700 4606 indulgens
2734 4546 2824 4596 per
2845 4529 3011 4583 solam
3046 4531 3487 4599 fideiu,qu:egra-

231 4627 422 4682 ctirdis
477 4627 558 4681 sui
601 4625 900 4679 testimonio
947 4627 1319 4690 revincuntur,
1369 4623 1481 4682 sive
1520 4627 1570 4678 iu
1616 4641 1806 4679 carna-

235 4717 384 4771 libus
433 4716 686 4786 operibus
735 4715 884 4784 legis.
921 4715 1039 4792 Sive
1095 4717 1226 4767 enim
1286 4725 1450 4769 mente
1500 4718 1809 4783 escedimu",

237 4809 355 4862 Deo
385 4824 404 4860 :
430 4809 532 4862 sive
555 4807 711 4860 sobrii
735 4823 932 4872 sumus,
963 4807 1124 4860 vobis.
1170 4806 1393 4873 Quidam
1443 4807 1652 4872 dicunt,
1699 4808 1814 4863 sive

233 4915 406 4969 Super
432 4898 696 4952 hominem
721 4898 975 4966 sapimus,
995 4897 1044 4950 id
1058 4906 1159 4963 est,
1175 4899 1229 4951 in
1244 4897 1436 4952 εχειεεί
1451 4914 1654 4966 sumus,
1673 4898 1810 4953 Deo:

235 4993 366 5062 quia
399 4989 519 5058 plus
547 4998 809 5064 estquam
839 4987 1125 5041 humanum
1155 4987 1294 5055 quod
1351 4987 1617 5056 loquimur
1649 5005 1663 5042 :
1696 4991 1812 5043 sive

240 5089 434 5134 nostro
455 5092 612 5132 sensu
633 5063 918 5146 loquimur,
949 5077 1113 5130 vobis.
1140 5077 1311 5131 Mente
1336 5078 1596 5132 excedere
1624 5078 1816 5132 dicitur

240 5176 455 5237 doctor,
483 5171 694 5242 quando
719 5170 825 5222 alia
849 5177 902 5222 et
925 5167 1181 5234 spiritalia
1205 5167 1438 5235 loquitur
1473 5183 1488 5218 :
1541 5177 1598 5220 ut
1626 5167 1812 5221 beatus

241 5269 481 5321 Joannes
514 5245 527 5316 ἐ
554 5263 609 5316 In
640 5260 901 5330 principio
931 5257 1042 5314 eiat
1068 5258 1321 5323 Verbum,
1353 5265 1407 5312 et
1436 5259 1657 5326 reliqua.
1723 5257 1816 5313 So-

245 5358 362 5410 lirie
387 5355 718 5424 loquebatur,
747 5350 958 5420 quando
1006 5364 1066 5404 se
1096 5348 1404 5402 humiliabat
1447 5349 1631 5401 dicens
1661 5347 1818 5400 :Ver-

247 5447 374 5500 bern
403 5461 525 5497 caro
557 5445 748 5495 factum
777 5440 1048 5514 est;_quod
1077 5437 1620 5506 etiamsignilicaltant
1640 5438 1812 5505 angeli

247 5540 304 5592 in
337 5543 498 5599 scala,
515 5551 670 5601 quain
695 5524 1382 5606 viditJacolt,ascendentes
1401 5537 1454 5581 et
1480 5529 1813 5581 descenden-

253 5642 354 5687 tes.
381 5627 432 5680 id
453 5636 554 5690 est,
577 5627 844 5686 doctores,
868 5629 925 5675 ut
952 5623 1064 5694 ipse
1087 5621 1270 5672 beatus
1319 5618 1512 5671 Paulus
1563 5618 1819 5672 ascende-

256 5718 366 5782 bat,
397 5730 514 5770 cum
545 5713 754 5770 dicebat
783 5728 797 5766 :
825 5709 1150 5782 Sapientiam
1173 5705 1437 5778 loquimur
1461 5706 1598 5761 inter
1640 5708 1815 5776 perfe-

1922 4625 1987 4676 lis
2005 4623 2195 4675 donata
2226 4629 2331 4675 εει.
2359 4620 2422 4673 Et
2445 4623 2610 4689 posuit
2638 4621 2689 4680 in
2710 4622 2847 4674 nobis
2873 4623 3071 4674 verbum
3120 4623 3488 4674 reconciliato-

1920 4715 2020 4768 nis.
2053 4713 2584 4777 Prtedicationemmt
2607 4730 2700 4781 pro
2722 4715 2933 4767 Christo
2955 4729 3050 4767 uos
3082 4715 3488 4768 reconciliemus

1922 4804 2164 4858 homines
2195 4799 2322 4857 Deo.
2370 4801 2470 4856 Pro
2501 4801 2706 4856 Christo
2753 4789 2872 4874 ergo
2924 4806 3172 4872 legatione
3202 4803 3483 4872 fungimur.

1921 4895 2084 4961 Cujus
2113 4895 2224 4946 vice
2251 4893 2403 4954 legati
2429 4908 2610 4945 smnus
2638 4893 2748 4946 Dei.
2782 4891 3044 4959 Tanquam
3071 4891 3173 4942 Deo
3194 4890 3490 4944 exhortante

1923 5002 2010 5054 per
2037 5002 2147 5038 nos.
2181 4984 2294 5037 Non
2317 5001 2380 5038 ex
2407 4975 2557 5036 nobis
2582 4965 2827 5044 dicimus,
2863 4968 2956 5036 sed
3002 4981 3140 5034 Deus
3164 4997 3256 5048 per
3279 4995 3375 5033 nos
3409 4984 3488 5034 lo-

1921 5076 2121 5144 quitur.
2154 5071 2508 5127 Obsecramns.
2535 5073 2585 5126 ld
2617 5083 2720 5133 est,
2741 5082 2984 5140 tauquam
3005 5085 3098 5123 vos
3120 5069 3362 5124 Christus
3388 5073 3484 5124 01)-
3561 5099 3566 5104 ·

1921 5165 2269 5228 ειπειει.ριιίιι
2309 5163 2633 5216 reuuneiliari
2669 5160 2808 5214 Deo?
2841 5162 2958 5230 quia
3001 5159 3199 5214 inimici
3232 5177 3445 5215 eramus
3473 5179 3484 5216 :

1923 5269 2079 5308 neruo
2105 5269 2246 5306 enim
2271 5251 2662 5313 reconciliatur,
2694 5249 2792 5302 nisi
2817 5266 2878 5302 ex
2902 5249 3212 5304 iuitttiCLiis.
3239 5250 3487 5304 Inimicos

1919 5353 2092 5397 autem
2120 5327 2214 5396 nos
2246 5358 2349 5394 non
2384 5353 2588 5404 natura,
2622 5341 2711 5391 sed
2747 5355 2962 5409 pt-cra'a
3012 5340 3290 5395 iecerunt:
3345 5341 3484 5392 unde

1921 5435 2116 5490 inimici
2138 5435 2298 5497 iléius,
2331 5434 2452 5487 inde
2469 5435 2606 5486 servi
2659 5435 2880 5500 peccati.
2901 5435 3180 5498 Quomodo
3197 5443 3372 5486 autem
3401 5450 3484 5487 τες

1919 5525 2285 5589 conciliamur,
2315 5517 2416 5577 nisi
2453 5525 2687 5577 solvatur
2707 5526 2845 5592 quod
2870 5527 3002 5577 inter
3019 5534 3177 5579 noset
3203 5523 3372 5591 ipsum
3399 5538 3484 5577 se-

1923 5625 2094 5685 parat,
2126 5614 2224 5667 hoc
2246 5623 2345 5674 est,
2373 5625 2588 5681 peccatu
2614 5613 2682 5668 In?
2711 5627 2760 5668 et
2789 5614 2908 5668 ideo
2938 5613 3199 5688 mediator
3230 5613 3486 5666 Dominus

1926 5705 2188 5769 Christus,
2213 5703 2298 5774 qui
2323 5704 2490 5760 lactus
2522 5714 2599 5757 cst
2625 5704 2962 5766 sacriﬁcium,
2990 5691 3094 5772 pro;
3113 5711 3327 5772 peccato
3356 5702 3485 5758 επεν
