3904 6176
409 274 512 331 567

1525 253 1821 333 i’RlM.\8ll
1862 271 2315 332 ADltl‘METANl
2358 271 2566 329 EPISC.
3515 290 3596 342 56,

407 399 529 440 rens
559 384 815 457 selpsum.
851 385 959 441 Pro
982 385 1599 442 Christoreconciliamini
1612 387 1736 443 Deo.
1760 385 1868 440 lloc
1880 392 1987 451 est,
2020 392 2062 447 Α
2091 383 2301 439 dicatur
2326 399 2355 438 a
2381 380 2554 448 vobis,
2582 383 2784 442 Fauces
2813 385 2929 455 ejus
2955 385 3328 457 dulcodiuis,et
3353 403 3472 452 totus
3490 398 3601 454 desi-

408 478 523 533 vice
558 479 757 535 Christi
782 495 1061 551 rogamus,
1102 488 1162 534 ut
1200 480 1588 536 convertamini
1626 490 1680 536 et
1726 479 1986 535 credatis.

412 571 544 625 Eum
568 575 659 645 qui
695 591 797 629 non
825 583 1330 643 noveratpeccatum.
1376 576 1517 631 Deus
1558 575 1738 639 Pater,
1785 576 1989 630 scilicet

412 662 629 718 Filium.
662 663 769 720 Pro
803 667 946 720 nobis
969 666 1085 734 fecit
1120 677 1401 734 peccatum.
1452 667 1504 721 ld
1534 678 1634 734 est,
1669 667 1987 722 sacriﬁcium

410 769 507 823 pro
527 765 745 822 peccato
770 772 864 825 pro
882 756 1037 811 nobis
1078 767 1356 826 peccatum
1380 756 1530 813 fecit.
1580 758 1765 812 llostia
1810 758 1989 812 oblata

413 859 507 913 pro
524 858 759 913 peccato,
791 844 1071 916 peccatum
1103 848 1385 903 dicebatur
1406 849 1459 903 in
1506 850 1657 919 lege,
1687 848 1809 904 cum
1856 849 1989 903 nihil

413 946 677 1004 peccaret,
701 939 838 994 sicut
868 941 1122 1009 scriptum
1153 951 1273 996 est:
1306 942 1368 995 Et
1392 941 1631 1008 imponet
1659 955 1847 995 manus
1902 955 1988 996 su-

414 1044 510 1097 per
534 1040 691 1097 caput
725 1031 925 1099 peccati
956 1032 1059 1086 sui.
1094 1031 1196 1086 Per
1220 1047 1448 1100 quorum
1498 1032 1809 1109 sanguinem
1871 1047 1995 1086 san-

415 1120 533 1190 guis
572 1119 665 1175 ille
689 1122 776 1191 qui
808 1136 906 1191 pro
949 1122 1103 1176 nobis
1145 1123 1346 1177 etfusus
1396 1129 1483 1177 est
1534 1122 1992 1193 prteligurabatur.

416 1210 491 1262 Ita
520 1218 576 1265 et
604 1208 851 1265 Christus
882 1227 979 1281 pro
998 1213 1231 1281 peccatis
1261 1212 1460 1267 nostris
1508 1212 1741 1278 oblatus,
1794 1211 1997 1280 peccati

420 1316 617 1357 nomen
644 1304 871 1374 accepit.
894 1305 960 1360 Ut
982 1323 1075 1360 nos
1096 1308 1618 1378 eﬁirei'eniurjustitia
1638 1306 1756 1361 Dei.
1770 1307 1884 1363 Non
1903 1323 1999 1363 no-

415 1403 546 1448 stra.
569 1394 635 1448 In
664 1396 794 1467 ipso.
825 1395 939 1461 Non
969 1398 1020 1451 in
1050 1398 1229 1453 nobis.

487 1488 617 1545 Car.
642 1507 712 1545 vr.
732 1493 1039 1561 Adjuvantes
1050 1503 1218 1547 autem
1233 1492 1564 1547 exhortamur
1574 1508 1680 1546 vos.
1699 1492 1871 1548 Verbo
1882 1491 1999 1548 Dei.

420 1578 506 1635 Ne
525 1581 577 1633 in
606 1597 825 1635 vacuum
854 1583 1070 1654 gratiam
1098 1582 1196 1637 Dei
1221 1582 1499 1653 recipiatis.
1532 1582 1588 1636 In
1633 1598 1857 1637 vacuum
1884 1598 2004 1653 gra~

423 1670 548 1723 tiam
574 1670 666 1725 Dei
699 1673 908 1741 recipit,
942 1673 1033 1741 qui
1062 1688 1181 1727 cum
1207 1673 1300 1726 Dei
1322 1673 1493 1741 gratia
1515 1688 1621 1728 non
1660 1672 2005 1737 Iaborat,nec

2088 481 2320 538 derium.
2353 481 2420 535 In
2442 480 2645 550 Spiritu
2664 489 2861 534 sancto.
2894 479 2948 534 Id
2976 491 3079 542 est,
3113 480 3180 535 ita
3208 496 3296 537 nos
3335 486 3439 554 ejus
3484 489 3603 544 dono

2091 586 2374 642 possumus
2387 572 2722 635 exhibere,si
2746 584 2844 624 nos
2868 569 2987 640 ejus
3015 570 3157 625 dono
3191 573 3364 642 dignos
3390 592 3609 646 prepare.

2092 677 2230 727 mus,
2247 671 2301 716 et
2314 662 2564 731 templum
2578 676 2755 727 suum,
2772 661 2910 730 quod
2926 660 3191 715 mandavit
3204 663 3250 715 in
3265 663 3515 732 baptismo,
3528 685 3611 723 non

2090 753 2373 808 violemus.
2390 752 2455 806 In
2477 751 2727 806 charitate
2749 767 2850 804 non
2869 751 3009 818 ﬁcta.
3025 749 3261 805 Charitas
3280 766 3396 806 sane
3409 768 3500 807 non
3517 756 3613 810 ﬁcta

2092 855 2196 911 est,
2223 846 2269 901 si
2286 845 2461 899 omnia
2484 858 2603 915 qua:
2633 845 2789 898 nobis
2814 843 2928 897 ﬁeri
2959 843 3218 909 volumus,
3248 843 3359 898 aliis
3377 846 3613 911 faciamus,

2094 938 2233 992 sicut
2262 938 2336 991 ait
2364 946 2581 991 sanctus
2617 936 2851 991 Joannes
2881 949 2895 988 ε
2929 934 3043 989 Νοη
3067 934 3335 1003 diligamus
3384 937 3530 991 verbo
3572 933 3617 992 ei

2097 1029 2297 1100 lingua,
2325 1027 2421 1084 sed
2450 1042 2615 1098 opere
2642 1036 2695 1083 et
2716 1028 2965 1082 veritate.
2991 1026 3048 1081 lu
3079 1027 3179 1082 hoc
3199 1041 3395 1097 quoque
3445 1044 3537 1083 non
3562 1030 3615 1083 li-

2096 1131 2178 1175 cta
2203 1129 2285 1174 est
2304 1120 2562 1187 charitas,
2592 1120 2636 1173 si
2668 1118 2859 1173 delicta
2891 1126 2942 1172 et
2963 1114 3149 1187 culpas
3195 1120 3409 1189 benigno
3458 1120 3622 1175 allecto

2098 1210 2438 1268 infratribus
2478 1211 2822 1280 castigemus.
2869 1207 2935 1262 In
2974 1208 3124 1262 verba
3158 1209 3387 1262 veritatis.
3429 1208 3626 1264 Verbum

2099 1304 2340 1358 veritatis
2375 1303 2596 1357 verbum
2620 1311 2701 1357 est
2726 1301 2946 1365 Christi,
2973 1301 3112 1371 quod
3153 1316 3216 1355 ex
3239 1302 3505 1370 Scripturis
3523 1316 3628 1370 pro-

2103 1392 2299 1459 fertur,
2321 1394 2367 1447 si
2398 1403 2572 1447 tamen
2619 1402 2742 1460 apte
2783 1391 3079 1461 proferatur
3120 1408 3135 1445 :
3167 1400 3219 1446 et
3273 1392 3537 1447 verendum
3573 1406 3630 1446 ne

2104 1487 2242 1543 f0rte
2295 1486 2549 1540 faciamus
2590 1484 2657 1539 de
2704 1484 2931 1538 veritate
2978 1482 3331 1548 mendacium,
3378 1484 3456 1537 vel
3487 1482 3628 1538 illud:

2102 1575 2276 1630 Nolite
2299 1574 2510 1629 mentiri
2539 1574 2789 1629 invicem.
2825 1571 2891 1627 In
2914 1576 3096 1627 virtute
3146 1573 3241 1628 Dei
3268 1588 3354 1641 per
3395 1589 3525 1626 arma
3561 1573 3634 1641 ju-

2104 1668 2273 1721 stitite.
2300 1664 2356 1719 ln
2384 1665 2578 1719 virtute
2602 1663 2801 1719 Christi
2835 1677 2928 1733 per
2975 1668 3121 1717 arma
3163 1662 3375 1732 justitire
3416 1663 3634 1717 adversus

423 1760 667 1829 adiungit
692 1763 926 1818 studium
952 1778 1128 1829 suum,
1160 1771 1217 1818 ut
1256 1762 1428 1833 possit
1458 1763 1552 1818 Dei
1593 1771 1861 1833 praecepta
1885 1763 2002 1831 ipso
2033 1774 2081 1834 Β
2108 1758 2377 1813 diabolum
2399 1756 2718 1813 dimicamus
2744 1774 2757 1808 τ
2782 1755 2898 1811 sive
2953 1756 3006 1811 in
3064 1756 3264 1811 virtute
3299 1754 3409 1820 Dei,
3448 1754 3529 1825 qui
3560 1770 3637 1823 per

421 1849 669 1921 adiutore
698 1852 921 1921 implere
951 1871 964 1908 :
992 1853 1081 1923 qni
1114 1868 1218 1908 non
1262 1868 1432 1909 novus
1460 1862 1540 1908 est
1567 1853 1619 1907 in
1646 1852 1796 1907 Novo
1822 1853 2005 1907 Testa-

422 1956 635 2009 mento,
666 1954 720 1999 ct
751 1961 946 2000 novam
971 1947 1131 2000 vitam
1178 1955 1434 2014 sectatur,
1494 1948 1579 2001 cui
1607 1946 1739 2000 nihil
1794 1945 2004 2015 proﬁcit

422 2036 590 2103 gratia
624 2036 732 2090 Dei.
766 2037 898 2091 Nam
930 2038 995 2093 ad
1024 2038 1238 2093 Galatas
1269 2037 1409 2094 idem
1466 2038 1593 2093 dicit
1623 2056 1635 2092 :
1666 2036 1781 2093 Non
1813 2036 2005 2107 abjicio

386 2146 395 2155 ε
423 2125 648 2190 gratiam
672 2116 790 2181 Dei.
818 2129 903 2181 Ait
926 2129 1082 2183 enim.
1119 2130 1258 2183 Deus
1304 2143 1399 2198 per
1428 2127 1741 2198 prophetam
1792 2127 2007 2184 Isaiam.

424 2216 674 2286 Tempore
694 2226 899 2288 accepto
928 2218 1165 2274 exaudiui
1189 2228 1258 2285 te,
1272 2228 1321 2274 et
1351 2221 1405 2272 in
1427 2219 1511 2272 die
1529 2219 1710 2272 salutis
1735 2217 1906 2288 adjuvi
1938 2227 2003 2272 te.

426 2307 552 2362 Mihi
580 2306 644 2359 ad
664 2307 1052 2361 exaudiendum
1078 2318 1288 2379 tempus
1305 2318 1606 2377 acceptum,
1663 2316 1718 2363 et
1766 2307 1883 2363 dies
1922 2322 2009 2362 sa-

426 2395 573 2459 lutis,
599 2395 774 2451 iubae
800 2400 902 2450 vita
927 2408 1028 2463 est,
1078 2399 1219 2453 sicut
1261 2402 1335 2453 ait
1375 2397 1620 2452 Salvator
1666 2415 1679 2451 :
1728 2398 2010 2453 Ambulate

426 2488 553 2538 dum
587 2486 757 2539 lucem
783 2485 1019 2552 habetis,
1045 2502 1113 2542 ne
1144 2501 1238 2541 vos
1269 2489 1504 2543 tenebrm
1530 2487 2006 2556 comprehendant.

427 2573 564 2629 Ecce
584 2593 717 2630 nunc
742 2588 935 2645 tempus
959 2579 1289 2647 acceptabile.
1322 2580 1476 2635 Sicut
1520 2579 1645 2634 alibi
1677 2596 1691 2633 :
1726 2580 1869 2649 Ergo
1883 2580 2009 2634 dum

429 2678 639 2738 tempus
671 2668 950 2735 habemus,
981 2685 1269 2740 operemur
1300 2671 1518 2733 bonum.
1566 2672 1692 2729 Dies
1724 2683 1914 2729 autem
1931 2674 2014 2728 di-

428 2764 567 2819 citur
595 2766 700 2819 vita
728 2765 865 2832 haec,
899 2767 1024 2835 quia
1050 2777 1171 2837 apta
1193 2765 1364 2821 estad
1407 2767 1760 2838 operandum,
1787 2776 1842 2823 et
1883 2782 2015 2822 con-

428 2853 663 2908 cluditur
691 2855 1067 2924 noctejudicii,
1102 2856 1154 2910 in
1178 2871 1281 2926 qua
1328 2869 1489 2911 nemo
1532 2858 1729 2927 poterit
1775 2857 2011 2925 operari.

432 2944 559 2999 liae
584 2943 689 2998 vita
728 2954 783 2999 et
830 2958 989 3001 aestas
1019 2946 1253 3015 dicitur,
1308 2947 1361 3001 in
1418 2946 1573 3017 cujus
1616 2950 2015 3019 comparatione

433 3035 670 3090 formica:
697 3036 947 3091 dicuntur
984 3037 1215 3092 hiemem
1257 3053 1479 3108 sperare
1533 3047 1835 3094 venturam.
1881 3039 2016 3096 Ecce

2105 1864 2255 1904 arma
2280 1848 2412 1920 legis
2437 1847 2705 1902 diabolum
2742 1848 3036 1915 superavit.
3084 1849 3127 1900 A
3169 1846 3355 1899 dextris
3390 1853 3436 1898 et
3471 1862 3500 1897 a
3537 1847 3637 1898 sini-

2105 1940 2242 1994 stris.
2269 1938 2455 2006 Neque
2473 1937 2744 2007 prosperis
2771 1937 3072 2001 elevemur,
3108 1949 3214 1990 nec
3260 1935 3541 2003 frangamur
3561 1935 3639 1985 ad-

2108 2031 2294 2086 versis.
2335 2029 2434 2083 Per
2458 2030 2675 2099 gloriam
2706 2038 2753 2081 et
2774 2027 3170 2096 ignobilitatem.
3199 2024 3379 2082 Gloria
3403 2026 3638 2085 virtutum,

2108 2123 2437 2195 ignobilitate
2463 2136 2757 2177 carcerum.
2780 2120 2881 2175 Per
2900 2120 3174 2191 infamiam
3194 2125 3241 2173 et
3270 2117 3441 2172 bonam
3464 2119 3643 2188 famam.

2109 2216 2297 2271 Omnia
2331 2215 2446 2269 haec
2473 2230 2569 2285 per
2598 2214 2907 2282 patientiam
2952 2211 3241 2279 aequaliter
3276 2209 3537 2271 ducamus,
3572 2222 3648 2259 nec

2110 2310 2375 2365 extollant
2395 2322 2491 2362 nos
2517 2306 2820 2370 laudantes,
2864 2316 2966 2360 nec
3016 2300 3280 2372 dcjiciant
3317 2300 3647 2356 detrahentes:

2110 2403 2231 2472 quia
2258 2414 2477 2455 necesse
2504 2409 2582 2453 est
2618 2410 2999 2465 nonnunquam
3049 2403 3312 2464 utrosque
3340 2390 3551 2445 mentiri.
3569 2386 3654 2442 Nos

2111 2508 2242 2548 vero
2265 2490 2330 2546 ad
2356 2491 2736 2544 conscientiam
2762 2486 3134 2556 respicientes,
3172 2498 3276 2537 non
3297 2482 3535 2537 debemus
3560 2478 3654 2530 aliis

2112 2587 2233 2657 plus
2270 2586 2336 2641 de
2358 2584 2512 2638 nobis
2537 2582 2696 2636 fidem
2709 2578 3114 2637 accommodare
3142 2592 3309 2648 quam
3332 2575 3495 2629 nobis.
3524 2570 3658 2625 L’tse-

2113 2678 2366 2742 ductores,
2396 2684 2444 2729 et
2470 2688 2691 2728 veraces.
2717 2672 2972 2741 Exposuit
3010 2666 3296 2725 infamiam
3320 2677 3372 2721 et
3398 2664 3569 2719 bonam
3595 2660 3657 2714 fa-

2114 2784 2278 2836 mam,
2301 2768 2426 2839 quia
2453 2770 2519 2821 ab
2539 2765 2657 2820 aliis
2677 2763 2988 2820 seductores
3005 2802 3019 2828 ,
3044 2761 3111 2816 ab
3128 2760 3266 2816 aliis
3294 2774 3397 2815 non
3417 2756 3569 2812 solum
3587 2766 3661 2807 ve-

2114 2878 2286 2930 races,
2313 2862 2406 2917 sed
2428 2871 2482 2916 et
2509 2860 2582 2915 dii
2615 2858 2872 2914 nominati
2901 2866 3043 2912 sunt.
3077 2855 3208 2911 Non
3239 2869 3365 2925 ergo
3409 2853 3599 2914 mirum,
3624 2847 3661 2900 si

2114 2953 2342 3025 apostoli
2373 2951 2687 3008 seductores
2716 2950 3056 3015 dicebantur,
3077 2949 3402 3016 etsmipsum
3425 2944 3667 2999 Dominum

2092 3045 2284 3102 Judaei
2315 3045 2393 3100 sic
2422 3043 2676 3099 dixerint.
2712 3040 2858 3097 Sicut
2882 3040 2968 3111 qui
3010 3040 3207 3107 ignoti.
3242 3038 3325 3093 Ab
3378 3032 3665 3091 inﬁdelibus.

432 3139 571 3177 nunc
592 3126 703 3178 dies
726 3126 929 3181 salutis.
957 3126 1053 3180 Hic
1089 3127 1264 3181 solum
1294 3127 1543 3194 salutem,
1594 3128 1703 3185 Deo
1755 3128 2010 3202 donante,
2040 3153 2087 3215 ρ
2123 3134 2187 3189 Et
2212 3136 2419 3204 cogniti.
2452 3134 2496 3188 Δ
2537 3131 2900 3187 credentibus.
2958 3128 3129 3194 Quasi
3182 3129 3461 3191 morientes,
3501 3131 3542 3177 et
3574 3134 3668 3175 ecce

435 3230 721 3284 possumus
749 3219 1003 3272 invenire.
1035 3218 1244 3274 Nemini
1264 3220 1443 3275 dantes
1467 3220 1628 3275 ullam
1654 3219 2010 3288 offensionem,

437 3315 493 3359 ut
520 3323 621 3360 non
655 3310 965 3377 vituperetur
985 3310 1316 3364 ministerium
1342 3322 1592 3366 nostrum.
1637 3311 1803 3367 Nemo
1827 3327 2014 3367 exem-

439 3397 528 3465 plo
550 3405 731 3452 nostro
756 3397 1079 3464 oﬁeudatur,
1100 3414 1168 3454 ne
1193 3415 1298 3455 non
1323 3410 1428 3455 tam
1452 3408 1692 3456 nostrum
1714 3401 1897 3456 vitium
1923 3418 2017 3470 pu—

441 3495 582 3540 tetur
606 3501 746 3553 esse,
770 3504 928 3556 quam
960 3489 1265 3547 ministerii.
1294 3490 1399 3546 Sed
1427 3492 1480 3545 in
1523 3491 1776 3546 omnibus.
1826 3491 1943 3547 Non
1965 3491 2019 3546 in

441 3577 726 3647 aliquibus.
758 3578 1103 3636 Exhibeamus
1125 3584 1481 3655 nosmetipsos.
1534 3584 1670 3639 llinc
1696 3585 2018 3650 ostenditur,

441 3671 704 3737 reparatis
736 3670 889 3726 nobis
907 3686 1001 3741 per
1019 3678 1245 3743 gratiam
1271 3674 1387 3740 Dei,
1435 3689 1595 3744 posse
1632 3690 1754 3730 cum
1811 3675 1903 3730 Dei
1928 3675 2025 3729 ad-

439 3757 642 3829 iutorio
668 3760 924 3815 exhibere
947 3777 1045 3817 nos
1069 3762 1341 3817 ministros
1372 3763 1482 3819 Deo
1506 3764 1559 3817 in
1611 3764 1893 3833 descriptis
1918 3765 2026 3819 vir-

446 3850 666 3905 tutibus.
699 3849 849 3906 Sicut
874 3851 967 3906 Dei
991 3853 1274 3909 ministros.
1310 3853 1403 3908 Dei
1445 3854 1677 3908 ministri
1724 3854 1892 3908 Deum
1940 3855 2027 3908 de-

445 3940 575 3995 bent
604 3941 657 3995 in
686 3942 936 3997 omnibus
980 3944 1352 4007 imitari,etex
1379 3945 1484 3998 vita
1528 3956 1581 3999 et
1603 3956 1726 3999 actu
1775 3945 2027 4015 cognosci

448 4035 565 4089 veri
598 4034 693 4089 Dei
719 4037 974 4104 cultores,
1009 4036 1147 4091 sicut
1196 4037 1285 4092 ille
1333 4051 1393 4091 se
1435 4039 1634 4108 patitur
1669 4037 1739 4091 ab
1782 4039 2032 4094 omnibus

450 4123 833 4193 hlasphemari,
859 4126 990 4180 etin
1021 4127 1273 4194 prmsenti
1313 4128 1417 4181 vita
1464 4130 1623 4181 etiam
1670 4127 1891 4196 ingratis
1938 4143 2032 4183 sua

455 4232 562 4271 non
596 4228 753 4288 negat
776 4218 1056 4273 beneficia.
1082 4218 1147 4271 In
1171 4221 1331 4273 multa
1354 4220 1617 4289 patientia.
1653 4218 1765 4272 Non
1803 4220 2033 4273 modica.

457 4308 613 4363 Modo
641 4308 907 4378 patientiae
933 4310 1171 4363 membra
1184 4310 1462 4365 describit.
1496 4308 1561 4362 In
1601 4309 2032 4366 tribulationibus.

454 4399 640 4454 Omnis
665 4400 811 4454 Iasio
845 4399 1116 4453 tribulatio
1164 4410 1265 4455 est.
1295 4399 1358 4453 In
1402 4390 1809 4454 necessitatibus.
1867 4403 2038 4456 Omne

456 4487 598 4556 quod
628 4502 846 4543 necesse
876 4497 979 4555 est,
1008 4489 1086 4542 sic
1111 4490 1359 4556 feramus,
1385 4502 1441 4545 ttt
1475 4508 1695 4547 necesse
1722 4503 1828 4548 est.
1860 4491 1923 4546 In
1946 4511 2039 4547 an-

457 4579 661 4651 gttstiis.
690 4579 943 4647 Augustis
972 4588 1055 4633 est
1081 4580 1255 4634 omnis
1277 4581 1471 4651 inopia.
1518 4581 1586 4635 In
1627 4583 1814 4653 plagis,
1850 4585 1899 4637 in
1924 4600 2033 4637 car-

457 4670 672 4736 ceribus,
700 4672 753 4725 in
778 4671 1126 4725 seditionibus.
1152 4674 1193 4725 A
1213 4672 1540 4742 principibus
1572 4673 1832 4728 locorum.
1866 4672 1930 4727 In
1959 4675 2039 4727 la-

460 4766 687 4831 tioribus,
709 4766 761 4818 in
791 4763 1067 4837 tigiliian
1082 4763 1353 4821 laboribus
1389 4766 1748 4832 discursuum,
1781 4768 1891 4822 sive
1913 4784 2042 4837 ope-

460 4859 751 4925 rationum,
786 4874 904 4929 qua:
936 4860 1131 4912 mentis
1161 4858 1356 4912 debent
1402 4873 1521 4912 csse
1547 4860 1716 4928 magis
1743 4875 1899 4928 quam
1924 4877 2042 4914 cor-

462 4952 627 5019 poris.
660 4951 789 5005 Nam
835 4952 1029 5020 vigiliae
1077 4951 1374 5005 llODCSlmiS
1426 4959 1697 5004 marcrant
1736 4965 1945 5006 carnes.
1977 4952 2044 5006 In

462 5042 688 5109 iejuniis.
716 5043 1013 5097 Notandqu
1042 5042 1240 5113 jejunio
1274 5058 1393 5096 cum
1440 5042 1725 5097 virtutibus
1753 5046 2041 5112 numerari.

468 5131 534 5186 In
557 5134 805 5186 castitate.
842 5133 934 5188 llla
958 5142 1041 5188 est
1077 5149 1200 5189 vera
1247 5135 1490 5198 castitas,
1534 5148 1651 5199 quze
1695 5143 1747 5188 et
1784 5133 1946 5189 corde
1991 5144 2047 5189 et

464 5205 1077 5297 corporeconservatur.
1112 5225 1178 5280 In
1200 5228 1428 5280 scientia.
1454 5225 1687 5279 Scietttia
1710 5226 1919 5295 species
1942 5228 2049 5280 vir-

468 5331 642 5377 tutum
675 5327 781 5384 est,
799 5318 845 5372 si
877 5333 939 5372 ex
986 5334 1050 5372 ea
1089 5320 1209 5387 quis
1236 5320 1529 5383 erudiatur,
1566 5335 1668 5372 nou
1720 5321 1952 5374 inﬂetur.
1981 5317 2048 5373 In

467 5410 871 5480 longanimitate.
897 5407 1294 5478 Longanimuas
1323 5426 1445 5464 vera
1471 5421 1552 5464 est
1583 5410 1898 5464 sustinentia
1923 5409 2047 5463 diu-

469 5511 646 5557 turna.
675 5501 738 5554 In
764 5501 1030 5556 suavitate.
1048 5500 1292 5556 Suavitas
1306 5512 1482 5554 autem
1515 5509 1617 5566 cst,
1652 5502 1693 5554 si
1719 5502 1846 5554 nulli
1869 5501 2051 5556 verbis

470 5593 668 5647 nostris
697 5591 1113 5649 amaritudinem
1141 5607 1481 5662 generemus,
1534 5600 1588 5646 et
1632 5592 1761 5646 illud
1809 5592 2048 5661 ejusdem

471 5680 716 5748 Apostoli
748 5680 1064 5749 impleamus
1119 5698 1131 5733 :
1187 5679 1372 5735 Omnis
1399 5681 1717 5748 amaritudo,
1744 5692 1797 5736 et
1823 5682 2046 5752 clamor,

475 5782 532 5827 et
561 5769 889 5841 blasphemia
920 5772 1134 5829 tollatur
1164 5786 1194 5827 a
1223 5771 1373 5829 vobis
1399 5786 1518 5828 cum
1543 5775 1690 5833 omni
1735 5773 1930 5828 ma‘itia
1953 5789 1967 5843 ;
1993 5784 2048 5830 et

2116 3228 2352 3281 v'vimus.
2386 3224 2497 3279 Huc
2524 3232 2627 3286 est,
2656 3236 2828 3292 usque
2857 3220 2922 3275 ad
2951 3220 3389 3290 desperationem
3433 3218 3545 3271 vita:
3571 3228 3671 3284 per-

2119 3323 2394 3377 venientes
2422 3336 2437 3374 :
2469 3319 2607 3373 sicut
2632 3316 2845 3387 quando
2885 3313 3157 3386 lapidatus
3216 3312 3491 3383 putibatur
3549 3320 3674 3359 mor-

2122 3425 2263 3480 tuus,
2292 3414 2380 3468 ille
2401 3426 2527 3467 vero
2565 3409 2817 3475 surrexit,
2850 3417 2905 3463 et
2933 3406 3171 3463 docebat
3195 3406 3248 3459 in
3263 3403 3479 3475 Lystris.
3513 3398 3677 3456 Simul-

2121 3526 2227 3581 que
2274 3505 2566 3562 notandum
2605 3502 2747 3572 quod
2798 3501 3020 3557 adversa
3083 3509 3143 3555 et
3190 3494 3505 3568 temporaria
3551 3488 3679 3558 qnssi

2126 3601 2420 3654 habeantur
2442 3594 2605 3651 veluti
2644 3594 2688 3647 si
2728 3592 2926 3663 aliquis
2961 3591 3239 3646 somnium
3284 3589 3515 3645 referat:
3548 3581 3685 3635 Vide-

2125 3694 2222 3745 bar
2240 3690 2367 3744 mihi
2395 3687 2545 3759 quasi
2575 3701 2750 3742 essem
2782 3685 2882 3751 ibi;
2917 3699 3039 3738 nam
3084 3684 3315 3754 pra-mia
3360 3692 3553 3737 aeterna
3596 3688 3685 3729 non

2126 3783 2323 3839 habent
2348 3781 2521 3851 quasi.
2556 3779 2624 3833 Ut
2651 3778 2908 3849 castigati,
2938 3786 2985 3831 et
3028 3792 3139 3830 non
3183 3771 3496 3843 mortiﬁcati.
3547 3763 3694 3823 Casti-

2127 3888 2260 3945 gans
2285 3871 2565 3943 castigavit
2609 3884 2694 3926 me
2722 3869 2885 3937 Deus,
2929 3878 2982 3923 et
3021 3868 3191 3923 morti
3222 3882 3329 3922 non
3378 3860 3580 3918 tradidit
3604 3871 3694 3956 me.

2133 3964 2295 4030 Quasi
2316 3964 2502 4028 tristes,
2526 3976 2722 4032 semper
2742 3968 2912 4013 autem
2944 3959 3253 4028 gaudentes.
3286 3956 3490 4011 Tristes
3527 3962 3700 4005 severi-

2133 4063 2241 4110 tate
2267 4053 2468 4119 vultus,
2520 4050 2685 4106 corde
2705 4064 2832 4105 vero
2853 4049 3013 4105 etiam
3046 4049 3100 4103 in
3123 4047 3471 4103 tribulatione
3497 4037 3703 4111 gauden-

2136 4155 2215 4201 tes
2245 4147 2297 4199 in
2328 4158 2441 4214 spe.
2472 4142 2619 4198 Sicut
2645 4152 2872 4215 egentes,
2924 4142 3119 4193 multos
3143 4149 3321 4192 autem
3352 4133 3705 4204 locupletantes.

2140 4237 2192 4289 In
2221 4238 2322 4290 hoc
2345 4234 2460 4302 ipso
2481 4247 2588 4302 quo
2608 4244 2826 4300 egemus
2855 4228 3030 4290 nobis,
3063 4228 3187 4281 aliis
3212 4225 3561 4285 abundamus,
3589 4217 3698 4271 dum

2140 4343 2234 4396 per
2266 4340 2364 4380 nos
2392 4324 2752 4393 eleemosyna:
2771 4321 2905 4375 ﬁunt
2926 4335 2943 4377 :
2968 4319 3083 4373 sive
3098 4318 3341 4374 terrenis
3356 4308 3712 4396 egentes,aiios

2144 4395 2371 4472 iacimus
2397 4414 2710 4482 locupletes,
2727 4412 2877 4482 quasi
2899 4411 3160 4465 talionem
3179 4407 3392 4479 praemii
3411 4395 3713 4470 sempiterni.

2146 4507 2417 4577 Tanquam
2443 4503 2570 4557 nihil
2593 4502 2832 4555 habentes
2855 4512 2897 4555 et
2924 4502 3094 4554 omnia
3120 4500 3465 4571 possidentes.
3496 4494 3633 4549 Sicut
3653 4488 3721 4543 di-

2150 4600 2223 4653 cit
2241 4597 2492 4653 Salomon
2518 4613 2531 4648 :
2564 4595 2623 4647 Ei
2664 4593 2754 4661 qui
2780 4593 2949 4646 fidelis
2971 4600 3074 4656 est,
3105 4600 3254 4644 totus
3279 4588 3511 4644 mundus
3537 4582 3720 4637 divitiae

2150 4705 2267 4743 rum
2301 4698 2402 4751 est,
2429 4696 2652 4755 excepto
2670 4703 2785 4755 qum
2807 4686 2983 4741 omnia
3010 4682 3231 4737 Domini
3263 4691 3392 4736 sunt
3416 4696 3431 4733 :
3456 4690 3606 4733 nemo
3626 4673 3725 4742 plus

2154 4778 2313 4833 habet
2343 4793 2502 4848 quam
2549 4778 2638 4846 qui
2674 4775 2818 4830 nullo
2844 4775 3063 4843 indiget.
3092 4773 3193 4827 llle
3225 4773 3380 4826 nullo
3413 4770 3623 4836 indiget,
3651 4760 3725 4829 qui

2154 4880 2345 4939 praeter
2368 4866 2667 4922 necessaria
2692 4867 2821 4920 nihil
2856 4866 3097 4935 rcquirit.
3156 4865 3233 4918 0s
3265 4872 3499 4916 nostrum
3522 4865 3649 4930 patet
3674 4852 3729 4904 ad

2152 4976 2260 5013 vos.
2293 4960 2364 5011 Ita
2395 4959 2664 5025 provocati
2693 4973 2876 5011 sumus
2930 4954 3176 5025 profectu
3207 4965 3419 5015 vestro,
3478 4960 3532 5004 ut
3575 4956 3730 4999 tacere

2156 5065 2258 5105 non
2293 5052 2556 5117 possimus
2592 5066 2603 5101 :
2639 5052 2907 5117 proiectus
2936 5046 3075 5102 enim
3109 5044 3372 5114 discipuli
3398 5040 3564 5111 aperit
3589 5052 3666 5100 os,
3689 5042 3733 5087 et

2154 5154 2248 5194 cor
2263 5140 2453 5193 dilatat
2474 5149 2634 5207 atque
2652 5139 2983 5208 magniﬁcal.
3008 5136 3050 5189 0
3074 5133 3370 5197 Corinthii,
3392 5150 3482 5186 cor
3507 5138 3733 5183 nostrum.

2159 5230 2228 5285 Ut
2252 5230 2507 5298 scriptum
2539 5241 2623 5284 est
2653 5248 2663 5283 :
2693 5230 2824 5296 Quia
2847 5229 2992 5284 dedit
3020 5229 3166 5282 Deus
3199 5226 3484 5281 Salomoni
3517 5215 3734 5276 latitudi-

2159 5337 2280 5377 nem
2310 5322 2508 5384 cnrdis,
2526 5332 2578 5375 et
2607 5322 2756 5376 vobis
2775 5321 2957 5375 donet.
2986 5302 3293 5373 Dilutatum
3317 5328 3413 5371 est.
3436 5314 3738 5369 Settsibusel

2160 5389 2435 5466 doctrinis.
2482 5410 2603 5465 Non
2628 5410 2995 5483 angustiamini
3040 5409 3095 5461 in
3120 5408 3296 5461 nobis.
3346 5404 3462 5459 Non
3502 5417 3562 5457 es
3602 5396 3741 5453 nobis

2156 5510 2238 5554 est
2268 5502 2531 5571 sermonis
2558 5501 2823 5570 angustia.
2855 5498 3247 5568 Angustiamini
3279 5505 3453 5549 autem
3478 5496 3529 5545 in
3557 5486 3743 5544 visceri-

2155 5592 2247 5645 bus
2275 5592 2471 5645 vestris.
2493 5592 2569 5644 Ex
2589 5590 2740 5644 vobis
2760 5604 2921 5643 causa
2944 5587 3203 5658 procedit
3218 5577 3743 5656 augustiant‘amdm

2152 5692 2320 5736 autem
2346 5684 2583 5737 habentes
2599 5682 3087 5736 remunerationem.
3105 5675 3381 5730 Eamdent
3398 5676 3649 5728 habentes
3668 5681 3743 5719 re-

2154 5773 2602 5844 munerationem,
2634 5773 2679 5829 si
2709 5772 2957 5830 eumdem
2978 5768 3065 5840 ait;
3084 5775 3310 5824 utorem
3363 5767 3529 5824 Deum
3567 5763 3747 5819 habus~
