3884 6172
274 329 375 385 869

1053 332 1118 387 ΙΝ
1159 330 1546 388 EPISTOL.\M
1588 328 1631 383 ll
1674 326 1775 382 AD
1813 324 2217 383 CORINTHIOS
2254 324 2774 384 COIMENTARIA.

3439 327 3544 383 570

273 443 389 499 ritis
408 454 463 498 et
489 457 705 498 cursum
740 460 753 498 :
787 453 878 498 aut
905 445 1135 506 certe,si
1167 445 1717 510 quantumdocemus,
1743 442 1855 495 Deo
1884 448 1926 498 Α
1958 443 2107 509 quasi
2141 441 2273 495 tales
2298 439 2417 495 sitis
2442 457 2457 494 :
2487 455 2593 496 non
2620 441 2765 496 enim
2796 456 3012 510 possum
3043 442 3117 497 ita
3145 443 3211 498 de
3246 444 3394 498 vobis
3423 462 3544 498 sen-

274 516 572 603 inspirante
608 534 818 603 capitis.
852 532 1116 604 Tanquam
1138 534 1261 598 aut.
1287 535 1424 599 dico,
1472 533 1762 587 dilatamini
1810 541 1861 595 et

276 625 557 691 sos.Quasi
583 625 675 678 ﬁlii
704 626 956 693 exemplo
970 641 1111 690 meo,
1131 626 1465 693 implorando
1485 626 1711 695 gratiam
1744 624 1857 691 Dei,

279 714 553 769 intellectu
582 714 902 782 dilatamini,
929 725 986 769 ut
1016 715 1217 785 majora
1250 716 1417 784 ipsius
1440 717 1579 771 dono
1616 717 1855 783 capiatis.

276 806 399 861 Sive
427 806 740 878 sacerdotes
768 808 923 862 docet
953 808 1201 874 exemplo
1232 809 1475 871 dilatare,
1517 810 1599 860 vel
1631 807 1682 861 in
1736 808 1858 862 lati-

279 896 455 952 tudine
485 896 759 951 charitatis
783 897 1060 965 proﬁcere.
1098 896 1274 953 Nolite
1305 900 1491 967 jugum
1544 899 1726 951 ducere
1746 913 1861 951 cum

275 989 590 1057 inﬁdelibus.
616 988 789 1044 Nolite
811 989 1060 1057 conjungi
1094 989 1221 1052 illis,
1266 989 1347 1043 vel
1400 988 1600 1056 tequari
1636 990 1859 1057 ;jngnm

276 1083 415 1151 enim
441 1083 601 1138 simul
634 1097 787 1151 pares
810 1084 1046 1136 trahunt.
1077 1082 1205 1147 Qua:
1230 1082 1365 1135 enim
1412 1083 1733 1151 participatio
1764 1084 1859 1154 ju-

277 1174 424 1226 stitia!
449 1190 563 1226 cum
580 1172 885 1243 iniquitate?
906 1174 1154 1227 Ostendit
1183 1173 1449 1226 nemiuem
1485 1188 1640 1242 posse
1660 1174 1858 1242 justum

278 1276 395 1318 esse
422 1264 623 1331 pariter
650 1272 703 1317 et
732 1263 1008 1333 injustam,
1055 1263 1322 1317 contraria
1376 1264 1619 1328 exempla
1668 1280 1862 1332 propo-

278 1369 426 1409 nens.
454 1356 553 1407 Aut
581 1371 691 1423 qua:
710 1357 923 1409 societas
955 1355 1059 1408 luci
1081 1356 1148 1409 ad
1178 1357 1449 1411 tenebras?
1477 1359 1631 1412 Nulla
1674 1378 1687 1413 :
1720 1361 1859 1413 sicut

276 1460 372 1500 nec
400 1446 533 1500 lucis
554 1463 673 1500 cum
705 1446 957 1502 tenebris.
994 1449 1121 1512 Qum
1141 1460 1310 1503 autem
1353 1455 1616 1504 cou'entio
1668 1450 1860 1506 Clu-isti

276 1538 342 1589 ad
365 1534 570 1591 Belial?
615 1547 704 1591 aut
752 1555 865 1607 qua:
906 1557 1023 1607 pars
1074 1540 1213 1605 ﬁdeli
1260 1557 1373 1593 cum
1432 1543 1679 1608 inﬁdefi?
1744 1542 1857 1597 Non

277 1628 377 1682 illis
402 1638 576 1698 potest
600 1630 910 1683 coaveuire.
954 1630 1116 1684 Belial
1169 1630 1439 1685 diabolum
1471 1632 1553 1685 vel
1587 1632 1860 1687 Antichri-

274 1730 409 1774 stum
441 1720 590 1775 dicit.
624 1722 721 1787 Qui
745 1734 913 1774 autem
936 1737 1210 1775 consensus
1241 1724 1430 1788 templo
1463 1722 1555 1777 Dei
1605 1740 1719 1777 cum
1749 1726 1858 1779 ido-

1962 533 2083 596 tire,
2111 547 2242 602 quos
2266 541 2469 587 tantum
2499 533 2680 603 diligo,
2713 534 2849 587 sicut
2868 534 2975 587 dixi
3007 536 3251 604 superius
3282 554 3297 592 :
3324 537 3445 591 sive
3469 538 3546 591 di-

1959 623 2118 678 lectio
2147 634 2322 679 vestra
2343 631 2541 677 tantam
2568 640 2653 679 nte
2696 624 2821 678 facit
2854 624 3045 678 habere
3079 627 3341 679 ﬁduciam.
3379 627 3548 679 Multa

1960 714 2086 766 mihi
2116 713 2307 782 ﬁducia
2329 725 2401 767 est
2431 717 2573 774 apud
2597 728 2703 769 vos.
2757 714 2972 767 Multam
3020 716 3146 768 mihi
3196 716 3437 770 ﬁduciam
3471 718 3546 769 lo-

1960 804 2154 873 quendi
2178 804 2418 871 dedistis,
2450 807 2571 875 quia
2598 805 2650 858 in
2679 806 2922 859 omnibus
2952 806 3208 860 obedistis
3233 824 3245 858 :
3274 808 3385 861 sive
3424 814 3545 875 qua

1961 898 2183 951 multum
2214 912 2299 952 me
2324 912 2352 951 a
2382 898 2532 952 Vobis
2560 899 2590 951 d
2618 898 2705 967 ligi
2733 912 2837 951 non
2873 897 3076 965 ignoro.
3105 897 3273 949 Multa
3293 898 3415 951 mihi
3437 901 3547 967 glo-

1960 990 2109 1043 riatio
2131 1006 2223 1061 pro
2246 990 2404 1044 vobis.
2434 991 2585 1060 Apud
2616 1006 2803 1045 omnes
2830 991 3094 1045 Ecclesias
3127 999 3301 1045 vestra
3351 992 3548 1059 glorior

1961 1080 2354 1135 emendatione.
2391 1079 2631 1147 Repletus
2658 1097 2769 1133 sum
2797 1082 3162 1134 consolatione.
3212 1080 3339 1134 Post
3387 1082 3550 1135 tristi-

1962 1174 2110 1236 tiam,
2138 1188 2295 1242 quam
2322 1187 2416 1241 pro
2440 1174 2539 1225 Vob
2563 1189 2589 1227 s
2635 1173 2890 1226 habebam
2927 1191 2939 1226 :
2974 1174 3088 1226 sive
3142 1174 3376 1228 abundat
3419 1176 3548 1229 milii

1961 1279 2141 1319 sermo
2168 1265 2571 1329 consolationis,
2605 1276 2927 1332 provocante
2958 1274 3136 1319 vestro
3160 1265 3416 1333 profectu.
3445 1266 3549 1320 Su-

1963 1357 2253 1423 pernbuuda
2278 1357 2464 1425 gaudio
2505 1357 2556 1408 in
2606 1358 2743 1408 omni
2780 1358 2979 1425 _t;ibula
3006 1359 3117 1410 inne
3164 1371 3375 1412 nostra:
3427 1375 3547 1411 naut

1962 1457 2009 1499 et
2038 1464 2150 1499 cum
2178 1449 2482 1500 venissemus
2511 1448 2887 1509 Macedoniam,
2942 1449 3135 1502 nullum
3182 1451 3405 1513 requiem
3456 1451 3547 1501 lm-

1964 1540 2067 1592 buit
2097 1555 2216 1592 curo
2244 1548 2439 1592 nostra.
2464 1540 2691 1592 Tantum
2727 1550 2803 1592 est
2837 1540 3086 1608 gaudium
3116 1555 3313 1606 nicum,
3338 1550 3391 1592 ut
3414 1542 3548 1593 obli-

1962 1630 2139 1683 visc:tr
2166 1632 2401 1683 omnium
2434 1646 2824 1698 preSsurarum.
2867 1630 3110 1684 OSlettdlt
3131 1645 3546 1698 quammagnam

1963 1737 2264 1792 pressuram
2291 1724 2597 1795 magnitudo
2622 1724 2797 1792 gaudii
2842 1734 3140 1792 superaret.
3195 1723 3301 1777 Sed
3326 1739 3546 1799 lptitiiem

277 1820 372 1874 lis?
400 1818 606 1873 Idolum
653 1818 782 1873 dicit
830 1821 974 1887 ipsos
1026 1820 1268 1874 h-zmines
1311 1820 1399 1888 qui
1456 1820 1594 1873 idola
1650 1821 1852 1874 culum,
1888 1808 1933 1867 B
1963 1813 2340 1869 tribulationem
2369 1818 2502 1885 passi
2523 1832 2716 1869 sumus.
2771 1817 2978 1869 Nullum
2997 1831 3165 1884 genus
3193 1816 3547 1870 tribulationis

283 1910 381 1964 Vos
404 1911 543 1965 enim
567 1911 688 1966 estis
711 1912 952 1982 templum
983 1910 1075 1964 Dci
1103 1911 1221 1976 vivi,
1246 1912 1375 1965 sicut
1419 1911 1542 1965 dicit
1572 1910 1731 1967 Deus.
1775 1913 1857 1968 llli

276 2009 451 2056 autem
479 2001 736 2070 templum
759 2012 876 2054 sunt
904 2001 1163 2055 idolorum
1185 2015 1515 2055 mortuorum
1544 2042 1558 2067 ,
1589 2019 1723 2073 quos
1745 2003 1857 2057 dte-

276 2105 459 2146 mones
487 2091 784 2161 possident.
815 2090 947 2145 Cum
990 2092 1128 2146 Deus
1154 2092 1352 2162 ubique
1381 2093 1472 2159 sit,
1499 2086 1673 2147 tamen
1708 2093 1758 2148 in
1792 2094 1858 2149 il-

276 2183 339 2236 lis
363 2182 648 2245 inhabitat,
674 2182 761 2251 qui
782 2180 900 2250 ejus
924 2182 1164 2236 sentiunt
1190 2182 1526 2247 beneﬁcium,
1551 2192 1606 2237 et
1632 2184 1858 2238 credunt

274 2269 439 2338 ipsius
468 2271 667 2324 donum
695 2285 837 2336 esse,
867 2271 911 2324 si
936 2271 1136 2341 aliquid
1161 2282 1306 2327 sunt.
1362 2272 1619 2339 Quoniam
1658 2273 1857 2327 inhabi-

277 2362 390 2415 tabo
414 2362 468 2415 in
488 2362 614 2419 illis.
639 2361 938 2430 Hocipsum
973 2362 1163 2431 probat
1200 2363 1524 2428 testimonio,
1558 2365 1695 2432 quod
1727 2375 1858 2421 tem-

280 2455 421 2521 plum
447 2452 617 2508 simus
666 2468 762 2508 nos
812 2453 928 2523 Dei,
969 2455 1169 2510 docens
1214 2455 1353 2526 quod
1412 2456 1665 2511 mundum
1713 2457 1760 2512 ei
1802 2459 1854 2511 in

273 2544 435 2600 corde
458 2552 642 2604 nostro
671 2547 916 2615 prtebere
945 2546 1235 2602 debeamus
1266 2550 1381 2617 ipso
1410 2548 1655 2617 adiutore
1680 2549 1857 2620 hOSpi-

271 2638 418 2691 tium.
434 2634 505 2690 Et
520 2636 843 2692 inambulabo
855 2638 985 2693 inter
1004 2655 1109 2693 eos.
1130 2642 1324 2695 Umnes
1338 2655 1520 2695 eorum
1542 2656 1732 2700 sensus
1755 2644 1854 2698 ob-

273 2733 476 2800 tinebo,
509 2733 591 2788 vel
613 2748 943 2804 perennem.
972 2733 1038 2789 Et
1063 2752 1147 2790 ero
1168 2737 1376 2792 illorum
1401 2738 1560 2793 Deus.
1583 2740 1721 2794 Deus
1754 2756 1852 2794 na-

280 2839 395 2883 tura
428 2829 666 2883 omnium
696 2839 799 2897 est,
821 2831 1092 2886 voluntate
1111 2847 1435 2901 paucorum:
1460 2850 1564 2888 non
1599 2840 1742 2889 enim
1772 2844 1858 2891 est

271 2919 406 2976 Deus
437 2932 793 2986 mortuorum,
817 2925 910 2980 sed
935 2924 1194 2980 vivmum.
1218 2925 1284 2980 Et
1312 2945 1416 2999 ipse
1431 2930 1525 2982 erit
1547 2930 1672 2984 milti
1691 2947 1856 3002 papu-

270 3011 369 3066 lus.
399 3012 498 3079 Qui
522 3014 820 3069 voluntarie
847 3016 988 3070 servi
1016 3026 1160 3083 sunt,
1190 3033 1297 3071 non
1326 3019 1476 3072 inviti
1501 3037 1514 3074 :
1538 3020 1591 3075 id
1623 3030 1705 3076 est
1747 3022 1851 3076 ﬁde

268 3114 316 3157 et
341 3104 670 3171 obedientia,
689 3121 794 3160 non
836 3116 1039 3161 tantum
1072 3117 1281 3164 natura.
1312 3108 1529 3182 Propter
1557 3113 1693 3183 quod
1719 3115 1852 3169 exis

1962 1925 2066 1962 non
2098 1925 2280 1962 sumus
2303 1910 2527 1977 espcrt-i.
2563 1906 2715 1961 Foris
2745 1925 2946 1983 pugnis.
3003 1910 3195 1978 Pugna:
3234 1920 3420 1963 eontra
3468 1912 3547 1962 in-

1959 1999 2146 2053 ﬁdeles
2182 2009 2265 2054 :et
2292 2015 2319 2052 a
2348 1999 2492 2054 falsis
2525 2000 2773 2053 fratribus
2806 2000 2962 2053 timor
2991 2016 3002 2051 :
3036 2002 3148 2053 sive
3175 2015 3242 2053 ne
3265 2000 3547 2055 credentes

1958 2091 2265 2147 scandalum
2300 2102 2629 2159 paterentur,
2655 2093 2874 2146 omnino
2906 2092 3241 2147 verebamur.
3293 2092 3439 2145 Intus
3481 2095 3547 2146 ti-

1960 2202 2141 2239 mores.
2165 2185 2241 2238 Ne
2268 2185 2566 2239 exacerbati
2587 2185 2798 2238 essetis.
2856 2184 2962 2239 Sed
3005 2185 3095 2254 qui
3137 2185 3423 2237 εοηδιιαιηγ
3450 2187 3547 2237 Im-

1958 2279 2121 2339 miles,
2154 2278 2443 2329 consolatus
2492 2288 2563 2329 est
2593 2293 2685 2329 nos
2717 2274 2874 2331 Deus.
2906 2277 3323 2330 Coutribulatos.
3358 2274 3423 2328 In
3451 2278 3547 2329 ad-

1934 2380 2106 2423 ventu
2138 2369 2257 2422 Titi.
2292 2367 2411 2422 Non
2433 2368 2777 2422 solumautem
2807 2370 2858 2421 in
2880 2366 3096 2420 adrcntu
3120 2369 3252 2437 ejus,
3278 2369 3366 2420 sed
3392 2369 3545 2421 etiant

1955 2461 2009 2514 in
2036 2459 2238 2513 solutio.
2267 2458 2380 2513 Non
2403 2459 2576 2515 solum
2608 2462 2730 2527 quia
2774 2458 3108 2515 desideratus
3164 2460 3401 2525 advenit,
3448 2460 3542 2513 ss-d

1956 2552 2116 2606 etiam
2132 2552 2252 2621 quia
2281 2551 2370 2629 illa
2402 2551 2688 2618 nuntiavit,
2721 2559 2939 2620 pr0pter
2972 2566 3041 2621 qu
3062 2569 3090 2602 υ
3122 2551 3238 2620 ejus
3267 2551 3546 2620 spectaba-

1958 2659 2076 2697 mus
2097 2644 2405 2698 advmtum.
2441 2644 2551 2709 Quo
2578 2644 2869 2697 consolatus
2904 2653 2976 2697 est
3019 2645 3070 2697 in
3118 2645 3277 2710 tabis,
3320 2645 3542 2714 referens

1956 2736 2100 2790 nobis
2147 2746 2364 2789 vestium
2394 2735 2717 2789 desiderium.
2736 2734 3054 2789 Consolatus
3074 2744 3155 2789 est
3186 2744 3302 2803 post
3318 2722 3542 2801 luctum,

1956 2842 2112 2897 quem
2140 2826 2410 2880 nobiscum
2443 2840 2537 2895 pro
2555 2824 2705 2880 Vobis
2758 2824 3008 2881 habebat.
3067 2825 3295 2880 Vestrum
3340 2829 3540 2897 ﬂetum,

1954 2932 2166 2974 vestrum
2188 2918 2564 2972 cumulationem
2585 2934 2785 2988 prome.
2802 2918 2905 2972 Pro
2929 2919 3335 2973 contristatione
3358 2934 3539 2974 noSIra

1955 3019 2010 3065 et
2050 3025 2146 3080 pro
2184 3009 2533 3079 quorumdam
2568 3012 2817 3077 peccatis.
2853 3010 2935 3063 Ita
2980 3020 3033 3064 ut
3064 3012 3224 3083 magis
3245 3014 3537 3081 gauderem.

1955 3104 2087 3172 Quia
2111 3120 2213 3157 non
2227 3106 2398 3159 solum
2412 3103 2743 3170 correxistis,
2763 3103 2857 3158 sed
2879 3106 3038 3159 etiam
3064 3106 3291 3173 amplius
3306 3105 3503 3174 profeci
3520 3134 3536 3147 -

266 3194 325 3246 de
343 3195 510 3248 medio
539 3211 737 3262 eorum,
764 3206 813 3250 et
830 3199 1165 3268 separantini,
1189 3201 1312 3254 dicit
1341 3200 1611 3257 Dominus.
1637 3203 1770 3258 Actu
1795 3214 1848 3260 et
1876 3186 1918 3246 (ἶ
1953 3198 2332 3266 stis.Quoniam
2354 3199 2444 3256 etsi
2456 3200 2747 3254 contristavi
2762 3214 2845 3251 vos
2859 3198 2910 3251 in
2924 3197 3161 3269 epistola,
3185 3213 3285 3249 non
3300 3213 3376 3249 me
3389 3197 3540 3263 pani-

265 3286 694 3353 conversatione,
728 3289 808 3342 vel
840 3288 1224 3359 familiaritate,
1242 3305 1352 3347 non
1374 3295 1512 3349 loco.
1542 3294 1605 3348 Et
1631 3295 1847 3348 immun-

263 3376 407 3432 dum.
430 3375 620 3432 Omnis
648 3380 737 3448 qui
776 3387 983 3449 peccat,
1034 3381 1339 3438 immundus
1386 3393 1470 3439 est
1501 3402 1513 3436 :
1547 3385 1848 3440 immundus

268 3468 406 3522 enim
436 3469 578 3535 apud
612 3468 777 3524 Deum
808 3471 985 3525 omnis
1018 3472 1253 3541 iniquus.
1288 3473 1368 3526 Ne
1422 3475 1714 3545 tetigeritis.
1770 3475 1847 3530 Ne

269 3559 549 3627 tetigeritis
575 3560 976 3628 conjunctione,
1026 3562 1108 3616 vel
1138 3564 1433 3628 consortio,
1473 3580 1567 3618 seu
1621 3581 1843 3619 consen-

263 3648 433 3713 sione,
466 3659 557 3704 aut
588 3650 888 3708 imitatione
934 3663 1148 3708 actuum
1183 3654 1502 3731 iniquorum.
1536 3655 1600 3710 Et
1647 3674 1740 3727 ego
1766 3674 1847 3710 re-

263 3743 450 3809 cipiam
475 3759 585 3811 vos,
611 3744 667 3799 Si
696 3758 792 3799 vos
817 3745 1094 3813 eiecerint.
1147 3746 1213 3799 Et
1269 3762 1353 3800 era
1382 3748 1518 3801 vobis
1544 3748 1599 3801 in
1624 3758 1843 3819 patrem,

263 3843 309 3888 et
331 3849 419 3888 vos
439 3835 589 3888 eritis
607 3835 732 3889 mihi
759 3837 816 3889 in
860 3835 996 3903 ﬁlios
1019 3846 1067 3890 et
1092 3837 1250 3905 ﬁlias.
1271 3836 1506 3893 Dicenda
1534 3856 1547 3891 :
1568 3838 1622 3895 Si
1645 3851 1737 3892 vos
1753 3855 1846 3909 pa-

256 3934 439 3982 rentes
476 3928 840 3983 abdicave'rint
890 3930 1156 4000 inﬁdeles,
1196 3946 1282 3984 me
1329 3941 1532 4000 patrem
1585 3932 1845 3987 habebitis

254 4020 666 4086 aempiteruum.
699 4020 833 4074 Dicit
858 4020 1110 4077 Dominus
1134 4024 1472 4094 omnipotens.
1497 4022 1843 4079 Addiditom-

254 4113 529 4181 nipotens,
562 4127 632 4168 ne
652 4112 822 4181 dicas,
853 4113 1124 4184 quomodo
1163 4123 1389 4185 possunt
1426 4115 1671 4171 homines
1726 4115 1841 4171 ﬁeri

255 4200 345 4256 ﬁlii
378 4201 511 4258 Dei?

317 4293 451 4350 Car.
476 4311 570 4350 vtt.
632 4294 744 4349 Has
762 4296 922 4368 igitur
942 4297 1178 4352 habentes
1202 4300 1558 4367 promissiones
1578 4341 1593 4364 ,
1636 4298 1834 4353 charis-

251 4384 388 4449 simi,
412 4386 719 4439 mandemus
747 4402 859 4443 nos.
913 4387 1112 4443 Tantas
1158 4397 1214 4442 et
1262 4391 1395 4443 tales
1447 4390 1832 4460 promissiones

253 4477 587 4543 habentibus,
612 4490 814 4547 quanto
838 4481 1015 4535 studio
1042 4482 1345 4536 mundanda
1362 4493 1442 4536 est
1459 4483 1651 4537 domus
1679 4485 1833 4539 talem

1954 3279 2022 3341 tet
2037 3305 2055 3343 .'
2068 3290 2159 3343 etsi
2184 3290 2463 3358 paeniteret,
2486 3291 2659 3345 videns
2675 3290 2809 3360 quod
2825 3288 3037 3358 epistola
3058 3289 3150 3342 illa
3160 3289 3252 3341 etsi
3272 3290 3340 3340 ad
3360 3287 3540 3341 horam

1951 3396 2039 3433 vos
2070 3380 2415 3448 contristavit,
2470 3397 2607 3434 nunc
2654 3381 2874 3451 gaudeo,
2933 3397 3036 3433 non
3084 3380 3207 3449 quia
3253 3378 3539 3435 contristati

1951 3473 2069 3525 etis
2092 3510 2106 3535 ,
2151 3472 2240 3525 sed
2293 3474 2412 3542 quia
2452 3472 2737 3526 contristati
2783 3474 2902 3526 estis
2927 3471 2993 3524 ad
3025 3471 3389 3540 paenitentiam.
3429 3470 3537 3525 Etsi

1950 3564 2259 3632 pteniteret,
2281 3578 2347 3618 eo
2376 3564 2517 3632 quod
2547 3578 2642 3617 vos
2665 3564 2883 3617 nimium
2922 3564 3306 3631 increpassem,
3362 3571 3538 3616 tamen

1950 3664 2127 3710 vester
2155 3670 2240 3709 me
2266 3655 2391 3709 iacit
2432 3671 2536 3709 non
2585 3656 2847 3724 paenitere
2897 3653 3187 3723 protectus.
3240 3653 3539 3707 Contristati

1948 3748 2081 3799 enim
2106 3749 2223 3801 estis
2273 3749 2552 3801 secundum
2574 3748 2756 3802 Deum.
2790 3747 2905 3801 Non
2932 3748 3222 3803 secundum
3260 3747 3535 3810 satculum,

1948 3851 2046 3890 nec
2067 3836 2363 3891 diabolum.
2394 3837 2460 3892 Ut
2498 3838 2550 3891 in
2574 3839 2715 3891 rutilo
2757 3840 3115 3892 detrimentum
3170 3826 3437 3904 patiamini
3476 3851 3540 3888 ea:

1946 3927 2111 3980 nobis.
2145 3926 2272 3989 Once
2290 3928 2425 3980 enim
2446 3929 2727 3982 secundum
2756 3928 2917 3982 Deum
2934 3930 3135 3982 tristitia
3158 3938 3249 3982 est.
3273 3928 3394 3991 ,Au'.
3443 3942 3539 3982 no-

1944 4033 2051 4074 ειη
2079 4020 2418 4089 negligentia,
2467 4031 2558 4074 aut
2614 4036 2680 4074 ne
2738 4024 3010 4077 venientes
3060 4023 3290 4092 aliquem
3320 4022 3538 4076 damna-

1944 4126 2146 4166 rcmus.
2178 4111 2539 4167 Paenitentiam
2566 4114 2617 4167 in
2646 4116 2885 4170 salutem.
2917 4116 3012 4170 Est
3042 4116 3182 4171 enim
3227 4115 3535 4185 pmnitentia

1943 4214 2126 4258 contra
2152 4204 2395 4259 salutem.
2437 4205 2706 4263 Stabilent.
2740 4209 3193 4278 lmpmnitibilem.
3255 4209 3532 4279 Operatur.

1943 4294 2382 4349 Perseverantem
2415 4296 2779 4364 paenitentiam
2814 4316 2824 4349 :
2860 4298 2928 4352 de
2984 4298 3359 4368 propitiatione
3390 4304 3533 4353 enim

1943 4395 2279 4455 peccatorum
2296 4403 2397 4442 non
2422 4389 2677 4444 debemus
2699 4405 2818 4445 esse
2847 4392 2962 4446 sine
2983 4401 3145 4457 metu,
3172 4401 3362 4447 etcum
3393 4391 3532 4445 Dens

1944 4491 2048 4529 non
2076 4489 2424 4545 memoratur,
2448 4495 2545 4534 nos
2574 4496 2877 4535 memorare
2913 4481 3173 4536 debemus
3206 4481 3532 4550 pernitendo.

251 4567 514 4637 hospitem
547 4573 853 4640 receptura!
881 4580 939 4626 et
964 4572 1055 4626 Ι)ρί
1088 4573 1182 4627 ﬁlii
1204 4576 1473 4643 quomodo
1503 4582 1703 4643 patrem
1735 4576 1827 4628 de-
1865 4562 1918 4622 D
1942 4568 2138 4624 chuli
2160 4578 2328 4623 autem
2352 4570 2557 4623 tristitia
2584 4580 2796 4626 mortem
2823 4582 3085 4641 operatur.
3109 4573 3296 4628 Steculi
3327 4573 3537 4627 tristitia

249 4658 374 4714 bent
401 4660 454 4714 in
475 4658 726 4727 omnibus
751 4663 989 4717 imitari?
1038 4664 1113 4717 Ab
1134 4665 1273 4717 omni
1323 4666 1702 4734 inquinamento
1728 4682 1841 4719 car-

246 4752 327 4804 nis
357 4760 405 4805 et
434 4753 668 4823 spiritus,
712 4755 1027 4825 perﬁcientes
1079 4756 1551 4823 sanctiﬁcatiouem.
1592 4748 1841 4822 inquina-

253 4850 489 4895 mentum
515 4843 694 4897 carnis
713 4853 818 4906 est,
862 4845 1002 4915 quod
1055 4860 1148 4912 per
1195 4860 1409 4900 carnem
1464 4847 1836 4913 committitur,

249 4935 467 5002 spiritus
494 4952 645 5004 vero,
684 4938 827 5009 quod
856 4941 970 4994 sola
1016 4939 1336 5008 cogitatione
1380 4954 1649 5009 peccatur.
1691 4942 1840 4995 Tunc

246 5038 374 5096 ergo
395 5030 735 5098 perlicientcs
762 5032 1258 5096 sanctiﬁcationem,
1308 5032 1354 5086 si
1386 5041 1609 5101 utraque
1637 5035 1835 5088 munda

246 5126 539 5176 servemus.
570 5119 637 5174 In
670 5122 846 5175 rimore
880 5120 995 5176 Dei.
1027 5124 1139 5177 Non
1164 5123 1216 5177 in
1248 5122 1403 5177 laude
1455 5125 1727 5178 hominum
1751 5125 1834 5180 vel

248 5211 337 5264 tim
373 5228 455 5267 re.
480 5214 659 5284 Capite
698 5231 790 5268 nos
816 5231 835 5269 :
856 5216 1103 5270 neminem
1151 5218 1395 5272 la'simus.
1425 5218 1665 5288 Accipite
1693 5220 1834 5289 quod

247 5300 485 5368 dicimus,
517 5304 630 5360 sive
656 5319 896 5360 nostrum
918 5308 1225 5375 exemplum
1247 5310 1470 5378 accipite
1497 5311 1550 5365 in
1584 5311 1666 5364 his
1716 5326 1833 5365 om-

248 5393 397 5447 nibus
424 5397 735 5450 imitandum
794 5412 807 5448 ε
857 5398 941 5450 vel
986 5400 1323 5453 considetate
1372 5417 1488 5453 nos.
1555 5400 1832 5454 Neminem

250 5493 410 5549 cortu;
429 5486 561 5540 iit-us
587 5501 608 5541 :
635 5486 883 5540 neminem
905 5489 1346 5544 circumvenimus.
1378 5490 1512 5543 Mala
1565 5492 1826 5544 doctrina.

256 5571 367 5627 Non
403 5580 469 5630 ad
515 5580 988 5633 condemnationem
1039 5592 1256 5635 vestram
1301 5582 1465 5649 dico;
1498 5585 1831 5653 praediximus

252 5665 377 5720 .nim
395 5670 595 5736 quodin
622 5671 861 5725 cordibus
892 5673 1081 5725 nosfris
1109 5673 1232 5727 estis
1275 5673 1344 5725 ad
1397 5675 1829 5728 commonendum

252 5769 295 5810 st
317 5759 384 5811 ad
407 5762 785 5819 connivendum.
812 5763 926 5821 Non
950 5765 1373 5835 meexcusando,
1396 5766 1824 5836 voscondemno,

1944 4670 2044 4725 est,
2082 4670 2132 4713 at
2164 4661 2230 4715 de
2259 4662 2470 4716 amissis
2493 4664 2651 4717 rebus
2706 4664 3080 4733 praesentibus,
3126 4676 3213 4719 aut
3243 4667 3308 4719 de
3346 4665 3533 4718 alienis

1945 4765 2051 4804 non
2074 4751 2290 4818 invasis,
2334 4764 2423 4808 aut
2455 4754 2523 4808 de
2555 4754 2724 4809 aliena
2755 4754 3006 4809 felicitate
3036 4754 3291 4821 torqueri.
3327 4755 3532 4809 Secun-

1942 4842 2067 4897 dum
2099 4844 2265 4899 Deum
2295 4861 2420 4900 vero
2447 4847 2657 4901 tristitia
2678 4858 2787 4907 ,est,
2821 4857 2912 4901 aut
2940 4863 3057 4911 sua,
3080 4857 3171 4899 aut
3208 4846 3379 4899 aliena
3406 4862 3531 4915 pec-

1942 4944 2056 4989 cata
2083 4936 2283 5007 lugere.
2317 4936 2448 4992 Ecce
2501 4940 2633 4992 enim
2659 4939 2753 4991 hoc
2798 4940 2986 5007 ipsum,
3042 4938 3319 4990 secundum
3369 4937 3530 4991 Deum

1941 5030 2234 5081 contristari
2255 5045 2360 5094 vos,
2388 5041 2635 5099 quantum
2664 5030 2714 5081 in
2746 5030 2880 5082 vobis
2911 5037 3171 5097 operatur.
3200 5027 3307 5081 lloc
3356 5027 3528 5098 ipsum

1942 5117 2078 5189 quod
2110 5121 2269 5173 modo
2296 5119 2489 5173 factum
2512 5129 2611 5183 est,
2645 5128 2817 5187 potest
2842 5133 2936 5172 vos
2960 5120 3179 5185 docere,
3208 5119 3331 5191 quid
3362 5121 3430 5174 sit
3450 5120 3530 5174 in-

1943 5216 2021 5261 ter
2050 5211 2224 5263 saeculi
2253 5220 2304 5264 et
2337 5211 2427 5265 Dei
2459 5212 2747 5264 tristitiam.
2783 5210 3219 5267 Sollicitudinem.
3254 5214 3385 5281 Quia
3434 5228 3531 5266 no.

1939 5314 2046 5356 atra
2080 5303 2385 5357 SOIliCiiUdO
2408 5304 2551 5358 illius
2575 5304 2854 5374 inSpiratio
2881 5316 2965 5361 est
2999 5326 3010 5359 :
3039 5318 3090 5362 et
3138 5307 3223 5361 nhi
3280 5315 3363 5361 est
3385 5306 3531 5360 solli-

1938 5395 2140 5462 citudo,
2171 5410 2275 5449 non
2325 5404 2406 5451 est
2452 5394 2664 5463 inertia,
2701 5398 2783 5452 vel
2833 5398 3211 5464 somnolentia,
3248 5405 3341 5450 aut
3376 5411 3530 5449 secu-

1939 5488 2092 5541 ritas.
2174 5486 2280 5542 Sed
2359 5486 2728 5559 defensionem.
2791 5490 3163 5546 Defensionem
3225 5491 3307 5544 vel
3368 5488 3530 5543 disci-

1940 5581 2130 5650 plinas,
2194 5580 2277 5636 vel
2344 5580 2488 5637 ﬁdei.
2547 5582 2675 5657 .Sed
2722 5584 3142 5655 indignationem.
3196 5581 3294 5637 Vel
3341 5588 3527 5636 contra

1938 5680 2221 5742 peccnntes
2290 5673 2671 5744 indignamur,
2740 5676 2825 5729 vel
2898 5679 3133 5746 gentium
3197 5678 3530 5748 indignatio-

1938 5779 2033 5821 nes
2098 5762 2418 5821 suﬁ‘crimus.
2491 5764 2598 5821 Sed
2663 5766 2911 5821 timorem.
2984 5766 3099 5823 Non
3179 5772 3524 5829 securitatem
