3884 6172
277 276 354 332 573

1024 278 1087 331 IN
1131 277 1511 335 EPISTOLAM
1552 278 1589 330 ll
1632 276 1718 328 Ai)
1756 271 2156 329 (LORINTIIIOS
2192 273 2708 330 CUMilENTABIA.

3387 279 3489 331 571

277 396 471 446 randum
500 395 555 445 id
580 408 712 463 quea
760 410 858 445 non
910 393 1075 445 habet.
1111 393 1253 445 Sicut
1311 392 1579 453 habueris,
1616 391 1707 450 liii,
1739 391 1815 441 sic
1846 390 1891 446 Α
1922 386 1994 439 Ne
2016 388 2134 455 quis
2155 388 2315 453 ditat,
2342 389 2872 455 quomodoChrislus
2897 390 3063 458 legem
3084 390 3342 458 implevit,
3368 409 3489 447 rum

278 485 338 539 fac
354 485 763 555 electnosynam.
794 484 910 537 Non
934 486 1062 535 enim
1088 495 1140 536 ut
1168 484 1285 535 aliis
1311 484 1375 536 sit
1398 482 1646 534 remissio.
1676 483 1820 545 Qua-

276 580 338 629 les
353 585 526 640 erant,
550 586 607 629 ut
629 578 727 628 hoc
749 576 851 629 illis
876 589 1098 627 necesse
1118 583 1260 627 esset
1288 573 1387 626 diei
1416 590 1427 624 :
1450 572 1563 625 Non
1590 579 1646 624 ut
1669 571 1820 625 vobis

276 670 384 722 nihil
412 667 666 730 servetis;
685 666 778 720 sed
810 675 865 718 ut
892 674 945 719 et
972 665 1079 718 illis
1104 664 1353 724 sufﬁciat,
1376 672 1431 717 et
1452 662 1630 715 vobis!
1666 660 1821 715 γους

273 769 418 813 autem
437 758 715 812 tribulatio.
743 754 1083 823 inopiaeuSed
1105 769 1171 808 ea:
1183 754 1495 822 cqualitate;
1517 754 1566 805 in
1585 751 1820 823 presenti

275 856 495 918 tmpore.
517 848 700 903 Sancti
728 857 782 902 et
806 847 945 900 servi
987 845 1079 899 Dei
1112 846 1163 897 in
1209 844 1309 897 hoc
1338 844 1533 896 saecqu
1558 842 1818 909 peregrini

276 954 316 998 et
336 950 595 1011 pauperes
621 949 767 1001 sunt,
785 940 841 992 in
864 938 964 989 vita
990 952 1118 989 vero
1145 944 1340 989 aeterna
1371 933 1595 1001 patriam
1627 934 1823 986 habent

275 1044 414 1101 alque
442 1031 656 1086 divitias
681 1047 693 1081 :
718 1029 835 1083 laici
868 1042 995 1081 vero
1041 1026 1127 1079 vel
1162 1026 1247 1093 qui
1279 1024 1615 1077 facultatibus
1647 1024 1821 1075 abun-

272 1125 398 1189 dant,
423 1121 512 1175 hic
536 1121 683 1190 qua~i
717 1117 940 1186 patriam
984 1116 1179 1168 habere
1206 1115 1469 1174 videntur,
1501 1115 1544 1167 si
1572 1126 1812 1165 commu-

273 1214 427 1267 nicant
456 1210 652 1264 Sanctis
678 1226 689 1259 :
713 1206 887 1263 hicilli
908 1206 986 1260 eis
1012 1208 1317 1266 restituunt,
1339 1205 1466 1256 utin
1501 1217 1594 1256 sua
1628 1204 1816 1270 patria,

273 1305 349 1357 ubi
374 1314 495 1359 esse
520 1302 711 1356 divites
736 1300 1165 1367 comprobantur.
1202 1296 1381 1350 Vestra
1409 1295 1721 1349 abundantia
1752 1297 1845 1363 εις,

274 1402 416 1449 larum
438 1395 666 1459 inopiam
691 1392 924 1462 suppleat
941 1408 959 1444 :
980 1401 1035 1442 ut
1050 1399 1097 1444 et
1117 1389 1321 1442 illorum
1340 1389 1675 1442 abundantia.
1694 1388 1824 1443 Date

275 1485 365 1539 illis
404 1484 663 1548 carnalia,
696 1490 753 1535 ut
782 1490 835 1536 et
865 1482 938 1535 illi
987 1490 1235 1535 vacantes
1267 1479 1372 1534 Deo
1426 1480 1628 1548 possint
1672 1479 1824 1533 vobis

277 1576 480 1631 reddere
501 1574 790 1644 spiritalia:
810 1572 899 1627 isti
923 1573 1065 1626 enim
1088 1572 1193 1626 duo
1216 1572 1410 1638 gradus
1432 1573 1548 1625 sine
1565 1571 1825 1626 alterutro

273 1682 394 1722 Stare
416 1681 523 1720 non
549 1672 791 1734 possunt.
825 1663 955 1717 Tam
984 1662 1074 1717 ille
1099 1662 1370 1731 perfectus
1397 1676 1504 1714 non
1530 1662 1654 1726 erit,
1680 1662 1826 1729 cogi-

1926 479 2199 534 videamus
2241 480 2573 535 Christianos
2608 497 2706 536 nec
2756 494 2951 535 tantam
2982 485 3378 556 eleemosyuatn
3410 488 3492 540 fa-

1923 583 2063 635 ct-re,
2087 580 2335 639 quantam
2360 572 2473 625 lit-ri
2499 574 2551 626 in
2578 573 2692 641 lege
2715 584 3034 643 praeceptum
3061 578 3168 631 est?
3187 578 3249 629 In
3276 580 3494 646 glorians

1923 658 2151 713 Domini.
2196 661 2253 713 In
2311 662 2531 731 gloriam
2585 664 2794 717 Domini
2847 664 3022 716 omnis
3070 669 3188 732 pius
3232 667 3495 733 gloriﬁcat

1926 749 2115 802 Deum.
2150 748 2489 821 Providemus
2516 755 2650 807 enim
2680 756 2830 808 bona.
2859 754 2997 807 Nihil
3025 758 3235 824 quidem
3279 771 3497 825 propter

1924 840 2207 895 humanam
2250 844 2473 912 gloriam
2504 845 2756 899 facimus:
2787 846 2879 900 sed
2925 857 3097 901 tamen
3153 848 3399 901 nolumus
3442 861 3496 899 ut

1922 945 2017 999 per
2054 948 2151 987 nos
2172 935 2360 1003 aliquis
2382 936 2770 991 scandalizetur
2798 946 2852 991 et
2875 948 3091 1005 pereat:
3117 940 3211 992 sed
3236 948 3289 993 ιη
3311 942 3495 995 videns

1922 1038 2079 1091 opera
2110 1038 2291 1081 nostra
2318 1028 2455 1083 bona
2476 1070 2491 1094 ,
2525 1030 2827 1099 magnificet
2857 1031 3067 1085 Patrem
3111 1040 3373 1096 nostrum,
3401 1035 3495 1102 qui

1924 1115 1977 1169 in
2005 1117 2155 1170 caelis
2184 1129 2288 1173 εει.
2307 1118 2425 1172 Non
2452 1121 2615 1173 solum
2652 1137 2823 1173 coram
2869 1120 2999 1183 Deo,
3025 1123 3113 1175 sed
3146 1124 3299 1175 etiam
3328 1140 3499 1176 coram

1921 1205 2235 1263 hominibus.
2270 1210 2607 1266 Conscientia
2640 1221 2819 1265 nostra
2865 1212 3061 1266 sufficit
3087 1214 3242 1269 nobis
3279 1225 3497 1282 propter

1923 1313 2059 1351 nos:
2095 1300 2231 1354 fama
2273 1316 2420 1366 vero,
2452 1311 2668 1371 propter
2713 1304 3005 1371 proximos,
3049 1320 3165 1371 quze
3204 1308 3307 1358 non
3334 1306 3497 1360 debet

1925 1390 2108 1457 pollui,
2132 1393 2223 1445 sed
2249 1393 2470 1461 pollere.
2496 1396 2622 1448 Duae
2645 1409 2730 1447 res
2751 1406 2894 1457 sunt,
2914 1397 3234 1450 conscientia
3258 1406 3313 1451 et
3332 1397 3493 1451 fama.

1923 1481 2265 1537 Cvnscicntia
2313 1484 2430 1550 tibi,
2459 1486 2594 1538 fama
2638 1485 2771 1539 aliis.
2814 1486 2913 1551 Qui
2955 1487 3120 1540 fidens
3152 1489 3497 1541 conscientia:

1930 1584 2061 1635 suae,
2098 1573 2319 1641 negligit
2344 1572 2537 1628 fatuam
2568 1591 2740 1637 suam,
2764 1575 2993 1630 crudelis
3024 1586 3122 1630 εει.
3146 1577 3379 1631 Misimus
3405 1593 3499 1629 au-

1929 1674 2025 1715 tem
2052 1681 2166 1717 cum
2197 1667 2298 1718 illis
2324 1676 2371 1720 et
2404 1666 2613 1734 fratrem
2642 1677 2890 1721 nostrum.
2921 1668 3144 1734 Quidam
3188 1668 3365 1721 dit-unt
3400 1669 3500 1720 hoc

277 1759 415 1811 tando
432 1756 501 1811 de
539 1755 861 1819 carnalibus,
888 1768 1045 1824 quam
1088 1754 1173 1806 hic
1201 1753 1530 1817 misericors,
1562 1766 1682 1806 cum
1715 1768 1819 1806 non
1855 1742 1899 1801 Β
1928 1750 1995 1805 de
2037 1754 2228 1821 Apollo
2257 1753 2495 1820 dictum;
2518 1757 2612 1809 sed
2642 1756 2901 1809 incertum
2935 1767 3034 1810 est.
3071 1756 3234 1823 Quem
3264 1758 3498 1825 probavi-

273 1847 409 1901 lubet
446 1846 531 1900 cui
582 1844 710 1899 dare
752 1845 834 1898 rel
880 1856 911 1897 a
958 1858 1064 1913 quo
1117 1844 1245 1897 dare
1301 1843 1576 1897 doceatur.
1629 1841 1825 1897 Vestrae

272 1938 437 2007 inapiat
456 1938 520 1992 sit
542 1936 971 2005 supplementum,
998 1944 1053 1987 nt
1078 1935 1174 2000 '[iat
1200 1934 1482 2003 inqualitas.
1509 1934 1598 1988 Sic
1621 1945 1744 1989 sunt
1768 1935 1821 1990 in

272 2031 357 2082 hoc
380 2027 577 2082 steculo
604 2025 818 2091 divites,
845 2026 1112 2093 quomodo
1143 2025 1319 2079 ulmus
1341 2025 1498 2079 vitem
1522 2026 1821 2083 sustinens:

275 2120 398 2173 illius
429 2118 754 2172 adminicu'o
786 2116 905 2169 vitis
936 2115 1139 2169 fructus
1167 2115 1358 2170 uberes
1387 2114 1501 2180 dat,
1546 2126 1597 2170 et
1627 2126 1722 2184 per
1746 2115 1820 2170 fc-

269 2208 572 2263 cunditatcm
601 2208 724 2261 vitis
746 2207 918 2259 ulmus
936 2206 1202 2259 fructuosa
1225 2205 1567 2273 conspicitur.
1591 2204 1678 2259 Sic
1698 2214 1825 2260 sunt

266 2306 389 2358 servi
415 2302 526 2365 Dei,
563 2314 612 2354 et
640 2300 829 2369 spiritu
863 2313 1140 2367 pauperes.
1172 2301 1311 2352 sicut
1348 2298 1506 2351 vitis:
1537 2299 1623 2365 qu'.
1657 2296 1823 2350 facul-

266 2396 443 2449 tatibus
459 2394 683 2446 divitum
708 2392 1097 2450 Sustenlantor,
1121 2388 1221 2442 sibi
1248 2387 1473 2441 invicem
1494 2386 1631 2456 quod
1657 2387 1822 2441 abun-

265 2489 396 2549 dant,
428 2483 850 2548 communicant,
884 2482 1095 2550 utrique
1119 2481 1257 2550 pleni
1282 2481 1347 2533 ad
1376 2480 1535 2533 vitam
1568 2490 1820 2533 aeternam

265 2577 580 2645 perveniunt.
604 2573 750 2628 Sicut
767 2575 1012 2640 scriptum
1036 2581 1127 2625 est.
1152 2571 1262 2625 Hoc
1283 2570 1350 2624 de
1378 2583 1570 2624 manna
1598 2568 1818 2635 dictum,

260 2669 401 2733 cuius
428 2666 675 2735 exemplo
723 2663 979 2718 docemur
1005 2656 1145 2730 quod
1177 2660 1351 2713 omnis
1385 2657 1824 2727 superabundan-

264 2764 328 2813 tia
352 2767 567 2828 generet
593 2769 844 2810 vermes:
876 2752 1035 2807 simul
1065 2763 1118 2807 et
1161 2752 1482 2812 ostenditur,
1522 2764 1640 2819 qua:
1682 2750 1822 2805 Deus

261 2850 363 2913 dat,
386 2846 630 2903 omnibus
654 2858 774 2899 esse
796 2843 992 2897 debere
1021 2840 1324 2896 communia
1349 2840 1401 2894 in
1427 2843 1693 2908 presenti.
1724 2839 1821 2904 Qui

257 2939 583 2998 hullemann
612 2932 911 2989 abundavit.
936 2931 1047 2986 lloc
1068 2931 1373 2985 testimonio
1389 2930 1499 2983 vult
1522 2943 1619 2984 nos
1642 2931 1819 2984 omnia

258 3025 605 3084 communiter
637 3023 933 3093 possidere,
962 3032 1019 3075 ut
1047 3031 1101 3074 et
1131 3020 1349 3090 perfecti
1378 3020 1679 3074 doctrinam
1713 3035 1819 3074 non

1926 1860 2039 1897 mus
2062 1846 2114 1898 in
2148 1845 2480 1914 multis-tame
2527 1848 2805 1902 sollicitum
2836 1865 2961 1903 esse.
2987 1849 3373 1903 TeSIimouiutn
3421 1850 3498 1901 eis

1925 1935 2190 2000 perhibet,
2223 1946 2279 1991 ut
2311 1938 2478 2008 magis
2500 1940 2763 1994 audiatur.
2792 1938 2945 1993 Nunc
2972 1951 3141 1993 autem
3165 1941 3326 1995 multo
3356 1941 3499 1995 solli-

1924 2027 2173 2081 citiorem.
2218 2028 2350 2081 Eum
2400 2030 2718 2096 probamus,
2765 2030 3033 2085 confident
3066 2045 3122 2093 s,
3156 2031 3275 2100 quia
3320 2040 3497 2084 vestra

1923 2116 2233 2190 obedientia
2282 2130 2617 2185 provocetur.
2648 2117 2970 2181 Conﬁdentia
3002 2122 3164 2172 multa
3192 2121 3243 2172 in
3287 2134 3391 2173 vos.
3427 2120 3497 2172 Ita

1918 2207 2027 2278 jam
2060 2209 2228 2278 novit,
2261 2218 2318 2262 ut
2337 2209 2566 2264 conlidat
2597 2212 2647 2263 in
2678 2211 2851 2266 vobis.
2890 2211 3009 2267 Sive
3032 2228 3123 2279 pro
3148 2211 3287 2275 Tito,
3315 2213 3402 2280 qui
3427 2222 3498 2265 est

1921 2298 2088 2351 socius
2110 2314 2249 2351 meus
2279 2307 2323 2349 et
2354 2300 2407 2351 in
2428 2314 2513 2353 vos
2539 2301 2780 2363 adiutor;
2811 2301 2913 2354 sive
2945 2305 3130 2361 fratres
3153 2302 3335 2367 nostri,
3366 2318 3496 2370 apo-

1921 2388 2041 2439 stoli
2075 2386 2438 2452 Ecclesiarnm,
2471 2390 2635 2459 gloria
2665 2390 2869 2444 Christi.
2905 2391 3108 2447 Sensus
3158 2392 3256 2446 hoc
3303 2392 3494 2458 habet,

1922 2477 2040 2531 sive
2062 2476 2182 2545 quia
2209 2477 2356 2530 Titus
2372 2478 2420 2531 ei
2443 2478 2681 2533 de'vobis
2702 2481 2852 2544 dixit,
2875 2481 2965 2551 qui
2988 2492 3216 2536 vestram
3240 2482 3495 2536 obedien-

1924 2565 2048 2618 tiam
2096 2567 2369 2635 probatatn
2404 2568 2592 2635 habet,
2638 2571 2752 2625 sive
2781 2573 2903 2639 quia
2952 2573 3111 2626 etiam
3159 2573 3490 2642 singularum

1924 2657 2286 2731 Erclesiarttm
2320 2663 2545 2727 aposloli
2599 2662 2772 2718 eidem
2814 2666 3127 2720 nuntiarunt
3166 2667 3230 2720 ad
3271 2667 3495 2736 gloriam

1921 2746 2139 2802 Christi.
2172 2748 2522 2804 Ostensionem
2551 2766 2691 2822 ergo,
2716 2769 2830 2822 quae
2844 2763 2917 2809 est
2946 2754 3203 2809 charitatis
3231 2766 3425 2821 vestrm,
3448 2769 3496 2812 et

1920 2844 2109 2889 nostra!
2127 2838 2303 2908 gloria:
2328 2856 2422 2908 pro
2448 2841 2608 2907 vobis,
2634 2842 2688 2893 in
2709 2840 2827 2895 illos
2853 2859 2882 2895 ο
2912 2844 3096 2898 tendite
3121 2847 3173 2898 in
3198 2847 3377 2915 faciem
3398 2846 3497 2900 Ec-

1921 2926 2191 2980 clesiarutn
2222 2928 2336 2983 Dei.
2364 2929 2432 2984 Ut
2453 2945 2572 2985 cum
2596 2931 2827 2985 viderint
2844 2947 3025 2987 verum
3047 2949 3169 2989 esse
3190 2937 3327 3005 quod
3356 2936 3492 2992 dici-

1922 3024 2036 3079 tur,
2069 3018 2319 3073 omnibus
2350 3018 2450 3073 hoc
2493 3021 2741 3075 Ecclesiis
2790 3019 3035 3076 deferant
3081 3024 3489 3091 pervidendum.

256 3114 607 3175 abscondant:
638 3127 690 3172 et
720 3114 975 3169 habentes
1002 3112 1378 3177 substantiam,
1410 3113 1487 3166 eis
1518 3128 1620 3167 non
1658 3113 1821 3167 uene-
1849 3094 1895 3156 C
1926 3108 2049 3163 Sive
2098 3111 2363 3165 ostendite
2412 3110 2728 3167 cbaritatem
2750 3156 2764 3179 ,
2803 3129 2960 3184 quam
3014 3116 3252 3183 habetis,
3282 3117 3348 3171 de
3389 3132 3491 3187 qua

258 3209 618 3278 gentvictnm.
675 3205 874 3275 Dignus
904 3211 988 3256 est
1028 3202 1169 3256 enim
1217 3203 1493 3270 operarius
1545 3201 1666 3255 cibo
1697 3216 1816 3256 suo.

262 3297 328 3349 Et
350 3297 428 3363 qui
445 3296 827 3358 modicnmmtm
848 3292 1134 3345 minoravit.
1153 3288 1357 3344 Gratias
1375 3302 1544 3343 autem
1568 3308 1663 3361 ago
1689 3291 1816 3355 Deo,

260 3382 489 3453 quth
509 3384 737 3437 eamdem
757 3381 1152 3436 sollicitudinem
1181 3395 1272 3447 pro
1294 3381 1428 3433 vobis
1452 3381 1504 3434 in
1522 3384 1672 3435 corde
1696 3381 1814 3436 Titi.

256 3474 403 3530 Sient
444 3478 510 3533 de
538 3484 759 3538 manna,
798 3474 847 3528 si
893 3472 1126 3527 studium
1154 3473 1242 3526 vel
1287 3472 1730 3537 sollicitudinem,
1761 3478 1819 3530 ut

261 3568 469 3641 Quisque
498 3587 592 3639 pro
624 3571 742 3624 a'iis
766 3570 975 3637 habeat,
1005 3567 1145 3623 Deus
1168 3558 1275 3635 dat,
1310 3579 1366 3623 ut
1395 3586 1489 3639 pro
1519 3570 1696 3639 seipso
1724 3571 1817 3623 ha-

256 3656 393 3723 beat,
421 3666 535 3733 quis
564 3663 700 3716 alius
729 3662 1093 3717 estdaturus?
1115 3663 1243 3726 Qua:
1272 3668 1391 3713 c‘um
1421 3663 1490 3714 ita
1522 3662 1648 3727 sint,
1683 3658 1814 3717 nihil

256 3751 533 3820 Scripturis
559 3753 759 3805 sanctis
788 3748 986 3803 homini
1021 3766 1048 3803 a
1074 3750 1299 3803 Domino
1327 3751 1563 3819 iubetur,
1599 3764 1815 3823 propter

258 3841 574 3909 probandum
604 3843 825 3895 liberum
854 3840 1129 3894 arbitrium
1155 3884 1168 3905 ,
1202 3843 1341 3908 quod
1374 3858 1476 3895 non
1518 3830 1815 3900 inveniatur

250 3936 367 3987 \lari
383 3938 443 3989 ab
465 3936 579 4004 ejus
600 3936 836 3988 bonitate
861 3952 874 3987 :
895 3946 993 3988 nec
1015 3935 1228 3987 omnim
1254 3935 1438 4002 incipit
1466 3938 1562 3987 hoc
1586 3952 1648 3991 ex
1674 3938 1812 3991 ntalo

252 4024 313 4075 in
339 4024 466 4077 bernu
490 4046 515 4073 ιι
550 4030 649 4092 per
678 4025 884 4078 initium
927 4024 1050 4081 ﬁdei
1094 4026 1432 4089 commutai,
1467 4027 1565 4078 nisi
1611 4028 1710 4080 hoc
1759 4027 1810 4082 in

214 4126 221 4131 ‘
252 4114 347 4166 illo
368 4126 478 4183 agat
505 4116 738 4168 indebita
778 4124 829 4167 et
857 4114 1081 4182 gratuita
1112 4113 1477 4166 misericordia
1514 4114 1605 4166 Dei
1642 4132 1655 4168 :
1688 4117 1809 4182 quia

256 4218 359 4257 non
378 4216 592 4267 nostrtn,
616 4205 710 4258 sed
740 4206 974 4257 dextera:
1000 4204 1202 4257 Evcelsi
1232 4214 1312 4257 est
1335 4205 1648 4257 immutatio.
1676 4206 1812 4271 Quo-

252 4293 387 4345 niam
414 4294 805 4347 exhortationem
840 4294 1039 4363 quidem
1068 4294 1285 4359 suscepit
1312 4307 1333 4346 :
1361 4299 1449 4346 sed
1483 4309 1595 4345 cum
1623 4295 1813 4348 sollici-

248 4384 349 4434 fior
369 4395 511 4450 esset,
542 4401 637 4438 sua
668 4386 925 4437 voluntate
954 4388 1303 4452 prafeclus'est
1330 4385 1398 4436 ad
1427 4399 1530 4437 vos.
1573 4385 1807 4439 Gratiam

1922 3215 2020 3270 pro
2047 3202 2198 3257 vobis
2224 3204 2516 3274 gloriamur
2535 3246 2551 3273 ,
2583 3207 2650 3261 ad
2694 3209 3003 3279 exemplum
3033 3212 3269 3266 omnium
3301 3210 3491 3268 Eccle-

1914 3306 2140 3346 alarum.

1991 3384 2121 3442 Car.
2153 3400 2229 3441 lx.
2261 3387 2399 3441 Nam
2429 3389 2491 3441 de
2522 3390 2644 3442 mini
2673 3391 2796 3444 trrio
2816 3392 2955 3461 quod
2977 3393 3035 3460 ﬁt
3064 3392 3116 3446 in
3135 3401 3354 3447 sanctos.
3378 3393 3494 3447 Mu-

1916 3482 2035 3529 tare
2065 3490 2281 3530 sensum
2315 3479 2545 3532 videtur.
2572 3481 2796 3545 Quidam
2847 3482 3050 3547 dcunt,
3099 3487 3343 3552 superius
3369 3499 3493 3540 eum

1914 3564 1986 3619 de
2026 3567 2225 3620 sanctis
2257 3568 2405 3622 laicis
2435 3570 2671 3625 dixisse:
2706 3572 2799 3638 hic
2820 3588 2949 3627 vero
2992 3575 3059 3627 de
3100 3575 3488 3630 sacerdotibus.

1918 3655 2021 3708 Alii
2054 3673 2179 3711 vero
2226 3659 2375 3713 aiunt
2407 3675 2526 3714 eum
2566 3672 2689 3716 ante
2736 3664 2801 3717 de
2832 3664 3167 3734 eleemosyna
3202 3678 3487 3735 tractasse,

1914 3747 2078 3800 modo
2105 3752 2170 3802 de
2190 3749 2341 3803 verbi
2369 3751 2664 3805 ministerio
2687 3767 3047 3814 commonere,
3080 3755 3218 3822 quod
3250 3756 3482 3809 sanctilia

1918 3840 2050 3890 catis
2084 3852 2177 3905 per
2199 3840 2517 3908 baptismum
2548 3842 2845 3897 exhibetur.
2880 3844 2938 3896 ili
2970 3845 3075 3897 duo
3103 3860 3289 3899 sensus
3318 3861 3485 3915 usque

1910 3926 1983 3979 ’ad
2019 3928 2177 3981 linem
2208 3945 2381 3985 causae
2403 3932 2682 3999 diligenter
2704 3946 2827 3987 Sunt
2856 3935 3194 3996 observandi.
3227 3938 3306 3992 Ea:
3327 3939 3477 3993 abut:-

1914 4022 2095 4075 dantia
2126 4031 2196 4075 est
2228 4021 2350 4074 mihi
2377 4023 2595 4076 scribere
2625 4024 2784 4077 vobis.
2832 4025 2905 4079 Ex
2938 4027 3206 4093 superﬂuo
3248 4017 3478 4081 commc-

1914 4128 2041 4178 nco,
2070 4115 2190 4179 quia
2216 4113 2354 4189 ultro
2380 4115 2461 4168 vel
2480 4115 2705 4183 docetis,
2730 4117 2811 4170 vel
2836 4119 3203 4174 sacerdotibus
3228 4120 3481 4175 ministra-

1910 4202 2003 4269 iis,
2036 4205 2125 4272 qui
2168 4208 2327 4258 etiam
2384 4208 2594 4260 caeteris
2634 4209 3061 4264 misericordiam
3112 4228 3216 4267 non
3260 4215 3477 4284 negatis.

1916 4297 2037 4350 Scio
2069 4300 2201 4351 enim
2230 4308 2522 4369 promptum
2561 4303 2787 4354 animum
2815 4312 3054 4357 vestiunt.
3090 4305 3143 4358 in
3180 4305 3279 4360 hoc
3303 4321 3479 4374 apere.

1915 4387 2021 4442 Pro
2037 4405 2133 4458 quo
2154 4390 2219 4443 de
2241 4391 2373 4444 vobis
2392 4393 2583 4462 glorior
2600 4396 2741 4461 apud
2765 4393 3093 4451 Maccdonas.
3119 4398 3329 4452 Animo.
3356 4378 3483 4464 Quo-

246 4472 454 4537 quidetn
481 4472 869 4528 exhottationis
898 4476 1121 4541 aCCep‘it,
1154 4474 1247 4525 sed
1288 4485 1340 4527 et
1381 4475 1590 4542 propria
1618 4476 1811 4529 volun-
1844 4460 1891 4521 Β
1918 4481 2053 4533 niam
2081 4491 2126 4534 et
2176 4484 2369 4535 Achaia
2396 4460 2577 4551 parata
2608 4460 2679 4537 est
2706 4486 2769 4537 ab
2814 4504 2947 4540 anno
2982 4489 3256 4552 prwterito.
3288 4489 3486 4544 Achaia

246 4572 355 4618 tate
394 4562 700 4630 festinavit,
736 4574 793 4617 ut
827 4568 1126 4618 mercedem
1162 4564 1381 4619 haberet
1424 4582 1527 4619 non
1578 4567 1804 4634 invitus,

241 4659 391 4722 quasi
420 4659 465 4712 ei
497 4659 565 4711 sit
608 4656 809 4712 credita
840 4657 1190 4724 dispensatio.
1225 4657 1458 4711 Misimus
1500 4661 1650 4712 etiam
1692 4670 1808 4713 cum

230 4742 331 4801 illo
379 4752 587 4819 fratrem
617 4757 841 4802 nostrum
859 4790 876 4816 ,
905 4753 1050 4820 cujus
1084 4750 1202 4803 laus
1228 4760 1299 4803 est
1328 4751 1379 4802 in
1422 4749 1697 4820 Evangelia
1718 4768 1809 4819 per

238 4840 407 4892 balnea
433 4838 709 4892 Erclesias.
735 4840 933 4894 lloc'de
956 4840 1094 4892 Luca
1126 4839 1455 4905 intelligitur,
1481 4844 1568 4909 qui
1594 4842 1803 4895 laudem

237 4942 293 4981 tu
319 4931 603 4996 Evangelto
644 4947 750 4999 prae
777 4930 983 4983 caeteris
1007 4930 1186 4994 habet,
1223 4932 1341 4999 quia
1374 4943 1425 4984 et
1464 4933 1802 4999 lit-augebunt

235 5030 291 5071 et
315 5020 473 5074 Actus
502 5023 868 5089 apostolorum
891 5022 1123 5088 scripsit.
1160 5020 1279 5075 Non
1302 5024 1467 5074 soluat
1496 5034 1687 5083 autent,
1716 5024 1804 5077 sed

234 5122 280 5161 et
308 5114 565 5166 ordinatus
594 5116 657 5167 ab
690 5113 929 5168 Ecclesiis
955 5130 1119 5168 cantes
1154 5118 1574 5186 peregrinationis
1597 5126 1799 5174 nostra’.

233 5203 303 5255 Ut
330 5204 448 5258 eum
478 5207 732 5259 idoneum
760 5220 879 5259 esse
909 5206 1261 5260 demonstret.
1290 5205 1352 5259 In
1386 5206 1519 5259 lianc
1549 5209 1766 5276 gratiam
1787 5249 1803 5275 ,

225 5308 342 5360 ᾳιιω
368 5296 684 5351 ministratur
710 5314 739 5349 a
766 5298 908 5351 nobis
927 5300 992 5350 ad
1021 5298 1476 5369 Dominigloriam.
1498 5298 1629 5353 Sive
1650 5302 1802 5355 mini-
1856 5305 1875 5350 Γ

223 5399 337 5441 ater
362 5400 694 5454 sanctorum,
726 5394 836 5444 sive
863 5392 1119 5445 doctrinm
1145 5408 1157 5443 :
1182 5392 1305 5461 quia
1329 5393 1504 5447 omnia
1528 5395 1593 5448 ad
1624 5396 1800 5449 Domi-

222 5480 277 5530 Ιιῖ
310 5482 527 5548 gloriam
560 5482 717 5537 ﬂunl.
755 5482 819 5536 Et
865 5483 1170 5536 destinatam
1217 5485 1522 5537 voluntatem
1552 5495 1796 5539 nostram.

220 5566 555 5637 Propositum
574 5574 986 5643 sivc'parataut.
1023 5573 1311 5628 Denitantes
1339 5575 1452 5639 hoc,
1482 5592 1543 5628 ne
1562 5578 1675 5646 quis
1710 5594 1799 5630 nos

218 5662 472 5732 vituperet
496 5668 546 5719 in
580 5664 675 5717 hac
720 5667 1060 5735 plenitudine,
1090 5676 1203 5736 gnte
1228 5669 1545 5722 ministratur
1569 5684 1599 5720 a
1629 5669 1790 5724 nobis.

1916 4580 2022 4633 tota
2058 4586 2154 4640 per
2180 4588 2294 4635 vos,
2328 4574 2416 4641 qui
2446 4575 2562 4641 ejus
2595 4587 2752 4643 caput
2799 4578 2947 4641 estis,
2981 4578 3045 4631 ad
3086 4580 3185 4633 hoc
3215 4589 3297 4633 est
3331 4578 3491 4633 mini-

1911 4662 2133 4714 Slerinm
2169 4673 2476 4731 provocata.
2506 4662 2574 4717 Et
2595 4674 2756 4719 vestra
2788 4668 3044 4720 tentulatio
3069 4670 3351 4735 provocavit
3378 4668 3489 4738 plu-

1912 4752 2087 4805 rimos.
2141 4753 2233 4807 llic
2262 4756 2533 4808 trmulatio
2561 4771 2657 4825 pro
2699 4758 3016 4812 imitatione.
3048 4757 3285 4812 Misimus
3316 4769 3486 4811 autem

1911 4843 2113 4911 fratres.
2141 4845 2286 4909 Quos
2314 4860 2559 4913 super:tts
2590 4848 2899 4901 nominavit.
2935 4848 3003 4901 Ut
3033 4865 3093 4901 ise
3134 4850 3271 4917 quod
3296 4850 3488 4919 gloria-

1913 4948 2026 4983 mur
2060 4932 2124 4986 de
2152 4936 2288 4988 tabis
2310 4975 2324 5000 ,
2357 4946 2643 4988 cracuetur.
2685 4936 2783 5002 Qui
2821 4952 2915 4989 vos
2947 4937 3027 4989 vel
3062 4947 3359 5005 pra‘parent
3399 4939 3482 4995 vel

1909 5034 2302 5078 eonttnnncant.
2339 5023 2407 5078 In
2457 5027 2550 5077 Itac
2587 5033 2751 5093 parte,
2797 5034 2852 5078 ut
2888 5028 3313 5095 quemadmodum
3341 5030 3480 5100 dixi,

1908 5120 2077 5192 parati
2103 5102 2212 5170 sitis
2236 5132 2255 5169 :
2281 5134 2341 5169 nr
2373 5132 2486 5169 cum
2515 5119 2735 5171 venerint
2765 5133 2956 5171 mecum
2989 5118 3310 5189 Macedones,
3333 5134 3382 5178 et
3404 5125 3484 5177 in-

1908 5227 2011 5263 υιης
2032 5210 2129 5261 riu:
2152 5224 2239 5262 vos
2268 5211 2567 5276 imparatos.
2594 5209 2668 5263 Ne
2694 5209 2850 5263 alitrr
2880 5212 3165 5276 inveniam,
3198 5232 3356 5285 quam
3387 5234 3482 5281 pu-

1910 5302 2103 5353 tabam.
2134 5302 2186 5353 In
2217 5311 2387 5369 parte,
2414 5302 2524 5354 sive
2555 5300 2855 5366 ministerii,
2890 5306 3004 5359 sive
3034 5307 3308 5361 doctrinm.
3338 5307 3478 5360 Eru-

1907 5391 2168 5444 bescamus
2215 5406 2326 5443 nos.
2358 5391 2415 5445 Si
2465 5405 2559 5447 nos
2591 5393 2963 5451 erubueritnus
2986 5437 2998 5460 ,
3034 5398 3184 5466 quasi
3215 5398 3347 5451 falso
3383 5414 3477 5465 pro

1909 5484 2059 5536 Vobis
2081 5482 2384 5549 gloriantes,
2418 5493 2617 5551 quanto
2646 5486 2812 5555 magis
2841 5502 2957 5551 vos,
2981 5498 3034 5539 et
3065 5502 3158 5555 pro
3184 5498 3353 5541 vestra
3384 5505 3476 5543 ne.

1905 5579 2178 5648 gligentia,
2224 5588 2278 5633 et
2311 5593 2406 5648 pro
2435 5590 2617 5634 nostro
2646 5582 2876 5635 rubore!
2916 5580 3073 5636 Mdita
3105 5582 3343 5635 conlusio
3368 5592 3471 5650 est,

1906 5672 1946 5724 si
1979 5685 2072 5739 pro
2105 5681 2175 5737 te,
2218 5671 2305 5738 qui
2348 5681 2399 5725 te
2431 5670 2623 5740 diYi-sit,
2658 5672 2953 5727 erubescat.
3007 5670 3074 5727 Ut
3116 5687 3213 5728 non
3246 5672 3474 5731 dicamus
