3884 6172
462 243 562 277 κτεξ

461 265 565 297 διὸ.)

1553 243 1712 298 Pili.“
1726 243 1846 305 \Sll
1885 245 1925 296 Δ
1938 241 2066 297 Mil}
2082 242 2327 296 llETANI
2381 244 2591 303 EPISC.

3550 208 3564 234 I

3529 260 3609 314 5ἷὸ

463 371 550 408 eos
578 354 630 408 in
662 354 755 409 Irae
779 356 1080 409 substant'a.
1118 354 1468 410 Necessarium
1493 372 1614 425 ergo
1640 356 1919 410 existimari
1947 371 2028 408 ro-
2056 360 2101 413 Α
2135 355 2279 408 mino
2308 356 2492 424 gratia!
2513 356 2832 418 referuntur,
2865 357 2952 424 qui
2993 372 3084 411 vos
3107 368 3237 412 tanta
3262 364 3485 429 sapientia
3507 382 3612 421 con-

458 462 583 515 gare
601 446 808 514 fratres,
830 456 884 499 ut
908 448 1215 517 praeveniunt
1239 448 1307 500 ad
1326 462 1428 499 res.
1452 446 1600 513 Quod
1618 447 1864 514 superius
1880 447 2034 523 dixe-

462 548 561 600 rat,
599 538 649 591 in
690 538 789 592 hac
822 549 996 607 parte.
1042 537 1108 590 Et
1145 547 1429 608 prtrparent
1457 538 1833 605 repromissum.
1862 538 2031 605 Quam

461 627 543 681 eis
569 628 636 682 de
658 629 812 681 νηιδὶε
839 628 1198 695 promisimus.
1223 626 1646 681 Benedictionem.
1670 628 1795 683 Sive
1817 643 1844 679 a
1875 629 2035 680 bene-

461 719 714 784 dicendo,
745 720 858 773 sive
879 720 1001 786 quia
1033 734 1128 787 per
1172 720 1568 788 eleemosynam
1613 720 1911 775 benedictio
1940 733 2036 772 na-

464 810 629 863 scitur
654 810 749 864 Dei
787 812 854 864 ab
897 811 1225 865 hominibus.
1282 810 1430 864 Hanc
1460 820 1692 880 paratam
1722 827 1846 864 esse.
1876 810 2037 864 Suill-

464 899 697 953 cieutem
726 900 1173 953 benedictionem.
1209 900 1297 954 Sic
1321 901 1467 969 quasi
1494 902 1906 964 benedictionem,
1938 915 2038 952 non

467 991 615 1054 quasi
637 990 926 1043 avaritiam.
952 989 1257 1043 Benedictio
1278 990 1400 1052 erit,
1418 989 1464 1042 si
1489 1000 1637 1057 grato
1658 993 1834 1043 animo
1851 991 2034 1047 detur:

469 1080 702 1134 llilarem
745 1082 885 1133 enim
916 1079 1165 1153 datorem
1201 1079 1373 1149 diligit
1416 1080 1588 1144 Deus,
1618 1094 1814 1133 avarus
1860 1090 2035 1133 autem

468 1170 748 1222 abundans
774 1185 895 1223 esse
926 1185 1029 1221 non
1065 1178 1258 1236 potest.
1309 1170 1362 1222 In
1390 1170 1610 1222 St'ielllla
1640 1179 1815 1223 autem
1847 1185 2040 1224 avarus

470 1269 575 1321 est,
614 1260 703 1327 qui
732 1272 943 1313 sensum
963 1299 977 1321 ,
1005 1274 1161 1326 quem
1205 1261 1448 1327 ceperit,
1478 1260 1654 1312 dilfert
1700 1260 1920 1327 imple-e
1956 1260 2038 1314 vel

473 1353 715 1416 exsequi,
747 1348 885 1402 unde
918 1358 971 1402 et
1002 1348 1255 1402 Dominus
1283 1348 1441 1414 dicit,
1473 1349 1747 1402 Neminem
1774 1349 2038 1402 salutave-

475 1456 502 1494 r
526 1440 592 1494 tis
622 1441 798 1501 invia,
828 1440 928 1491 hoc
967 1448 1049 1493 est
1079 1440 1277 1494 nemini
1314 1440 1533 1494 verbum
1574 1439 1757 1493 salutis
1800 1440 2042 1492 transito-

424 1564 427 1567 ν
477 1531 555 1583 rie
584 1530 1006 1597 prmrlicaveritis.
1039 1529 1154 1583 Hoc
1176 1538 1344 1583 autem
1366 1530 1497 1593 dico,
1523 1531 1612 1597 qui
1632 1546 1781 1596 parce
1803 1531 2037 1595 seminat,
2060 1561 2069 1569 -

476 1635 628 1689 parce
648 1629 695 1673 et
718 1628 885 1672 metet.
917 1619 1237 1684 Notandum,
1265 1622 1386 1689 quia
1416 1622 1575 1675 etiam
1601 1621 1684 1675 hic
1703 1623 1900 1690 gradus
1922 1637 2041 1677 esse

2134 445 2286 499 divit.
2310 447 2525 516 Supplet
2547 463 2607 500 ea
2627 464 2741 516 qua:
2762 450 2941 501 desunt
2963 452 3167 503 sanctis.
3188 452 3390 506 Tantum
3411 458 3617 523 tribuitis,

2134 538 2277 605 quod
2307 553 2409 589 non
2453 538 2624 591 solum
2661 538 2905 606 suppleat
2937 541 3288 594 neocssitatcm
3332 555 3618 613 sanctorum,

2135 626 2229 681 sed
2261 628 2419 682 etiam
2443 639 2710 680 remaneat
2739 630 2877 681 unde
2919 627 3039 681 alis
3067 641 3368 697 erogaretur.
3399 633 3485 687 Sed
3505 638 3624 687 etiam

2135 720 2362 773 abundat
2395 734 2479 776 per
2507 718 2693 771 multas
2713 720 2993 787 gratiarum
3014 720 3227 776 actiones
3249 724 3295 774 in
3324 723 3523 776 Domino.
3548 729 3628 779 llu-

2137 812 2329 881 plicem
2361 814 2580 879 potestis
2610 810 2806 865 habere
2836 810 3152 870 mercedem,
3174 820 3225 863 et
3245 811 3356 864 relet
3374 815 3515 864 tionis
3533 828 3632 866 san-

2138 913 2372 967 ciorum,
2406 914 2457 954 et
2485 903 2769 967 gratiarum
2795 916 2826 954 a
2856 900 3081 953 Domino
3111 899 3340 954 actionis.
3374 900 3461 954 Per
3483 905 3631 969 probu-

2138 993 2324 1045 tionem
2349 991 2613 1044 ministerii
2638 992 2812 1062 hujus.
2835 990 2933 1043 Per
2959 991 3059 1043 hoc
3081 989 3402 1044 ministerium
3421 1007 3471 1045 cs
3496 1008 3523 1045 e
3542 1008 3637 1058 pro.

2140 1082 2335 1134 bantini
2358 1081 2667 1135 Christiani.
2695 1082 2823 1147 Quia
2858 1080 3089 1147 perlecta
3113 1081 3304 1134 docetis
3345 1091 3394 1133 et
3410 1084 3565 1135 osteud
3588 1085 3639 1135 lis

2141 1171 2377 1225 divinum
2406 1187 2548 1232 esse,
2584 1172 2635 1223 in
2667 1186 2772 1237 quo
2803 1184 2895 1253 per
2920 1168 3171 1223 obedient
3190 1184 3268 1221 am
3309 1170 3454 1224 Deum
3479 1174 3639 1239 ιιιιιςιιί-

2142 1260 2327 1313 licatis.
2369 1259 2723 1327 Glori/icantcs
2773 1258 2931 1311 Deum
2970 1257 3020 1311 in
3051 1258 3323 1310 obedientia
3364 1262 3643 1328 confessianis

2141 1358 2243 1403 eest
2272 1365 2317 1403 te
2357 1351 2410 1402 in
2440 1349 2713 1420 Evangelia
2772 1346 2985 1405 Christi.
3032 1348 3351 1416 Magniﬁcam
3387 1348 3548 1414 Deum,
3574 1354 3643 1412 qui

2145 1457 2237 1510 per
2257 1440 2614 1496 obedientiam
2635 1439 2955 1493 conﬁtentur
2975 1441 3157 1503 llenm,
3180 1439 3515 1507 sicutquidam
3532 1440 3648 1494 lactis

2142 1538 2359 1597 negant.
2394 1527 2454 1580 Et
2495 1528 2819 1595 simplicitate
2846 1528 3310 1580 communicationis
3352 1539 3521 1581 castra.
3553 1529 3647 1583 Sve

2144 1618 2458 1684 simpliciter
2478 1617 2753 1678 docentes,
2796 1619 2906 1671 sive
2936 1618 3247 1682 simpliciter
3294 1618 3571 1671 tribuentes.
3597 1617 3647 1671 lu

480 1720 824 1764 monstratur.
860 1709 924 1762 Et
950 1712 1049 1778 qui.
1068 1712 1277 1764 seminat
1305 1714 1358 1765 in
1397 1712 1840 1777 benedictionibus,
1866 1713 1931 1765 de
1959 1714 2041 1767 be-

2150 1707 2266 1757 illos
2291 1715 2335 1757 et
2378 1706 2430 1757 in
2461 1721 2650 1758 omnes.
2682 1706 2813 1770 Quia
2858 1714 2909 1759 ct
2952 1708 3002 1759 in
3036 1706 3156 1760 illos
3183 1717 3234 1759 et
3272 1707 3320 1758 in
3346 1722 3510 1762 omnes
3531 1722 3646 1760 coin-

478 1799 844 1852 uedictionibus
867 1809 913 1852 et
940 1807 1107 1854 metet.
1132 1800 1313 1854 Potest
1339 1810 1390 1854 et
1415 1801 1717 1854 econtrario
1738 1802 1826 1871 qui
1861 1803 1909 1855 in
1937 1817 2046 1855 ma-

478 1888 761 1942 ledictione
783 1888 1189 1959 seminatyidem
1211 1898 1263 1942 et
1287 1900 1507 1942 metere.
1531 1887 1882 1959 Unusquisque
1899 1901 2047 1958 prout

480 1974 742 2029 destinarit
774 1978 825 2029 in
852 1979 1002 2030 corde
1024 1993 1135 2030 suo.
1160 1976 1272 2033 Non
1299 1977 1452 2046 quasi
1472 1988 1704 2043 coactus,
1734 1981 1826 2033 sed
1859 1982 2047 2035 volun-

478 2070 664 2124 tarius.
698 2068 815 2123 Non
843 2086 905 2123 ex
949 2070 1177 2137 tristitia,
1201 2079 1290 2124 aut
1328 2087 1392 2124 ea:
1429 2071 1743 2126 necessitate.
1776 2073 1829 2126 Si
1864 2073 2048 2160 volens

480 2160 580 2214 hoc
606 2173 724 2228 ago,
754 2158 1055 2214 mercedem
1084 2160 1253 2215 habeo
1277 2177 1289 2212 :
1316 2163 1359 2214 s'.
1386 2172 1560 2214 autem
1593 2162 1805 2226 invitus,
1833 2158 2048 2231 dispen-

479 2250 615 2303 satio
643 2249 770 2302 mihi
811 2248 1008 2302 credita
1039 2256 1140 2311 est,
1172 2258 1226 2303 et
1256 2263 1410 2316 quam
1443 2249 1559 2303 sine
1596 2249 1933 2304 sinulatione
1959 2251 2045 2304 di-

480 2338 611 2403 dici,
642 2349 692 2392 et
723 2338 839 2393 sine
885 2338 1025 2391 invid
1048 2353 1078 2391 a
1118 2340 1474 2392 communico.
1511 2339 1621 2392 Hoc
1662 2348 1827 2392 totum
1854 2340 1919 2394 ad
1949 2341 2048 2394 tui-

481 2429 757 2484 nisterium
785 2428 956 2483 verbi.
980 2426 1111 2481 Nam
1136 2430 1179 2481 si
1203 2428 1271 2481 de
1289 2428 1663 2497 eleemosynis,
1689 2432 2047 2499 unusquisque

481 2529 636 2589 prout
658 2519 835 2573 habet.
852 2518 1084 2572 Hilarem
1107 2520 1242 2572 enim
1258 2521 1485 2573 datorem
1501 2520 1669 2587 diligit
1691 2519 1847 2574 Deus.
1877 2521 2065 2576 Econ-,,

480 2610 649 2665 trario
679 2612 882 2664 tristem
906 2610 1020 2663 sine
1046 2608 1204 2663 dubio
1228 2609 1293 2662 od
1320 2618 1358 2663 t.
1380 2608 1570 2663 Potens
1594 2616 1665 2663 est
1686 2619 1857 2663 autem
1884 2608 2042 2666 Deus.

478 2699 558 2754 be
583 2699 769 2753 timeas
796 2698 1047 2765 inopiam.
1083 2698 1291 2752 Omnem
1332 2715 1423 2771 gra
1446 2698 1567 2752 iam.
1604 2698 1808 2753 Donum
1840 2702 2045 2769 gratim,

480 2790 533 2845 id
558 2799 642 2844 est
666 2790 872 2858 c0piam
903 2787 1201 2844 fructuum:
1225 2789 1343 2857 quia
1362 2789 1560 2844 exinde
1579 2790 1829 2857 operibus
1855 2796 2046 2846 vestris

478 2880 664 2950 gratiae
711 2876 1011 2932 referuntur
1040 2893 1056 2930 :
1084 2880 1197 2932 sive
1223 2880 1443 2947 gratiam
1473 2878 1730 2933 scientitc.
1767 2878 1874 2936 Sed
1912 2879 2047 2936 bene

480 2969 738 3039 accipitur
760 2970 925 3039 gratia
953 2969 1173 3032 donum,
1213 2967 1336 3036 quia
1376 2967 1541 3036 gratis
1570 2968 1816 3033 donatur,
1844 2969 1966 3037 quia
1994 2979 2047 3023 et

480 3063 582 3117 hoc
611 3061 804 3116 donum
838 3060 932 3113 Dei
961 3067 1062 3120 est.
1096 3068 1153 3113 ut
1173 3074 1269 3113 nos
1298 3059 1426 3128 largi
1450 3061 1633 3113 simus.
1668 3060 1937 3113 Abundare
1964 3064 2043 3128 fa-
2069 3065 2114 3126 ο

482 3172 596 3210 cere
638 3158 690 3210 in
730 3158 887 3210 vobis.
936 3157 982 3210 Α
1037 3157 1205 3209 l'rnctu
1244 3154 1511 3218 lrtnncnti,
1566 3153 1671 3207 vini
1709 3164 1766 3209 et
1814 3155 1918 3209 olei
1964 3156 2047 3211 sui

482 3246 814 3316 multiplicati
845 3254 987 3299 sunt.
1022 3245 1087 3300 Ut
1108 3246 1160 3299 in
1188 3245 1664 3311 omnibus'semper.
1697 3245 1820 3302 Sive
1850 3247 1903 3300 in
1928 3261 2052 3314 spe-

480 3336 687 3400 ciebus,
718 3336 833 3393 sive
858 3336 1075 3406 gratiis,
1106 3338 1190 3391 vel
1236 3335 1509 3392 doctrinis.
1547 3334 1759 3390 Omnem
1794 3337 2049 3406 sufﬁcien-

480 3428 603 3482 tiam
633 3427 890 3493 habentes,
912 3427 1176 3482 abundetis
1198 3429 1251 3482 in
1276 3444 1421 3483 omne
1441 3446 1567 3502 Opus
1594 3415 1800 3485 bonum:
1826 3430 2048 3486 Omnem

480 3516 855 3572 sufﬁcientiam
877 3527 982 3572 tam
1014 3518 1328 3587 Spiritalium
1360 3520 1515 3588 quam
1546 3522 1703 3576 etiam
1733 3521 2048 3586 carnalium,

481 3614 538 3660 ut
564 3607 780 3675 possitis
808 3621 966 3663 omne
990 3622 1125 3676 Opus
1146 3608 1338 3662 bonum
1371 3609 1614 3679 implere.
1639 3610 1784 3666 Sicut
1808 3610 2051 3681 scriptum

479 3710 597 3754 est:
631 3698 899 3768 Dispersit,
931 3700 1068 3753 dedit
1099 3702 1427 3769 pauperibus,
1442 3702 1649 3773 justitia
1673 3705 1782 3774 ejus
1808 3713 1975 3755 manet
1997 3705 2052 3756 in

479 3801 743 3846 aeternum.
774 3792 850 3847 De
878 3792 1034 3847 rebus
1057 3793 1433 3862 temporalibus
1456 3803 1652 3847 acterna
1675 3793 1875 3862 justitia
1907 3808 2054 3847 eom-

482 3882 846 3952 paratur:qui
894 3891 1077 3951 erogat
1108 3883 1389 3950 prwsentia
1437 3882 1654 3953 recipiet
1700 3892 1919 3938 interna.
1954 3884 2054 3948 Qui

481 3983 651 4027 autem
671 3975 989 4027 administrat
1024 3991 1192 4028 semen
1221 3976 1512 4037 scminanti,
1541 3985 1586 4027 et
1614 3991 1791 4045 panem
1813 3976 1881 4028 ad
1909 3992 2054 4029 man-

480 4064 773 4117 durandum
801 4067 1076 4134 pra’slubtl.
1111 4065 1219 4119 lloc
1250 4067 1415 4132 magis
1444 4066 1507 4118 ad
1538 4065 1683 4119 verbi
1716 4066 1941 4133 pertinet
1968 4080 2054 4120 se-

482 4166 603 4205 men
629 4171 641 4203 :
668 4156 751 4220 qui
783 4156 881 4206 ded
909 4166 922 4206 t
953 4154 1179 4206 ollicium
1206 4154 1451 4215 ducendi,
1477 4168 1652 4207 escam
1684 4169 1789 4221 quo
1810 4169 1892 4217 ine
1916 4170 2052 4224 prte-

485 4243 644 4295 stabit
672 4260 684 4295 :
717 4244 759 4296 si
807 4245 964 4297 modo
990 4248 1187 4298 vacetis
1216 4245 1280 4297 ad
1322 4246 1651 4300 doctrinam:
1684 4247 1796 4299 sive
1841 4247 1928 4313 qui
1962 4247 2051 4300 tibi

484 4330 632 4384 dedit
672 4334 809 4399 quod
862 4333 1158 4401 dispenses,
1185 4335 1411 4388 esuriem
1444 4338 1658 4390 minime
1701 4336 1948 4404 patietur.
1990 4337 2054 4389 Et

2152 1797 2432 1849 municatis
2475 1796 2653 1864 potius
2697 1812 2852 1865 quam
2881 1796 3116 1863 donatis,
3140 1797 3277 1866 quod
3303 1800 3422 1851 certi
3449 1800 3558 1853 estis
3580 1814 3651 1853 vos

2149 1902 2268 1941 cum
2298 1886 2576 1953 multiplici
2600 1888 2623 1939 l
2638 1902 2780 1940 -uore
2805 1897 3132 1954 recepturos.
3167 1886 3231 1941 Et
3254 1888 3301 1939 in
3326 1872 3526 1956 ipsorum
3542 1891 3651 1941 obse-

2147 1979 2368 2029 cratione
2398 1994 2493 2045 pro
2513 1977 2667 2029 vobis.
2700 1977 2865 2029 Etiam
2893 1978 2944 2029 in
2974 1976 3076 2030 hoc
3102 1977 3344 2042 abundat,
3389 1980 3489 2032 iure
3511 1981 3651 2032 omnia

2148 2078 2397 2134 apt-ratur
2447 2068 2836 2121 administratio
2887 2067 3044 2134 hujus
3090 2069 3267 2123 nllicii.
3306 2069 3652 2123 Desidtrantixis

2147 2174 2254 2211 uos.
2285 2158 2414 2220 Quis
2429 2157 2571 2212 enim
2604 2172 2706 2211 non
2733 2156 2999 2211 desisteret
3022 2159 3206 2212 videre
3235 2157 3655 2227 hujusmodiil’ro-

2148 2258 2257 2316 pter
2282 2250 2578 2301 eminentem
2611 2249 2827 2317 gratiam
2866 2247 2957 2301 Dei
3006 2250 3059 2301 in
3090 2250 3247 2302 vobis.
3284 2250 3398 2305 Sive
3439 2250 3651 2313 scientiae,

2147 2339 2260 2391 sive
2284 2336 2680 2391 misericordi-.2.
2708 2335 2912 2391 Gratias
2935 2336 3041 2391 Dt'o
3064 2355 3218 2409 super
3238 2339 3534 2392 inenarrabili
3551 2338 3653 2391 dono

2148 2428 2280 2497 ejus.
2326 2426 2665 2490 Subauditur,
2714 2430 3005 2481 referentes
3028 2444 3046 2481 :
3079 2430 3168 2495 qui
3201 2438 3386 2482 tantum
3414 2430 3541 2483 vobis
3562 2444 3654 2497 gra-

2151 2527 2275 2591 tam
2331 2531 2482 2571 suam
2532 2516 2879 2585 inspiratione
2934 2518 3179 2572 doliavit.
3235 2517 3508 2572 Notandum
3548 2515 3654 2585 quod

2150 2607 2402 2679 quidquid
2434 2607 2557 2662 horti
2586 2608 2666 2659 vel
2696 2606 2937 2673 facimus,
2960 2609 3043 2661 Vel
3070 2608 3347 2674 habemus,
3374 2607 3545 2663 donum
3565 2620 3655 2660 esse

2150 2698 2313 2768 ipsius
2335 2712 2452 2749 com
2462 2696 2730 2764 probetur.

2210 2790 2346 2863 βυ».
2388 2802 2443 2842 x.
2484 2787 2605 2857 Ipse
2646 2797 2815 2842 autem
2855 2803 2947 2858 ego
2997 2787 3200 2843 Paulus
3255 2789 3445 2843 obsecro
3486 2803 3558 2840 nos
3592 2800 3660 2853 per

2149 2880 2585 2935 mansuetudinem
2611 2889 2658 2933 et
2690 2881 2981 2934 modestiam
3012 2879 3227 2935 Christi.
3265 2882 3332 2935 Ea
3358 2895 3445 2935 vos
3470 2893 3661 2933 mansue-

2152 2973 2333 3028 tudine
2362 2987 2490 3042 rcgo
2517 2987 2619 3042 qua
2668 2972 2908 3026 Christus
2928 3013 2944 3037 ,
2975 2987 3102 3026 cum
3133 2988 3192 3026 se
3227 2983 3397 3041 posset
3420 2971 3544 3024 vindi
3572 2982 3661 3030 are.

2148 3064 2430 3132 injttriosos
2485 3061 2769 3124 snSIinnit,
2834 3072 2889 3113 ιιι
2945 3064 3263 3130 eorrigeret.
3315 3062 3407 3127 Qui
3470 3061 3515 3111 in
3564 3058 3664 3125 facie

2149 3156 2351 3225 quidem
2383 3152 2590 3205 humilis
2608 3167 2723 3204 sum
2751 3154 2879 3205 inter
2902 3168 3009 3216 vos,
3045 3154 3231 3206 absens
3257 3162 3416 3205 autem
3436 3149 3605 3217 conﬁdo
3627 3150 3667 3198 ut

2148 3245 2304 3298 vobis.
2351 3240 2508 3308 Quasi
2537 3240 2625 3311 qui
2655 3239 2781 3294 nihil
2825 3240 3083 3313 virtutum
3129 3236 3665 3297 habeamuicutalbi,

2150 3334 2313 3398 Quasi
2353 3333 2528 3387 nutris
2572 3344 2807 3399 semper.
2841 3329 3146 3386 Prmsentia
3177 3340 3468 3386 sanctorum
3493 3342 3574 3398 per
3607 3325 3670 3378 ni-

2151 3424 2309 3479 miam
2342 3421 2693 3476 humilitatem
2725 3427 2898 3490 potest
2926 3435 3055 3476 esse
3088 3421 3409 3490 contemptui
3436 3420 3670 3474 :absentes

2152 3529 2282 3569 vero
2328 3513 2373 3567 si
2413 3526 2632 3568 necesse
2681 3511 2860 3577 luerit,
2909 3512 3249 3568 conﬁdenter
3292 3527 3435 3568 suam
3478 3508 3673 3564 indicant

2153 3614 2490 3675 potesmtem.
2526 3601 2666 3672 Rogo
2695 3610 2864 3656 autem
2902 3616 3009 3666 vos,
3032 3619 3099 3657 ne
3125 3618 3345 3673 presens
3372 3600 3583 3661 audeant,
3604 3609 3674 3665 per

2151 3711 2262 3750 eam
2290 3692 2675 3769 conﬁdentiam.
2725 3692 2799 3746 Ita
2842 3692 2982 3761 agite
3020 3707 3094 3748 ne
3130 3706 3366 3762 praesens
3391 3704 3545 3745 meam
3570 3684 3675 3741 inci-

2155 3790 2292 3858 piam
2321 3784 2636 3840 vindicando
2663 3782 3007 3837 manifestare
3029 3783 3312 3839 virtutem.
3336 3783 3442 3846 Qua
3463 3777 3678 3832 existimor

2152 3876 2362 3943 audere,
2391 3876 2445 3928 in
2471 3874 2739 3946 quosdam.
2773 3872 2887 3928 Non
2913 3874 3089 3929 omnis
3116 3873 3434 3929 existimatio
3463 3869 3576 3924 falsa
3594 3871 3677 3928 est,

2154 3970 2291 4022 sicut
2314 3985 2330 4021 :
2354 3968 2488 4022 Puto
2518 3966 2659 4035 quod
2706 3976 2760 4019 et
2801 3982 2900 4037 ego
2930 3966 3198 4035 Spiritum
3229 3967 3318 4020 Dei
3352 3965 3571 4019 habeam.
3600 3957 3680 4023 Qui

2155 4057 2464 4111 arbitrantur
2486 4073 2577 4110 nos
2597 4069 2838 4127 tanquam
2866 4057 3147 4110 secundum
3168 4073 3367 4109 carnem
3394 4052 3677 4106 ambulemus.

2155 4152 2257 4214 Qui
2286 4162 2471 4218 putant
2500 4167 2596 4205 nos
2620 4153 2749 4205 nihil
2771 4167 2931 4221 super
2955 4157 3243 4206 humanam
3269 4159 3499 4204 naturam
3522 4146 3680 4197 habere

2157 4246 2388 4298 virtutis.
2421 4242 2486 4297 In
2511 4260 2662 4298 carne
2684 4246 2815 4299 enim
2845 4245 3186 4299 ambulantes.
3217 4245 3286 4300 Ut
3312 4242 3556 4296 homines.
3585 4232 3682 4289 Non

2157 4338 2434 4390 secundum
2479 4352 2678 4390 carnem
2725 4338 3023 4390 militamus.
3077 4336 3149 4391 Ut
3176 4337 3368 4391 Christi
3398 4328 3618 4391 ministri,
3642 4334 3684 4377 et

484 4422 838 4489 multiplicabit
867 4437 1033 4475 semen
1053 4436 1289 4477 vestrum.
1315 4424 1438 4479 Sive
1463 4427 1742 4490 sermonis,
1770 4427 1880 4480 sive
1905 4427 2056 4494 justi-
2089 4433 2135 4491 D
2160 4427 2234 4479 sic
2281 4426 2502 4494 intelligi
2537 4435 2732 4493 pulest,
2767 4438 2824 4480 ut
2854 4426 2907 4480 hi
2939 4427 3173 4483 militare
3203 4429 3255 4481 in
3283 4440 3435 4485 carne
3459 4423 3682 4476 dicantur.

482 4511 588 4564 tite.
620 4510 681 4564 Et
708 4513 903 4582 augebit
921 4514 1224 4566 incrementa
1245 4519 1447 4584 frugum
1463 4518 1684 4585 justitia:
1705 4527 1899 4582 vestrm,
1922 4527 1974 4569 ut
1998 4519 2049 4570 in

482 4601 712 4656 omnibus
735 4602 1044 4670 locupletati.
1075 4601 1300 4673 Frugum
1320 4603 1557 4673 justitiaa,
1582 4622 1759 4660 sermo
1785 4608 1893 4660 Dei.
1920 4607 2051 4660 Fru-

481 4706 577 4760 ges
613 4690 838 4763 justitia:
883 4705 1021 4754 sunt.
1052 4703 1106 4748 et
1135 4696 1432 4761 facultates,
1464 4712 1582 4749 cum
1616 4697 1681 4751 de
1725 4697 1804 4751 eis
1846 4698 2048 4763 justitia

479 4784 539 4838 lit
562 4798 576 4836 :
603 4800 720 4839 cum
754 4799 881 4838 vero
910 4794 1000 4836 aut
1031 4786 1207 4854 inique
1234 4798 1644 4855 congregantur,
1668 4797 1758 4840 aut
1786 4789 1962 4857 inique
1984 4791 2048 4844 ad

479 4876 780 4943 superbiam
825 4883 914 4928 ςιιιι
943 4875 1008 4929 ad
1054 4878 1328 4931 avaritiam
1358 4878 1667 4947 abutuntur,
1718 4868 1896 4949 fruges
1926 4895 2053 4936 sunt

481 4963 795 5032 iniquitatis.
844 4966 1020 5020 Pretio
1050 4968 1189 5021 enim
1234 4983 1461 5037 gravatis
1508 4969 1739 5023 triticum
1774 4971 1823 5024 in
1858 4975 2053 5040 poltnlo

484 5056 813 5110 tnalcdictus.
846 5059 967 5112 Sive
994 5060 1084 5127 qui
1116 5075 1208 5127 per
1236 5061 1472 5129 pecuniae
1500 5062 1846 5116 ambitionem
1882 5071 2052 5116 tume-

479 5154 653 5197 scunt.
684 5148 959 5200 Abundetis
990 5151 1039 5202 in
1070 5167 1265 5205 onmem
1294 5154 1689 5221 simplicitatem.
1717 5155 1781 5208 Ut
1808 5154 1920 5209 sine
1941 5154 2051 5209 dis-

478 5236 718 5289 cretione
754 5239 998 5290 Omnibus
1028 5242 1335 5309 simpliciter
1353 5243 1546 5296 tribuat
1569 5258 1613 5305 s,
1634 5261 1735 5298 non
1757 5255 2053 5314 quaerentes

477 5326 563 5380 cui
587 5326 743 5391 detis,
762 5327 856 5380 Sed
884 5338 1095 5394 propter
1115 5331 1238 5397 quid
1258 5334 1414 5386 detis.
1442 5334 1567 5399 Qua:
1589 5343 1829 5400 operatur
1850 5350 1939 5405 per
1961 5350 2053 5387 nos

476 5420 756 5488 gratiarum
802 5419 1043 5471 actionem
1079 5420 1202 5475 Deo.
1234 5423 1359 5487 Qua:
1400 5426 1557 5493 simpl
1580 5427 1711 5479 citas
1740 5426 1899 5479 dandi
1947 5436 2050 5479 est.

482 5510 736 5573 Quattiam
762 5512 1097 5566 ministerium
1140 5510 1294 5580 hujus
1323 5514 1491 5584 ofﬁcii.
1540 5515 2048 5570 Administrationis.

481 5595 600 5652 Non
624 5602 812 5654 solum.
840 5600 952 5658 Non
976 5603 1144 5657 solum
1172 5602 1340 5658 inlicit
1377 5613 1614 5675 sanctos,
1642 5605 1735 5663 sed
1765 5606 1923 5661 etiam
1950 5607 2052 5663 Do-

2157 4517 2248 4587 qui
2293 4517 2457 4572 Vetus
2500 4516 2902 4571 Testamentum
2952 4518 3229 4573 humiliter
3277 4507 3683 4574 edisserunt;qui

2159 4624 2285 4663 vero
2301 4617 2590 4678 sequuntur
2611 4608 3008 4677 intelligentiam
3031 4612 3134 4676 Spit
3152 4610 3350 4672 italem,
3379 4609 3481 4660 sint
3503 4600 3683 4668 quidcf"

2161 4701 2211 4753 in
2234 4715 2413 4763 carne,
2436 4700 2558 4768 quia
2581 4700 2825 4752 eamdem
2848 4697 3073 4753 habeant
3101 4700 3333 4753 litteram
3357 4710 3503 4765 quam
3526 4686 3684 4749 .ludazi,

2159 4790 2252 4844 sed
2285 4806 2386 4842 non
2414 4791 2568 4854 juxta
2615 4803 2830 4842 carnem
2858 4790 3107 4853 militent,
3143 4805 3174 4841 a
3205 4803 3364 4842 carne
3391 4784 3452 4837 ad
3480 4780 3685 4853 spiritum

2161 4880 2611 4934 transcendeutcs.
2646 4878 2785 4933 Nam
2810 4896 2953 4933 arma
2978 4880 3179 4934 militia:
3205 4890 3388 4932 nostra:
3419 4892 3512 4928 non
3536 4884 3689 4924 carna-

2154 4969 2223 5021 lia
2249 4979 2386 5030 sunt,
2416 4967 2504 5019 sed
2534 4969 2757 5034 porentia
2787 4967 2913 5020 Deo.
2958 4968 3119 5022 Arma
3154 4978 3333 5020 nostra
3370 4980 3466 5016 non
3494 4972 3567 5014 est
3590 4971 3687 5011 scu'

2159 5063 2279 5110 tmn‘
2297 5059 2376 5110 vel
2405 5057 2626 5125 gladius,
2660 5059 2752 5113 sed
2785 5060 3019 5125 potentia
3051 5059 3146 5113 Dei
3179 5075 3286 5131 qua
3316 5059 3430 5127 plus
3472 5052 3689 5107 lacu-ants

2159 5149 2322 5201 verbo
2351 5162 2504 5215 quam
2535 5147 2620 5200 alii
2654 5149 2817 5201 armis
2846 5149 3167 5202 carnalibus.
3204 5149 3268 5201 Et
3296 5148 3414 5216 quia
3441 5143 3580 5199 nobis
3603 5153 3687 5192 non

2156 5250 2237 5293 est
2277 5238 2582 5292 colluctatio
2632 5239 2885 5292 adversus
2930 5254 3144 5293 carnem
3178 5248 3232 5293 et
3266 5238 3581 5307 sanguinem.
3627 5228 3688 5282 Λα

2153 5329 2543 5381 destructionem
2574 5328 2933 5393 munitionum,
2980 5330 3194 5382 consilia
3248 5331 3565 5380 destruentes.
3600 5320 3691 5373 blu-

2158 5420 2309 5473 uinnt
2338 5420 2477 5473 enim
2511 5425 2566 5473 et
2601 5418 2933 5473 circumdant
2960 5424 3122 5473 etiam
3155 5413 3573 5487 pseudoapostuli
3598 5411 3683 5465 do-

2158 5511 2382 5565 ctrinam
2405 5526 2554 5564 suam
2582 5511 2769 5565 astutis
2796 5511 3034 5564 consilis
3057 5520 3111 5564 et
3132 5509 3344 5580 callidis
3371 5501 3686 5575 argumentis.

2156 5618 2275 5675 qua:
2312 5605 2453 5661 aries
2482 5604 2802 5676 apostolicus
2845 5604 3068 5661 destruit
3118 5602 3315 5658 virtute
3345 5598 3521 5672 grati:
3547 5590 3686 5666 spiri-
