  <div class='ocr_page' id='page_1' title='image "/cluster/home/n/w/nwhite01/storage/ocr_20150623/68/hvd.32044054758719/296.png"; bbox 0 0 3884 6172; ppageno 0'>
   <div class='ocr_carea' id='block_1_1' title="bbox 252 314 344 368">
    <p class='ocr_par' dir='ltr' id='par_1_1' title="bbox 252 314 344 368">
     <span class='ocr_line' id='line_1_1' title="bbox 252 314 344 368; baseline 0 0"><span class='ocrx_word' id='word_1_1' title='bbox 252 314 344 368; x_wconf 74' lang='grc' dir='ltr'><strong>5ῗ7</strong></span> 
     </span>
    </p>
   </div>
   <div class='ocr_carea' id='block_1_2' title="bbox 1018 309 2728 372">
    <p class='ocr_par' dir='ltr' id='par_1_2' title="bbox 1018 309 2728 372">
     <span class='ocr_line' id='line_1_2' title="bbox 1018 309 2728 372; baseline -0.005 -3"><span class='ocrx_word' id='word_1_2' title='bbox 1018 315 1085 369; x_wconf 81' lang='lat' dir='ltr'><strong>IN</strong></span> <span class='ocrx_word' id='word_1_3' title='bbox 1124 314 1504 372; x_wconf 75' lang='lat' dir='ltr'><strong>EPISTOLAM</strong></span> <span class='ocrx_word' id='word_1_4' title='bbox 1546 313 1586 368; x_wconf 70' lang='grc' dir='ltr'><strong>ιιι</strong></span> <span class='ocrx_word' id='word_1_5' title='bbox 1628 313 1716 366; x_wconf 84' lang='grc' dir='ltr'><strong>ΑΙ)</strong></span> <span class='ocrx_word' id='word_1_6' title='bbox 1759 310 2165 367; x_wconf 68' lang='lat' dir='ltr'><strong>CORINTIHOS</strong></span> <span class='ocrx_word' id='word_1_7' title='bbox 2203 309 2728 365; x_wconf 66' lang='lat' dir='ltr'><strong>COMMENTAIUA.</strong></span> 
     </span>
    </p>
   </div>
   <div class='ocr_carea' id='block_1_3' title="bbox 3390 308 3496 363">
    <p class='ocr_par' dir='ltr' id='par_1_3' title="bbox 3390 308 3496 363">
     <span class='ocr_line' id='line_1_3' title="bbox 3390 308 3496 363; baseline 0.019 -2"><span class='ocrx_word' id='word_1_8' title='bbox 3390 308 3496 363; x_wconf 79' lang='lat'><strong>578</strong></span> 
     </span>
    </p>
   </div>
   <div class='ocr_carea' id='block_1_4' title="bbox 254 420 3492 497">
    <p class='ocr_par' dir='ltr' id='par_1_4' title="bbox 254 420 3492 497">
     <span class='ocr_line' id='line_1_4' title="bbox 254 420 3492 497; baseline -0.002 -17"><span class='ocrx_word' id='word_1_9' title='bbox 254 427 386 489; x_wconf 71' lang='lat' dir='ltr'><strong>talis,</strong></span> <span class='ocrx_word' id='word_1_10' title='bbox 414 424 549 487; x_wconf 72' lang='lat' dir='ltr'><strong>sicut</strong></span> <span class='ocrx_word' id='word_1_11' title='bbox 598 424 741 479; x_wconf 86' lang='lat' dir='ltr'><strong>illum</strong></span> <span class='ocrx_word' id='word_1_12' title='bbox 796 438 1043 491; x_wconf 69' lang='lat' dir='ltr'><strong>magnum</strong></span> <span class='ocrx_word' id='word_1_13' title='bbox 1089 427 1296 496; x_wconf 79' lang='lat' dir='ltr'><strong>Magum</strong></span> <span class='ocrx_word' id='word_1_14' title='bbox 1317 471 1331 495; x_wconf 89' lang='lat'><strong>,</strong></span> <span class='ocrx_word' id='word_1_15' title='bbox 1361 442 1517 497; x_wconf 84' lang='lat' dir='ltr'><strong>quem</strong></span> <span class='ocrx_word' id='word_1_16' title='bbox 1567 426 1680 480; x_wconf 87' lang='lat' dir='ltr'><strong>vias</strong></span> <span class='ocrx_word' id='word_1_17' title='bbox 1732 424 1820 478; x_wconf 83' lang='lat' dir='ltr'><strong>Dei</strong></span> <span class='ocrx_word' id='word_1_18' title='bbox 1854 427 1897 483; x_wconf 75' lang='grc' dir='ltr'><strong>Α</strong></span> <span class='ocrx_word' id='word_1_19' title='bbox 1928 423 2064 476; x_wconf 79' lang='lat' dir='ltr'><strong>vobis</strong></span> <span class='ocrx_word' id='word_1_20' title='bbox 2109 423 2452 491; x_wconf 79' lang='lat' dir='ltr'><strong>magni/icari.</strong></span> <span class='ocrx_word' id='word_1_21' title='bbox 2494 423 2637 487; x_wconf 79' lang='lat' dir='ltr'><strong>Quos</strong></span> <span class='ocrx_word' id='word_1_22' title='bbox 2670 436 2765 475; x_wconf 88' lang='lat' dir='ltr'><strong>nos</strong></span> <span class='ocrx_word' id='word_1_23' title='bbox 2790 420 3060 476; x_wconf 79' lang='lat' dir='ltr'><strong>docemus.</strong></span> <span class='ocrx_word' id='word_1_24' title='bbox 3095 420 3384 476; x_wconf 80' lang='lat' dir='ltr'><strong>Secundum</strong></span> <span class='ocrx_word' id='word_1_25' title='bbox 3413 439 3492 475; x_wconf 85' lang='lat' dir='ltr'><strong>re-</strong></span> 
     </span>
    </p>
   </div>
   <div class='ocr_carea' id='block_1_5' title="bbox 256 515 1820 587">
    <p class='ocr_par' dir='ltr' id='par_1_5' title="bbox 256 515 1820 587">
     <span class='ocr_line' id='line_1_5' title="bbox 256 515 1820 587; baseline -0.003 -14"><span class='ocrx_word' id='word_1_26' title='bbox 256 518 693 587; x_wconf 82' lang='lat' dir='ltr'><strong>.lisputationihus</strong></span> <span class='ocrx_word' id='word_1_27' title='bbox 759 518 1159 573; x_wconf 83' lang='lat' dir='ltr'><strong>subvertentem</strong></span> <span class='ocrx_word' id='word_1_28' title='bbox 1225 521 1388 573; x_wconf 88' lang='lat' dir='ltr'><strong>verbo</strong></span> <span class='ocrx_word' id='word_1_29' title='bbox 1452 518 1690 573; x_wconf 71' lang='lat' dir='ltr'><strong>cmcavit.</strong></span> <span class='ocrx_word' id='word_1_30' title='bbox 1755 515 1820 569; x_wconf 89' lang='lat' dir='ltr'><strong>Et</strong></span> 
     </span>
    </p>
   </div>
   <div class='ocr_carea' id='block_1_6' title="bbox 257 609 1825 671">
    <p class='ocr_par' dir='ltr' id='par_1_6' title="bbox 257 609 1825 671">
     <span class='ocr_line' id='line_1_6' title="bbox 257 609 1825 671; baseline -0.001 -9"><span class='ocrx_word' id='word_1_31' title='bbox 257 625 449 663; x_wconf 85' lang='lat' dir='ltr'><strong>omnem</strong></span> <span class='ocrx_word' id='word_1_32' title='bbox 486 609 808 662; x_wconf 72' lang='lat' dir='ltr'><strong>altitudinem</strong></span> <span class='ocrx_word' id='word_1_33' title='bbox 837 609 1161 671; x_wconf 72' lang='lat' dir='ltr'><strong>extollentem</strong></span> <span class='ocrx_word' id='word_1_34' title='bbox 1188 626 1241 663; x_wconf 87' lang='lat' dir='ltr'><strong>se</strong></span> <span class='ocrx_word' id='word_1_35' title='bbox 1283 609 1523 663; x_wconf 73' lang='lat' dir='ltr'><strong>adversus</strong></span> <span class='ocrx_word' id='word_1_36' title='bbox 1562 610 1825 662; x_wconf 88' lang='lat' dir='ltr'><strong>scientiam</strong></span> 
     </span>
    </p>
   </div>
   <div class='ocr_carea' id='block_1_7' title="bbox 258 699 1828 768">
    <p class='ocr_par' dir='ltr' id='par_1_7' title="bbox 258 699 1828 768">
     <span class='ocr_line' id='line_1_7' title="bbox 258 699 1828 768; baseline 0.001 -18"><span class='ocrx_word' id='word_1_37' title='bbox 258 699 365 752; x_wconf 89' lang='lat' dir='ltr'><strong>Dei.</strong></span> <span class='ocrx_word' id='word_1_38' title='bbox 417 699 556 763; x_wconf 83' lang='lat' dir='ltr'><strong>Quid</strong></span> <span class='ocrx_word' id='word_1_39' title='bbox 599 700 741 753; x_wconf 89' lang='lat' dir='ltr'><strong>enim</strong></span> <span class='ocrx_word' id='word_1_40' title='bbox 784 700 1067 767; x_wconf 84' lang='lat' dir='ltr'><strong>superbius</strong></span> <span class='ocrx_word' id='word_1_41' title='bbox 1113 715 1272 768; x_wconf 90' lang='lat' dir='ltr'><strong>quam</strong></span> <span class='ocrx_word' id='word_1_42' title='bbox 1325 701 1517 753; x_wconf 83' lang='lat' dir='ltr'><strong><em>divinis</em></strong></span> <span class='ocrx_word' id='word_1_43' title='bbox 1562 700 1828 752; x_wconf 75' lang='lat' dir='ltr'><strong>contraire</strong></span> 
     </span>
    </p>
   </div>
   <div class='ocr_carea' id='block_1_8' title="bbox 257 787 1825 860">
    <p class='ocr_par' dir='ltr' id='par_1_8' title="bbox 257 787 1825 860">
     <span class='ocr_line' id='line_1_8' title="bbox 257 787 1825 860; baseline -0.001 -17"><span class='ocrx_word' id='word_1_44' title='bbox 257 788 542 843; x_wconf 75' lang='lat' dir='ltr'><strong>doctrinis?</strong></span> <span class='ocrx_word' id='word_1_45' title='bbox 577 787 640 841; x_wconf 83' lang='lat' dir='ltr'><strong>Et</strong></span> <span class='ocrx_word' id='word_1_46' title='bbox 664 790 716 841; x_wconf 88' lang='lat' dir='ltr'><strong>in</strong></span> <span class='ocrx_word' id='word_1_47' title='bbox 745 790 1091 856; x_wconf 74' lang='lat' dir='ltr'><strong>captivitatem</strong></span> <span class='ocrx_word' id='word_1_48' title='bbox 1130 791 1411 860; x_wconf 68' lang='lat' dir='ltr'><strong>redigentt&#39;s</strong></span> <span class='ocrx_word' id='word_1_49' title='bbox 1448 806 1644 844; x_wconf 86' lang='lat' dir='ltr'><strong>omnem</strong></span> <span class='ocrx_word' id='word_1_50' title='bbox 1673 788 1825 842; x_wconf 85' lang='lat' dir='ltr'><strong>intel-</strong></span> 
     </span>
    </p>
   </div>
   <div class='ocr_carea' id='block_1_9' title="bbox 259 877 1829 947">
    <p class='ocr_par' dir='ltr' id='par_1_9' title="bbox 259 877 1829 947">
     <span class='ocr_line' id='line_1_9' title="bbox 259 877 1829 947; baseline 0.001 -16"><span class='ocrx_word' id='word_1_51' title='bbox 259 880 435 932; x_wconf 84' lang='lat' dir='ltr'><strong>lectum</strong></span> <span class='ocrx_word' id='word_1_52' title='bbox 459 878 513 929; x_wconf 89' lang='lat' dir='ltr'><strong>in</strong></span> <span class='ocrx_word' id='word_1_53' title='bbox 537 877 829 947; x_wconf 73' lang='lat' dir='ltr'><strong>obsequium</strong></span> <span class='ocrx_word' id='word_1_54' title='bbox 859 877 1071 934; x_wconf 76' lang='lat' dir='ltr'><strong><em>Christi.</em></strong></span> <span class='ocrx_word' id='word_1_55' title='bbox 1126 879 1458 933; x_wconf 82' lang='lat' dir='ltr'><strong>Destruituus</strong></span> <span class='ocrx_word' id='word_1_56' title='bbox 1503 880 1829 947; x_wconf 86' lang='lat' dir='ltr'><strong>pseudoapo-</strong></span> 
     </span>
    </p>
   </div>
   <div class='ocr_carea' id='block_1_10' title="bbox 260 967 1851 1037">
    <p class='ocr_par' dir='ltr' id='par_1_10' title="bbox 260 967 1851 1037">
     <span class='ocr_line' id='line_1_10' title="bbox 260 967 1851 1037; baseline -0.001 -12"><span class='ocrx_word' id='word_1_57' title='bbox 260 970 445 1031; x_wconf 84' lang='lat' dir='ltr'><strong>stolos,</strong></span> <span class='ocrx_word' id='word_1_58' title='bbox 479 969 571 1037; x_wconf 89' lang='lat' dir='ltr'><strong>qui</strong></span> <span class='ocrx_word' id='word_1_59' title='bbox 611 967 712 1022; x_wconf 87' lang='lat' dir='ltr'><strong>sub</strong></span> <span class='ocrx_word' id='word_1_60' title='bbox 754 968 974 1023; x_wconf 87' lang='lat' dir='ltr'><strong>nomine</strong></span> <span class='ocrx_word' id='word_1_61' title='bbox 1001 968 1196 1023; x_wconf 79' lang='lat' dir='ltr'><strong>Christi</strong></span> <span class='ocrx_word' id='word_1_62' title='bbox 1232 971 1467 1023; x_wconf 89' lang='lat' dir='ltr'><strong>omnium</strong></span> <span class='ocrx_word' id='word_1_63' title='bbox 1500 970 1851 1024; x_wconf 58' lang='lat' dir='ltr'><strong>intellectum.</strong></span> 
     </span>
    </p>
   </div>
   <div class='ocr_carea' id='block_1_11' title="bbox 260 1058 1829 1126">
    <p class='ocr_par' dir='ltr' id='par_1_11' title="bbox 260 1058 1829 1126">
     <span class='ocr_line' id='line_1_11' title="bbox 260 1058 1829 1126; baseline -0.001 -14"><span class='ocrx_word' id='word_1_64' title='bbox 260 1059 354 1113; x_wconf 83' lang='lat' dir='ltr'><strong>sibi</strong></span> <span class='ocrx_word' id='word_1_65' title='bbox 377 1058 603 1126; x_wconf 90' lang='lat' dir='ltr'><strong>cupiunt</strong></span> <span class='ocrx_word' id='word_1_66' title='bbox 622 1058 914 1126; x_wconf 84' lang='lat' dir='ltr'><strong>captivare,</strong></span> <span class='ocrx_word' id='word_1_67' title='bbox 934 1066 989 1113; x_wconf 87' lang='lat' dir='ltr'><strong>et</strong></span> <span class='ocrx_word' id='word_1_68' title='bbox 1014 1070 1124 1112; x_wconf 71' lang='lat' dir='ltr'><strong>sua:</strong></span> <span class='ocrx_word' id='word_1_69' title='bbox 1147 1058 1402 1112; x_wconf 72' lang='lat' dir='ltr'><strong>doctrina:</strong></span> <span class='ocrx_word' id='word_1_70' title='bbox 1424 1059 1670 1121; x_wconf 86' lang='lat' dir='ltr'><strong>subdere,</strong></span> <span class='ocrx_word' id='word_1_71' title='bbox 1690 1058 1829 1125; x_wconf 89' lang='lat' dir='ltr'><strong>quod</strong></span> 
     </span>
    </p>
   </div>
   <div class='ocr_carea' id='block_1_12' title="bbox 261 1147 1830 1218">
    <p class='ocr_par' dir='ltr' id='par_1_12' title="bbox 261 1147 1830 1218">
     <span class='ocr_line' id='line_1_12' title="bbox 261 1147 1830 1218; baseline 0 -18"><span class='ocrx_word' id='word_1_72' title='bbox 261 1148 492 1203; x_wconf 78' lang='lat' dir='ltr'><strong>incretiei</strong></span> <span class='ocrx_word' id='word_1_73' title='bbox 543 1148 716 1202; x_wconf 83' lang='lat' dir='ltr'><strong>lacere</strong></span> <span class='ocrx_word' id='word_1_74' title='bbox 762 1160 1047 1202; x_wconf 89' lang='lat' dir='ltr'><strong>conantur.</strong></span> <span class='ocrx_word' id='word_1_75' title='bbox 1098 1147 1162 1200; x_wconf 86' lang='lat' dir='ltr'><strong>Et</strong></span> <span class='ocrx_word' id='word_1_76' title='bbox 1201 1149 1255 1201; x_wconf 83' lang='lat' dir='ltr'><strong>in</strong></span> <span class='ocrx_word' id='word_1_77' title='bbox 1306 1158 1545 1218; x_wconf 85' lang='lat' dir='ltr'><strong>promptu</strong></span> <span class='ocrx_word' id='word_1_78' title='bbox 1592 1147 1830 1200; x_wconf 75' lang='lat' dir='ltr'><strong>habentes</strong></span> 
     </span>
    </p>
   </div>
   <div class='ocr_carea' id='block_1_13' title="bbox 262 1238 1831 1307">
    <p class='ocr_par' dir='ltr' id='par_1_13' title="bbox 262 1238 1831 1307">
     <span class='ocr_line' id='line_1_13' title="bbox 262 1238 1831 1307; baseline 0 -16"><span class='ocrx_word' id='word_1_79' title='bbox 262 1239 434 1291; x_wconf 77' lang='lat' dir='ltr'><strong>ulcisci</strong></span> <span class='ocrx_word' id='word_1_80' title='bbox 464 1254 660 1292; x_wconf 86' lang='lat' dir='ltr'><strong>omnem</strong></span> <span class='ocrx_word' id='word_1_81' title='bbox 683 1238 1097 1305; x_wconf 85' lang='lat' dir='ltr'><strong>inobedientiam,</strong></span> <span class='ocrx_word' id='word_1_82' title='bbox 1122 1256 1234 1291; x_wconf 87' lang='lat' dir='ltr'><strong>cum</strong></span> <span class='ocrx_word' id='word_1_83' title='bbox 1259 1239 1466 1307; x_wconf 86' lang='lat' dir='ltr'><strong>impleta</strong></span> <span class='ocrx_word' id='word_1_84' title='bbox 1493 1240 1646 1307; x_wconf 81' lang='lat' dir='ltr'><strong>fuerit</strong></span> <span class='ocrx_word' id='word_1_85' title='bbox 1667 1248 1831 1291; x_wconf 83' lang='lat' dir='ltr'><strong>vestra</strong></span> 
     </span>
    </p>
   </div>
   <div class='ocr_carea' id='block_1_14' title="bbox 263 1330 1833 1399">
    <p class='ocr_par' dir='ltr' id='par_1_14' title="bbox 263 1330 1833 1399">
     <span class='ocr_line' id='line_1_14' title="bbox 263 1330 1833 1399; baseline 0.001 -15"><span class='ocrx_word' id='word_1_86' title='bbox 263 1331 562 1384; x_wconf 23' lang='lat' dir='ltr'><strong>obt’dientia.</strong></span> <span class='ocrx_word' id='word_1_87' title='bbox 607 1330 736 1385; x_wconf 86' lang='lat' dir='ltr'><strong>Cum</strong></span> <span class='ocrx_word' id='word_1_88' title='bbox 764 1330 873 1398; x_wconf 82' lang='lat' dir='ltr'><strong>jam</strong></span> <span class='ocrx_word' id='word_1_89' title='bbox 908 1346 1034 1385; x_wconf 86' lang='lat' dir='ltr'><strong>vero</strong></span> <span class='ocrx_word' id='word_1_90' title='bbox 1078 1331 1381 1385; x_wconf 80' lang='lat' dir='ltr'><strong>obedientia</strong></span> <span class='ocrx_word' id='word_1_91' title='bbox 1414 1346 1507 1399; x_wconf 88' lang='lat' dir='ltr'><strong>per</strong></span> <span class='ocrx_word' id='word_1_92' title='bbox 1548 1346 1645 1385; x_wconf 91' lang='lat' dir='ltr'><strong>nos</strong></span> <span class='ocrx_word' id='word_1_93' title='bbox 1676 1330 1833 1385; x_wconf 83' lang='lat' dir='ltr'><strong>luerit</strong></span> 
     </span>
    </p>
   </div>
   <div class='ocr_carea' id='block_1_15' title="bbox 264 1420 1832 1488">
    <p class='ocr_par' dir='ltr' id='par_1_15' title="bbox 264 1420 1832 1488">
     <span class='ocr_line' id='line_1_15' title="bbox 264 1420 1832 1488; baseline 0.001 -15"><span class='ocrx_word' id='word_1_94' title='bbox 264 1421 500 1487; x_wconf 84' lang='lat' dir='ltr'><strong>impleta,</strong></span> <span class='ocrx_word' id='word_1_95' title='bbox 530 1420 606 1474; x_wconf 86' lang='lat' dir='ltr'><strong>illi</strong></span> <span class='ocrx_word' id='word_1_96' title='bbox 637 1421 682 1473; x_wconf 88' lang='lat' dir='ltr'><strong>si</strong></span> <span class='ocrx_word' id='word_1_97' title='bbox 711 1434 817 1474; x_wconf 86' lang='lat' dir='ltr'><strong>non</strong></span> <span class='ocrx_word' id='word_1_98' title='bbox 857 1420 1160 1485; x_wconf 84' lang='lat' dir='ltr'><strong>audientur,</strong></span> <span class='ocrx_word' id='word_1_99' title='bbox 1194 1430 1506 1488; x_wconf 80' lang='lat' dir='ltr'><strong>potestatein</strong></span> <span class='ocrx_word' id='word_1_100' title='bbox 1557 1435 1615 1474; x_wconf 90' lang='lat' dir='ltr'><strong>se</strong></span> <span class='ocrx_word' id='word_1_101' title='bbox 1658 1422 1832 1474; x_wconf 87' lang='lat' dir='ltr'><strong>vindi-</strong></span> 
     </span>
    </p>
   </div>
   <div class='ocr_carea' id='block_1_16' title="bbox 264 1510 1833 1579">
    <p class='ocr_par' dir='ltr' id='par_1_16' title="bbox 264 1510 1833 1579">
     <span class='ocr_line' id='line_1_16' title="bbox 264 1510 1833 1579; baseline -0.001 -15"><span class='ocrx_word' id='word_1_102' title='bbox 264 1511 415 1565; x_wconf 85' lang='lat' dir='ltr'><strong>candi</strong></span> <span class='ocrx_word' id='word_1_103' title='bbox 448 1512 715 1579; x_wconf 83' lang='lat' dir='ltr'><strong>accepisse</strong></span> <span class='ocrx_word' id='word_1_104' title='bbox 737 1526 766 1564; x_wconf 88' lang='lat' dir='ltr'><strong>a</strong></span> <span class='ocrx_word' id='word_1_105' title='bbox 786 1511 1008 1566; x_wconf 82' lang='lat' dir='ltr'><strong>Domino</strong></span> <span class='ocrx_word' id='word_1_106' title='bbox 1034 1510 1375 1565; x_wconf 88' lang='lat' dir='ltr'><strong>mentiuntur.</strong></span> <span class='ocrx_word' id='word_1_107' title='bbox 1405 1510 1533 1575; x_wconf 81' lang='lat' dir='ltr'><strong>Qua:</strong></span> <span class='ocrx_word' id='word_1_108' title='bbox 1555 1513 1833 1564; x_wconf 85' lang='lat' dir='ltr'><strong>secundum</strong></span> 
     </span>
    </p>
   </div>
   <div class='ocr_carea' id='block_1_17' title="bbox 267 1599 1832 1669">
    <p class='ocr_par' dir='ltr' id='par_1_17' title="bbox 267 1599 1832 1669">
     <span class='ocr_line' id='line_1_17' title="bbox 267 1599 1832 1669; baseline 0 -16"><span class='ocrx_word' id='word_1_109' title='bbox 267 1602 445 1669; x_wconf 77' lang='lat' dir='ltr'><strong>[aciem</strong></span> <span class='ocrx_word' id='word_1_110' title='bbox 467 1611 602 1665; x_wconf 85' lang='lat' dir='ltr'><strong>sunt,</strong></span> <span class='ocrx_word' id='word_1_111' title='bbox 630 1601 808 1654; x_wconf 87' lang='lat' dir='ltr'><strong>videte.</strong></span> <span class='ocrx_word' id='word_1_112' title='bbox 861 1599 1136 1654; x_wconf 76' lang='lat' dir='ltr'><strong><em>Manifesta</em></strong></span> <span class='ocrx_word' id='word_1_113' title='bbox 1165 1610 1245 1653; x_wconf 87' lang='lat' dir='ltr'><strong>est</strong></span> <span class='ocrx_word' id='word_1_114' title='bbox 1274 1600 1348 1654; x_wconf 88' lang='lat' dir='ltr'><strong>rei</strong></span> <span class='ocrx_word' id='word_1_115' title='bbox 1380 1600 1637 1668; x_wconf 72' lang='lat' dir='ltr'><strong>probatio,</strong></span> <span class='ocrx_word' id='word_1_116' title='bbox 1673 1609 1729 1653; x_wconf 90' lang='lat' dir='ltr'><strong>et</strong></span> <span class='ocrx_word' id='word_1_117' title='bbox 1753 1600 1832 1653; x_wconf 85' lang='lat' dir='ltr'><strong>la-</strong></span> 
     </span>
    </p>
   </div>
   <div class='ocr_carea' id='block_1_18' title="bbox 267 1690 1830 1760">
    <p class='ocr_par' dir='ltr' id='par_1_18' title="bbox 267 1690 1830 1760">
     <span class='ocr_line' id='line_1_18' title="bbox 267 1690 1830 1760; baseline -0.002 -13"><span class='ocrx_word' id='word_1_118' title='bbox 267 1693 381 1747; x_wconf 73' lang='lat' dir='ltr'><strong>ciiis</strong></span> <span class='ocrx_word' id='word_1_119' title='bbox 410 1693 732 1747; x_wconf 88' lang='lat' dir='ltr'><strong>intellectus.</strong></span> <span class='ocrx_word' id='word_1_120' title='bbox 778 1692 838 1748; x_wconf 84' lang='lat' dir='ltr'><strong>Si</strong></span> <span class='ocrx_word' id='word_1_121' title='bbox 884 1693 994 1760; x_wconf 96' lang='lat' dir='ltr'><strong>quis</strong></span> <span class='ocrx_word' id='word_1_122' title='bbox 1036 1692 1246 1759; x_wconf 81' lang='lat' dir='ltr'><strong>conﬁdit</strong></span> <span class='ocrx_word' id='word_1_123' title='bbox 1275 1691 1372 1745; x_wconf 84' lang='lat' dir='ltr'><strong>sibi</strong></span> <span class='ocrx_word' id='word_1_124' title='bbox 1402 1690 1590 1745; x_wconf 81' lang='lat' dir='ltr'><strong><em>Christi</em></strong></span> <span class='ocrx_word' id='word_1_125' title='bbox 1623 1708 1676 1745; x_wconf 86' lang='lat' dir='ltr'><strong>se</strong></span> <span class='ocrx_word' id='word_1_126' title='bbox 1703 1708 1830 1756; x_wconf 87' lang='lat' dir='ltr'><strong>esse,</strong></span> 
     </span>
    </p>
   </div>
   <div class='ocr_carea' id='block_1_19' title="bbox 1929 511 3493 582">
    <p class='ocr_par' dir='ltr' id='par_1_19' title="bbox 1929 511 3493 582">
     <span class='ocr_line' id='line_1_19' title="bbox 1929 511 3493 582; baseline 0.001 -19"><span class='ocrx_word' id='word_1_127' title='bbox 1929 518 2100 582; x_wconf 83' lang='lat' dir='ltr'><strong><em>gulam</em></strong></span> <span class='ocrx_word' id='word_1_128' title='bbox 2117 524 2359 565; x_wconf 78' lang='lat' dir='ltr'><strong>nostram.</strong></span> <span class='ocrx_word' id='word_1_129' title='bbox 2377 512 2488 565; x_wconf 87' lang='lat' dir='ltr'><strong>Non</strong></span> <span class='ocrx_word' id='word_1_130' title='bbox 2507 512 2755 566; x_wconf 88' lang='lat' dir='ltr'><strong>alienam.</strong></span> <span class='ocrx_word' id='word_1_131' title='bbox 2778 511 2838 563; x_wconf 91' lang='lat' dir='ltr'><strong>ln</strong></span> <span class='ocrx_word' id='word_1_132' title='bbox 2860 512 3243 574; x_wconf 82' lang='lat' dir='ltr'><strong>abundantiam,</strong></span> <span class='ocrx_word' id='word_1_133' title='bbox 3266 514 3419 566; x_wconf 87' lang='lat' dir='ltr'><strong>etiam</strong></span> <span class='ocrx_word' id='word_1_134' title='bbox 3441 514 3493 565; x_wconf 83' lang='lat' dir='ltr'><strong>in</strong></span> 
     </span>
    </p>
   </div>
   <div class='ocr_carea' id='block_1_20' title="bbox 1928 599 3493 670">
    <p class='ocr_par' dir='ltr' id='par_1_20' title="bbox 1928 599 3493 670">
     <span class='ocr_line' id='line_1_20' title="bbox 1928 599 3493 670; baseline 0.001 -17"><span class='ocrx_word' id='word_1_135' title='bbox 1928 600 2021 653; x_wconf 83' lang='lat' dir='ltr'><strong>il&#39;a</strong></span> <span class='ocrx_word' id='word_1_136' title='bbox 2041 616 2153 670; x_wconf 68' lang='lat' dir='ltr'><strong>qua:</strong></span> <span class='ocrx_word' id='word_1_137' title='bbox 2183 600 2318 653; x_wconf 67' lang='lat' dir='ltr'><strong>ultra</strong></span> <span class='ocrx_word' id='word_1_138' title='bbox 2348 616 2435 653; x_wconf 80' lang='lat' dir='ltr'><strong>vos</strong></span> <span class='ocrx_word' id='word_1_139' title='bbox 2463 609 2579 653; x_wconf 87' lang='lat' dir='ltr'><strong>sunt</strong></span> <span class='ocrx_word' id='word_1_140' title='bbox 2611 600 2971 668; x_wconf 79' lang='lat' dir='ltr'><strong>erangelizare.</strong></span> <span class='ocrx_word' id='word_1_141' title='bbox 3002 599 3114 653; x_wconf 86' lang='lat' dir='ltr'><strong>Non</strong></span> <span class='ocrx_word' id='word_1_142' title='bbox 3147 602 3286 655; x_wconf 89' lang='lat' dir='ltr'><strong>enim</strong></span> <span class='ocrx_word' id='word_1_143' title='bbox 3323 612 3493 669; x_wconf 56' lang='lat' dir='ltr'><strong>usque</strong></span> 
     </span>
    </p>
   </div>
   <div class='ocr_carea' id='block_1_21' title="bbox 1930 689 3497 759">
    <p class='ocr_par' dir='ltr' id='par_1_21' title="bbox 1930 689 3497 759">
     <span class='ocr_line' id='line_1_21' title="bbox 1930 689 3497 759; baseline 0 -15"><span class='ocrx_word' id='word_1_144' title='bbox 1930 691 1995 744; x_wconf 85' lang='lat' dir='ltr'><strong>ad</strong></span> <span class='ocrx_word' id='word_1_145' title='bbox 2020 707 2114 743; x_wconf 83' lang='lat' dir='ltr'><strong>vos</strong></span> <span class='ocrx_word' id='word_1_146' title='bbox 2138 691 2335 745; x_wconf 59' lang='lat' dir='ltr'><strong>siilticit</strong></span> <span class='ocrx_word' id='word_1_147' title='bbox 2358 693 2683 759; x_wconf 85' lang='lat' dir='ltr'><strong>pervenisse,</strong></span> <span class='ocrx_word' id='word_1_148' title='bbox 2701 689 2793 744; x_wconf 90' lang='lat' dir='ltr'><strong>sed</strong></span> <span class='ocrx_word' id='word_1_149' title='bbox 2819 700 2946 743; x_wconf 78' lang='lat' dir='ltr'><strong>cum‘</strong></span> <span class='ocrx_word' id='word_1_150' title='bbox 2965 699 3141 744; x_wconf 84' lang='lat' dir='ltr'><strong>vestra</strong></span> <span class='ocrx_word' id='word_1_151' title='bbox 3161 690 3289 744; x_wconf 82' lang='lat' dir='ltr'><strong>ﬁdes</strong></span> <span class='ocrx_word' id='word_1_152' title='bbox 3312 706 3497 744; x_wconf 82' lang='lat' dir='ltr'><strong>creve-</strong></span> 
     </span>
    </p>
   </div>
   <div class='ocr_carea' id='block_1_22' title="bbox 1930 779 3495 847">
    <p class='ocr_par' dir='ltr' id='par_1_22' title="bbox 1930 779 3495 847">
     <span class='ocr_line' id='line_1_22' title="bbox 1930 779 3495 847; baseline 0.001 -13"><span class='ocrx_word' id='word_1_153' title='bbox 1930 782 2020 845; x_wconf 86' lang='lat' dir='ltr'><strong>rit,</strong></span> <span class='ocrx_word' id='word_1_154' title='bbox 2046 782 2168 834; x_wconf 85' lang='lat' dir='ltr'><strong>alibi</strong></span> <span class='ocrx_word' id='word_1_155' title='bbox 2198 780 2535 841; x_wconf 87' lang='lat' dir='ltr'><strong>transiemus,</strong></span> <span class='ocrx_word' id='word_1_156' title='bbox 2564 784 2722 835; x_wconf 77' lang='lat' dir='ltr'><strong>etiam</strong></span> <span class='ocrx_word' id='word_1_157' title='bbox 2747 780 2811 833; x_wconf 87' lang='lat' dir='ltr'><strong>ad</strong></span> <span class='ocrx_word' id='word_1_158' title='bbox 2841 779 2963 832; x_wconf 86' lang='lat' dir='ltr'><strong>illas</strong></span> <span class='ocrx_word' id='word_1_159' title='bbox 2988 790 3315 847; x_wconf 71' lang='lat' dir='ltr'><strong>gentesquzc</strong></span> <span class='ocrx_word' id='word_1_160' title='bbox 3349 789 3495 835; x_wconf 88' lang='lat' dir='ltr'><strong>trans</strong></span> 
     </span>
    </p>
   </div>
   <div class='ocr_carea' id='block_1_23' title="bbox 1931 872 3501 941">
    <p class='ocr_par' dir='ltr' id='par_1_23' title="bbox 1931 872 3501 941">
     <span class='ocr_line' id='line_1_23' title="bbox 1931 872 3501 941; baseline 0 -16"><span class='ocrx_word' id='word_1_161' title='bbox 1931 889 2025 926; x_wconf 83' lang='lat' dir='ltr'><strong>vos</strong></span> <span class='ocrx_word' id='word_1_162' title='bbox 2051 884 2193 937; x_wconf 85' lang='lat' dir='ltr'><strong>sunt,</strong></span> <span class='ocrx_word' id='word_1_163' title='bbox 2227 874 2567 937; x_wconf 67' lang='lat' dir='ltr'><strong>Evangelium</strong></span> <span class='ocrx_word' id='word_1_164' title='bbox 2613 872 2925 941; x_wconf 73' lang='lat' dir='ltr'><strong>prtedicare.</strong></span> <span class='ocrx_word' id='word_1_165' title='bbox 2977 872 3096 925; x_wconf 88' lang='lat' dir='ltr'><strong>Non</strong></span> <span class='ocrx_word' id='word_1_166' title='bbox 3132 875 3183 925; x_wconf 88' lang='lat' dir='ltr'><strong>in</strong></span> <span class='ocrx_word' id='word_1_167' title='bbox 3225 872 3391 925; x_wconf 85' lang='lat' dir='ltr'><strong>aliena</strong></span> <span class='ocrx_word' id='word_1_168' title='bbox 3419 889 3501 925; x_wconf 88' lang='lat' dir='ltr'><strong>re-</strong></span> 
     </span>
    </p>
   </div>
   <div class='ocr_carea' id='block_1_24' title="bbox 1932 963 3497 1034">
    <p class='ocr_par' dir='ltr' id='par_1_24' title="bbox 1932 963 3497 1034">
     <span class='ocr_line' id='line_1_24' title="bbox 1932 963 3497 1034; baseline 0.003 -20"><span class='ocrx_word' id='word_1_169' title='bbox 1932 964 2071 1033; x_wconf 86' lang='lat' dir='ltr'><strong>gula.</strong></span> <span class='ocrx_word' id='word_1_170' title='bbox 2109 964 2266 1019; x_wconf 85' lang='lat' dir='ltr'><strong>Loca.</strong></span> <span class='ocrx_word' id='word_1_171' title='bbox 2295 963 2359 1015; x_wconf 85' lang='lat' dir='ltr'><strong>In</strong></span> <span class='ocrx_word' id='word_1_172' title='bbox 2386 963 2464 1016; x_wconf 89' lang='lat' dir='ltr'><strong>his</strong></span> <span class='ocrx_word' id='word_1_173' title='bbox 2492 980 2606 1032; x_wconf 71' lang='lat' dir='ltr'><strong>qua:</strong></span> <span class='ocrx_word' id='word_1_174' title='bbox 2649 973 2937 1034; x_wconf 66' lang='lat' dir='ltr'><strong>pra’parata</strong></span> <span class='ocrx_word' id='word_1_175' title='bbox 2969 974 3083 1016; x_wconf 84' lang='lat' dir='ltr'><strong>sunt</strong></span> <span class='ocrx_word' id='word_1_176' title='bbox 3114 964 3344 1032; x_wconf 83' lang='lat' dir='ltr'><strong>gloriari.</strong></span> <span class='ocrx_word' id='word_1_177' title='bbox 3373 964 3497 1018; x_wconf 81' lang='lat' dir='ltr'><strong>Sivo</strong></span> 
     </span>
    </p>
   </div>
   <div class='ocr_carea' id='block_1_25' title="bbox 1933 1054 3499 1123">
    <p class='ocr_par' dir='ltr' id='par_1_25' title="bbox 1933 1054 3499 1123">
     <span class='ocr_line' id='line_1_25' title="bbox 1933 1054 3499 1123; baseline 0.002 -17"><span class='ocrx_word' id='word_1_178' title='bbox 1933 1054 2003 1108; x_wconf 86' lang='lat' dir='ltr'><strong>illi</strong></span> <span class='ocrx_word' id='word_1_179' title='bbox 2038 1056 2086 1106; x_wconf 91' lang='lat' dir='ltr'><strong>in</strong></span> <span class='ocrx_word' id='word_1_180' title='bbox 2121 1065 2468 1122; x_wconf 67' lang='lat' dir='ltr'><strong>praeparatam</strong></span> <span class='ocrx_word' id='word_1_181' title='bbox 2517 1056 2716 1108; x_wconf 87' lang='lat' dir='ltr'><strong>intrant</strong></span> <span class='ocrx_word' id='word_1_182' title='bbox 2764 1057 2986 1123; x_wconf 75' lang='lat' dir='ltr'><strong>gloriam</strong></span> <span class='ocrx_word' id='word_1_183' title='bbox 3015 1055 3166 1109; x_wconf 86' lang='lat' dir='ltr'><strong>:sive</strong></span> <span class='ocrx_word' id='word_1_184' title='bbox 3197 1069 3294 1108; x_wconf 87' lang='lat' dir='ltr'><strong>nos</strong></span> <span class='ocrx_word' id='word_1_185' title='bbox 3326 1056 3376 1108; x_wconf 91' lang='lat' dir='ltr'><strong>in</strong></span> <span class='ocrx_word' id='word_1_186' title='bbox 3416 1056 3499 1109; x_wconf 90' lang='lat' dir='ltr'><strong>his</strong></span> 
     </span>
    </p>
   </div>
   <div class='ocr_carea' id='block_1_26' title="bbox 1933 1145 3497 1214">
    <p class='ocr_par' dir='ltr' id='par_1_26' title="bbox 1933 1145 3497 1214">
     <span class='ocr_line' id='line_1_26' title="bbox 1933 1145 3497 1214; baseline 0.001 -17"><span class='ocrx_word' id='word_1_187' title='bbox 1933 1146 2021 1213; x_wconf 90' lang='lat' dir='ltr'><strong>qui</strong></span> <span class='ocrx_word' id='word_1_188' title='bbox 2049 1145 2155 1213; x_wconf 84' lang='lat' dir='ltr'><strong>jam</strong></span> <span class='ocrx_word' id='word_1_189' title='bbox 2182 1148 2462 1213; x_wconf 66' lang='lat' dir='ltr'><strong>prmparati</strong></span> <span class='ocrx_word' id='word_1_190' title='bbox 2496 1161 2701 1209; x_wconf 84' lang='lat' dir='ltr'><strong>sumus,</strong></span> <span class='ocrx_word' id='word_1_191' title='bbox 2726 1148 2788 1198; x_wconf 84' lang='lat' dir='ltr'><strong>ad</strong></span> <span class='ocrx_word' id='word_1_192' title='bbox 2817 1146 3039 1214; x_wconf 84' lang='lat' dir='ltr'><strong>gloriam</strong></span> <span class='ocrx_word' id='word_1_193' title='bbox 3072 1146 3277 1200; x_wconf 86' lang='lat' dir='ltr'><strong>Domini</strong></span> <span class='ocrx_word' id='word_1_194' title='bbox 3310 1161 3497 1214; x_wconf 77' lang='lat' dir='ltr'><strong>perge-</strong></span> 
     </span>
    </p>
   </div>
   <div class='ocr_carea' id='block_1_27' title="bbox 1934 1235 3527 1307">
    <p class='ocr_par' dir='ltr' id='par_1_27' title="bbox 1934 1235 3527 1307">
     <span class='ocr_line' id='line_1_27' title="bbox 1934 1235 3527 1307; baseline 0.001 -19"><span class='ocrx_word' id='word_1_195' title='bbox 1934 1250 2069 1288; x_wconf 87' lang='lat' dir='ltr'><strong>tuns.</strong></span> <span class='ocrx_word' id='word_1_196' title='bbox 2109 1236 2205 1298; x_wconf 81' lang='lat' dir='ltr'><strong>Qui</strong></span> <span class='ocrx_word' id='word_1_197' title='bbox 2229 1249 2393 1289; x_wconf 82' lang='lat' dir='ltr'><strong>autem</strong></span> <span class='ocrx_word' id='word_1_198' title='bbox 2417 1239 2683 1305; x_wconf 66' lang='lat' dir='ltr'><strong>gloriatur,</strong></span> <span class='ocrx_word' id='word_1_199' title='bbox 2708 1237 2760 1289; x_wconf 86' lang='lat' dir='ltr'><strong>in</strong></span> <span class='ocrx_word' id='word_1_200' title='bbox 2796 1235 3011 1289; x_wconf 88' lang='lat' dir='ltr'><strong>Domino</strong></span> <span class='ocrx_word' id='word_1_201' title='bbox 3038 1236 3303 1307; x_wconf 72' lang='lat' dir='ltr'><strong>glorietur.</strong></span> <span class='ocrx_word' id='word_1_202' title='bbox 3331 1238 3527 1291; x_wconf 76' lang='lat' dir='ltr'><strong>Etiam‘</strong></span> 
     </span>
    </p>
   </div>
   <div class='ocr_carea' id='block_1_28' title="bbox 1934 1326 3498 1395">
    <p class='ocr_par' dir='ltr' id='par_1_28' title="bbox 1934 1326 3498 1395">
     <span class='ocr_line' id='line_1_28' title="bbox 1934 1326 3498 1395; baseline 0.003 -19"><span class='ocrx_word' id='word_1_203' title='bbox 1934 1327 2022 1393; x_wconf 87' lang='lat' dir='ltr'><strong>qui</strong></span> <span class='ocrx_word' id='word_1_204' title='bbox 2072 1329 2348 1395; x_wconf 72' lang='lat' dir='ltr'><strong>gloriatur,</strong></span> <span class='ocrx_word' id='word_1_205' title='bbox 2387 1329 2436 1379; x_wconf 93' lang='lat' dir='ltr'><strong>iu</strong></span> <span class='ocrx_word' id='word_1_206' title='bbox 2493 1326 2734 1391; x_wconf 84' lang='lat' dir='ltr'><strong>Domino,</strong></span> <span class='ocrx_word' id='word_1_207' title='bbox 2770 1327 2922 1391; x_wconf 81' lang='lat' dir='ltr'><strong>cujus</strong></span> <span class='ocrx_word' id='word_1_208' title='bbox 2975 1329 3171 1380; x_wconf 88' lang='lat' dir='ltr'><strong>donum</strong></span> <span class='ocrx_word' id='word_1_209' title='bbox 3222 1339 3325 1395; x_wconf 82' lang='lat' dir='ltr'><strong>est,</strong></span> <span class='ocrx_word' id='word_1_210' title='bbox 3358 1327 3498 1395; x_wconf 86' lang='lat' dir='ltr'><strong>quod</strong></span> 
     </span>
    </p>
   </div>
   <div class='ocr_carea' id='block_1_29' title="bbox 1932 1416 3504 1484">
    <p class='ocr_par' dir='ltr' id='par_1_29' title="bbox 1932 1416 3504 1484">
     <span class='ocr_line' id='line_1_29' title="bbox 1932 1416 3504 1484; baseline -0.002 -15"><span class='ocrx_word' id='word_1_211' title='bbox 1932 1430 2140 1479; x_wconf 80' lang='lat' dir='ltr'><strong>Stultus,</strong></span> <span class='ocrx_word' id='word_1_212' title='bbox 2172 1426 2226 1469; x_wconf 79' lang='lat' dir='ltr'><strong>et</strong></span> <span class='ocrx_word' id='word_1_213' title='bbox 2249 1416 2397 1484; x_wconf 70' lang='lat' dir='ltr'><strong>Cujus</strong></span> <span class='ocrx_word' id='word_1_214' title='bbox 2437 1419 2488 1469; x_wconf 88' lang='lat' dir='ltr'><strong>itt</strong></span> <span class='ocrx_word' id='word_1_215' title='bbox 2529 1417 2679 1473; x_wconf 82' lang='lat' dir='ltr'><strong>nobis</strong></span> <span class='ocrx_word' id='word_1_216' title='bbox 2708 1417 2932 1470; x_wconf 84' lang='lat' dir='ltr'><strong>virtutes</strong></span> <span class='ocrx_word' id='word_1_217' title='bbox 2960 1428 3190 1484; x_wconf 60' lang='lat' dir='ltr'><strong>Opet&#39;atm</strong></span> <span class='ocrx_word' id='word_1_218' title='bbox 3219 1426 3361 1474; x_wconf 88' lang='lat' dir='ltr'><strong>sunt.</strong></span> <span class='ocrx_word' id='word_1_219' title='bbox 3388 1418 3504 1484; x_wconf 80' lang='lat' dir='ltr'><strong>gin-</strong></span> 
     </span>
    </p>
   </div>
   <div class='ocr_carea' id='block_1_30' title="bbox 1935 1505 3500 1574">
    <p class='ocr_par' dir='ltr' id='par_1_30' title="bbox 1935 1505 3500 1574">
     <span class='ocr_line' id='line_1_30' title="bbox 1935 1505 3500 1574; baseline -0.001 -16"><span class='ocrx_word' id='word_1_220' title='bbox 1935 1505 2122 1558; x_wconf 85' lang='lat' dir='ltr'><strong>rictur.</strong></span> <span class='ocrx_word' id='word_1_221' title='bbox 2158 1506 2266 1558; x_wconf 80' lang='lat' dir='ltr'><strong>[loc</strong></span> <span class='ocrx_word' id='word_1_222' title='bbox 2295 1515 2480 1559; x_wconf 76' lang='lat' dir='ltr'><strong>contra</strong></span> <span class='ocrx_word' id='word_1_223' title='bbox 2510 1506 2838 1574; x_wconf 77' lang='lat' dir='ltr'><strong>Pelagianos.</strong></span> <span class='ocrx_word' id='word_1_224' title='bbox 2874 1506 2989 1558; x_wconf 82' lang='lat' dir='ltr'><strong>Non</strong></span> <span class='ocrx_word' id='word_1_225' title='bbox 3018 1507 3149 1559; x_wconf 87' lang='lat' dir='ltr'><strong>enim</strong></span> <span class='ocrx_word' id='word_1_226' title='bbox 3175 1507 3262 1573; x_wconf 86' lang='lat' dir='ltr'><strong>qui</strong></span> <span class='ocrx_word' id='word_1_227' title='bbox 3281 1507 3500 1574; x_wconf 82' lang='lat' dir='ltr'><strong>seipsnm</strong></span> 
     </span>
    </p>
   </div>
   <div class='ocr_carea' id='block_1_31' title="bbox 1936 1595 3504 1659">
    <p class='ocr_par' dir='ltr' id='par_1_31' title="bbox 1936 1595 3504 1659">
     <span class='ocr_line' id='line_1_31' title="bbox 1936 1595 3504 1659; baseline 0.001 -11"><span class='ocrx_word' id='word_1_228' title='bbox 1936 1598 2270 1649; x_wconf 74' lang='lat' dir='ltr'><strong>Commendat.</strong></span> <span class='ocrx_word' id='word_1_229' title='bbox 2325 1596 2641 1650; x_wconf 58' lang='lat' dir='ltr'><strong>Praedicatio</strong></span> <span class='ocrx_word' id='word_1_230' title='bbox 2690 1596 2832 1650; x_wconf 84' lang='lat' dir='ltr'><strong>enim</strong></span> <span class='ocrx_word' id='word_1_231' title='bbox 2885 1607 3095 1659; x_wconf 87' lang='lat' dir='ltr'><strong>nostra,</strong></span> <span class='ocrx_word' id='word_1_232' title='bbox 3147 1595 3249 1648; x_wconf 84' lang='lat' dir='ltr'><strong>nisi</strong></span> <span class='ocrx_word' id='word_1_233' title='bbox 3297 1595 3504 1649; x_wconf 84' lang='lat' dir='ltr'><strong>Domini</strong></span> 
     </span>
    </p>
   </div>
   <div class='ocr_carea' id='block_1_32' title="bbox 1939 1685 3504 1752">
    <p class='ocr_par' dir='ltr' id='par_1_32' title="bbox 1939 1685 3504 1752">
     <span class='ocr_line' id='line_1_32' title="bbox 1939 1685 3504 1752; baseline 0 -14"><span class='ocrx_word' id='word_1_234' title='bbox 1939 1686 2226 1738; x_wconf 87' lang='lat' dir='ltr'><strong>virtutibus</strong></span> <span class='ocrx_word' id='word_1_235' title='bbox 2254 1686 2617 1752; x_wconf 86' lang='lat' dir='ltr'><strong>coulirmetur,</strong></span> <span class='ocrx_word' id='word_1_236' title='bbox 2644 1686 2711 1737; x_wconf 87' lang='lat' dir='ltr'><strong>ab</strong></span> <span class='ocrx_word' id='word_1_237' title='bbox 2738 1685 3041 1738; x_wconf 80' lang='lat' dir='ltr'><strong>inﬁdelibus</strong></span> <span class='ocrx_word' id='word_1_238' title='bbox 3070 1699 3171 1737; x_wconf 84' lang='lat' dir='ltr'><strong>tiOu</strong></span> <span class='ocrx_word' id='word_1_239' title='bbox 3197 1685 3504 1751; x_wconf 73' lang='lat' dir='ltr'><strong>suscipitur.</strong></span> 
     </span>
    </p>
   </div>
   <div class='ocr_carea' id='block_1_33' title="bbox 268 1775 3508 1854">
    <p class='ocr_par' dir='ltr' id='par_1_33' title="bbox 268 1775 3508 1854">
     <span class='ocr_line' id='line_1_33' title="bbox 268 1775 3508 1854; baseline -0.002 -20"><span class='ocrx_word' id='word_1_240' title='bbox 268 1784 357 1836; x_wconf 80' lang='lat' dir='ltr'><strong>hoc</strong></span> <span class='ocrx_word' id='word_1_241' title='bbox 384 1784 568 1854; x_wconf 65' lang='lat' dir='ltr'><strong>cogitet</strong></span> <span class='ocrx_word' id='word_1_242' title='bbox 595 1784 774 1835; x_wconf 81' lang='lat' dir='ltr'><strong>iterum</strong></span> <span class='ocrx_word' id='word_1_243' title='bbox 802 1782 940 1851; x_wconf 89' lang='lat' dir='ltr'><strong>apud</strong></span> <span class='ocrx_word' id='word_1_244' title='bbox 965 1798 1018 1835; x_wconf 87' lang='lat' dir='ltr'><strong>se</strong></span> <span class='ocrx_word' id='word_1_245' title='bbox 1037 1821 1053 1845; x_wconf 92' lang='lat'><strong>,</strong></span> <span class='ocrx_word' id='word_1_246' title='bbox 1080 1781 1201 1850; x_wconf 85' lang='lat' dir='ltr'><strong>quia</strong></span> <span class='ocrx_word' id='word_1_247' title='bbox 1236 1798 1260 1834; x_wconf 91' lang='lat' dir='ltr'><strong>s</strong></span> <span class='ocrx_word' id='word_1_248' title='bbox 1284 1792 1365 1834; x_wconf 88' lang='lat' dir='ltr'><strong>cut</strong></span> <span class='ocrx_word' id='word_1_249' title='bbox 1391 1781 1499 1849; x_wconf 90' lang='lat' dir='ltr'><strong>ipse</strong></span> <span class='ocrx_word' id='word_1_250' title='bbox 1527 1780 1714 1835; x_wconf 82' lang='lat' dir='ltr'><strong>Christi</strong></span> <span class='ocrx_word' id='word_1_251' title='bbox 1741 1789 1834 1846; x_wconf 86' lang='lat' dir='ltr'><strong>est,</strong></span> <span class='ocrx_word' id='word_1_252' title='bbox 1868 1783 1917 1842; x_wconf 84' lang='lat' dir='ltr'><strong>B</strong></span> <span class='ocrx_word' id='word_1_253' title='bbox 1942 1785 1997 1828; x_wconf 92' lang='lat' dir='ltr'><strong>ut</strong></span> <span class='ocrx_word' id='word_1_254' title='bbox 2020 1776 2251 1829; x_wconf 76' lang='lat' dir='ltr'><strong>Sciamus</strong></span> <span class='ocrx_word' id='word_1_255' title='bbox 2281 1778 2402 1845; x_wconf 74' lang='lat' dir='ltr'><strong>quia</strong></span> <span class='ocrx_word' id='word_1_256' title='bbox 2434 1789 2487 1829; x_wconf 89' lang='lat' dir='ltr'><strong>et</strong></span> <span class='ocrx_word' id='word_1_257' title='bbox 2518 1775 2649 1829; x_wconf 91' lang='lat' dir='ltr'><strong>lides</strong></span> <span class='ocrx_word' id='word_1_258' title='bbox 2678 1790 2742 1828; x_wconf 84' lang='lat' dir='ltr'><strong>ex</strong></span> <span class='ocrx_word' id='word_1_259' title='bbox 2775 1776 2907 1837; x_wconf 88' lang='lat' dir='ltr'><strong>Deo,</strong></span> <span class='ocrx_word' id='word_1_260' title='bbox 2945 1776 3032 1843; x_wconf 90' lang='lat' dir='ltr'><strong>qui</strong></span> <span class='ocrx_word' id='word_1_261' title='bbox 3064 1775 3150 1828; x_wconf 90' lang='lat' dir='ltr'><strong>dat</strong></span> <span class='ocrx_word' id='word_1_262' title='bbox 3192 1776 3412 1828; x_wconf 81' lang='lat' dir='ltr'><strong>virtutes</strong></span> <span class='ocrx_word' id='word_1_263' title='bbox 3453 1786 3508 1828; x_wconf 89' lang='lat' dir='ltr'><strong>ut</strong></span> 
     </span>
    </p>
   </div>
   <div class='ocr_carea' id='block_1_34' title="bbox 268 1870 1837 1939">
    <p class='ocr_par' dir='ltr' id='par_1_34' title="bbox 268 1870 1837 1939">
     <span class='ocr_line' id='line_1_34' title="bbox 268 1870 1837 1939; baseline 0 -16"><span class='ocrx_word' id='word_1_264' title='bbox 268 1875 336 1924; x_wconf 88' lang='lat' dir='ltr'><strong>ita</strong></span> <span class='ocrx_word' id='word_1_265' title='bbox 361 1882 406 1925; x_wconf 85' lang='lat' dir='ltr'><strong>et</strong></span> <span class='ocrx_word' id='word_1_266' title='bbox 437 1888 554 1925; x_wconf 72' lang='lat' dir='ltr'><strong>nos.</strong></span> <span class='ocrx_word' id='word_1_267' title='bbox 600 1871 768 1925; x_wconf 87' lang='lat' dir='ltr'><strong>Nemo</strong></span> <span class='ocrx_word' id='word_1_268' title='bbox 801 1880 908 1925; x_wconf 88' lang='lat' dir='ltr'><strong>tam</strong></span> <span class='ocrx_word' id='word_1_269' title='bbox 935 1871 1128 1925; x_wconf 88' lang='lat' dir='ltr'><strong>stultus</strong></span> <span class='ocrx_word' id='word_1_270' title='bbox 1157 1870 1245 1925; x_wconf 77' lang='lat' dir='ltr'><strong>est</strong></span> <span class='ocrx_word' id='word_1_271' title='bbox 1272 1886 1432 1939; x_wconf 88' lang='lat' dir='ltr'><strong>quam</strong></span> <span class='ocrx_word' id='word_1_272' title='bbox 1463 1871 1550 1939; x_wconf 88' lang='lat' dir='ltr'><strong>qui</strong></span> <span class='ocrx_word' id='word_1_273' title='bbox 1580 1885 1639 1926; x_wconf 88' lang='lat' dir='ltr'><strong>se</strong></span> <span class='ocrx_word' id='word_1_274' title='bbox 1666 1871 1837 1924; x_wconf 74' lang='lat' dir='ltr'><strong>SOittlll</strong></span> 
     </span>
    </p>
   </div>
   <div class='ocr_carea' id='block_1_35' title="bbox 268 1946 1842 2030">
    <p class='ocr_par' dir='ltr' id='par_1_35' title="bbox 268 1946 1842 2030">
     <span class='ocr_line' id='line_1_35' title="bbox 268 1946 1842 2030; baseline 0 -15"><span class='ocrx_word' id='word_1_275' title='bbox 268 1960 465 2015; x_wconf 80' lang='lat' dir='ltr'><strong>Christi</strong></span> <span class='ocrx_word' id='word_1_276' title='bbox 492 1946 611 2014; x_wconf 82' lang='lat' dir='ltr'><strong>esse</strong></span> <span class='ocrx_word' id='word_1_277' title='bbox 641 1961 917 2030; x_wconf 76' lang='lat' dir='ltr'><strong>gloriatur.</strong></span> <span class='ocrx_word' id='word_1_278' title='bbox 949 1959 1089 2013; x_wconf 87' lang='lat' dir='ltr'><strong>Nam</strong></span> <span class='ocrx_word' id='word_1_279' title='bbox 1135 1961 1230 2013; x_wconf 83' lang='lat' dir='ltr'><strong>etsi</strong></span> <span class='ocrx_word' id='word_1_280' title='bbox 1251 1960 1476 2027; x_wconf 83' lang='lat' dir='ltr'><strong>amplius</strong></span> <span class='ocrx_word' id='word_1_281' title='bbox 1505 1960 1701 2027; x_wconf 84' lang='lat' dir='ltr'><strong>aliquid</strong></span> <span class='ocrx_word' id='word_1_282' title='bbox 1729 1960 1842 2029; x_wconf 84' lang='lat' dir='ltr'><strong>glo-</strong></span> 
     </span>
    </p>
   </div>
   <div class='ocr_carea' id='block_1_36' title="bbox 270 2052 1841 2123">
    <p class='ocr_par' dir='ltr' id='par_1_36' title="bbox 270 2052 1841 2123">
     <span class='ocr_line' id='line_1_36' title="bbox 270 2052 1841 2123; baseline 0.001 -18"><span class='ocrx_word' id='word_1_283' title='bbox 270 2054 425 2106; x_wconf 85' lang='lat' dir='ltr'><strong>riatus</strong></span> <span class='ocrx_word' id='word_1_284' title='bbox 452 2053 598 2123; x_wconf 84' lang='lat' dir='ltr'><strong>fuero</strong></span> <span class='ocrx_word' id='word_1_285' title='bbox 634 2052 697 2105; x_wconf 88' lang='lat' dir='ltr'><strong>de</strong></span> <span class='ocrx_word' id='word_1_286' title='bbox 732 2063 976 2120; x_wconf 85' lang='lat' dir='ltr'><strong>potestate</strong></span> <span class='ocrx_word' id='word_1_287' title='bbox 1003 2063 1203 2117; x_wconf 74' lang='lat' dir='ltr'><strong>nostra,</strong></span> <span class='ocrx_word' id='word_1_288' title='bbox 1224 2068 1376 2121; x_wconf 89' lang='lat' dir='ltr'><strong>quam</strong></span> <span class='ocrx_word' id='word_1_289' title='bbox 1422 2053 1559 2105; x_wconf 84' lang='lat' dir='ltr'><strong>dedit</strong></span> <span class='ocrx_word' id='word_1_290' title='bbox 1593 2052 1841 2107; x_wconf 82' lang='lat' dir='ltr'><strong>Dominus</strong></span> 
     </span>
    </p>
   </div>
   <div class='ocr_carea' id='block_1_37' title="bbox 272 2143 1841 2212">
    <p class='ocr_par' dir='ltr' id='par_1_37' title="bbox 272 2143 1841 2212">
     <span class='ocr_line' id='line_1_37' title="bbox 272 2143 1841 2212; baseline 0 -16"><span class='ocrx_word' id='word_1_291' title='bbox 272 2146 320 2197; x_wconf 89' lang='lat' dir='ltr'><strong>in</strong></span> <span class='ocrx_word' id='word_1_292' title='bbox 346 2143 758 2212; x_wconf 73' lang='lat' dir='ltr'><strong>cdiﬁcationem,</strong></span> <span class='ocrx_word' id='word_1_293' title='bbox 783 2155 831 2197; x_wconf 89' lang='lat' dir='ltr'><strong>et</strong></span> <span class='ocrx_word' id='word_1_294' title='bbox 858 2159 961 2198; x_wconf 84' lang='lat' dir='ltr'><strong>non</strong></span> <span class='ocrx_word' id='word_1_295' title='bbox 985 2145 1037 2197; x_wconf 89' lang='lat' dir='ltr'><strong>in</strong></span> <span class='ocrx_word' id='word_1_296' title='bbox 1060 2144 1451 2197; x_wconf 83' lang='lat' dir='ltr'><strong>destructionem</strong></span> <span class='ocrx_word' id='word_1_297' title='bbox 1478 2153 1717 2209; x_wconf 82' lang='lat' dir='ltr'><strong>vestram,</strong></span> <span class='ocrx_word' id='word_1_298' title='bbox 1742 2160 1841 2196; x_wconf 84' lang='lat' dir='ltr'><strong>non</strong></span> 
     </span>
    </p>
   </div>
   <div class='ocr_carea' id='block_1_38' title="bbox 273 2233 1844 2304">
    <p class='ocr_par' dir='ltr' id='par_1_38' title="bbox 273 2233 1844 2304">
     <span class='ocr_line' id='line_1_38' title="bbox 273 2233 1844 2304; baseline 0 -16"><span class='ocrx_word' id='word_1_299' title='bbox 273 2236 579 2288; x_wconf 81' lang='lat' dir='ltr'><strong>erubescant.</strong></span> <span class='ocrx_word' id='word_1_300' title='bbox 602 2233 732 2287; x_wconf 86' lang='lat' dir='ltr'><strong>Nam</strong></span> <span class='ocrx_word' id='word_1_301' title='bbox 779 2234 877 2289; x_wconf 86' lang='lat' dir='ltr'><strong>etsi</strong></span> <span class='ocrx_word' id='word_1_302' title='bbox 908 2236 1077 2304; x_wconf 79' lang='lat' dir='ltr'><strong>magis</strong></span> <span class='ocrx_word' id='word_1_303' title='bbox 1106 2249 1191 2287; x_wconf 84' lang='lat' dir='ltr'><strong>me</strong></span> <span class='ocrx_word' id='word_1_304' title='bbox 1224 2243 1540 2301; x_wconf 84' lang='lat' dir='ltr'><strong>potestatem</strong></span> <span class='ocrx_word' id='word_1_305' title='bbox 1572 2249 1599 2286; x_wconf 90' lang='lat' dir='ltr'><strong>a</strong></span> <span class='ocrx_word' id='word_1_306' title='bbox 1630 2234 1844 2289; x_wconf 82' lang='lat' dir='ltr'><strong>Christo</strong></span> 
     </span>
    </p>
   </div>
   <div class='ocr_carea' id='block_1_39' title="bbox 275 2324 1841 2392">
    <p class='ocr_par' dir='ltr' id='par_1_39' title="bbox 275 2324 1841 2392">
     <span class='ocr_line' id='line_1_39' title="bbox 275 2324 1841 2392; baseline 0.001 -14"><span class='ocrx_word' id='word_1_307' title='bbox 275 2324 547 2391; x_wconf 78' lang='lat' dir='ltr'><strong>accepisse</strong></span> <span class='ocrx_word' id='word_1_308' title='bbox 594 2324 803 2385; x_wconf 72' lang='lat' dir='ltr'><strong>dixero,</strong></span> <span class='ocrx_word' id='word_1_309' title='bbox 828 2333 880 2378; x_wconf 88' lang='grc' dir='ltr'><strong>ιιι</strong></span> <span class='ocrx_word' id='word_1_310' title='bbox 930 2339 1113 2378; x_wconf 82' lang='lat' dir='ltr'><strong>verum</strong></span> <span class='ocrx_word' id='word_1_311' title='bbox 1161 2325 1484 2392; x_wconf 82' lang='lat' dir='ltr'><strong>apostolum,</strong></span> <span class='ocrx_word' id='word_1_312' title='bbox 1519 2325 1841 2390; x_wconf 80' lang='lat' dir='ltr'><strong>vindicandi,</strong></span> 
     </span>
    </p>
   </div>
   <div class='ocr_carea' id='block_1_40' title="bbox 277 2414 1845 2485">
    <p class='ocr_par' dir='ltr' id='par_1_40' title="bbox 277 2414 1845 2485">
     <span class='ocr_line' id='line_1_40' title="bbox 277 2414 1845 2485; baseline 0.003 -20"><span class='ocrx_word' id='word_1_313' title='bbox 277 2428 376 2468; x_wconf 90' lang='lat' dir='ltr'><strong>non</strong></span> <span class='ocrx_word' id='word_1_314' title='bbox 401 2414 720 2469; x_wconf 81' lang='lat' dir='ltr'><strong>erubescam</strong></span> <span class='ocrx_word' id='word_1_315' title='bbox 749 2430 765 2468; x_wconf 92' lang='lat'><strong>:</strong></span> <span class='ocrx_word' id='word_1_316' title='bbox 791 2415 912 2483; x_wconf 87' lang='lat' dir='ltr'><strong>quia</strong></span> <span class='ocrx_word' id='word_1_317' title='bbox 933 2424 988 2468; x_wconf 86' lang='lat' dir='ltr'><strong>et</strong></span> <span class='ocrx_word' id='word_1_318' title='bbox 1014 2429 1201 2468; x_wconf 83' lang='lat' dir='ltr'><strong>verum</strong></span> <span class='ocrx_word' id='word_1_319' title='bbox 1232 2415 1427 2478; x_wconf 88' lang='lat' dir='ltr'><strong>dicam,</strong></span> <span class='ocrx_word' id='word_1_320' title='bbox 1459 2427 1508 2469; x_wconf 91' lang='lat' dir='ltr'><strong>et</strong></span> <span class='ocrx_word' id='word_1_321' title='bbox 1541 2431 1644 2469; x_wconf 91' lang='lat' dir='ltr'><strong>non</strong></span> <span class='ocrx_word' id='word_1_322' title='bbox 1676 2418 1845 2485; x_wconf 76' lang='lat' dir='ltr'><strong>gloria</strong></span> 
     </span>
    </p>
   </div>
   <div class='ocr_carea' id='block_1_41' title="bbox 276 2505 1847 2574">
    <p class='ocr_par' dir='ltr' id='par_1_41' title="bbox 276 2505 1847 2574">
     <span class='ocr_line' id='line_1_41' title="bbox 276 2505 1847 2574; baseline 0.002 -17"><span class='ocrx_word' id='word_1_323' title='bbox 276 2506 469 2569; x_wconf 85' lang='lat' dir='ltr'><strong>elatus,</strong></span> <span class='ocrx_word' id='word_1_324' title='bbox 515 2505 612 2559; x_wconf 81' lang='lat' dir='ltr'><strong>sed</strong></span> <span class='ocrx_word' id='word_1_325' title='bbox 658 2515 849 2559; x_wconf 64' lang='lat' dir='ltr'><strong>vestrae</strong></span> <span class='ocrx_word' id='word_1_326' title='bbox 903 2505 1276 2558; x_wconf 80' lang='lat' dir='ltr'><strong>aedilicationis</strong></span> <span class='ocrx_word' id='word_1_327' title='bbox 1322 2520 1482 2559; x_wconf 83' lang='lat' dir='ltr'><strong>causa</strong></span> <span class='ocrx_word' id='word_1_328' title='bbox 1539 2506 1847 2574; x_wconf 89' lang='lat' dir='ltr'><strong>compulsus</strong></span> 
     </span>
    </p>
   </div>
   <div class='ocr_carea' id='block_1_42' title="bbox 278 2595 1850 2665">
    <p class='ocr_par' dir='ltr' id='par_1_42' title="bbox 278 2595 1850 2665">
     <span class='ocr_line' id='line_1_42' title="bbox 278 2595 1850 2665; baseline 0.003 -19"><span class='ocrx_word' id='word_1_329' title='bbox 278 2598 373 2649; x_wconf 80' lang='lat' dir='ltr'><strong>hoc</strong></span> <span class='ocrx_word' id='word_1_330' title='bbox 398 2595 612 2648; x_wconf 83' lang='lat' dir='ltr'><strong>iaciam.</strong></span> <span class='ocrx_word' id='word_1_331' title='bbox 660 2595 738 2649; x_wconf 87' lang='lat' dir='ltr'><strong>illi</strong></span> <span class='ocrx_word' id='word_1_332' title='bbox 765 2610 892 2665; x_wconf 80' lang='lat' dir='ltr'><strong>ergo</strong></span> <span class='ocrx_word' id='word_1_333' title='bbox 920 2604 973 2648; x_wconf 85' lang='lat' dir='ltr'><strong>et</strong></span> <span class='ocrx_word' id='word_1_334' title='bbox 1000 2608 1306 2664; x_wconf 82' lang='lat' dir='ltr'><strong>usurpatam</strong></span> <span class='ocrx_word' id='word_1_335' title='bbox 1326 2637 1338 2655; x_wconf 83' lang='lat'><strong>,</strong></span> <span class='ocrx_word' id='word_1_336' title='bbox 1366 2604 1421 2650; x_wconf 92' lang='lat' dir='ltr'><strong>et</strong></span> <span class='ocrx_word' id='word_1_337' title='bbox 1448 2598 1497 2649; x_wconf 91' lang='lat' dir='ltr'><strong>in</strong></span> <span class='ocrx_word' id='word_1_338' title='bbox 1524 2596 1850 2651; x_wconf 81' lang='lat' dir='ltr'><strong>destructio-</strong></span> 
     </span>
    </p>
   </div>
   <div class='ocr_carea' id='block_1_43' title="bbox 278 2688 1851 2756">
    <p class='ocr_par' dir='ltr' id='par_1_43' title="bbox 278 2688 1851 2756">
     <span class='ocr_line' id='line_1_43' title="bbox 278 2688 1851 2756; baseline 0.002 -18"><span class='ocrx_word' id='word_1_339' title='bbox 278 2701 393 2740; x_wconf 85' lang='lat' dir='ltr'><strong>nem</strong></span> <span class='ocrx_word' id='word_1_340' title='bbox 424 2696 660 2740; x_wconf 84' lang='lat' dir='ltr'><strong>vestram</strong></span> <span class='ocrx_word' id='word_1_341' title='bbox 689 2688 873 2740; x_wconf 87' lang='lat' dir='ltr'><strong>volunt</strong></span> <span class='ocrx_word' id='word_1_342' title='bbox 913 2702 1173 2741; x_wconf 77' lang='lat' dir='ltr'><strong>exercere</strong></span> <span class='ocrx_word' id='word_1_343' title='bbox 1206 2696 1549 2756; x_wconf 86' lang='lat' dir='ltr'><strong>potes&#39;atem.</strong></span> <span class='ocrx_word' id='word_1_344' title='bbox 1594 2688 1661 2742; x_wconf 86' lang='lat' dir='ltr'><strong><em>Ut</em></strong></span> <span class='ocrx_word' id='word_1_345' title='bbox 1682 2701 1851 2741; x_wconf 80' lang='lat' dir='ltr'><strong>autem</strong></span> 
     </span>
    </p>
   </div>
   <div class='ocr_carea' id='block_1_44' title="bbox 278 2778 1852 2851">
    <p class='ocr_par' dir='ltr' id='par_1_44' title="bbox 278 2778 1852 2851">
     <span class='ocr_line' id='line_1_44' title="bbox 278 2778 1852 2851; baseline 0.005 -23"><span class='ocrx_word' id='word_1_346' title='bbox 278 2793 373 2829; x_wconf 81' lang='lat' dir='ltr'><strong>non</strong></span> <span class='ocrx_word' id='word_1_347' title='bbox 401 2778 655 2831; x_wconf 69' lang='lat' dir='ltr'><strong>existimer</strong></span> <span class='ocrx_word' id='word_1_348' title='bbox 689 2788 928 2845; x_wconf 84' lang='lat' dir='ltr'><strong>tanquam</strong></span> <span class='ocrx_word' id='word_1_349' title='bbox 958 2787 1142 2833; x_wconf 87' lang='lat' dir='ltr'><strong>terrere</strong></span> <span class='ocrx_word' id='word_1_350' title='bbox 1184 2796 1269 2832; x_wconf 87' lang='lat' dir='ltr'><strong>vos</strong></span> <span class='ocrx_word' id='word_1_351' title='bbox 1315 2797 1402 2850; x_wconf 87' lang='lat' dir='ltr'><strong>per</strong></span> <span class='ocrx_word' id='word_1_352' title='bbox 1431 2782 1670 2851; x_wconf 83' lang='lat' dir='ltr'><strong>epistolas</strong></span> <span class='ocrx_word' id='word_1_353' title='bbox 1693 2797 1852 2851; x_wconf 85' lang='lat' dir='ltr'><strong>:quo—</strong></span> 
     </span>
    </p>
   </div>
   <div class='ocr_carea' id='block_1_45' title="bbox 283 2866 1853 2939">
    <p class='ocr_par' dir='ltr' id='par_1_45' title="bbox 283 2866 1853 2939">
     <span class='ocr_line' id='line_1_45' title="bbox 283 2866 1853 2939; baseline 0.004 -22"><span class='ocrx_word' id='word_1_354' title='bbox 283 2868 415 2919; x_wconf 80' lang='lat' dir='ltr'><strong>niam</strong></span> <span class='ocrx_word' id='word_1_355' title='bbox 444 2866 651 2936; x_wconf 81' lang='lat' dir='ltr'><strong>quidem</strong></span> <span class='ocrx_word' id='word_1_356' title='bbox 694 2867 939 2936; x_wconf 65' lang='lat' dir='ltr'><strong>epistola,</strong></span> <span class='ocrx_word' id='word_1_357' title='bbox 969 2867 1221 2935; x_wconf 86' lang='lat' dir='ltr'><strong>inquiunt,</strong></span> <span class='ocrx_word' id='word_1_358' title='bbox 1250 2884 1427 2937; x_wconf 76' lang='lat' dir='ltr'><strong>graves</strong></span> <span class='ocrx_word' id='word_1_359' title='bbox 1451 2879 1567 2923; x_wconf 83' lang='lat' dir='ltr'><strong>sunt</strong></span> <span class='ocrx_word' id='word_1_360' title='bbox 1590 2881 1634 2922; x_wconf 91' lang='lat' dir='ltr'><strong>et</strong></span> <span class='ocrx_word' id='word_1_361' title='bbox 1668 2871 1853 2939; x_wconf 63' lang='lat' dir='ltr'><strong>fortis;</strong></span> 
     </span>
    </p>
   </div>
   <div class='ocr_carea' id='block_1_46' title="bbox 284 2960 1852 3031">
    <p class='ocr_par' dir='ltr' id='par_1_46' title="bbox 284 2960 1852 3031">
     <span class='ocr_line' id='line_1_46' title="bbox 284 2960 1852 3031; baseline 0.001 -18"><span class='ocrx_word' id='word_1_362' title='bbox 284 2960 549 3024; x_wconf 79' lang='lat' dir='ltr'><strong>prtesentia</strong></span> <span class='ocrx_word' id='word_1_363' title='bbox 580 2969 746 3011; x_wconf 87' lang='lat' dir='ltr'><strong>autem</strong></span> <span class='ocrx_word' id='word_1_364' title='bbox 779 2960 1007 3025; x_wconf 87' lang='lat' dir='ltr'><strong>corporis</strong></span> <span class='ocrx_word' id='word_1_365' title='bbox 1032 2960 1256 3027; x_wconf 81' lang='lat' dir='ltr'><strong>inﬁrma,</strong></span> <span class='ocrx_word' id='word_1_366' title='bbox 1292 2961 1336 3013; x_wconf 83' lang='lat' dir='ltr'><strong>et</strong></span> <span class='ocrx_word' id='word_1_367' title='bbox 1365 2976 1527 3013; x_wconf 84' lang='lat' dir='ltr'><strong>sermo</strong></span> <span class='ocrx_word' id='word_1_368' title='bbox 1558 2962 1852 3031; x_wconf 82' lang='lat' dir='ltr'><strong>contempti-</strong></span> 
     </span>
    </p>
   </div>
   <div class='ocr_carea' id='block_1_47' title="bbox 284 3048 1854 3120">
    <p class='ocr_par' dir='ltr' id='par_1_47' title="bbox 284 3048 1854 3120">
     <span class='ocr_line' id='line_1_47' title="bbox 284 3048 1854 3120; baseline 0.004 -21"><span class='ocrx_word' id='word_1_369' title='bbox 284 3048 413 3102; x_wconf 83' lang='lat' dir='ltr'><strong>bilis.</strong></span> <span class='ocrx_word' id='word_1_370' title='bbox 446 3050 559 3103; x_wconf 89' lang='lat' dir='ltr'><strong>lloc</strong></span> <span class='ocrx_word' id='word_1_371' title='bbox 586 3048 708 3103; x_wconf 92' lang='lat' dir='ltr'><strong>ideo</strong></span> <span class='ocrx_word' id='word_1_372' title='bbox 736 3049 874 3111; x_wconf 87' lang='lat' dir='ltr'><strong>dico,</strong></span> <span class='ocrx_word' id='word_1_373' title='bbox 905 3065 972 3103; x_wconf 87' lang='lat' dir='ltr'><strong>ne</strong></span> <span class='ocrx_word' id='word_1_374' title='bbox 1015 3052 1135 3119; x_wconf 91' lang='lat' dir='ltr'><strong>quis</strong></span> <span class='ocrx_word' id='word_1_375' title='bbox 1166 3066 1250 3105; x_wconf 91' lang='lat' dir='ltr'><strong>me</strong></span> <span class='ocrx_word' id='word_1_376' title='bbox 1283 3061 1430 3120; x_wconf 86' lang='lat' dir='ltr'><strong>putet</strong></span> <span class='ocrx_word' id='word_1_377' title='bbox 1476 3053 1603 3105; x_wconf 89' lang='lat' dir='ltr'><strong>illud</strong></span> <span class='ocrx_word' id='word_1_378' title='bbox 1636 3054 1854 3111; x_wconf 83' lang='lat' dir='ltr'><strong>commi-</strong></span> 
     </span>
    </p>
   </div>
   <div class='ocr_carea' id='block_1_48' title="bbox 1942 1865 3502 1937">
    <p class='ocr_par' dir='ltr' id='par_1_48' title="bbox 1942 1865 3502 1937">
     <span class='ocr_line' id='line_1_48' title="bbox 1942 1865 3502 1937; baseline 0 -16"><span class='ocrx_word' id='word_1_379' title='bbox 1942 1868 2088 1937; x_wconf 80' lang='lat' dir='ltr'><strong>signa</strong></span> <span class='ocrx_word' id='word_1_380' title='bbox 2132 1870 2276 1934; x_wconf 84' lang='lat' dir='ltr'><strong>ﬁant,</strong></span> <span class='ocrx_word' id='word_1_381' title='bbox 2312 1884 2404 1937; x_wconf 89' lang='lat' dir='ltr'><strong>per</strong></span> <span class='ocrx_word' id='word_1_382' title='bbox 2430 1884 2547 1936; x_wconf 78' lang='lat' dir='ltr'><strong>qua:</strong></span> <span class='ocrx_word' id='word_1_383' title='bbox 2577 1869 2796 1922; x_wconf 82' lang='lat' dir='ltr'><strong>credant</strong></span> <span class='ocrx_word' id='word_1_384' title='bbox 2840 1868 3103 1922; x_wconf 87' lang='lat' dir='ltr'><strong>inlideles.</strong></span> <span class='ocrx_word' id='word_1_385' title='bbox 3132 1865 3235 1920; x_wconf 88' lang='lat' dir='ltr'><strong>Ille</strong></span> <span class='ocrx_word' id='word_1_386' title='bbox 3263 1871 3502 1936; x_wconf 76' lang='lat' dir='ltr'><strong>probatas</strong></span> 
     </span>
    </p>
   </div>
   <div class='ocr_carea' id='block_1_49' title="bbox 1943 1956 3506 2027">
    <p class='ocr_par' dir='ltr' id='par_1_49' title="bbox 1943 1956 3506 2027">
     <span class='ocr_line' id='line_1_49' title="bbox 1943 1956 3506 2027; baseline -0.001 -15"><span class='ocrx_word' id='word_1_387' title='bbox 1943 1968 2034 2012; x_wconf 88' lang='lat' dir='ltr'><strong>est.</strong></span> <span class='ocrx_word' id='word_1_388' title='bbox 2083 1957 2392 2011; x_wconf 85' lang='lat' dir='ltr'><strong>Laudando.</strong></span> <span class='ocrx_word' id='word_1_389' title='bbox 2436 1956 2539 2012; x_wconf 86' lang='lat' dir='ltr'><strong>Sed</strong></span> <span class='ocrx_word' id='word_1_390' title='bbox 2591 1974 2740 2026; x_wconf 86' lang='lat' dir='ltr'><strong>quem</strong></span> <span class='ocrx_word' id='word_1_391' title='bbox 2789 1957 2923 2011; x_wconf 84' lang='lat' dir='ltr'><strong>Deus</strong></span> <span class='ocrx_word' id='word_1_392' title='bbox 2962 1958 3299 2012; x_wconf 84' lang='lat' dir='ltr'><strong>commendat.</strong></span> <span class='ocrx_word' id='word_1_393' title='bbox 3349 1959 3506 2027; x_wconf 80' lang='lat' dir='ltr'><strong>Signa</strong></span> 
     </span>
    </p>
   </div>
   <div class='ocr_carea' id='block_1_50' title="bbox 1945 2048 2309 2102">
    <p class='ocr_par' dir='ltr' id='par_1_50' title="bbox 1945 2048 2309 2102">
     <span class='ocr_line' id='line_1_50' title="bbox 1945 2048 2309 2102; baseline -0.005 0"><span class='ocrx_word' id='word_1_394' title='bbox 1945 2048 2309 2102; x_wconf 89' lang='lat' dir='ltr'><strong>monstrando.</strong></span> 
     </span>
    </p>
   </div>
   <div class='ocr_carea' id='block_1_51' title="bbox 2017 2138 3513 2204">
    <p class='ocr_par' dir='ltr' id='par_1_51' title="bbox 2017 2138 3513 2204">
     <span class='ocr_line' id='line_1_51' title="bbox 2017 2138 3513 2204; baseline 0 -11"><span class='ocrx_word' id='word_1_395' title='bbox 2017 2141 2145 2195; x_wconf 75' lang='lat' dir='ltr'><strong>CAP.</strong></span> <span class='ocrx_word' id='word_1_396' title='bbox 2182 2156 2254 2193; x_wconf 79' lang='lat' dir='ltr'><strong>xi.</strong></span> <span class='ocrx_word' id='word_1_397' title='bbox 2292 2138 2500 2193; x_wconf 88' lang='lat' dir='ltr'><strong>Utinam</strong></span> <span class='ocrx_word' id='word_1_398' title='bbox 2525 2138 2857 2192; x_wconf 73' lang='lat' dir='ltr'><strong>sustinentis.</strong></span> <span class='ocrx_word' id='word_1_399' title='bbox 2892 2138 3164 2194; x_wconf 86' lang='lat' dir='ltr'><strong>Sustinete</strong></span> <span class='ocrx_word' id='word_1_400' title='bbox 3196 2156 3280 2201; x_wconf 75' lang='lat' dir='ltr'><strong>tuo</strong></span> <span class='ocrx_word' id='word_1_401' title='bbox 3312 2156 3513 2204; x_wconf 49' lang='lat' dir='ltr'><strong>parum,</strong></span> 
     </span>
    </p>
   </div>
   <div class='ocr_carea' id='block_1_52' title="bbox 1947 2229 3513 2299">
    <p class='ocr_par' dir='ltr' id='par_1_52' title="bbox 1947 2229 3513 2299">
     <span class='ocr_line' id='line_1_52' title="bbox 1947 2229 3513 2299; baseline -0.001 -14"><span class='ocrx_word' id='word_1_402' title='bbox 1947 2232 2066 2299; x_wconf 84' lang='lat' dir='ltr'><strong>quia</strong></span> <span class='ocrx_word' id='word_1_403' title='bbox 2094 2233 2226 2286; x_wconf 82' lang='lat' dir='ltr'><strong>alios</strong></span> <span class='ocrx_word' id='word_1_404' title='bbox 2244 2234 2463 2284; x_wconf 86' lang='lat' dir='ltr'><strong>multum</strong></span> <span class='ocrx_word' id='word_1_405' title='bbox 2481 2231 2772 2285; x_wconf 87' lang='lat' dir='ltr'><strong>sustinetis.</strong></span> <span class='ocrx_word' id='word_1_406' title='bbox 2800 2229 3195 2299; x_wconf 77' lang='lat' dir='ltr'><strong>Modicumquid</strong></span> <span class='ocrx_word' id='word_1_407' title='bbox 3212 2233 3513 2299; x_wconf 66' lang='lat' dir='ltr'><strong>insipientia:</strong></span> 
     </span>
    </p>
   </div>
   <div class='ocr_carea' id='block_1_53' title="bbox 1947 2321 3512 2392">
    <p class='ocr_par' dir='ltr' id='par_1_53' title="bbox 1947 2321 3512 2392">
     <span class='ocr_line' id='line_1_53' title="bbox 1947 2321 3512 2392; baseline 0 -17"><span class='ocrx_word' id='word_1_408' title='bbox 1947 2339 2072 2376; x_wconf 80' lang='lat' dir='ltr'><strong>mete</strong></span> <span class='ocrx_word' id='word_1_409' title='bbox 2090 2361 2104 2385; x_wconf 87' lang='lat'><strong>,</strong></span> <span class='ocrx_word' id='word_1_410' title='bbox 2127 2323 2213 2376; x_wconf 88' lang='lat' dir='ltr'><strong>sed</strong></span> <span class='ocrx_word' id='word_1_411' title='bbox 2238 2323 2284 2375; x_wconf 70' lang='lat' dir='ltr'><strong>iit</strong></span> <span class='ocrx_word' id='word_1_412' title='bbox 2312 2330 2609 2392; x_wconf 84' lang='lat' dir='ltr'><strong>supportatc</strong></span> <span class='ocrx_word' id='word_1_413' title='bbox 2635 2337 2729 2373; x_wconf 87' lang='lat' dir='ltr'><strong>me.</strong></span> <span class='ocrx_word' id='word_1_414' title='bbox 2761 2321 3099 2389; x_wconf 85' lang='lat' dir='ltr'><strong>lusipientem</strong></span> <span class='ocrx_word' id='word_1_415' title='bbox 3128 2335 3184 2375; x_wconf 87' lang='lat' dir='ltr'><strong>se</strong></span> <span class='ocrx_word' id='word_1_416' title='bbox 3212 2323 3359 2383; x_wconf 76' lang='lat' dir='ltr'><strong>dit-it,</strong></span> <span class='ocrx_word' id='word_1_417' title='bbox 3391 2324 3512 2389; x_wconf 86' lang='lat' dir='ltr'><strong>quia</strong></span> 
     </span>
    </p>
   </div>
   <div class='ocr_carea' id='block_1_54' title="bbox 1950 2410 3513 2479">
    <p class='ocr_par' dir='ltr' id='par_1_54' title="bbox 1950 2410 3513 2479">
     <span class='ocr_line' id='line_1_54' title="bbox 1950 2410 3513 2479; baseline 0.001 -13"><span class='ocrx_word' id='word_1_418' title='bbox 1950 2413 2026 2467; x_wconf 90' lang='lat' dir='ltr'><strong>illi</strong></span> <span class='ocrx_word' id='word_1_419' title='bbox 2056 2427 2275 2466; x_wconf 87' lang='lat' dir='ltr'><strong>necesse</strong></span> <span class='ocrx_word' id='word_1_420' title='bbox 2299 2421 2413 2464; x_wconf 87' lang='lat' dir='ltr'><strong>erat</strong></span> <span class='ocrx_word' id='word_1_421' title='bbox 2436 2413 2607 2479; x_wconf 65' lang='lat' dir='ltr'><strong>aliqua</strong></span> <span class='ocrx_word' id='word_1_422' title='bbox 2632 2410 2699 2464; x_wconf 91' lang='lat' dir='ltr'><strong>de</strong></span> <span class='ocrx_word' id='word_1_423' title='bbox 2719 2424 2776 2463; x_wconf 90' lang='lat' dir='ltr'><strong>se</strong></span> <span class='ocrx_word' id='word_1_424' title='bbox 2802 2410 2981 2465; x_wconf 78' lang='lat' dir='ltr'><strong>dicere</strong></span> <span class='ocrx_word' id='word_1_425' title='bbox 3006 2426 3148 2476; x_wconf 86' lang='lat' dir='ltr'><strong>vera,</strong></span> <span class='ocrx_word' id='word_1_426' title='bbox 3182 2421 3237 2464; x_wconf 91' lang='lat' dir='ltr'><strong>ut</strong></span> <span class='ocrx_word' id='word_1_427' title='bbox 3265 2413 3513 2466; x_wconf 81' lang='lat' dir='ltr'><strong>Ostendat</strong></span> 
     </span>
    </p>
   </div>
   <div class='ocr_carea' id='block_1_55' title="bbox 1953 2501 3515 2569">
    <p class='ocr_par' dir='ltr' id='par_1_55' title="bbox 1953 2501 3515 2569">
     <span class='ocr_line' id='line_1_55' title="bbox 1953 2501 3515 2569; baseline 0.001 -13"><span class='ocrx_word' id='word_1_428' title='bbox 1953 2506 2122 2558; x_wconf 89' lang='lat' dir='ltr'><strong>multo</strong></span> <span class='ocrx_word' id='word_1_429' title='bbox 2170 2505 2335 2569; x_wconf 71' lang='lat' dir='ltr'><strong>magis</strong></span> <span class='ocrx_word' id='word_1_430' title='bbox 2384 2503 2729 2565; x_wconf 64' lang='lat' dir='ltr'><strong>insipientes.</strong></span> <span class='ocrx_word' id='word_1_431' title='bbox 2752 2503 2840 2568; x_wconf 91' lang='lat' dir='ltr'><strong>qui</strong></span> <span class='ocrx_word' id='word_1_432' title='bbox 2873 2501 3007 2557; x_wconf 76' lang='lat' dir='ltr'><strong>falso</strong></span> <span class='ocrx_word' id='word_1_433' title='bbox 3032 2512 3084 2556; x_wconf 89' lang='lat' dir='ltr'><strong>et</strong></span> <span class='ocrx_word' id='word_1_434' title='bbox 3115 2504 3254 2556; x_wconf 89' lang='lat' dir='ltr'><strong>nulla</strong></span> <span class='ocrx_word' id='word_1_435' title='bbox 3284 2506 3515 2558; x_wconf 84' lang='lat' dir='ltr'><strong>necessi-</strong></span> 
     </span>
    </p>
   </div>
   <div class='ocr_carea' id='block_1_56' title="bbox 1953 2591 3522 2665">
    <p class='ocr_par' dir='ltr' id='par_1_56' title="bbox 1953 2591 3522 2665">
     <span class='ocr_line' id='line_1_56' title="bbox 1953 2591 3522 2665; baseline -0.001 -16"><span class='ocrx_word' id='word_1_436' title='bbox 1953 2606 2061 2650; x_wconf 88' lang='lat' dir='ltr'><strong>tate</strong></span> <span class='ocrx_word' id='word_1_437' title='bbox 2090 2605 2312 2665; x_wconf 74' lang='lat' dir='ltr'><strong>cogente</strong></span> <span class='ocrx_word' id='word_1_438' title='bbox 2341 2610 2401 2649; x_wconf 86' lang='lat' dir='ltr'><strong>se</strong></span> <span class='ocrx_word' id='word_1_439' title='bbox 2428 2594 2662 2647; x_wconf 81' lang='lat' dir='ltr'><strong>laud-nt.</strong></span> <span class='ocrx_word' id='word_1_440' title='bbox 2699 2591 2943 2646; x_wconf 58' lang='lat' dir='ltr'><strong>.Emulor</strong></span> <span class='ocrx_word' id='word_1_441' title='bbox 2969 2595 3101 2647; x_wconf 81' lang='lat' dir='ltr'><strong>enim</strong></span> <span class='ocrx_word' id='word_1_442' title='bbox 3134 2610 3219 2647; x_wconf 87' lang='lat' dir='ltr'><strong>vos</strong></span> <span class='ocrx_word' id='word_1_443' title='bbox 3252 2593 3343 2646; x_wconf 80' lang='lat' dir='ltr'><strong>Dei</strong></span> <span class='ocrx_word' id='word_1_444' title='bbox 3360 2610 3522 2648; x_wconf 77' lang='lat' dir='ltr'><strong>temu-</strong></span> 
     </span>
    </p>
   </div>
   <div class='ocr_carea' id='block_1_57' title="bbox 1954 2687 3520 2757">
    <p class='ocr_par' dir='ltr' id='par_1_57' title="bbox 1954 2687 3520 2757">
     <span class='ocr_line' id='line_1_57' title="bbox 1954 2687 3520 2757; baseline 0 -16"><span class='ocrx_word' id='word_1_445' title='bbox 1954 2689 2159 2741; x_wconf 89' lang='lat' dir='ltr'><strong>latione.</strong></span> <span class='ocrx_word' id='word_1_446' title='bbox 2194 2687 2456 2755; x_wconf 83' lang='lat' dir='ltr'><strong>Despondi</strong></span> <span class='ocrx_word' id='word_1_447' title='bbox 2500 2688 2630 2739; x_wconf 88' lang='lat' dir='ltr'><strong>enim</strong></span> <span class='ocrx_word' id='word_1_448' title='bbox 2658 2701 2743 2739; x_wconf 86' lang='lat' dir='ltr'><strong>vos</strong></span> <span class='ocrx_word' id='word_1_449' title='bbox 2780 2688 2871 2739; x_wconf 85' lang='lat' dir='ltr'><strong>uni</strong></span> <span class='ocrx_word' id='word_1_450' title='bbox 2909 2687 3015 2740; x_wconf 82' lang='lat' dir='ltr'><strong>viro</strong></span> <span class='ocrx_word' id='word_1_451' title='bbox 3052 2688 3293 2757; x_wconf 82' lang='lat' dir='ltr'><strong>virginem</strong></span> <span class='ocrx_word' id='word_1_452' title='bbox 3330 2697 3520 2741; x_wconf 81' lang='lat' dir='ltr'><strong>castam</strong></span> 
     </span>
    </p>
   </div>
   <div class='ocr_carea' id='block_1_58' title="bbox 1954 2777 3522 2833">
    <p class='ocr_par' dir='ltr' id='par_1_58' title="bbox 1954 2777 3522 2833">
     <span class='ocr_line' id='line_1_58' title="bbox 1954 2777 3522 2833; baseline 0.001 -2"><span class='ocrx_word' id='word_1_453' title='bbox 1954 2780 2184 2832; x_wconf 64' lang='lat' dir='ltr'><strong>exhibere</strong></span> <span class='ocrx_word' id='word_1_454' title='bbox 2211 2778 2429 2831; x_wconf 84' lang='lat' dir='ltr'><strong>Chris&#39;o.</strong></span> <span class='ocrx_word' id='word_1_455' title='bbox 2480 2777 2592 2832; x_wconf 85' lang='lat' dir='ltr'><strong>Non</strong></span> <span class='ocrx_word' id='word_1_456' title='bbox 2632 2779 2846 2831; x_wconf 80' lang='lat' dir='ltr'><strong>stimulo</strong></span> <span class='ocrx_word' id='word_1_457' title='bbox 2888 2778 3070 2833; x_wconf 87' lang='lat' dir='ltr'><strong>livoris</strong></span> <span class='ocrx_word' id='word_1_458' title='bbox 3094 2779 3394 2833; x_wconf 73' lang='lat' dir='ltr'><strong>inflammor</strong></span> <span class='ocrx_word' id='word_1_459' title='bbox 3425 2779 3522 2832; x_wconf 91' lang='grc' dir='ltr'><strong>1ιιι-</strong></span> 
     </span>
    </p>
   </div>
   <div class='ocr_carea' id='block_1_59' title="bbox 1956 2856 3512 2939">
    <p class='ocr_par' dir='ltr' id='par_1_59' title="bbox 1956 2856 3512 2939">
     <span class='ocr_line' id='line_1_59' title="bbox 1956 2856 3512 2939; baseline -0.001 -14"><span class='ocrx_word' id='word_1_460' title='bbox 1956 2872 2123 2934; x_wconf 85' lang='lat' dir='ltr'><strong>tuani,</strong></span> <span class='ocrx_word' id='word_1_461' title='bbox 2171 2872 2262 2925; x_wconf 90' lang='lat' dir='ltr'><strong>sed</strong></span> <span class='ocrx_word' id='word_1_462' title='bbox 2313 2886 2407 2923; x_wconf 85' lang='lat' dir='ltr'><strong>vos</strong></span> <span class='ocrx_word' id='word_1_463' title='bbox 2456 2881 2703 2939; x_wconf 88' lang='lat' dir='ltr'><strong>tanquam</strong></span> <span class='ocrx_word' id='word_1_464' title='bbox 2752 2881 2901 2937; x_wconf 88' lang='lat' dir='ltr'><strong>pater</strong></span> <span class='ocrx_word' id='word_1_465' title='bbox 2948 2871 3287 2925; x_wconf 61' lang='lat' dir='ltr'><strong>astitulatioue</strong></span> <span class='ocrx_word' id='word_1_466' title='bbox 3317 2856 3512 2924; x_wconf 55' lang='lat' dir='ltr'><strong>&#39;diviua</strong></span> 
     </span>
    </p>
   </div>
   <div class='ocr_carea' id='block_1_60' title="bbox 1956 2959 3515 3030">
    <p class='ocr_par' dir='ltr' id='par_1_60' title="bbox 1956 2959 3515 3030">
     <span class='ocr_line' id='line_1_60' title="bbox 1956 2959 3515 3030; baseline -0.002 -12"><span class='ocrx_word' id='word_1_467' title='bbox 1956 2965 2221 3028; x_wconf 76' lang='lat' dir='ltr'><strong>custodio,</strong></span> <span class='ocrx_word' id='word_1_468' title='bbox 2248 2974 2302 3016; x_wconf 92' lang='lat' dir='ltr'><strong>ut</strong></span> <span class='ocrx_word' id='word_1_469' title='bbox 2334 2963 2598 3030; x_wconf 80' lang='lat' dir='ltr'><strong>possimus</strong></span> <span class='ocrx_word' id='word_1_470' title='bbox 2620 2976 2717 3016; x_wconf 86' lang='lat' dir='ltr'><strong>vos</strong></span> <span class='ocrx_word' id='word_1_471' title='bbox 2749 2961 3117 3016; x_wconf 87' lang='lat' dir='ltr'><strong>imtnaculatos</strong></span> <span class='ocrx_word' id='word_1_472' title='bbox 3142 2959 3358 3016; x_wconf 86' lang='lat' dir='ltr'><strong>Christo</strong></span> <span class='ocrx_word' id='word_1_473' title='bbox 3384 2977 3515 3016; x_wconf 81' lang='lat' dir='ltr'><strong>con-</strong></span> 
     </span>
    </p>
   </div>
   <div class='ocr_carea' id='block_1_61' title="bbox 1956 3053 3519 3125">
    <p class='ocr_par' dir='ltr' id='par_1_61' title="bbox 1956 3053 3519 3125">
     <span class='ocr_line' id='line_1_61' title="bbox 1956 3053 3519 3125; baseline -0.002 -17"><span class='ocrx_word' id='word_1_474' title='bbox 1956 3057 2196 3125; x_wconf 81' lang='lat' dir='ltr'><strong>jungere,</strong></span> <span class='ocrx_word' id='word_1_475' title='bbox 2246 3065 2391 3107; x_wconf 86' lang='lat' dir='ltr'><strong>tanto</strong></span> <span class='ocrx_word' id='word_1_476' title='bbox 2444 3053 2633 3122; x_wconf 88' lang='lat' dir='ltr'><strong>majori</strong></span> <span class='ocrx_word' id='word_1_477' title='bbox 2684 3053 2861 3106; x_wconf 81' lang='lat' dir='ltr'><strong>studio</strong></span> <span class='ocrx_word' id='word_1_478' title='bbox 2902 3068 2931 3107; x_wconf 86' lang='lat' dir='ltr'><strong>c</strong></span> <span class='ocrx_word' id='word_1_479' title='bbox 2969 3064 3267 3116; x_wconf 83' lang='lat' dir='ltr'><strong>nservatos,</strong></span> <span class='ocrx_word' id='word_1_480' title='bbox 3320 3064 3519 3121; x_wconf 88' lang='lat' dir='ltr'><strong>quanto</strong></span> 
     </span>
    </p>
   </div>
   <div class='ocr_carea' id='block_1_62' title="bbox 284 3137 3525 3214">
    <p class='ocr_par' dir='ltr' id='par_1_62' title="bbox 284 3137 3525 3214">
     <span class='ocr_line' id='line_1_62' title="bbox 284 3137 3525 3214; baseline 0.001 -22"><span class='ocrx_word' id='word_1_481' title='bbox 284 3139 414 3203; x_wconf 80' lang='lat' dir='ltr'><strong>nari,</strong></span> <span class='ocrx_word' id='word_1_482' title='bbox 440 3137 580 3206; x_wconf 88' lang='lat' dir='ltr'><strong>quod</strong></span> <span class='ocrx_word' id='word_1_483' title='bbox 627 3138 851 3201; x_wconf 77' lang='lat' dir='ltr'><strong>im,:lere</strong></span> <span class='ocrx_word' id='word_1_484' title='bbox 893 3154 995 3192; x_wconf 90' lang='lat' dir='ltr'><strong>non</strong></span> <span class='ocrx_word' id='word_1_485' title='bbox 1045 3154 1141 3208; x_wconf 88' lang='lat' dir='ltr'><strong>pos</strong></span> <span class='ocrx_word' id='word_1_486' title='bbox 1174 3155 1283 3209; x_wconf 88' lang='lat' dir='ltr'><strong>um,</strong></span> <span class='ocrx_word' id='word_1_487' title='bbox 1316 3142 1452 3195; x_wconf 65' lang='lat' dir='ltr'><strong>sicut</strong></span> <span class='ocrx_word' id='word_1_488' title='bbox 1477 3142 1542 3195; x_wconf 89' lang='lat' dir='ltr'><strong>de</strong></span> <span class='ocrx_word' id='word_1_489' title='bbox 1572 3158 1656 3194; x_wconf 76' lang='lat' dir='ltr'><strong>me</strong></span> <span class='ocrx_word' id='word_1_490' title='bbox 1688 3144 1849 3196; x_wconf 75' lang='lat' dir='ltr'><strong>vestri</strong></span> <span class='ocrx_word' id='word_1_491' title='bbox 1881 3150 1922 3209; x_wconf 85' lang='lat' dir='ltr'><strong>C</strong></span> <span class='ocrx_word' id='word_1_492' title='bbox 1958 3147 2164 3199; x_wconf 78' lang='lat' dir='ltr'><strong>meliori</strong></span> <span class='ocrx_word' id='word_1_493' title='bbox 2195 3150 2322 3199; x_wconf 90' lang='lat' dir='ltr'><strong>estis</strong></span> <span class='ocrx_word' id='word_1_494' title='bbox 2351 3159 2550 3214; x_wconf 87' lang='lat' dir='ltr'><strong>sponso</strong></span> <span class='ocrx_word' id='word_1_495' title='bbox 2578 3143 2879 3213; x_wconf 90' lang='lat' dir='ltr'><strong>copulandi.</strong></span> <span class='ocrx_word' id='word_1_496' title='bbox 2904 3142 3079 3196; x_wconf 85' lang='lat' dir='ltr'><strong>Timeo</strong></span> <span class='ocrx_word' id='word_1_497' title='bbox 3101 3155 3269 3195; x_wconf 88' lang='lat' dir='ltr'><strong>autem</strong></span> <span class='ocrx_word' id='word_1_498' title='bbox 3292 3158 3373 3211; x_wconf 76' lang='lat' dir='ltr'><strong>ne,</strong></span> <span class='ocrx_word' id='word_1_499' title='bbox 3395 3145 3525 3196; x_wconf 83' lang='lat' dir='ltr'><strong>sicut</strong></span> 
     </span>
    </p>
   </div>
   <div class='ocr_carea' id='block_1_63' title="bbox 282 3227 1847 3301">
    <p class='ocr_par' dir='ltr' id='par_1_63' title="bbox 282 3227 1847 3301">
     <span class='ocr_line' id='line_1_63' title="bbox 282 3227 1847 3301; baseline 0.001 -17"><span class='ocrx_word' id='word_1_500' title='bbox 282 3227 519 3295; x_wconf 54' lang='lat' dir='ltr'><strong>incitam</strong></span> <span class='ocrx_word' id='word_1_501' title='bbox 557 3229 890 3297; x_wconf 88' lang='lat' dir='ltr'><strong>deceptores.</strong></span> <span class='ocrx_word' id='word_1_502' title='bbox 948 3229 1060 3283; x_wconf 87' lang='lat' dir='ltr'><strong>Hoc</strong></span> <span class='ocrx_word' id='word_1_503' title='bbox 1104 3232 1286 3300; x_wconf 77' lang='lat' dir='ltr'><strong>cogitet</strong></span> <span class='ocrx_word' id='word_1_504' title='bbox 1326 3234 1411 3297; x_wconf 86' lang='lat' dir='ltr'><strong>qni</strong></span> <span class='ocrx_word' id='word_1_505' title='bbox 1456 3234 1711 3301; x_wconf 83' lang='lat' dir='ltr'><strong>ejusmodi</strong></span> <span class='ocrx_word' id='word_1_506' title='bbox 1755 3244 1847 3299; x_wconf 89' lang='lat' dir='ltr'><strong>est,</strong></span> 
     </span>
    </p>
   </div>
   <div class='ocr_carea' id='block_1_64' title="bbox 284 3320 1854 3391">
    <p class='ocr_par' dir='ltr' id='par_1_64' title="bbox 284 3320 1854 3391">
     <span class='ocr_line' id='line_1_64' title="bbox 284 3320 1854 3391; baseline 0.004 -20"><span class='ocrx_word' id='word_1_507' title='bbox 284 3323 401 3386; x_wconf 82' lang='lat' dir='ltr'><strong>quia</strong></span> <span class='ocrx_word' id='word_1_508' title='bbox 426 3320 607 3386; x_wconf 78' lang='lat' dir='ltr'><strong>quales</strong></span> <span class='ocrx_word' id='word_1_509' title='bbox 640 3335 818 3373; x_wconf 84' lang='lat' dir='ltr'><strong>sumus</strong></span> <span class='ocrx_word' id='word_1_510' title='bbox 855 3321 999 3373; x_wconf 82' lang='lat' dir='ltr'><strong>verbo</strong></span> <span class='ocrx_word' id='word_1_511' title='bbox 1042 3336 1131 3391; x_wconf 85' lang='lat' dir='ltr'><strong>per</strong></span> <span class='ocrx_word' id='word_1_512' title='bbox 1165 3323 1399 3391; x_wconf 73' lang='lat' dir='ltr'><strong>epistolas</strong></span> <span class='ocrx_word' id='word_1_513' title='bbox 1441 3323 1697 3390; x_wconf 85' lang='lat' dir='ltr'><strong>absentes,</strong></span> <span class='ocrx_word' id='word_1_514' title='bbox 1731 3324 1854 3377; x_wconf 88' lang='lat' dir='ltr'><strong>tales</strong></span> 
     </span>
    </p>
   </div>
   <div class='ocr_carea' id='block_1_65' title="bbox 284 3409 1856 3480">
    <p class='ocr_par' dir='ltr' id='par_1_65' title="bbox 284 3409 1856 3480">
     <span class='ocr_line' id='line_1_65' title="bbox 284 3409 1856 3480; baseline 0.007 -22"><span class='ocrx_word' id='word_1_515' title='bbox 284 3419 327 3459; x_wconf 91' lang='lat' dir='ltr'><strong>et</strong></span> <span class='ocrx_word' id='word_1_516' title='bbox 365 3419 639 3473; x_wconf 75' lang='lat' dir='ltr'><strong>prwsentes</strong></span> <span class='ocrx_word' id='word_1_517' title='bbox 677 3409 729 3460; x_wconf 85' lang='lat' dir='ltr'><strong>in</strong></span> <span class='ocrx_word' id='word_1_518' title='bbox 759 3409 915 3477; x_wconf 78' lang='lat' dir='ltr'><strong>facta.</strong></span> <span class='ocrx_word' id='word_1_519' title='bbox 942 3414 1041 3477; x_wconf 74' lang='lat' dir='ltr'><strong>Qui</strong></span> <span class='ocrx_word' id='word_1_520' title='bbox 1074 3412 1174 3466; x_wconf 90' lang='lat' dir='ltr'><strong>hoc</strong></span> <span class='ocrx_word' id='word_1_521' title='bbox 1200 3422 1377 3480; x_wconf 85' lang='lat' dir='ltr'><strong>putat,</strong></span> <span class='ocrx_word' id='word_1_522' title='bbox 1406 3414 1481 3467; x_wconf 87' lang='lat' dir='ltr'><strong>sci</strong></span> <span class='ocrx_word' id='word_1_523' title='bbox 1502 3423 1538 3466; x_wconf 73' lang='lat' dir='ltr'><strong>ot</strong></span> <span class='ocrx_word' id='word_1_524' title='bbox 1569 3429 1652 3467; x_wconf 90' lang='lat' dir='ltr'><strong>me</strong></span> <span class='ocrx_word' id='word_1_525' title='bbox 1681 3415 1856 3469; x_wconf 85' lang='lat' dir='ltr'><strong>omnia</strong></span> 
     </span>
    </p>
   </div>
   <div class='ocr_carea' id='block_1_66' title="bbox 288 3505 1858 3575">
    <p class='ocr_par' dir='ltr' id='par_1_66' title="bbox 288 3505 1858 3575">
     <span class='ocr_line' id='line_1_66' title="bbox 288 3505 1858 3575; baseline 0.005 -19"><span class='ocrx_word' id='word_1_526' title='bbox 288 3518 438 3571; x_wconf 81' lang='lat' dir='ltr'><strong>posse</strong></span> <span class='ocrx_word' id='word_1_527' title='bbox 473 3505 673 3568; x_wconf 86' lang='lat' dir='ltr'><strong>lacere,</strong></span> <span class='ocrx_word' id='word_1_528' title='bbox 705 3519 798 3572; x_wconf 89' lang='lat' dir='ltr'><strong>per</strong></span> <span class='ocrx_word' id='word_1_529' title='bbox 824 3520 945 3560; x_wconf 91' lang='lat' dir='ltr'><strong>eum</strong></span> <span class='ocrx_word' id='word_1_530' title='bbox 973 3508 1063 3575; x_wconf 89' lang='lat' dir='ltr'><strong>qui</strong></span> <span class='ocrx_word' id='word_1_531' title='bbox 1103 3516 1279 3561; x_wconf 88' lang='lat' dir='ltr'><strong>manet</strong></span> <span class='ocrx_word' id='word_1_532' title='bbox 1327 3508 1379 3561; x_wconf 89' lang='lat' dir='ltr'><strong>in</strong></span> <span class='ocrx_word' id='word_1_533' title='bbox 1425 3523 1530 3571; x_wconf 87' lang='lat' dir='ltr'><strong>me,</strong></span> <span class='ocrx_word' id='word_1_534' title='bbox 1563 3510 1607 3562; x_wconf 91' lang='lat' dir='ltr'><strong>si</strong></span> <span class='ocrx_word' id='word_1_535' title='bbox 1639 3523 1858 3564; x_wconf 56' lang='lat' dir='ltr'><strong>necesse</strong></span> 
     </span>
    </p>
   </div>
   <div class='ocr_carea' id='block_1_67' title="bbox 289 3596 1860 3669">
    <p class='ocr_par' dir='ltr' id='par_1_67' title="bbox 289 3596 1860 3669">
     <span class='ocr_line' id='line_1_67' title="bbox 289 3596 1860 3669; baseline 0.005 -23"><span class='ocrx_word' id='word_1_536' title='bbox 289 3598 459 3660; x_wconf 86' lang='lat' dir='ltr'><strong>luerit,</strong></span> <span class='ocrx_word' id='word_1_537' title='bbox 491 3610 611 3664; x_wconf 77' lang='lat' dir='ltr'><strong>qute</strong></span> <span class='ocrx_word' id='word_1_538' title='bbox 644 3596 916 3663; x_wconf 88' lang='lat' dir='ltr'><strong>promitto.</strong></span> <span class='ocrx_word' id='word_1_539' title='bbox 969 3598 1100 3651; x_wconf 82' lang='lat' dir='ltr'><strong>Nam</strong></span> <span class='ocrx_word' id='word_1_540' title='bbox 1131 3609 1184 3652; x_wconf 89' lang='lat' dir='ltr'><strong>et</strong></span> <span class='ocrx_word' id='word_1_541' title='bbox 1212 3600 1587 3654; x_wconf 79' lang='lat' dir='ltr'><strong>obedientibus</strong></span> <span class='ocrx_word' id='word_1_542' title='bbox 1620 3615 1714 3669; x_wconf 89' lang='lat' dir='ltr'><strong>per</strong></span> <span class='ocrx_word' id='word_1_543' title='bbox 1761 3601 1860 3655; x_wconf 82' lang='lat' dir='ltr'><strong>hu-</strong></span> 
     </span>
    </p>
   </div>
   <div class='ocr_carea' id='block_1_68' title="bbox 289 3688 1856 3758">
    <p class='ocr_par' dir='ltr' id='par_1_68' title="bbox 289 3688 1856 3758">
     <span class='ocr_line' id='line_1_68' title="bbox 289 3688 1856 3758; baseline 0.003 -17"><span class='ocrx_word' id='word_1_544' title='bbox 289 3690 588 3752; x_wconf 84' lang='lat' dir='ltr'><strong>militatem,</strong></span> <span class='ocrx_word' id='word_1_545' title='bbox 616 3688 880 3753; x_wconf 84' lang='lat' dir='ltr'><strong>inﬁrmus,</strong></span> <span class='ocrx_word' id='word_1_546' title='bbox 907 3699 960 3744; x_wconf 88' lang='lat' dir='ltr'><strong>et</strong></span> <span class='ocrx_word' id='word_1_547' title='bbox 993 3692 1355 3755; x_wconf 82' lang='lat' dir='ltr'><strong>peccantibus,</strong></span> <span class='ocrx_word' id='word_1_548' title='bbox 1392 3707 1485 3758; x_wconf 86' lang='lat' dir='ltr'><strong>per</strong></span> <span class='ocrx_word' id='word_1_549' title='bbox 1515 3693 1856 3747; x_wconf 87' lang='lat' dir='ltr'><strong>severitatem</strong></span> 
     </span>
    </p>
   </div>
   <div class='ocr_carea' id='block_1_69' title="bbox 293 3780 1859 3837">
    <p class='ocr_par' dir='ltr' id='par_1_69' title="bbox 293 3780 1859 3837">
     <span class='ocr_line' id='line_1_69' title="bbox 293 3780 1859 3837; baseline 0.005 -8"><span class='ocrx_word' id='word_1_550' title='bbox 293 3780 439 3833; x_wconf 81' lang='lat' dir='ltr'><strong>tortis</strong></span> <span class='ocrx_word' id='word_1_551' title='bbox 469 3781 732 3834; x_wconf 86' lang='lat' dir='ltr'><strong>invenior.</strong></span> <span class='ocrx_word' id='word_1_552' title='bbox 765 3780 881 3834; x_wconf 79' lang='lat' dir='ltr'><strong>Non</strong></span> <span class='ocrx_word' id='word_1_553' title='bbox 914 3782 1043 3835; x_wconf 86' lang='lat' dir='ltr'><strong>enim</strong></span> <span class='ocrx_word' id='word_1_554' title='bbox 1072 3783 1316 3835; x_wconf 83' lang='lat' dir='ltr'><strong>audemus</strong></span> <span class='ocrx_word' id='word_1_555' title='bbox 1342 3783 1560 3836; x_wconf 71' lang='lat' dir='ltr'><strong>inserere</strong></span> <span class='ocrx_word' id='word_1_556' title='bbox 1601 3796 1691 3835; x_wconf 81' lang='lat' dir='ltr'><strong>aut</strong></span> <span class='ocrx_word' id='word_1_557' title='bbox 1722 3800 1859 3837; x_wconf 88' lang='lat' dir='ltr'><strong>cont-</strong></span> 
     </span>
    </p>
   </div>
   <div class='ocr_carea' id='block_1_70' title="bbox 289 3871 1855 3941">
    <p class='ocr_par' dir='ltr' id='par_1_70' title="bbox 289 3871 1855 3941">
     <span class='ocr_line' id='line_1_70' title="bbox 289 3871 1855 3941; baseline 0.004 -20"><span class='ocrx_word' id='word_1_558' title='bbox 289 3886 468 3935; x_wconf 77' lang='lat' dir='ltr'><strong>parare</strong></span> <span class='ocrx_word' id='word_1_559' title='bbox 510 3886 602 3923; x_wconf 84' lang='lat' dir='ltr'><strong>nos</strong></span> <span class='ocrx_word' id='word_1_560' title='bbox 643 3871 968 3939; x_wconf 85' lang='lat' dir='ltr'><strong>quibusdam,</strong></span> <span class='ocrx_word' id='word_1_561' title='bbox 1011 3873 1097 3940; x_wconf 88' lang='lat' dir='ltr'><strong>qui</strong></span> <span class='ocrx_word' id='word_1_562' title='bbox 1143 3872 1438 3941; x_wconf 85' lang='lat' dir='ltr'><strong>semetipsos</strong></span> <span class='ocrx_word' id='word_1_563' title='bbox 1480 3874 1855 3928; x_wconf 72' lang='lat' dir='ltr'><strong>commendanl.</strong></span> 
     </span>
    </p>
   </div>
   <div class='ocr_carea' id='block_1_71' title="bbox 287 3962 1859 4031">
    <p class='ocr_par' dir='ltr' id='par_1_71' title="bbox 287 3962 1859 4031">
     <span class='ocr_line' id='line_1_71' title="bbox 287 3962 1859 4031; baseline 0.001 -15"><span class='ocrx_word' id='word_1_564' title='bbox 287 3963 400 4016; x_wconf 79' lang='lat' dir='ltr'><strong>Non</strong></span> <span class='ocrx_word' id='word_1_565' title='bbox 433 3962 573 4016; x_wconf 89' lang='lat' dir='ltr'><strong>enim</strong></span> <span class='ocrx_word' id='word_1_566' title='bbox 605 3976 882 4030; x_wconf 78' lang='lat' dir='ltr'><strong>possumus</strong></span> <span class='ocrx_word' id='word_1_567' title='bbox 914 3963 981 4016; x_wconf 88' lang='lat' dir='ltr'><strong>de</strong></span> <span class='ocrx_word' id='word_1_568' title='bbox 1009 3964 1160 4019; x_wconf 89' lang='lat' dir='ltr'><strong>nobis</strong></span> <span class='ocrx_word' id='word_1_569' title='bbox 1206 3964 1404 4030; x_wconf 84' lang='lat' dir='ltr'><strong>majora</strong></span> <span class='ocrx_word' id='word_1_570' title='bbox 1449 3963 1653 4030; x_wconf 85' lang='lat' dir='ltr'><strong>jactare</strong></span> <span class='ocrx_word' id='word_1_571' title='bbox 1702 3978 1859 4031; x_wconf 90' lang='lat' dir='ltr'><strong>quam</strong></span> 
     </span>
    </p>
   </div>
   <div class='ocr_carea' id='block_1_72' title="bbox 288 4054 1861 4118">
    <p class='ocr_par' dir='ltr' id='par_1_72' title="bbox 288 4054 1861 4118">
     <span class='ocr_line' id='line_1_72' title="bbox 288 4054 1861 4118; baseline 0.001 -12"><span class='ocrx_word' id='word_1_572' title='bbox 288 4056 454 4107; x_wconf 83' lang='lat' dir='ltr'><strong>simus</strong></span> <span class='ocrx_word' id='word_1_573' title='bbox 480 4070 493 4105; x_wconf 90' lang='lat'><strong>:</strong></span> <span class='ocrx_word' id='word_1_574' title='bbox 519 4068 623 4106; x_wconf 90' lang='lat' dir='ltr'><strong>non</strong></span> <span class='ocrx_word' id='word_1_575' title='bbox 650 4054 910 4107; x_wconf 80' lang='lat' dir='ltr'><strong>audemus</strong></span> <span class='ocrx_word' id='word_1_576' title='bbox 933 4054 1003 4105; x_wconf 79' lang='lat' dir='ltr'><strong>ita</strong></span> <span class='ocrx_word' id='word_1_577' title='bbox 1034 4054 1196 4107; x_wconf 87' lang='lat' dir='ltr'><strong>Deum</strong></span> <span class='ocrx_word' id='word_1_578' title='bbox 1228 4069 1595 4118; x_wconf 77' lang='lat' dir='ltr'><strong>con&#39;emncre,</strong></span> <span class='ocrx_word' id='word_1_579' title='bbox 1623 4065 1680 4107; x_wconf 92' lang='lat' dir='ltr'><strong>ut</strong></span> <span class='ocrx_word' id='word_1_580' title='bbox 1710 4056 1861 4108; x_wconf 89' lang='lat' dir='ltr'><strong>simi-</strong></span> 
     </span>
    </p>
   </div>
   <div class='ocr_carea' id='block_1_73' title="bbox 292 4145 1855 4214">
    <p class='ocr_par' dir='ltr' id='par_1_73' title="bbox 292 4145 1855 4214">
     <span class='ocr_line' id='line_1_73' title="bbox 292 4145 1855 4214; baseline 0.004 -19"><span class='ocrx_word' id='word_1_581' title='bbox 292 4147 364 4198; x_wconf 84' lang='lat' dir='ltr'><strong>les</strong></span> <span class='ocrx_word' id='word_1_582' title='bbox 389 4147 557 4198; x_wconf 90' lang='lat' dir='ltr'><strong>simus</strong></span> <span class='ocrx_word' id='word_1_583' title='bbox 582 4145 916 4213; x_wconf 87' lang='lat' dir='ltr'><strong>quibusdam,</strong></span> <span class='ocrx_word' id='word_1_584' title='bbox 942 4148 1026 4214; x_wconf 91' lang='lat' dir='ltr'><strong>qui</strong></span> <span class='ocrx_word' id='word_1_585' title='bbox 1057 4146 1169 4199; x_wconf 90' lang='lat' dir='ltr'><strong>suis</strong></span> <span class='ocrx_word' id='word_1_586' title='bbox 1192 4147 1397 4200; x_wconf 80' lang='lat' dir='ltr'><strong>malunt</strong></span> <span class='ocrx_word' id='word_1_587' title='bbox 1429 4147 1673 4200; x_wconf 60' lang='lat' dir='ltr'><strong>laudibus</strong></span> <span class='ocrx_word' id='word_1_588' title='bbox 1698 4163 1855 4214; x_wconf 81' lang='lat' dir='ltr'><strong>quam</strong></span> 
     </span>
    </p>
   </div>
   <div class='ocr_carea' id='block_1_74' title="bbox 298 4236 1859 4309">
    <p class='ocr_par' dir='ltr' id='par_1_74' title="bbox 298 4236 1859 4309">
     <span class='ocr_line' id='line_1_74' title="bbox 298 4236 1859 4309; baseline 0.003 -21"><span class='ocrx_word' id='word_1_589' title='bbox 298 4236 385 4289; x_wconf 88' lang='lat' dir='ltr'><strong>Dei</strong></span> <span class='ocrx_word' id='word_1_590' title='bbox 419 4236 585 4307; x_wconf 78' lang='lat' dir='ltr'><strong>gratia</strong></span> <span class='ocrx_word' id='word_1_591' title='bbox 614 4237 997 4291; x_wconf 84' lang='lat' dir='ltr'><strong>commendari.</strong></span> <span class='ocrx_word' id='word_1_592' title='bbox 1031 4237 1138 4293; x_wconf 87' lang='lat' dir='ltr'><strong>Sed</strong></span> <span class='ocrx_word' id='word_1_593' title='bbox 1161 4239 1258 4308; x_wconf 71' lang='lat' dir='ltr'><strong>ipsi</strong></span> <span class='ocrx_word' id='word_1_594' title='bbox 1284 4240 1334 4291; x_wconf 91' lang='lat' dir='ltr'><strong>in</strong></span> <span class='ocrx_word' id='word_1_595' title='bbox 1357 4239 1498 4291; x_wconf 83' lang='lat' dir='ltr'><strong>nobis</strong></span> <span class='ocrx_word' id='word_1_596' title='bbox 1530 4243 1859 4309; x_wconf 78' lang='lat' dir='ltr'><strong>nosmetipsos</strong></span> 
     </span>
    </p>
   </div>
   <div class='ocr_carea' id='block_1_75' title="bbox 291 4324 1852 4380">
    <p class='ocr_par' dir='ltr' id='par_1_75' title="bbox 291 4324 1852 4380">
     <span class='ocr_line' id='line_1_75' title="bbox 291 4324 1852 4380; baseline 0.002 -4"><span class='ocrx_word' id='word_1_597' title='bbox 291 4327 568 4377; x_wconf 75' lang='lat' dir='ltr'><strong>metientes.</strong></span> <span class='ocrx_word' id='word_1_598' title='bbox 593 4324 705 4378; x_wconf 84' lang='lat' dir='ltr'><strong>Non</strong></span> <span class='ocrx_word' id='word_1_599' title='bbox 728 4326 1036 4379; x_wconf 79' lang='lat' dir='ltr'><strong>excedimus</strong></span> <span class='ocrx_word' id='word_1_600' title='bbox 1059 4341 1325 4380; x_wconf 64' lang='lat' dir='ltr'><strong>mensuras</strong></span> <span class='ocrx_word' id='word_1_601' title='bbox 1350 4336 1545 4379; x_wconf 67' lang='lat' dir='ltr'><strong>nostrae</strong></span> <span class='ocrx_word' id='word_1_602' title='bbox 1579 4328 1852 4380; x_wconf 89' lang='lat' dir='ltr'><strong>terminos.</strong></span> 
     </span>
    </p>
   </div>
   <div class='ocr_carea' id='block_1_76' title="bbox 293 4414 1859 4487">
    <p class='ocr_par' dir='ltr' id='par_1_76' title="bbox 293 4414 1859 4487">
     <span class='ocr_line' id='line_1_76' title="bbox 293 4414 1859 4487; baseline 0.003 -19"><span class='ocrx_word' id='word_1_603' title='bbox 293 4414 356 4469; x_wconf 82' lang='lat' dir='ltr'><strong>Et</strong></span> <span class='ocrx_word' id='word_1_604' title='bbox 387 4427 741 4482; x_wconf 85' lang='lat' dir='ltr'><strong>comparantes</strong></span> <span class='ocrx_word' id='word_1_605' title='bbox 768 4420 1095 4487; x_wconf 85' lang='lat' dir='ltr'><strong>nosmetipsos</strong></span> <span class='ocrx_word' id='word_1_606' title='bbox 1128 4418 1290 4471; x_wconf 90' lang='lat' dir='ltr'><strong>nobis.</strong></span> <span class='ocrx_word' id='word_1_607' title='bbox 1319 4418 1430 4473; x_wconf 79' lang='lat' dir='ltr'><strong>Non</strong></span> <span class='ocrx_word' id='word_1_608' title='bbox 1462 4419 1775 4487; x_wconf 84' lang='lat' dir='ltr'><strong>majoribus,</strong></span> <span class='ocrx_word' id='word_1_609' title='bbox 1804 4431 1859 4472; x_wconf 91' lang='lat' dir='ltr'><strong>ut</strong></span> 
     </span>
    </p>
   </div>
   <div class='ocr_carea' id='block_1_77' title="bbox 1958 3236 3526 3307">
    <p class='ocr_par' dir='ltr' id='par_1_77' title="bbox 1958 3236 3526 3307">
     <span class='ocr_line' id='line_1_77' title="bbox 1958 3236 3526 3307; baseline -0.001 -16"><span class='ocrx_word' id='word_1_610' title='bbox 1958 3254 2160 3307; x_wconf 69' lang='lat' dir='ltr'><strong>serpens</strong></span> <span class='ocrx_word' id='word_1_611' title='bbox 2204 3236 2365 3291; x_wconf 87' lang='lat' dir='ltr'><strong>Evam</strong></span> <span class='ocrx_word' id='word_1_612' title='bbox 2394 3236 2596 3289; x_wconf 74' lang='lat' dir='ltr'><strong>seduxit</strong></span> <span class='ocrx_word' id='word_1_613' title='bbox 2640 3238 2822 3289; x_wconf 83' lang='lat' dir='ltr'><strong>astutia</strong></span> <span class='ocrx_word' id='word_1_614' title='bbox 2865 3251 2980 3299; x_wconf 85' lang='lat' dir='ltr'><strong>sua,</strong></span> <span class='ocrx_word' id='word_1_615' title='bbox 3022 3236 3092 3287; x_wconf 89' lang='lat' dir='ltr'><strong>ita</strong></span> <span class='ocrx_word' id='word_1_616' title='bbox 3137 3246 3526 3303; x_wconf 83' lang='lat' dir='ltr'><strong>corrumpantur</strong></span> 
     </span>
    </p>
   </div>
   <div class='ocr_carea' id='block_1_78' title="bbox 1955 3328 3524 3396">
    <p class='ocr_par' dir='ltr' id='par_1_78' title="bbox 1955 3328 3524 3396">
     <span class='ocr_line' id='line_1_78' title="bbox 1955 3328 3524 3396; baseline 0.001 -14"><span class='ocrx_word' id='word_1_617' title='bbox 1955 3346 2132 3383; x_wconf 88' lang='lat' dir='ltr'><strong>sensus</strong></span> <span class='ocrx_word' id='word_1_618' title='bbox 2174 3331 2343 3383; x_wconf 85' lang='lat' dir='ltr'><strong>vestri.</strong></span> <span class='ocrx_word' id='word_1_619' title='bbox 2392 3329 2623 3396; x_wconf 84' lang='lat' dir='ltr'><strong>Serpens</strong></span> <span class='ocrx_word' id='word_1_620' title='bbox 2654 3329 2811 3382; x_wconf 85' lang='lat' dir='ltr'><strong>Evam</strong></span> <span class='ocrx_word' id='word_1_621' title='bbox 2840 3328 3145 3381; x_wconf 83' lang='lat' dir='ltr'><strong>mentiendo</strong></span> <span class='ocrx_word' id='word_1_622' title='bbox 3189 3328 3255 3381; x_wconf 88' lang='lat' dir='ltr'><strong>de</strong></span> <span class='ocrx_word' id='word_1_623' title='bbox 3302 3328 3408 3383; x_wconf 84' lang='lat' dir='ltr'><strong>Deo</strong></span> <span class='ocrx_word' id='word_1_624' title='bbox 3437 3344 3524 3383; x_wconf 89' lang='lat' dir='ltr'><strong>se-</strong></span> 
     </span>
    </p>
   </div>
   <div class='ocr_carea' id='block_1_79' title="bbox 1957 3419 3519 3484">
    <p class='ocr_par' dir='ltr' id='par_1_79' title="bbox 1957 3419 3519 3484">
     <span class='ocr_line' id='line_1_79' title="bbox 1957 3419 3519 3484; baseline -0.001 -9"><span class='ocrx_word' id='word_1_625' title='bbox 1957 3420 2133 3482; x_wconf 81' lang='lat' dir='ltr'><strong>duxit,</strong></span> <span class='ocrx_word' id='word_1_626' title='bbox 2169 3421 2375 3484; x_wconf 88' lang='lat' dir='ltr'><strong>dicens,</strong></span> <span class='ocrx_word' id='word_1_627' title='bbox 2409 3421 2525 3472; x_wconf 89' lang='lat' dir='ltr'><strong>solo</strong></span> <span class='ocrx_word' id='word_1_628' title='bbox 2554 3431 2757 3474; x_wconf 89' lang='lat' dir='ltr'><strong>terrore</strong></span> <span class='ocrx_word' id='word_1_629' title='bbox 2788 3419 2948 3473; x_wconf 89' lang='lat' dir='ltr'><strong>Deum</strong></span> <span class='ocrx_word' id='word_1_630' title='bbox 2979 3420 3356 3472; x_wconf 78' lang='lat' dir='ltr'><strong>comminutum</strong></span> <span class='ocrx_word' id='word_1_631' title='bbox 3381 3433 3519 3482; x_wconf 80' lang='lat' dir='ltr'><strong>esse,</strong></span> 
     </span>
    </p>
   </div>
   <div class='ocr_carea' id='block_1_80' title="bbox 1960 3512 3524 3578">
    <p class='ocr_par' dir='ltr' id='par_1_80' title="bbox 1960 3512 3524 3578">
     <span class='ocr_line' id='line_1_80' title="bbox 1960 3512 3524 3578; baseline 0 -12"><span class='ocrx_word' id='word_1_632' title='bbox 1960 3523 2185 3566; x_wconf 90' lang='lat' dir='ltr'><strong>mortem</strong></span> <span class='ocrx_word' id='word_1_633' title='bbox 2228 3527 2331 3565; x_wconf 91' lang='lat' dir='ltr'><strong>non</strong></span> <span class='ocrx_word' id='word_1_634' title='bbox 2374 3513 2676 3575; x_wconf 84' lang='lat' dir='ltr'><strong>illaturum,</strong></span> <span class='ocrx_word' id='word_1_635' title='bbox 2707 3512 2751 3565; x_wconf 89' lang='lat' dir='ltr'><strong>si</strong></span> <span class='ocrx_word' id='word_1_636' title='bbox 2794 3520 3139 3578; x_wconf 75' lang='lat' dir='ltr'><strong>pecca~sent:</strong></span> <span class='ocrx_word' id='word_1_637' title='bbox 3166 3513 3234 3564; x_wconf 88' lang='lat' dir='ltr'><strong>ita</strong></span> <span class='ocrx_word' id='word_1_638' title='bbox 3283 3520 3337 3566; x_wconf 87' lang='lat' dir='ltr'><strong>et</strong></span> <span class='ocrx_word' id='word_1_639' title='bbox 3383 3526 3524 3566; x_wconf 90' lang='lat' dir='ltr'><strong>nunc</strong></span> 
     </span>
    </p>
   </div>
   <div class='ocr_carea' id='block_1_81' title="bbox 1960 3600 3524 3672">
    <p class='ocr_par' dir='ltr' id='par_1_81' title="bbox 1960 3600 3524 3672">
     <span class='ocr_line' id='line_1_81' title="bbox 1960 3600 3524 3672; baseline -0.001 -15"><span class='ocrx_word' id='word_1_640' title='bbox 1960 3604 2391 3672; x_wconf 79' lang='lat' dir='ltr'><strong>pseudoapostoli</strong></span> <span class='ocrx_word' id='word_1_641' title='bbox 2453 3602 2699 3657; x_wconf 86' lang='lat' dir='ltr'><strong>dicebant</strong></span> <span class='ocrx_word' id='word_1_642' title='bbox 2761 3600 2881 3655; x_wconf 89' lang='lat' dir='ltr'><strong>ideo</strong></span> <span class='ocrx_word' id='word_1_643' title='bbox 2940 3600 3210 3670; x_wconf 78' lang='lat' dir='ltr'><strong>Evangelii</strong></span> <span class='ocrx_word' id='word_1_644' title='bbox 3263 3612 3524 3669; x_wconf 67' lang='lat' dir='ltr'><strong>pra-cepta</strong></span> 
     </span>
    </p>
   </div>
   <div class='ocr_carea' id='block_1_82' title="bbox 1963 3690 3527 3764">
    <p class='ocr_par' dir='ltr' id='par_1_82' title="bbox 1963 3690 3527 3764">
     <span class='ocr_line' id='line_1_82' title="bbox 1963 3690 3527 3764; baseline -0.004 -15"><span class='ocrx_word' id='word_1_645' title='bbox 1963 3695 2063 3764; x_wconf 80' lang='lat' dir='ltr'><strong>legi</strong></span> <span class='ocrx_word' id='word_1_646' title='bbox 2100 3696 2300 3757; x_wconf 87' lang='lat' dir='ltr'><strong>addita,</strong></span> <span class='ocrx_word' id='word_1_647' title='bbox 2336 3693 2419 3748; x_wconf 90' lang='lat' dir='ltr'><strong>vel</strong></span> <span class='ocrx_word' id='word_1_648' title='bbox 2449 3704 2505 3746; x_wconf 92' lang='lat' dir='ltr'><strong>ut</strong></span> <span class='ocrx_word' id='word_1_649' title='bbox 2535 3695 2612 3746; x_wconf 90' lang='lat' dir='ltr'><strong>sic</strong></span> <span class='ocrx_word' id='word_1_650' title='bbox 2638 3691 3024 3751; x_wconf 85' lang='lat' dir='ltr'><strong>custodiretur.</strong></span> <span class='ocrx_word' id='word_1_651' title='bbox 3058 3702 3112 3745; x_wconf 89' lang='lat' dir='ltr'><strong>et</strong></span> <span class='ocrx_word' id='word_1_652' title='bbox 3149 3706 3208 3745; x_wconf 86' lang='lat' dir='ltr'><strong>ea</strong></span> <span class='ocrx_word' id='word_1_653' title='bbox 3241 3690 3352 3744; x_wconf 88' lang='lat' dir='ltr'><strong>sola</strong></span> <span class='ocrx_word' id='word_1_654' title='bbox 3381 3690 3527 3743; x_wconf 81' lang='lat' dir='ltr'><strong>suill-</strong></span> 
     </span>
    </p>
   </div>
   <div class='ocr_carea' id='block_1_83' title="bbox 1962 3783 3526 3852">
    <p class='ocr_par' dir='ltr' id='par_1_83' title="bbox 1962 3783 3526 3852">
     <span class='ocr_line' id='line_1_83' title="bbox 1962 3783 3526 3852; baseline -0.003 -12"><span class='ocrx_word' id='word_1_655' title='bbox 1962 3799 2106 3842; x_wconf 88' lang='lat' dir='ltr'><strong>ceret</strong></span> <span class='ocrx_word' id='word_1_656' title='bbox 2137 3786 2323 3842; x_wconf 90' lang='lat' dir='ltr'><strong>custod</strong></span> <span class='ocrx_word' id='word_1_657' title='bbox 2349 3795 2420 3839; x_wconf 88' lang='lat' dir='ltr'><strong>ta.</strong></span> <span class='ocrx_word' id='word_1_658' title='bbox 2449 3785 2553 3840; x_wconf 84' lang='lat' dir='ltr'><strong>Sed</strong></span> <span class='ocrx_word' id='word_1_659' title='bbox 2580 3792 2635 3838; x_wconf 89' lang='lat' dir='ltr'><strong>et</strong></span> <span class='ocrx_word' id='word_1_660' title='bbox 2663 3799 2803 3838; x_wconf 91' lang='lat' dir='ltr'><strong>nunc</strong></span> <span class='ocrx_word' id='word_1_661' title='bbox 2848 3798 3070 3852; x_wconf 85' lang='lat' dir='ltr'><strong>serpens</strong></span> <span class='ocrx_word' id='word_1_662' title='bbox 3099 3784 3342 3837; x_wconf 79' lang='lat' dir='ltr'><strong>simi&#39;iter</strong></span> <span class='ocrx_word' id='word_1_663' title='bbox 3369 3783 3526 3837; x_wconf 86' lang='lat' dir='ltr'><strong>sedu-</strong></span> 
     </span>
    </p>
   </div>
   <div class='ocr_carea' id='block_1_84' title="bbox 1961 3876 3525 3947">
    <p class='ocr_par' dir='ltr' id='par_1_84' title="bbox 1961 3876 3525 3947">
     <span class='ocr_line' id='line_1_84' title="bbox 1961 3876 3525 3947; baseline -0.003 -14"><span class='ocrx_word' id='word_1_664' title='bbox 1961 3880 2063 3944; x_wconf 90' lang='lat' dir='ltr'><strong>cit,</strong></span> <span class='ocrx_word' id='word_1_665' title='bbox 2108 3879 2406 3947; x_wconf 77' lang='lat' dir='ltr'><strong>gchennam</strong></span> <span class='ocrx_word' id='word_1_666' title='bbox 2464 3886 2684 3944; x_wconf 86' lang='lat' dir='ltr'><strong>propter</strong></span> <span class='ocrx_word' id='word_1_667' title='bbox 2741 3876 2912 3929; x_wconf 85' lang='lat' dir='ltr'><strong>solum</strong></span> <span class='ocrx_word' id='word_1_668' title='bbox 2972 3887 3229 3927; x_wconf 88' lang='lat' dir='ltr'><strong>terrorem</strong></span> <span class='ocrx_word' id='word_1_669' title='bbox 3280 3888 3525 3928; x_wconf 74' lang='lat' dir='ltr'><strong>asserens</strong></span> 
     </span>
    </p>
   </div>
   <div class='ocr_carea' id='block_1_85' title="bbox 1962 3970 3526 4031">
    <p class='ocr_par' dir='ltr' id='par_1_85' title="bbox 1962 3970 3526 4031">
     <span class='ocr_line' id='line_1_85' title="bbox 1962 3970 3526 4031; baseline -0.001 -7"><span class='ocrx_word' id='word_1_670' title='bbox 1962 3971 2262 4024; x_wconf 83' lang='lat' dir='ltr'><strong>nominari:</strong></span> <span class='ocrx_word' id='word_1_671' title='bbox 2287 3984 2402 4023; x_wconf 87' lang='lat' dir='ltr'><strong>eam</strong></span> <span class='ocrx_word' id='word_1_672' title='bbox 2435 3981 2611 4023; x_wconf 89' lang='lat' dir='ltr'><strong>autem</strong></span> <span class='ocrx_word' id='word_1_673' title='bbox 2641 3976 2729 4020; x_wconf 85' lang='lat' dir='ltr'><strong>aut</strong></span> <span class='ocrx_word' id='word_1_674' title='bbox 2753 3982 2855 4021; x_wconf 91' lang='lat' dir='ltr'><strong>non</strong></span> <span class='ocrx_word' id='word_1_675' title='bbox 2884 3981 3002 4021; x_wconf 90' lang='lat' dir='ltr'><strong>esse</strong></span> <span class='ocrx_word' id='word_1_676' title='bbox 3029 3970 3267 4031; x_wconf 87' lang='lat' dir='ltr'><strong>omnino,</strong></span> <span class='ocrx_word' id='word_1_677' title='bbox 3298 3977 3390 4022; x_wconf 87' lang='lat' dir='ltr'><strong>aut</strong></span> <span class='ocrx_word' id='word_1_678' title='bbox 3420 3984 3526 4023; x_wconf 90' lang='lat' dir='ltr'><strong>non</strong></span> 
     </span>
    </p>
   </div>
   <div class='ocr_carea' id='block_1_86' title="bbox 1960 4055 3530 4113">
    <p class='ocr_par' dir='ltr' id='par_1_86' title="bbox 1960 4055 3530 4113">
     <span class='ocr_line' id='line_1_86' title="bbox 1960 4055 3530 4113; baseline -0.001 -1"><span class='ocrx_word' id='word_1_679' title='bbox 1960 4072 2216 4113; x_wconf 74' lang='lat' dir='ltr'><strong>mternam</strong></span> <span class='ocrx_word' id='word_1_680' title='bbox 2247 4072 2367 4112; x_wconf 86' lang='lat' dir='ltr'><strong>esse</strong></span> <span class='ocrx_word' id='word_1_681' title='bbox 2393 4058 2736 4111; x_wconf 76' lang='lat' dir='ltr'><strong>confirmans.</strong></span> <span class='ocrx_word' id='word_1_682' title='bbox 2773 4055 2837 4108; x_wconf 83' lang='lat' dir='ltr'><strong>Et</strong></span> <span class='ocrx_word' id='word_1_683' title='bbox 2866 4056 3118 4110; x_wconf 70' lang='lat' dir='ltr'><strong>excidant.</strong></span> <span class='ocrx_word' id='word_1_684' title='bbox 3150 4056 3197 4111; x_wconf 84' lang='lat' dir='ltr'><strong>A</strong></span> <span class='ocrx_word' id='word_1_685' title='bbox 3225 4072 3349 4111; x_wconf 87' lang='lat' dir='ltr'><strong>vera</strong></span> <span class='ocrx_word' id='word_1_686' title='bbox 3371 4060 3530 4111; x_wconf 89' lang='lat' dir='ltr'><strong>casti-</strong></span> 
     </span>
    </p>
   </div>
   <div class='ocr_carea' id='block_1_87' title="bbox 1961 4146 3529 4220">
    <p class='ocr_par' dir='ltr' id='par_1_87' title="bbox 1961 4146 3529 4220">
     <span class='ocr_line' id='line_1_87' title="bbox 1961 4146 3529 4220; baseline -0.001 -16"><span class='ocrx_word' id='word_1_687' title='bbox 1961 4162 2087 4206; x_wconf 88' lang='lat' dir='ltr'><strong>tate.</strong></span> <span class='ocrx_word' id='word_1_688' title='bbox 2123 4153 2164 4204; x_wconf 85' lang='lat' dir='ltr'><strong><em>A</em></strong></span> <span class='ocrx_word' id='word_1_689' title='bbox 2192 4150 2534 4220; x_wconf 87' lang='lat' dir='ltr'><strong>simplicitate.</strong></span> <span class='ocrx_word' id='word_1_690' title='bbox 2584 4146 2772 4201; x_wconf 81' lang='lat' dir='ltr'><strong>Castus</strong></span> <span class='ocrx_word' id='word_1_691' title='bbox 2801 4161 2993 4202; x_wconf 86' lang='lat' dir='ltr'><strong>sensus</strong></span> <span class='ocrx_word' id='word_1_692' title='bbox 3022 4157 3133 4213; x_wconf 86' lang='lat' dir='ltr'><strong>est,</strong></span> <span class='ocrx_word' id='word_1_693' title='bbox 3159 4150 3248 4218; x_wconf 88' lang='lat' dir='ltr'><strong>qui</strong></span> <span class='ocrx_word' id='word_1_694' title='bbox 3281 4148 3370 4203; x_wconf 87' lang='grc' dir='ltr'><strong>ιιιιί</strong></span> <span class='ocrx_word' id='word_1_695' title='bbox 3410 4149 3529 4203; x_wconf 87' lang='lat' dir='ltr'><strong>viro</strong></span> 
     </span>
    </p>
   </div>
   <div class='ocr_carea' id='block_1_88' title="bbox 1961 4239 3527 4315">
    <p class='ocr_par' dir='ltr' id='par_1_88' title="bbox 1961 4239 3527 4315">
     <span class='ocr_line' id='line_1_88' title="bbox 1961 4239 3527 4315; baseline -0.003 -16"><span class='ocrx_word' id='word_1_696' title='bbox 1961 4247 2172 4315; x_wconf 86' lang='lat' dir='ltr'><strong>placere</strong></span> <span class='ocrx_word' id='word_1_697' title='bbox 2202 4244 2489 4307; x_wconf 86' lang='lat' dir='ltr'><strong>desiderat,</strong></span> <span class='ocrx_word' id='word_1_698' title='bbox 2522 4252 2573 4297; x_wconf 84' lang='lat' dir='ltr'><strong>et</strong></span> <span class='ocrx_word' id='word_1_699' title='bbox 2601 4243 2682 4294; x_wconf 86' lang='lat' dir='ltr'><strong>cui</strong></span> <span class='ocrx_word' id='word_1_700' title='bbox 2725 4242 2839 4307; x_wconf 89' lang='lat' dir='ltr'><strong>ejus</strong></span> <span class='ocrx_word' id='word_1_701' title='bbox 2869 4241 3032 4295; x_wconf 91' lang='lat' dir='ltr'><strong>solius</strong></span> <span class='ocrx_word' id='word_1_702' title='bbox 3070 4242 3235 4295; x_wconf 87' lang='lat' dir='ltr'><strong>semel</strong></span> <span class='ocrx_word' id='word_1_703' title='bbox 3267 4239 3527 4308; x_wconf 76' lang='lat' dir='ltr'><strong>promissa</strong></span> 
     </span>
    </p>
   </div>
   <div class='ocr_carea' id='block_1_89' title="bbox 1962 4330 3528 4399">
    <p class='ocr_par' dir='ltr' id='par_1_89' title="bbox 1962 4330 3528 4399">
     <span class='ocr_line' id='line_1_89' title="bbox 1962 4330 3528 4399; baseline -0.003 -10"><span class='ocrx_word' id='word_1_704' title='bbox 1962 4335 2246 4390; x_wconf 79' lang='lat' dir='ltr'><strong>sufﬁciant.</strong></span> <span class='ocrx_word' id='word_1_705' title='bbox 2279 4334 2402 4399; x_wconf 73' lang='lat' dir='ltr'><strong>Qua:</strong></span> <span class='ocrx_word' id='word_1_706' title='bbox 2448 4344 2519 4387; x_wconf 83' lang='lat' dir='ltr'><strong>est</strong></span> <span class='ocrx_word' id='word_1_707' title='bbox 2559 4332 2610 4385; x_wconf 88' lang='lat' dir='ltr'><strong>in</strong></span> <span class='ocrx_word' id='word_1_708' title='bbox 2655 4332 2877 4383; x_wconf 79' lang='lat' dir='ltr'><strong>Christo.</strong></span> <span class='ocrx_word' id='word_1_709' title='bbox 2914 4331 3047 4385; x_wconf 82' lang='lat' dir='ltr'><strong>Esse</strong></span> <span class='ocrx_word' id='word_1_710' title='bbox 3098 4330 3189 4384; x_wconf 91' lang='lat' dir='ltr'><strong>Dei</strong></span> <span class='ocrx_word' id='word_1_711' title='bbox 3222 4332 3377 4384; x_wconf 83' lang='lat' dir='ltr'><strong>verba</strong></span> <span class='ocrx_word' id='word_1_712' title='bbox 3409 4346 3528 4385; x_wconf 40' lang='lat' dir='ltr'><strong>ere,</strong></span> 
     </span>
    </p>
   </div>
   <div class='ocr_carea' id='block_1_90' title="bbox 1962 4418 3528 4489">
    <p class='ocr_par' dir='ltr' id='par_1_90' title="bbox 1962 4418 3528 4489">
     <span class='ocr_line' id='line_1_90' title="bbox 1962 4418 3528 4489; baseline -0.004 -10"><span class='ocrx_word' id='word_1_713' title='bbox 1962 4426 2126 4481; x_wconf 87' lang='lat' dir='ltr'><strong>denti.</strong></span> <span class='ocrx_word' id='word_1_714' title='bbox 2162 4424 2299 4478; x_wconf 85' lang='lat' dir='ltr'><strong>Nam</strong></span> <span class='ocrx_word' id='word_1_715' title='bbox 2332 4424 2377 4477; x_wconf 84' lang='lat' dir='ltr'><strong>si</strong></span> <span class='ocrx_word' id='word_1_716' title='bbox 2404 4424 2448 4477; x_wconf 88' lang='lat' dir='ltr'><strong>is</strong></span> <span class='ocrx_word' id='word_1_717' title='bbox 2475 4424 2561 4489; x_wconf 88' lang='lat' dir='ltr'><strong>qui</strong></span> <span class='ocrx_word' id='word_1_718' title='bbox 2598 4424 2749 4482; x_wconf 64' lang='lat' dir='ltr'><strong>venit,</strong></span> <span class='ocrx_word' id='word_1_719' title='bbox 2795 4422 2955 4474; x_wconf 85' lang='lat' dir='ltr'><strong>alium</strong></span> <span class='ocrx_word' id='word_1_720' title='bbox 2985 4418 3240 4475; x_wconf 81' lang='lat' dir='ltr'><strong>Christum</strong></span> <span class='ocrx_word' id='word_1_721' title='bbox 3266 4421 3528 4488; x_wconf 62' lang='lat' dir='ltr'><strong>praedicat,</strong></span> 
     </span>
    </p>
   </div>
   <div class='ocr_carea' id='block_1_91' title="bbox 293 4496 3531 4587">
    <p class='ocr_par' dir='ltr' id='par_1_91' title="bbox 293 4496 3531 4587">
     <span class='ocr_line' id='line_1_91' title="bbox 293 4496 3531 4587; baseline 0 -23"><span class='ocrx_word' id='word_1_722' title='bbox 293 4513 364 4566; x_wconf 80' lang='lat' dir='ltr'><strong>illi</strong></span> <span class='ocrx_word' id='word_1_723' title='bbox 406 4513 517 4580; x_wconf 86' lang='lat' dir='ltr'><strong>qui,</strong></span> <span class='ocrx_word' id='word_1_724' title='bbox 559 4527 678 4565; x_wconf 91' lang='lat' dir='ltr'><strong>cum</strong></span> <span class='ocrx_word' id='word_1_725' title='bbox 733 4527 763 4564; x_wconf 94' lang='lat' dir='ltr'><strong>n</strong></span> <span class='ocrx_word' id='word_1_726' title='bbox 792 4511 859 4566; x_wconf 85' lang='lat' dir='ltr'><strong>hil</strong></span> <span class='ocrx_word' id='word_1_727' title='bbox 908 4513 1042 4575; x_wconf 87' lang='lat' dir='ltr'><strong>sint,</strong></span> <span class='ocrx_word' id='word_1_728' title='bbox 1078 4528 1182 4565; x_wconf 91' lang='lat' dir='ltr'><strong>non</strong></span> <span class='ocrx_word' id='word_1_729' title='bbox 1231 4512 1388 4566; x_wconf 88' lang='lat' dir='ltr'><strong>modo</strong></span> <span class='ocrx_word' id='word_1_730' title='bbox 1418 4528 1476 4566; x_wconf 88' lang='lat' dir='ltr'><strong>se</strong></span> <span class='ocrx_word' id='word_1_731' title='bbox 1506 4524 1737 4582; x_wconf 71' lang='lat' dir='ltr'><strong>mquam,</strong></span> <span class='ocrx_word' id='word_1_732' title='bbox 1765 4514 1856 4567; x_wconf 87' lang='lat' dir='ltr'><strong>sed</strong></span> <span class='ocrx_word' id='word_1_733' title='bbox 1891 4496 1938 4554; x_wconf 82' lang='grc' dir='ltr'><strong>Ῑ)</strong></span> <span class='ocrx_word' id='word_1_734' title='bbox 1965 4533 2105 4587; x_wconf 78' lang='lat' dir='ltr'><strong>quem</strong></span> <span class='ocrx_word' id='word_1_735' title='bbox 2137 4532 2237 4569; x_wconf 88' lang='lat' dir='ltr'><strong>non</strong></span> <span class='ocrx_word' id='word_1_736' title='bbox 2272 4516 2654 4582; x_wconf 77' lang='lat' dir='ltr'><strong>prtedicavimus</strong></span> <span class='ocrx_word' id='word_1_737' title='bbox 2675 4554 2689 4578; x_wconf 87' lang='lat'><strong>,</strong></span> <span class='ocrx_word' id='word_1_738' title='bbox 2715 4522 2802 4565; x_wconf 83' lang='lat' dir='ltr'><strong>aut</strong></span> <span class='ocrx_word' id='word_1_739' title='bbox 2834 4513 2995 4565; x_wconf 86' lang='lat' dir='ltr'><strong>alium</strong></span> <span class='ocrx_word' id='word_1_740' title='bbox 3020 4511 3255 4580; x_wconf 77' lang='lat' dir='ltr'><strong>spiritum</strong></span> <span class='ocrx_word' id='word_1_741' title='bbox 3281 4512 3531 4578; x_wconf 84' lang='lat' dir='ltr'><strong>accipitis,</strong></span> 
     </span>
    </p>
   </div>
   <div class='ocr_carea' id='block_1_92' title="bbox 290 4602 1859 4671">
    <p class='ocr_par' dir='ltr' id='par_1_92' title="bbox 290 4602 1859 4671">
     <span class='ocr_line' id='line_1_92' title="bbox 290 4602 1859 4671; baseline 0.001 -16"><span class='ocrx_word' id='word_1_742' title='bbox 290 4604 446 4658; x_wconf 81' lang='lat' dir='ltr'><strong>etiam</strong></span> <span class='ocrx_word' id='word_1_743' title='bbox 465 4611 813 4670; x_wconf 77' lang='lat' dir='ltr'><strong>anteponunt.</strong></span> <span class='ocrx_word' id='word_1_744' title='bbox 833 4602 943 4655; x_wconf 83' lang='lat' dir='ltr'><strong>Nos</strong></span> <span class='ocrx_word' id='word_1_745' title='bbox 956 4613 1121 4655; x_wconf 87' lang='lat' dir='ltr'><strong>autem</strong></span> <span class='ocrx_word' id='word_1_746' title='bbox 1145 4618 1242 4657; x_wconf 87' lang='lat' dir='ltr'><strong>non</strong></span> <span class='ocrx_word' id='word_1_747' title='bbox 1267 4606 1319 4656; x_wconf 87' lang='lat' dir='ltr'><strong>in</strong></span> <span class='ocrx_word' id='word_1_748' title='bbox 1344 4606 1639 4657; x_wconf 86' lang='lat' dir='ltr'><strong>immensum</strong></span> <span class='ocrx_word' id='word_1_749' title='bbox 1663 4606 1859 4671; x_wconf 86' lang='lat' dir='ltr'><strong>gloria-</strong></span> 
     </span>
    </p>
   </div>
   <div class='ocr_carea' id='block_1_93' title="bbox 292 4692 1862 4767">
    <p class='ocr_par' dir='ltr' id='par_1_93' title="bbox 292 4692 1862 4767">
     <span class='ocr_line' id='line_1_93' title="bbox 292 4692 1862 4767; baseline 0.004 -21"><span class='ocrx_word' id='word_1_750' title='bbox 292 4694 475 4759; x_wconf 84' lang='lat' dir='ltr'><strong>binmr,</strong></span> <span class='ocrx_word' id='word_1_751' title='bbox 506 4692 596 4748; x_wconf 82' lang='lat' dir='ltr'><strong>sed</strong></span> <span class='ocrx_word' id='word_1_752' title='bbox 642 4693 916 4748; x_wconf 85' lang='lat' dir='ltr'><strong>secundum</strong></span> <span class='ocrx_word' id='word_1_753' title='bbox 960 4708 1247 4749; x_wconf 84' lang='lat' dir='ltr'><strong>mensuram</strong></span> <span class='ocrx_word' id='word_1_754' title='bbox 1288 4692 1481 4767; x_wconf 73' lang='lat' dir='ltr'><strong>regula:</strong></span> <span class='ocrx_word' id='word_1_755' title='bbox 1521 4711 1618 4766; x_wconf 78' lang='lat' dir='ltr'><strong>qua</strong></span> <span class='ocrx_word' id='word_1_756' title='bbox 1660 4711 1862 4752; x_wconf 64' lang='lat' dir='ltr'><strong>niensus</strong></span> 
     </span>
    </p>
   </div>
   <div class='ocr_carea' id='block_1_94' title="bbox 296 4786 1860 4858">
    <p class='ocr_par' dir='ltr' id='par_1_94' title="bbox 296 4786 1860 4858">
     <span class='ocr_line' id='line_1_94' title="bbox 296 4786 1860 4858; baseline 0.004 -21"><span class='ocrx_word' id='word_1_757' title='bbox 296 4795 365 4838; x_wconf 87' lang='lat' dir='ltr'><strong>est</strong></span> <span class='ocrx_word' id='word_1_758' title='bbox 397 4788 543 4839; x_wconf 82' lang='lat' dir='ltr'><strong>nobis</strong></span> <span class='ocrx_word' id='word_1_759' title='bbox 577 4786 731 4850; x_wconf 87' lang='lat' dir='ltr'><strong>Deus,</strong></span> <span class='ocrx_word' id='word_1_760' title='bbox 761 4804 1046 4841; x_wconf 85' lang='lat' dir='ltr'><strong>mensuram</strong></span> <span class='ocrx_word' id='word_1_761' title='bbox 1087 4790 1401 4857; x_wconf 86' lang='lat' dir='ltr'><strong>pertingendi</strong></span> <span class='ocrx_word' id='word_1_762' title='bbox 1448 4806 1605 4858; x_wconf 87' lang='lat' dir='ltr'><strong>usque</strong></span> <span class='ocrx_word' id='word_1_763' title='bbox 1642 4792 1709 4841; x_wconf 91' lang='lat' dir='ltr'><strong>ad</strong></span> <span class='ocrx_word' id='word_1_764' title='bbox 1736 4806 1860 4844; x_wconf 87' lang='lat' dir='ltr'><strong>vos:</strong></span> 
     </span>
    </p>
   </div>
   <div class='ocr_carea' id='block_1_95' title="bbox 295 4883 1859 4953">
    <p class='ocr_par' dir='ltr' id='par_1_95' title="bbox 295 4883 1859 4953">
     <span class='ocr_line' id='line_1_95' title="bbox 295 4883 1859 4953; baseline 0.002 -21"><span class='ocrx_word' id='word_1_765' title='bbox 295 4898 394 4933; x_wconf 86' lang='lat' dir='ltr'><strong>non</strong></span> <span class='ocrx_word' id='word_1_766' title='bbox 418 4884 554 4936; x_wconf 84' lang='lat' dir='ltr'><strong>enim</strong></span> <span class='ocrx_word' id='word_1_767' title='bbox 584 4883 731 4952; x_wconf 88' lang='lat' dir='ltr'><strong>quasi</strong></span> <span class='ocrx_word' id='word_1_768' title='bbox 757 4898 856 4936; x_wconf 89' lang='lat' dir='ltr'><strong>non</strong></span> <span class='ocrx_word' id='word_1_769' title='bbox 896 4885 1230 4953; x_wconf 83' lang='lat' dir='ltr'><strong>pertingentes</strong></span> <span class='ocrx_word' id='word_1_770' title='bbox 1265 4883 1332 4934; x_wconf 89' lang='lat' dir='ltr'><strong>ad</strong></span> <span class='ocrx_word' id='word_1_771' title='bbox 1362 4899 1446 4935; x_wconf 89' lang='lat' dir='ltr'><strong>vos</strong></span> <span class='ocrx_word' id='word_1_772' title='bbox 1484 4898 1697 4951; x_wconf 45' lang='lat' dir='ltr'><strong>superet</strong></span> <span class='ocrx_word' id='word_1_773' title='bbox 1721 4884 1859 4935; x_wconf 86' lang='lat' dir='ltr'><strong>endi-</strong></span> 
     </span>
    </p>
   </div>
   <div class='ocr_carea' id='block_1_96' title="bbox 295 4972 1863 5042">
    <p class='ocr_par' dir='ltr' id='par_1_96' title="bbox 295 4972 1863 5042">
     <span class='ocr_line' id='line_1_96' title="bbox 295 4972 1863 5042; baseline 0.002 -19"><span class='ocrx_word' id='word_1_774' title='bbox 295 4988 406 5025; x_wconf 84' lang='lat' dir='ltr'><strong>mus</strong></span> <span class='ocrx_word' id='word_1_775' title='bbox 433 4988 546 5027; x_wconf 89' lang='lat' dir='ltr'><strong>nos.</strong></span> <span class='ocrx_word' id='word_1_776' title='bbox 580 4972 724 5027; x_wconf 79' lang='lat' dir='ltr'><strong>Nihil</strong></span> <span class='ocrx_word' id='word_1_777' title='bbox 755 4987 914 5042; x_wconf 87' lang='lat' dir='ltr'><strong>super</strong></span> <span class='ocrx_word' id='word_1_778' title='bbox 944 4974 1211 5039; x_wconf 89' lang='lat' dir='ltr'><strong>homines,</strong></span> <span class='ocrx_word' id='word_1_779' title='bbox 1240 4975 1332 5028; x_wconf 91' lang='lat' dir='ltr'><strong>sed</strong></span> <span class='ocrx_word' id='word_1_780' title='bbox 1364 4974 1675 5041; x_wconf 74' lang='lat' dir='ltr'><strong>inquantutn</strong></span> <span class='ocrx_word' id='word_1_781' title='bbox 1711 4977 1863 5026; x_wconf 77' lang='lat' dir='ltr'><strong>nobis</strong></span> 
     </span>
    </p>
   </div>
   <div class='ocr_carea' id='block_1_97' title="bbox 299 5063 1862 5136">
    <p class='ocr_par' dir='ltr' id='par_1_97' title="bbox 299 5063 1862 5136">
     <span class='ocr_line' id='line_1_97' title="bbox 299 5063 1862 5136; baseline 0.001 -20"><span class='ocrx_word' id='word_1_782' title='bbox 299 5063 436 5119; x_wconf 87' lang='lat' dir='ltr'><strong>Deus</strong></span> <span class='ocrx_word' id='word_1_783' title='bbox 458 5066 661 5120; x_wconf 85' lang='lat' dir='ltr'><strong>donare</strong></span> <span class='ocrx_word' id='word_1_784' title='bbox 687 5065 933 5134; x_wconf 77' lang='lat' dir='ltr'><strong>dignatus</strong></span> <span class='ocrx_word' id='word_1_785' title='bbox 956 5076 1059 5132; x_wconf 89' lang='lat' dir='ltr'><strong>est,</strong></span> <span class='ocrx_word' id='word_1_786' title='bbox 1083 5067 1134 5120; x_wconf 91' lang='lat' dir='ltr'><strong>id</strong></span> <span class='ocrx_word' id='word_1_787' title='bbox 1158 5074 1239 5120; x_wconf 86' lang='lat' dir='ltr'><strong>est</strong></span> <span class='ocrx_word' id='word_1_788' title='bbox 1265 5067 1594 5136; x_wconf 87' lang='lat' dir='ltr'><strong>apostolatus</strong></span> <span class='ocrx_word' id='word_1_789' title='bbox 1619 5065 1862 5134; x_wconf 62' lang='lat' dir='ltr'><strong>gradum,</strong></span> 
     </span>
    </p>
   </div>
   <div class='ocr_carea' id='block_1_98' title="bbox 296 5154 1898 5233">
    <p class='ocr_par' dir='ltr' id='par_1_98' title="bbox 296 5154 1898 5233">
     <span class='ocr_line' id='line_1_98' title="bbox 296 5154 1898 5233; baseline -0.001 -24"><span class='ocrx_word' id='word_1_790' title='bbox 296 5170 387 5221; x_wconf 86' lang='lat' dir='ltr'><strong>per</strong></span> <span class='ocrx_word' id='word_1_791' title='bbox 418 5171 577 5222; x_wconf 83' lang='lat' dir='ltr'><strong>quam</strong></span> <span class='ocrx_word' id='word_1_792' title='bbox 615 5155 775 5210; x_wconf 85' lang='lat' dir='ltr'><strong>etiam</strong></span> <span class='ocrx_word' id='word_1_793' title='bbox 811 5155 961 5209; x_wconf 86' lang='lat' dir='ltr'><strong>vobis</strong></span> <span class='ocrx_word' id='word_1_794' title='bbox 1005 5155 1301 5210; x_wconf 86' lang='lat' dir='ltr'><strong>Corinthiis</strong></span> <span class='ocrx_word' id='word_1_795' title='bbox 1349 5156 1721 5224; x_wconf 68' lang='lat' dir='ltr'><strong>praedicamus.</strong></span> <span class='ocrx_word' id='word_1_796' title='bbox 1750 5154 1898 5233; x_wconf 40' lang='lat' dir='ltr'><strong>Non.</strong></span> 
     </span>
    </p>
   </div>
   <div class='ocr_carea' id='block_1_99' title="bbox 297 5244 1867 5325">
    <p class='ocr_par' dir='ltr' id='par_1_99' title="bbox 297 5244 1867 5325">
     <span class='ocr_line' id='line_1_99' title="bbox 297 5244 1867 5325; baseline 0.001 -29"><span class='ocrx_word' id='word_1_797' title='bbox 297 5248 435 5297; x_wconf 76' lang='lat' dir='ltr'><strong>etiim</strong></span> <span class='ocrx_word' id='word_1_798' title='bbox 466 5245 565 5299; x_wconf 91' lang='lat' dir='ltr'><strong>hoc</strong></span> <span class='ocrx_word' id='word_1_799' title='bbox 596 5245 937 5314; x_wconf 89' lang='lat' dir='ltr'><strong>usurpatione</strong></span> <span class='ocrx_word' id='word_1_800' title='bbox 968 5244 1215 5314; x_wconf 79' lang='lat' dir='ltr'><strong>facimus,</strong></span> <span class='ocrx_word' id='word_1_801' title='bbox 1245 5247 1336 5299; x_wconf 85' lang='lat' dir='ltr'><strong>sed</strong></span> <span class='ocrx_word' id='word_1_802' title='bbox 1371 5255 1659 5325; x_wconf 67' lang='lat' dir='ltr'><strong>praecepto.</strong></span> <span class='ocrx_word' id='word_1_803' title='bbox 1696 5244 1867 5314; x_wconf 83' lang='lat' dir='ltr'><strong>Usque</strong></span> 
     </span>
    </p>
   </div>
   <div class='ocr_carea' id='block_1_100' title="bbox 297 5336 1864 5410">
    <p class='ocr_par' dir='ltr' id='par_1_100' title="bbox 297 5336 1864 5410">
     <span class='ocr_line' id='line_1_100' title="bbox 297 5336 1864 5410; baseline 0.001 -22"><span class='ocrx_word' id='word_1_804' title='bbox 297 5338 363 5388; x_wconf 84' lang='lat' dir='ltr'><strong>ad</strong></span> <span class='ocrx_word' id='word_1_805' title='bbox 383 5354 469 5391; x_wconf 77' lang='lat' dir='ltr'><strong>vos</strong></span> <span class='ocrx_word' id='word_1_806' title='bbox 495 5340 629 5391; x_wconf 84' lang='lat' dir='ltr'><strong>enim</strong></span> <span class='ocrx_word' id='word_1_807' title='bbox 669 5339 982 5407; x_wconf 82' lang='lat' dir='ltr'><strong>pervenimus</strong></span> <span class='ocrx_word' id='word_1_808' title='bbox 1027 5340 1080 5390; x_wconf 90' lang='lat' dir='ltr'><strong>in</strong></span> <span class='ocrx_word' id='word_1_809' title='bbox 1110 5337 1389 5410; x_wconf 83' lang='lat' dir='ltr'><strong>Evangelia</strong></span> <span class='ocrx_word' id='word_1_810' title='bbox 1419 5338 1627 5392; x_wconf 84' lang='lat' dir='ltr'><strong>Christi.</strong></span> <span class='ocrx_word' id='word_1_811' title='bbox 1670 5337 1781 5390; x_wconf 87' lang='lat' dir='ltr'><strong>Non</strong></span> <span class='ocrx_word' id='word_1_812' title='bbox 1811 5336 1864 5390; x_wconf 88' lang='lat' dir='ltr'><strong>in</strong></span> 
     </span>
    </p>
   </div>
   <div class='ocr_carea' id='block_1_101' title="bbox 299 5428 1868 5498">
    <p class='ocr_par' dir='ltr' id='par_1_101' title="bbox 299 5428 1868 5498">
     <span class='ocr_line' id='line_1_101' title="bbox 299 5428 1868 5498; baseline 0.001 -20"><span class='ocrx_word' id='word_1_813' title='bbox 299 5438 500 5491; x_wconf 84' lang='lat' dir='ltr'><strong>nostro.</strong></span> <span class='ocrx_word' id='word_1_814' title='bbox 533 5428 653 5481; x_wconf 79' lang='lat' dir='ltr'><strong>Non</strong></span> <span class='ocrx_word' id='word_1_815' title='bbox 676 5430 727 5480; x_wconf 90' lang='lat' dir='ltr'><strong>in</strong></span> <span class='ocrx_word' id='word_1_816' title='bbox 757 5430 1060 5482; x_wconf 87' lang='lat' dir='ltr'><strong>immensum</strong></span> <span class='ocrx_word' id='word_1_817' title='bbox 1090 5428 1363 5498; x_wconf 61' lang='lat' dir='ltr'><strong>gloriattes</strong></span> <span class='ocrx_word' id='word_1_818' title='bbox 1387 5428 1441 5481; x_wconf 89' lang='lat' dir='ltr'><strong>in</strong></span> <span class='ocrx_word' id='word_1_819' title='bbox 1470 5429 1651 5481; x_wconf 85' lang='lat' dir='ltr'><strong>alienis</strong></span> <span class='ocrx_word' id='word_1_820' title='bbox 1678 5428 1868 5488; x_wconf 85' lang='lat' dir='ltr'><strong>labori-</strong></span> 
     </span>
    </p>
   </div>
   <div class='ocr_carea' id='block_1_102' title="bbox 298 5516 1865 5585">
    <p class='ocr_par' dir='ltr' id='par_1_102' title="bbox 298 5516 1865 5585">
     <span class='ocr_line' id='line_1_102' title="bbox 298 5516 1865 5585; baseline 0.001 -18"><span class='ocrx_word' id='word_1_821' title='bbox 298 5517 410 5569; x_wconf 85' lang='lat' dir='ltr'><strong>bus.</strong></span> <span class='ocrx_word' id='word_1_822' title='bbox 438 5518 759 5571; x_wconf 84' lang='lat' dir='ltr'><strong>lmtuensum</strong></span> <span class='ocrx_word' id='word_1_823' title='bbox 786 5526 868 5571; x_wconf 83' lang='lat' dir='ltr'><strong>est</strong></span> <span class='ocrx_word' id='word_1_824' title='bbox 890 5516 941 5570; x_wconf 87' lang='lat' dir='ltr'><strong>in</strong></span> <span class='ocrx_word' id='word_1_825' title='bbox 965 5516 1159 5571; x_wconf 87' lang='lat' dir='ltr'><strong>alienis</strong></span> <span class='ocrx_word' id='word_1_826' title='bbox 1188 5516 1459 5572; x_wconf 88' lang='lat' dir='ltr'><strong>laboribus</strong></span> <span class='ocrx_word' id='word_1_827' title='bbox 1480 5516 1720 5585; x_wconf 73' lang='lat' dir='ltr'><strong>gloriari,</strong></span> <span class='ocrx_word' id='word_1_828' title='bbox 1744 5516 1865 5584; x_wconf 88' lang='lat' dir='ltr'><strong>quia</strong></span> 
     </span>
    </p>
   </div>
   <div class='ocr_carea' id='block_1_103' title="bbox 300 5605 1869 5676">
    <p class='ocr_par' dir='ltr' id='par_1_103' title="bbox 300 5605 1869 5676">
     <span class='ocr_line' id='line_1_103' title="bbox 300 5605 1869 5676; baseline -0.001 -18"><span class='ocrx_word' id='word_1_829' title='bbox 300 5608 375 5659; x_wconf 89' lang='lat' dir='ltr'><strong>illi</strong></span> <span class='ocrx_word' id='word_1_830' title='bbox 404 5620 615 5675; x_wconf 81' lang='lat' dir='ltr'><strong>semper</strong></span> <span class='ocrx_word' id='word_1_831' title='bbox 642 5605 707 5659; x_wconf 87' lang='lat' dir='ltr'><strong>ad</strong></span> <span class='ocrx_word' id='word_1_832' title='bbox 737 5606 919 5660; x_wconf 86' lang='lat' dir='ltr'><strong>tideles</strong></span> <span class='ocrx_word' id='word_1_833' title='bbox 949 5607 1120 5675; x_wconf 89' lang='lat' dir='ltr'><strong>ibant,</strong></span> <span class='ocrx_word' id='word_1_834' title='bbox 1146 5607 1236 5675; x_wconf 88' lang='lat' dir='ltr'><strong>qui</strong></span> <span class='ocrx_word' id='word_1_835' title='bbox 1261 5608 1412 5676; x_wconf 69' lang='lat' dir='ltr'><strong>signa</strong></span> <span class='ocrx_word' id='word_1_836' title='bbox 1442 5606 1663 5660; x_wconf 90' lang='lat' dir='ltr'><strong>minime</strong></span> <span class='ocrx_word' id='word_1_837' title='bbox 1693 5606 1869 5673; x_wconf 88' lang='lat' dir='ltr'><strong>requi-</strong></span> 
     </span>
    </p>
   </div>
   <div class='ocr_carea' id='block_1_104' title="bbox 298 5699 1861 5769">
    <p class='ocr_par' dir='ltr' id='par_1_104' title="bbox 298 5699 1861 5769">
     <span class='ocr_line' id='line_1_104' title="bbox 298 5699 1861 5769; baseline -0.002 -15"><span class='ocrx_word' id='word_1_838' title='bbox 298 5705 501 5757; x_wconf 77' lang='lat' dir='ltr'><strong>rebant.</strong></span> <span class='ocrx_word' id='word_1_839' title='bbox 536 5701 692 5769; x_wconf 87' lang='lat' dir='ltr'><strong>Spem</strong></span> <span class='ocrx_word' id='word_1_840' title='bbox 722 5713 885 5754; x_wconf 88' lang='lat' dir='ltr'><strong>autem</strong></span> <span class='ocrx_word' id='word_1_841' title='bbox 911 5702 1147 5756; x_wconf 81' lang='lat' dir='ltr'><strong>habentes</strong></span> <span class='ocrx_word' id='word_1_842' title='bbox 1174 5702 1439 5756; x_wconf 87' lang='lat' dir='ltr'><strong>crescentis</strong></span> <span class='ocrx_word' id='word_1_843' title='bbox 1468 5701 1587 5768; x_wconf 72' lang='lat' dir='ltr'><strong>ﬁdei</strong></span> <span class='ocrx_word' id='word_1_844' title='bbox 1608 5708 1783 5753; x_wconf 80' lang='lat' dir='ltr'><strong>vestra:</strong></span> <span class='ocrx_word' id='word_1_845' title='bbox 1810 5699 1861 5751; x_wconf 84' lang='lat' dir='ltr'><strong>in</strong></span> 
     </span>
    </p>
   </div>
   <div class='ocr_carea' id='block_1_105' title="bbox 1965 4601 3531 4683">
    <p class='ocr_par' dir='ltr' id='par_1_105' title="bbox 1965 4601 3531 4683">
     <span class='ocr_line' id='line_1_105' title="bbox 1965 4601 3531 4683; baseline -0.001 -25"><span class='ocrx_word' id='word_1_846' title='bbox 1965 4624 2108 4676; x_wconf 85' lang='lat' dir='ltr'><strong>quem</strong></span> <span class='ocrx_word' id='word_1_847' title='bbox 2136 4622 2235 4659; x_wconf 89' lang='lat' dir='ltr'><strong>non</strong></span> <span class='ocrx_word' id='word_1_848' title='bbox 2261 4605 2543 4674; x_wconf 81' lang='lat' dir='ltr'><strong>accepistis,</strong></span> <span class='ocrx_word' id='word_1_849' title='bbox 2573 4613 2658 4655; x_wconf 83' lang='lat' dir='ltr'><strong>aut</strong></span> <span class='ocrx_word' id='word_1_850' title='bbox 2694 4604 2836 4655; x_wconf 84' lang='lat' dir='ltr'><strong>aliud</strong></span> <span class='ocrx_word' id='word_1_851' title='bbox 2872 4601 3228 4683; x_wconf 62' lang='lat' dir='ltr'><strong>Euangelium,</strong></span> <span class='ocrx_word' id='word_1_852' title='bbox 3263 4616 3396 4681; x_wconf 70' lang='lat' dir='ltr'><strong>quod</strong></span> <span class='ocrx_word' id='word_1_853' title='bbox 3432 4627 3531 4663; x_wconf 75' lang='lat' dir='ltr'><strong>mm</strong></span> 
     </span>
    </p>
   </div>
   <div class='ocr_carea' id='block_1_106' title="bbox 1967 4699 3531 4775">
    <p class='ocr_par' dir='ltr' id='par_1_106' title="bbox 1967 4699 3531 4775">
     <span class='ocr_line' id='line_1_106' title="bbox 1967 4699 3531 4775; baseline -0.002 -19"><span class='ocrx_word' id='word_1_854' title='bbox 1967 4699 2242 4775; x_wconf 57' lang='lat' dir='ltr'><strong>rccepistis,</strong></span> <span class='ocrx_word' id='word_1_855' title='bbox 2286 4708 2417 4757; x_wconf 78' lang='lat' dir='ltr'><strong>recte</strong></span> <span class='ocrx_word' id='word_1_856' title='bbox 2445 4704 2765 4772; x_wconf 75' lang='lat' dir='ltr'><strong>pateremim&#39;.</strong></span> <span class='ocrx_word' id='word_1_857' title='bbox 2797 4703 2854 4759; x_wconf 83' lang='lat' dir='ltr'><strong>Si</strong></span> <span class='ocrx_word' id='word_1_858' title='bbox 2885 4704 3035 4757; x_wconf 81' lang='lat' dir='ltr'><strong>vobis</strong></span> <span class='ocrx_word' id='word_1_859' title='bbox 3078 4702 3274 4771; x_wconf 85' lang='lat' dir='ltr'><strong>aliquid</strong></span> <span class='ocrx_word' id='word_1_860' title='bbox 3307 4705 3443 4768; x_wconf 86' lang='lat' dir='ltr'><strong>atupl</strong></span> <span class='ocrx_word' id='word_1_861' title='bbox 3472 4718 3531 4753; x_wconf 87' lang='lat' dir='ltr'><strong>us</strong></span> 
     </span>
    </p>
   </div>
   <div class='ocr_carea' id='block_1_107' title="bbox 1972 4792 3532 4862">
    <p class='ocr_par' dir='ltr' id='par_1_107' title="bbox 1972 4792 3532 4862">
     <span class='ocr_line' id='line_1_107' title="bbox 1972 4792 3532 4862; baseline -0.003 -15"><span class='ocrx_word' id='word_1_862' title='bbox 1972 4803 2307 4862; x_wconf 52' lang='lat' dir='ltr'><strong>pra‘starent,</strong></span> <span class='ocrx_word' id='word_1_863' title='bbox 2333 4808 2488 4861; x_wconf 87' lang='lat' dir='ltr'><strong>quam</strong></span> <span class='ocrx_word' id='word_1_864' title='bbox 2522 4809 2614 4862; x_wconf 81' lang='lat' dir='ltr'><strong>per</strong></span> <span class='ocrx_word' id='word_1_865' title='bbox 2640 4808 2735 4847; x_wconf 90' lang='lat' dir='ltr'><strong>nos</strong></span> <span class='ocrx_word' id='word_1_866' title='bbox 2764 4793 3069 4861; x_wconf 88' lang='lat' dir='ltr'><strong>accepistis,</strong></span> <span class='ocrx_word' id='word_1_867' title='bbox 3093 4803 3236 4845; x_wconf 88' lang='lat' dir='ltr'><strong>recte</strong></span> <span class='ocrx_word' id='word_1_868' title='bbox 3258 4806 3350 4843; x_wconf 88' lang='lat' dir='ltr'><strong>cos</strong></span> <span class='ocrx_word' id='word_1_869' title='bbox 3371 4792 3532 4843; x_wconf 86' lang='lat' dir='ltr'><strong>admi-</strong></span> 
     </span>
    </p>
   </div>
   <div class='ocr_carea' id='block_1_108' title="bbox 1966 4878 3528 4936">
    <p class='ocr_par' dir='ltr' id='par_1_108' title="bbox 1966 4878 3528 4936">
     <span class='ocr_line' id='line_1_108' title="bbox 1966 4878 3528 4936; baseline -0.003 0"><span class='ocrx_word' id='word_1_870' title='bbox 1966 4885 2155 4936; x_wconf 80' lang='lat' dir='ltr'><strong>scratis</strong></span> <span class='ocrx_word' id='word_1_871' title='bbox 2200 4892 2383 4936; x_wconf 89' lang='lat' dir='ltr'><strong>contra</strong></span> <span class='ocrx_word' id='word_1_872' title='bbox 2436 4898 2533 4936; x_wconf 90' lang='lat' dir='ltr'><strong>nos</strong></span> <span class='ocrx_word' id='word_1_873' title='bbox 2579 4884 2852 4935; x_wconf 87' lang='lat' dir='ltr'><strong>venientes</strong></span> <span class='ocrx_word' id='word_1_874' title='bbox 2890 4891 2942 4934; x_wconf 87' lang='lat' dir='ltr'><strong>et</strong></span> <span class='ocrx_word' id='word_1_875' title='bbox 2984 4879 3136 4932; x_wconf 88' lang='lat' dir='ltr'><strong>nobis</strong></span> <span class='ocrx_word' id='word_1_876' title='bbox 3165 4878 3283 4932; x_wconf 89' lang='lat' dir='ltr'><strong>detr</strong></span> <span class='ocrx_word' id='word_1_877' title='bbox 3322 4878 3528 4932; x_wconf 83' lang='lat' dir='ltr'><strong>hentes.</strong></span> 
     </span>
    </p>
   </div>
   <div class='ocr_carea' id='block_1_109' title="bbox 1974 4969 3532 5037">
    <p class='ocr_par' dir='ltr' id='par_1_109' title="bbox 1974 4969 3532 5037">
     <span class='ocr_line' id='line_1_109' title="bbox 1974 4969 3532 5037; baseline -0.004 -8"><span class='ocrx_word' id='word_1_878' title='bbox 1974 4977 2223 5030; x_wconf 73' lang='lat' dir='ltr'><strong>Existimo</strong></span> <span class='ocrx_word' id='word_1_879' title='bbox 2265 4978 2394 5029; x_wconf 78' lang='lat' dir='ltr'><strong>enim</strong></span> <span class='ocrx_word' id='word_1_880' title='bbox 2434 4976 2562 5028; x_wconf 84' lang='lat' dir='ltr'><strong>nihil</strong></span> <span class='ocrx_word' id='word_1_881' title='bbox 2611 4991 2689 5027; x_wconf 89' lang='lat' dir='ltr'><strong>me</strong></span> <span class='ocrx_word' id='word_1_882' title='bbox 2736 4974 2901 5025; x_wconf 86' lang='lat' dir='ltr'><strong>minus</strong></span> <span class='ocrx_word' id='word_1_883' title='bbox 2947 4972 3140 5037; x_wconf 77' lang='lat' dir='ltr'><strong>fecisse.</strong></span> <span class='ocrx_word' id='word_1_884' title='bbox 3175 4969 3230 5022; x_wconf 88' lang='lat' dir='ltr'><strong>In</strong></span> <span class='ocrx_word' id='word_1_885' title='bbox 3278 4970 3447 5024; x_wconf 89' lang='lat' dir='ltr'><strong>vobis.</strong></span> <span class='ocrx_word' id='word_1_886' title='bbox 3490 4971 3532 5022; x_wconf 85' lang='grc' dir='ltr'><em>Α</em></span> 
     </span>
    </p>
   </div>
   <div class='ocr_carea' id='block_1_110' title="bbox 1970 5059 3533 5135">
    <p class='ocr_par' dir='ltr' id='par_1_110' title="bbox 1970 5059 3533 5135">
     <span class='ocr_line' id='line_1_110' title="bbox 1970 5059 3533 5135; baseline -0.003 -17"><span class='ocrx_word' id='word_1_887' title='bbox 1970 5068 2165 5135; x_wconf 76' lang='lat' dir='ltr'><strong>magnis</strong></span> <span class='ocrx_word' id='word_1_888' title='bbox 2196 5066 2453 5135; x_wconf 87' lang='lat' dir='ltr'><strong>apostolis.</strong></span> <span class='ocrx_word' id='word_1_889' title='bbox 2482 5064 2539 5119; x_wconf 88' lang='lat' dir='ltr'><strong>Si</strong></span> <span class='ocrx_word' id='word_1_890' title='bbox 2568 5078 2597 5117; x_wconf 88' lang='lat' dir='ltr'><strong>a</strong></span> <span class='ocrx_word' id='word_1_891' title='bbox 2628 5063 2858 5131; x_wconf 80' lang='lat' dir='ltr'><strong>magnis,</strong></span> <span class='ocrx_word' id='word_1_892' title='bbox 2892 5066 3089 5129; x_wconf 87' lang='lat' dir='ltr'><strong>quanto</strong></span> <span class='ocrx_word' id='word_1_893' title='bbox 3121 5059 3288 5127; x_wconf 82' lang='lat' dir='ltr'><strong>magis</strong></span> <span class='ocrx_word' id='word_1_894' title='bbox 3319 5060 3385 5114; x_wconf 89' lang='lat' dir='ltr'><strong>ab</strong></span> <span class='ocrx_word' id='word_1_895' title='bbox 3416 5061 3533 5115; x_wconf 80' lang='lat' dir='ltr'><strong>iStis</strong></span> 
     </span>
    </p>
   </div>
   <div class='ocr_carea' id='block_1_111' title="bbox 1970 5154 3532 5225">
    <p class='ocr_par' dir='ltr' id='par_1_111' title="bbox 1970 5154 3532 5225">
     <span class='ocr_line' id='line_1_111' title="bbox 1970 5154 3532 5225; baseline 0.001 -18"><span class='ocrx_word' id='word_1_896' title='bbox 1970 5158 2057 5225; x_wconf 89' lang='lat' dir='ltr'><strong>qui</strong></span> <span class='ocrx_word' id='word_1_897' title='bbox 2104 5156 2232 5209; x_wconf 88' lang='lat' dir='ltr'><strong>nihil</strong></span> <span class='ocrx_word' id='word_1_898' title='bbox 2269 5156 2422 5209; x_wconf 87' lang='lat' dir='ltr'><strong>sunt!</strong></span> <span class='ocrx_word' id='word_1_899' title='bbox 2474 5154 2635 5215; x_wconf 90' lang='lat' dir='ltr'><strong>Sive,</strong></span> <span class='ocrx_word' id='word_1_900' title='bbox 2662 5167 2729 5206; x_wconf 89' lang='lat' dir='ltr'><strong>ne</strong></span> <span class='ocrx_word' id='word_1_901' title='bbox 2772 5154 2966 5220; x_wconf 86' lang='lat' dir='ltr'><strong>putetis</strong></span> <span class='ocrx_word' id='word_1_902' title='bbox 3011 5168 3105 5208; x_wconf 78' lang='lat' dir='ltr'><strong>V08</strong></span> <span class='ocrx_word' id='word_1_903' title='bbox 3152 5157 3328 5209; x_wconf 89' lang='lat' dir='ltr'><strong>minus</strong></span> <span class='ocrx_word' id='word_1_904' title='bbox 3371 5169 3532 5222; x_wconf 86' lang='lat' dir='ltr'><strong>quam</strong></span> 
     </span>
    </p>
   </div>
   <div class='ocr_carea' id='block_1_112' title="bbox 1973 5241 3534 5314">
    <p class='ocr_par' dir='ltr' id='par_1_112' title="bbox 1973 5241 3534 5314">
     <span class='ocr_line' id='line_1_112' title="bbox 1973 5241 3534 5314; baseline -0.001 -15"><span class='ocrx_word' id='word_1_905' title='bbox 1973 5256 2180 5299; x_wconf 68' lang='lat' dir='ltr'><strong>exterae</strong></span> <span class='ocrx_word' id='word_1_906' title='bbox 2206 5244 2456 5298; x_wconf 74' lang='lat' dir='ltr'><strong>Ecclesia:</strong></span> <span class='ocrx_word' id='word_1_907' title='bbox 2481 5241 2676 5309; x_wconf 91' lang='lat' dir='ltr'><strong>aliquid</strong></span> <span class='ocrx_word' id='word_1_908' title='bbox 2709 5242 2999 5311; x_wconf 64' lang='lat' dir='ltr'><strong>accepisse,</strong></span> <span class='ocrx_word' id='word_1_909' title='bbox 3028 5245 3221 5314; x_wconf 89' lang='lat' dir='ltr'><strong>quibus</strong></span> <span class='ocrx_word' id='word_1_910' title='bbox 3266 5246 3453 5300; x_wconf 82' lang='lat' dir='ltr'><strong>Petrus</strong></span> <span class='ocrx_word' id='word_1_911' title='bbox 3481 5256 3534 5298; x_wconf 88' lang='lat' dir='ltr'><strong>et</strong></span> 
     </span>
    </p>
   </div>
   <div class='ocr_carea' id='block_1_113' title="bbox 1974 5331 3535 5406">
    <p class='ocr_par' dir='ltr' id='par_1_113' title="bbox 1974 5331 3535 5406">
     <span class='ocr_line' id='line_1_113' title="bbox 1974 5331 3535 5406; baseline -0.002 -17"><span class='ocrx_word' id='word_1_912' title='bbox 1974 5336 2152 5389; x_wconf 75' lang='lat' dir='ltr'><strong>eteteri</strong></span> <span class='ocrx_word' id='word_1_913' title='bbox 2186 5332 2555 5401; x_wconf 62' lang='lat' dir='ltr'><strong>praedicarunt.</strong></span> <span class='ocrx_word' id='word_1_914' title='bbox 2591 5331 2727 5385; x_wconf 86' lang='lat' dir='ltr'><strong>Nam</strong></span> <span class='ocrx_word' id='word_1_915' title='bbox 2759 5335 2850 5387; x_wconf 89' lang='lat' dir='ltr'><strong>etsi</strong></span> <span class='ocrx_word' id='word_1_916' title='bbox 2892 5334 3152 5406; x_wconf 82' lang='lat' dir='ltr'><strong>imperitus</strong></span> <span class='ocrx_word' id='word_1_917' title='bbox 3177 5352 3423 5399; x_wconf 72' lang='lat' dir='ltr'><strong>set-inane,</strong></span> <span class='ocrx_word' id='word_1_918' title='bbox 3448 5336 3535 5389; x_wconf 85' lang='lat' dir='ltr'><strong>sed</strong></span> 
     </span>
    </p>
   </div>
   <div class='ocr_carea' id='block_1_114' title="bbox 1970 5421 3533 5491">
    <p class='ocr_par' dir='ltr' id='par_1_114' title="bbox 1970 5421 3533 5491">
     <span class='ocr_line' id='line_1_114' title="bbox 1970 5421 3533 5491; baseline -0.001 -13"><span class='ocrx_word' id='word_1_919' title='bbox 1970 5442 2070 5478; x_wconf 86' lang='lat' dir='ltr'><strong>non</strong></span> <span class='ocrx_word' id='word_1_920' title='bbox 2113 5423 2341 5477; x_wconf 89' lang='lat' dir='ltr'><strong>scientia.</strong></span> <span class='ocrx_word' id='word_1_921' title='bbox 2403 5421 2645 5476; x_wconf 89' lang='lat' dir='ltr'><strong>Ostendit</strong></span> <span class='ocrx_word' id='word_1_922' title='bbox 2690 5422 2819 5476; x_wconf 88' lang='lat' dir='ltr'><strong>istos</strong></span> <span class='ocrx_word' id='word_1_923' title='bbox 2865 5425 3086 5479; x_wconf 84' lang='lat' dir='ltr'><strong>scientia</strong></span> <span class='ocrx_word' id='word_1_924' title='bbox 3135 5425 3432 5491; x_wconf 86' lang='lat' dir='ltr'><strong>imperitos,</strong></span> <span class='ocrx_word' id='word_1_925' title='bbox 3481 5426 3533 5476; x_wconf 90' lang='lat' dir='ltr'><strong>iu</strong></span> 
     </span>
    </p>
   </div>
   <div class='ocr_carea' id='block_1_115' title="bbox 1970 5510 3537 5582">
    <p class='ocr_par' dir='ltr' id='par_1_115' title="bbox 1970 5510 3537 5582">
     <span class='ocr_line' id='line_1_115' title="bbox 1970 5510 3537 5582; baseline -0.001 -14"><span class='ocrx_word' id='word_1_926' title='bbox 1970 5528 2219 5568; x_wconf 75' lang='lat' dir='ltr'><strong>Sermone</strong></span> <span class='ocrx_word' id='word_1_927' title='bbox 2256 5510 2464 5565; x_wconf 90' lang='lat' dir='ltr'><strong>tumido</strong></span> <span class='ocrx_word' id='word_1_928' title='bbox 2493 5512 2730 5582; x_wconf 79' lang='lat' dir='ltr'><strong>gloriari.</strong></span> <span class='ocrx_word' id='word_1_929' title='bbox 2771 5512 2836 5566; x_wconf 87' lang='lat' dir='ltr'><strong>In</strong></span> <span class='ocrx_word' id='word_1_930' title='bbox 2871 5514 3102 5567; x_wconf 85' lang='lat' dir='ltr'><strong>omnibus</strong></span> <span class='ocrx_word' id='word_1_931' title='bbox 3130 5524 3297 5566; x_wconf 85' lang='lat' dir='ltr'><strong>autem</strong></span> <span class='ocrx_word' id='word_1_932' title='bbox 3329 5514 3537 5581; x_wconf 79' lang='lat' dir='ltr'><strong>manife-</strong></span> 
     </span>
    </p>
   </div>
   <div class='ocr_carea' id='block_1_116' title="bbox 1970 5602 3532 5672">
    <p class='ocr_par' dir='ltr' id='par_1_116' title="bbox 1970 5602 3532 5672">
     <span class='ocr_line' id='line_1_116' title="bbox 1970 5602 3532 5672; baseline -0.002 -14"><span class='ocrx_word' id='word_1_933' title='bbox 1970 5616 2078 5659; x_wconf 81' lang='lat' dir='ltr'><strong>stus</strong></span> <span class='ocrx_word' id='word_1_934' title='bbox 2125 5620 2236 5657; x_wconf 82' lang='lat' dir='ltr'><strong>sum</strong></span> <span class='ocrx_word' id='word_1_935' title='bbox 2283 5602 2440 5655; x_wconf 88' lang='lat' dir='ltr'><strong>vobis.</strong></span> <span class='ocrx_word' id='word_1_936' title='bbox 2492 5603 2735 5657; x_wconf 85' lang='lat' dir='ltr'><strong>Ostendit</strong></span> <span class='ocrx_word' id='word_1_937' title='bbox 2784 5618 2933 5656; x_wconf 87' lang='lat' dir='ltr'><strong>suam</strong></span> <span class='ocrx_word' id='word_1_938' title='bbox 2984 5603 3373 5672; x_wconf 79' lang='lat' dir='ltr'><strong>integritatem,</strong></span> <span class='ocrx_word' id='word_1_939' title='bbox 3412 5604 3532 5671; x_wconf 90' lang='lat' dir='ltr'><strong>quia</strong></span> 
     </span>
    </p>
   </div>
   <div class='ocr_carea' id='block_1_117' title="bbox 1974 5691 3533 5759">
    <p class='ocr_par' dir='ltr' id='par_1_117' title="bbox 1974 5691 3533 5759">
     <span class='ocr_line' id='line_1_117' title="bbox 1974 5691 3533 5759; baseline -0.001 -10"><span class='ocrx_word' id='word_1_940' title='bbox 1974 5696 2150 5750; x_wconf 87' lang='lat' dir='ltr'><strong>omnia</strong></span> <span class='ocrx_word' id='word_1_941' title='bbox 2184 5691 2474 5748; x_wconf 86' lang='lat' dir='ltr'><strong>secundum</strong></span> <span class='ocrx_word' id='word_1_942' title='bbox 2509 5694 2673 5748; x_wconf 88' lang='lat' dir='ltr'><strong>Deum</strong></span> <span class='ocrx_word' id='word_1_943' title='bbox 2706 5692 2892 5747; x_wconf 68' lang='lat' dir='ltr'><strong>fecerit</strong></span> <span class='ocrx_word' id='word_1_944' title='bbox 2923 5713 2933 5745; x_wconf 88' lang='lat'><strong>:</strong></span> <span class='ocrx_word' id='word_1_945' title='bbox 2959 5709 3076 5747; x_wconf 88' lang='lat' dir='ltr'><strong>cum</strong></span> <span class='ocrx_word' id='word_1_946' title='bbox 3110 5710 3207 5748; x_wconf 69' lang='lat' dir='ltr'><strong>nec</strong></span> <span class='ocrx_word' id='word_1_947' title='bbox 3236 5711 3357 5748; x_wconf 87' lang='lat' dir='ltr'><strong>avar</strong></span> <span class='ocrx_word' id='word_1_948' title='bbox 3383 5695 3533 5759; x_wconf 75' lang='grc' dir='ltr'><strong>ιὶειιιι,</strong></span> 
     </span>
    </p>
   </div>
  </div>
