3910 6174
320 306 420 363 581

1099 306 1163 362 ΙΝ
1206 305 1383 362 EPlSi
1401 302 1587 359 OLAM
1631 302 1668 356 ll
1712 302 1799 357 AD
1839 301 2243 360 CORINTIHOS
2282 299 2801 357 CORliiENTARlA.

3466 288 3565 344 532

318 433 409 474 me
431 416 617 474 credo.
652 415 719 471 Et
742 433 834 507 09.0
858 434 954 472 non
979 418 1255 488 inﬁrmor?
1283 419 1338 471 in
1370 419 1491 472 title.
1529 417 1655 483 Quis
1684 415 1895 471 scanda-
1922 416 1972 475 Α
1999 416 2094 471 sed
2128 418 2295 485 magis
2317 415 2635 471 credendum
2660 424 2740 467 est
2764 412 2915 482 jngcs
2945 410 3325 466 triintlationes.
3356 407 3567 507 Drapter

320 511 528 575 lisatur,
558 518 604 562 et
626 525 718 577 ego
747 526 847 562 non
873 511 1033 563 uror?
1062 508 1323 563 Tristitia.
1356 508 1416 564 Si
1436 509 1652 579 gloriari
1681 514 1895 577 oportet.

322 598 378 653 In
409 599 493 653 his
524 599 569 652 si
598 601 783 652 volunt
806 598 1057 667 gloriari,
1090 600 1142 652 in
1195 600 1275 652 itis
1305 599 1599 668 gloriemur
1627 599 1679 652 in
1708 597 1899 668 quibus

318 705 445 759 ego,
479 689 601 744 licet
632 676 877 755 coactus;
906 690 998 745 sed
1025 690 1146 758 quia
1175 690 1287 744 haec
1315 705 1417 743 non
1445 688 1662 755 habent,
1691 690 1808 743 ideo
1834 687 1901 743 de

319 778 626 832 carnalibus
677 779 993 847 gloriantur.
1041 778 1168 843 Qme
1220 778 1531 848 inﬁrmitatis
1584 793 1707 831 ntere
1759 786 1897 845 sunt,

319 870 602 939 gioriabor.
657 869 854 923 Omnes
902 869 1206 937 superiores
1258 869 1533 936 passiones
1580 867 1903 921 inﬁrmitatis

321 958 544 1011 nomine
588 957 918 1022 designavit,
959 956 1099 1024 quod
1164 956 1410 1010 humana:
1460 956 1758 1010 inﬁrmitati
1802 956 1899 1009 ista

323 1047 667 1114 pra-valeant.
702 1044 841 1100 Deus
869 1053 916 1098 et
950 1046 1105 1099 Pater
1138 1045 1343 1099 Domini
1373 1048 1535 1099 nostri
1558 1046 1682 1100 .iesu
1713 1045 1903 1099 Christi

323 1138 441 1201 scit,
467 1138 553 1204 qui
596 1146 666 1188 est
696 1135 985 1188 benedictus
1016 1136 1067 1187 in
1099 1135 1307 1199 sarcula,
1342 1136 1479 1197 quod
1524 1149 1623 1187 non
1668 1134 1902 1189 mentior.

328 1225 464 1279 Rem
509 1225 660 1292 quasi
703 1222 974 1278 difﬁcilem
1021 1224 1280 1290 dicturus,
1308 1224 1450 1294 quod
1502 1223 1669 1278 Judaei
1718 1232 1903 1278 contra

324 1330 453 1369 eum
495 1314 654 1368 etiam
705 1312 941 1381 gentium
992 1312 1261 1380 principes
1305 1321 1733 1376 concertassent,
1784 1323 1906 1367 ante

327 1406 425 1458 Dei
473 1405 832 1460 testimoaium
883 1398 1152 1473 implorat,
1184 1419 1253 1459 ne
1299 1419 1437 1459 verte
1491 1405 1591 1458 hoc
1636 1404 1906 1473 jactautite

328 1503 629 1563 putaretur,
654 1493 794 1563 quod
824 1493 1107 1549 adversum
1131 1509 1253 1548 eum
1277 1495 1438 1548 etiam
1468 1507 1626 1564 regna
1656 1507 1907 1548 surrexe-

328 1585 470 1645 rint,
501 1591 558 1637 et
588 1582 713 1635 nihil
759 1584 1029 1649 potuerint
1056 1580 1385 1650 praevalere;
1412 1582 1534 1637 ideo
1570 1590 1752 1636 autem
1795 1585 1908 1636 haec

326 1684 630 1739 enumerat,
652 1683 708 1728 ut
728 1675 972 1728 ostendat
1001 1675 1124 1743 quid
1150 1674 1362 1730 intersit
1388 1678 1525 1731 inter
1549 1693 1705 1732 veros
1725 1684 1779 1730 ct
1809 1677 1905 1731 ial-

2000 510 2137 578 quod
2161 518 2233 561 ter
2259 507 2524 561 Dominum
2553 505 2748 591 rogavi,
2785 514 2839 556 ut
2880 503 3149 557 discederet
3183 519 3212 554 α
3236 518 3338 571 me.
3372 500 3568 555 lntell‘tu

2000 598 2171 666 gintus
2215 599 2375 650 etiam
2406 590 2619 650 sanctus
2648 593 2914 648 contraria
2940 592 3111 661 aliqua
3136 592 3468 660 postulasse;
3500 590 3572 642 si-

2002 688 2109 740 mul
2130 696 2183 740 et
2200 688 2453 741 discimus
2472 686 2611 754 quod
2632 687 2740 753 imp
2762 693 2927 737 vrtuna
2951 682 3136 751 petitio
3155 683 3236 735 vel
3258 695 3571 749 responsum

2006 788 2296 841 mereatur,
2318 777 2359 831 si
2385 762 2488 831 non
2510 786 2745 830 meretur
2765 773 3035 828 eii'ectum.
3056 771 3184 824 Nam
3205 770 3414 837 quando
3432 772 3574 839 quod

2008 884 2113 921 non
2141 868 2377 934 expedit.
2412 883 2514 919 non
2547 868 2639 920 dat
2687 867 2847 930 Deus,
2894 873 3019 917 tunc
3051 862 3219 931 magis
3247 862 3481 915 exaudit.
3512 861 3575 913 Et

2003 958 2131 1010 dixit
2150 959 2302 1011 mihi:
2323 957 2519 1027 Suﬁicit
2550 957 2637 1010 tibi
2661 958 2826 1027 gratia
2854 971 2963 1007 mea
2984 969 3002 1007 :
3027 968 3144 1006 nam
3166 952 3326 1003 virtus
3361 952 3414 1003 in
3434 952 3579 1008 inﬁr-

2004 1052 2176 1102 mitate
2206 1051 2485 1119 perﬁcitur.
2510 1049 2676 1115 Quam
2722 1048 2883 1101 habes
2904 1091 2917 1115 ,
2953 1048 3065 1101 sive
3111 1059 3230 1113 quae
3270 1052 3319 1097 te
3350 1043 3539 1096 liberat
3562 1058 3575 1072 ·

2005 1158 2120 1210 qum
2136 1143 2302 1194 virtus
2330 1143 2427 1195 nisi
2452 1141 2515 1193 ad
2542 1155 2697 1209 quam
2722 1142 2972 1209 pertinet,
2995 1153 3097 1191 non
3120 1136 3340 1189 extollit.
3372 1133 3438 1187 Et
3460 1137 3578 1201 quis

2005 1233 2207 1286 dubitat
2228 1231 2328 1284 hoc
2348 1232 2412 1284 ad
2435 1231 2694 1300 jnStitiam
2730 1232 3025 1297 pertinere?
3054 1232 3185 1283 hanc
3203 1231 3575 1299 perfectionem

2004 1321 2213 1375 virtutis
2244 1322 2423 1390 utique
2452 1323 2684 1374 nondum
2722 1321 2941 1373 hab-that
2990 1322 3303 1387 Apostolus,
3345 1321 3577 1373 nondum

2006 1423 2121 1467 erat
2150 1412 2372 1480 requalis
2404 1411 2605 1481 angelis
2632 1412 2721 1467 Dei
2750 1428 2762 1463 :
2794 1412 2884 1464 sed
2918 1411 2983 1463 in.
3008 1420 3087 1464 rat
3114 1412 3185 1464 illi
3209 1409 3495 1465 estollendi
3520 1425 3577 1463 se

2007 1502 2323 1567 inﬁrmitas,
2356 1517 2473 1570 qua:
2526 1516 2620 1569 per
2650 1503 2893 1570 angelum
2936 1501 3095 1554 etiam
3129 1503 3357 1555 'Satante
3407 1501 3577 1555 fuerat
3630 1512 3639 1522 '

2010 1593 2445 1661 comprimenda,
2480 1609 2549 1647 ne
2599 1592 2982 1647 revelationum
3024 1592 3384 1659 magnitudine
3410 1595 3576 1646 extol-

2008 1682 2226 1738 leretttr.
2260 1685 2439 1747 Quare
2470 1698 2563 1750 per
2584 1682 2828 1749 angelum
2854 1683 3097 1733 Satante?
3124 1681 3254 1746 Quia
3280 1681 3578 1749 frequenter

324 1779 423 1818 sos
450 1766 753 1832 apostolos,
773 1763 1011 1817 Damasci
1041 1766 1345 1836 prwpositus
1365 1769 1531 1837 gentis
1554 1768 1753 1822 Arethae
1776 1768 1907 1839 regis
1940 1772 1985 1830 B
2010 1783 2062 1828 et
2086 1773 2381 1828 antido‘um
2409 1775 2568 1827 etiam
2594 1775 2659 1827 de
2685 1772 3018 1840 serpentibus
3046 1781 3229 1823 contra
3247 1786 3447 1847 venena
3472 1786 3578 1823 scr-

328 1856 651 1909 custodiebat
675 1856 943 1909 civitatem.
976 1857 1441 1911 Datnasrenorum.
1478 1858 1544 1911 Ut
1574 1875 1653 1912 me
1681 1870 1910 1929 compre-

328 1947 599 2011 Itemleret,
626 1956 675 1998 et
705 1962 793 2009 per
812 1946 1086 2015 fenestram
1131 1949 1183 2000 in
1210 1957 1384 2017 sporta
1408 1949 1652 2004 demissus
1678 1967 1790 2003 sum
1822 1966 1910 2018 per

331 2052 561 2101 murum,
588 2044 633 2090 et
683 2037 756 2089 sic
801 2036 956 2106 e/fugi
988 2053 1169 2091 manus
1209 2040 1340 2107 ejus.
1385 2038 1710 2110 Prmpositus
1737 2042 1921 2110 gentis

331 2127 480 2181 illius
508 2134 643 2193 erat,
677 2128 761 2180 cui
793 2128 1051 2196 regnabat
1074 2128 1299 2182 Aretha.

404 2234 532 2312 (ἴθι).
566 2238 659 2290 xit.
711 2235 772 2290 Si
813 2237 1028 2307 gloriari
1071 2245 1298 2307 Oportet,
1326 2254 1428 2291 non
1457 2239 1658 2306 expedit
1686 2240 1909 2309 quidem.

329 2327 445 2384 Nec
466 2328 593 2383 mihi
616 2328 849 2395 expedit,
869 2330 993 2399 quia
1016 2331 1335 2389 necessitate
1355 2332 1666 2401 compellor.
1688 2332 1912 2386 ‘Veniam

331 2428 502 2472 autem
524 2420 591 2471 ad
618 2419 836 2471 visiones
859 2428 905 2471 et
923 2419 1249 2473 revelationes
1275 2420 1500 2474 Domini.
1530 2421 1907 2489 Ac'si'diceret,

337 2505 684 2561 inﬁrmitates
710 2516 843 2561 mete
865 2515 1011 2574 sunt,
1040 2509 1276 2575 visiones
1300 2518 1477 2565 autem
1507 2525 1611 2565 non
1641 2520 1795 2578 mete,
1818 2513 1912 2567 sed

2008 1872 2221 1934 pentum
2252 1865 2555 1917 coniicitur.
2585 1862 2719 1927 Quid
2746 1871 2979 1929 estergo
3012 1878 3023 1912 :
3056 1860 3262 1915 Sufﬁcit
3292 1860 3381 1912 tibi
3413 1867 3578 1925 grata

2008 1971 2123 2011 mea
2143 1996 2156 2021 ,
2188 1956 2319 2023 nisi,
2353 1972 2419 2010 ne
2449 1956 2744 2010 deiiciendo
2774 1956 3087 2009 succumbas
3116 1957 3215 2008 sub
3242 1954 3467 2022 colapho
3489 1969 3579 2007 an-

2008 2049 2109 2117 geli
2135 2049 2378 2105 Satanae?
2411 2050 2475 2102 Et
2503 2050 2625 2117 quid
2658 2060 2770 2104 est:
2804 2049 3053 2107 Vii'lliSjti
3082 2048 3392 2103 inﬁrmitate
3420 2053 3579 2118 perii-

2009 2140 2174 2203 citur,
2209 2141 2308 2193 nisi
2354 2141 2475 2209 quia
2524 2145 2575 2193 in
2630 2140 2732 2193 ἱειο
2787 2139 2903 2194 loco
2953 2139 3276 2194 inﬁrmitatis
3321 2139 3577 2193 hactenus

2011 2228 2267 2298 perfectio
2314 2237 2490 2298 potest
2538 2245 2658 2284 esse
2704 2229 2946 2293 virtutis,
2996 2240 3054 2283 ut
3098 2229 3210 2296 ipsa
3267 2228 3577 2282 inﬁrmitate

2011 2329 2274 2389 praesente
2303 2321 2461 2377 elatio
2501 2322 2839 2389 reptimatur,
2868 2330 2923 2375 ut
2965 2320 3031 2375 ad
3058 2320 3175 2390 ejus
3197 2319 3579 2389 perfectionem

2013 2415 2305 2480 pertineat,
2339 2415 2499 2467 etiam
2547 2411 2712 2481 ipsius
2741 2412 3157 2482 itnpnriectinnis
3176 2421 3242 2466 ‘ot
3271 2412 3323 2465 in
3353 2411 3581 2465 veritate

2012 2503 2246 2571 cognitio
2265 2542 2281 2568 ,
2312 2511 2367 2556 et
2393 2503 2447 2556 in
2497 2503 2796 2556 humilitate
2836 2502 3103 2557 confessio
3122 2503 3147 2555 ἲ
3169 2502 3402 2556 Libenter
3424 2504 3582 2573 igitur

336 2596 571 2651 Domini.
593 2596 715 2650 Seio
737 2596 987 2651 hominem
1014 2599 1067 2651 in
1093 2597 1318 2654 Christo.
1343 2599 1467 2654 Slve
1487 2600 1554 2654 de
1578 2614 1637 2655 se
1663 2600 1828 2667 dicat,
1861 2610 1916 2655 et
1967 2592 2682 2669 gloriaborininﬁrmitatibus
2716 2594 2864 2646 meis.
2896 2592 3183 2657 Postquam
3210 2593 3433 2658 cognovi
3460 2609 3584 2663 prn-

332 2702 499 2742 causa
526 2687 842 2743 humilitatis
858 2691 1013 2759 quasi
1042 2690 1119 2745 de
1138 2690 1244 2745 alio
1266 2691 1540 2760 loquatur,
1564 2691 1674 2745 sive
1698 2702 1825 2745 vere
1846 2691 1917 2747 de

333 2782 465 2846 alio,
483 2788 769 2852 utrumque
790 2791 934 2846 stare
958 2791 1150 2853 potest.
1182 2786 1311 2838 Ante
1329 2800 1490 2838 annos
1512 2785 1912 2853 quatuordeciin,

332 2871 438 2924 sive
463 2872 777 2940 incorpore,
810 2874 1003 2936 nescio,
1036 2864 1151 2926 sive
1179 2880 1322 2928 extra
1350 2887 1535 2942 corpus
1558 2874 1746 2937 nescio,
1780 2873 1914 2928 Deus

334 2961 453 3026 scit,
485 2971 692 3029 raptum
736 2960 1033 3034 hujusmodi
1071 2978 1227 3033 usque
1264 2962 1332 3016 ad
1367 2964 1571 3016 tertium
1596 2960 1918 3016 statumin-

330 3060 490 3108 tnere
526 3066 727 3122 quanta
776 3053 1142 3109 necessitasei
1177 3055 1448 3109 incumbat
1488 3063 1547 3109 ut
1594 3054 1733 3125 quod
1780 3070 1916 3125 qua-

2018 2685 2175 2740 desse
2200 2684 2348 2761 quod
2397 2699 2588 2739 nocere
2630 2686 2898 2753 putabam.
2935 2683 3001 2739 Ut
3034 2684 3281 2738 inhabitet
3306 2686 3358 2739 in
3382 2703 3458 2739 me
3483 2688 3585 2739 vir-

2015 2783 2095 2829 tus
2117 2776 2333 2830 Christi.
2359 2774 2473 2829 Non
2508 2776 2561 2829 in
2586 2778 2839 2842 potentia.
2873 2774 3088 2845 Propter
3107 2776 3242 2841 quod
3265 2778 3440 2843 placeo
3459 2779 3586 2831 mihi

2014 2867 2067 2919 in
2092 2866 2472 2935 infirmitatibus
2489 2894 2509 2929 ,ο
2525 2866 2577 2920 in
2601 2867 2942 2920 contumeliis.
2969 2867 3080 2920 Non
3104 2867 3155 2921 in
3185 2867 3494 2923 honoribus.
3520 2867 3585 2921 In

2016 2957 2417 3015 necessitatibus.
2442 2956 2562 3012 Non
2595 2958 2647 3011 in
2680 2957 2809 3010 otio.
2841 2955 2906 3009 In
2928 2964 3132 3022 persecat
3155 2957 3374 3012 ionibus.
3398 2959 3511 3013 Non
3533 2960 3584 3013 itt

2017 3048 2448 3101 salutationibus.
2505 3046 2571 3102 In
2618 3048 2888 3116 angustiis.
2941 3047 3053 3101 Non
3094 3048 3163 3101 in
3213 3049 3432 3103 divitiis.
3484 3048 3590 3103 Pio

334 3145 632 3199 tuordeci‘m
666 3145 821 3200 annis
850 3148 1153 3213 celata-rat,
1188 3146 1527 3215 postmodum
1570 3146 1796 3216 prodere
1824 3163 1915 3202 co-
1939 3130 1986 3192 C
2017 3137 2239 3193 Cbﬁle-
2284 3139 2397 3192 Νοη
2431 3153 2528 3221 PT?
2572 3139 2792 3191 "arma
2816 3179 2829 3198 ο
2880 3138 2963 3192 νει
2992 3153 3091 3208 pro
3130 3138 3308 3208 aliquo
3336 3140 3590 3203 crimine.

334 3241 578 3303 geretur.
621 3233 689 3287 Et
734 3236 838 3288 scio
868 3236 1162 3307 hajusmodi
1192 3236 1446 3289 hominem
1473 3237 1575 3289 sive
1602 3236 1655 3289 in
1685 3252 1914 3303 corpore,

335 3323 441 3376 sive
468 3333 613 3376 extra
657 3338 872 3390 corpus,
898 3327 1101 3389 nescio,
1136 3322 1270 3377 Deus
1305 3327 1433 3389 scit;
1465 3326 1703 3395 quoniam
1742 3333 1919 3395 raptus

336 3424 414 3467 est
439 3414 493 3467 in
521 3415 838 3483 paradisum.
888 3415 1039 3480 Quod
1082 3416 1273 3470 iterum
1307 3418 1519 3485 repetit,
1553 3416 1666 3471 sive
1706 3422 1756 3470 in
1799 3430 1919 3471 cor—

338 3519 494 3576 pore,
537 3509 653 3562 sive
697 3516 849 3563 extra
894 3522 1110 3576 corpus,
1158 3508 1371 3572 nescio,
1415 3508 1649 3562 ostendit
1698 3508 1830 3562 alter
1866 3523 1915 3562 tn

341 3595 506 3650 [uisse
535 3597 821 3651 visionem.
852 3596 921 3649 Et
942 3598 1138 3650 audivit
1158 3614 1347 3650 arcana
1374 3597 1542 3651 verba.
1572 3598 1917 3652 Ahscondita.

346 3686 475 3750 Quae
503 3702 605 3739 non
652 3690 765 3741 licet
795 3688 984 3743 homini
1012 3689 1174 3760 loqui.
1217 3690 1343 3745 Sive
1386 3704 1504 3759 quas
1543 3688 1671 3744 nulli
1718 3690 1921 3745 homini

343 3776 425 3830 Ias
455 3785 537 3831 est
564 3778 690 3844 diei,
725 3780 838 3833 sive
868 3797 985 3850 quae
1017 3781 1344 3848 impossibile
1371 3789 1452 3835 est
1483 3781 1765 3835 humanam
1798 3796 1921 3836 nar-

348 3879 469 3920 rare
500 3875 763 3921 naturam.
798 3866 904 3922 Pro
926 3868 1190 3948 ejusmodi
1218 3869 1493 3938 gloriabor,
1524 3886 1616 3941 pro
1650 3886 1728 3924 me
1754 3881 1941 3924 autem.

348 3958 484 4011 nihil
514 3960 789 4029 gloriabor,
845 3960 943 4013 nisi
979 3961 1032 4013 in
1079 3960 1463 4029 inﬁrmitatibus
1494 3964 1637 4016 meis.
1668 3963 1793 4016 Sive
1823 3977 1918 4030 pro

348 4047 866 4117 ejusmodi'vtsinne,
898 4051 1010 4104 sive
1040 4067 1138 4118 pro
1166 4052 1425 4118 ejusmodi
1454 4052 1683 4107 homine.
1712 4053 1812 4107 Pro
1836 4071 1919 4108 tne

349 4152 525 4206 autem
554 4139 706 4204 nihil,
733 4140 848 4194 sive
872 4156 965 4209 pro
996 4156 1110 4193 mea
1140 4142 1355 4208 virtute,
1385 4142 1507 4210 quia
1540 4157 1643 4195 non
1673 4149 1756 4196 est
1783 4158 1921 4209 mea,

349 4232 445 4285 sed
477 4230 684 4284 Domini
713 4232 985 4285 revelatio.
1019 4230 1160 4285 Nam
1188 4242 1234 4285 et
1260 4232 1303 4285 si
1327 4232 1532 4285 voluero
1560 4232 1789 4301 gloriari,
1822 4248 1922 4286 non

350 4335 438 4373 ero
481 4320 760 4385 insipiens,
807 4322 1069 4373 veritatem
1118 4323 1252 4374 "enim
1294 4320 1482 4375 dicam.
1550 4321 1647 4375 Hic
1712 4323 1922 4375 videtur

300 4456 313 4465 .
351 4411 670 4481 ostendere,
719 4415 857 4481 quod
906 4412 1057 4479 qua-i
1106 4413 1173 4466 do
1232 4414 1339 4467 alio
1381 4414 1552 4474 dicat.
1596 4428 1716 4467 cum
1766 4415 1920 4478 dicit,

2000 3229 2153 3285 'sicttt
2179 3240 2231 3285 et
2253 3229 2621 3295 Salvatorait,
2650 3240 2706 3281 ut
2737 3229 2848 3282 sola
2880 3228 3279 3298 causajustitia:
3310 3230 3590 3296 patiamur.

2020 3319 2148 3373 Cum
2175 3321 2307 3373 enim
2340 3320 2592 3386 infirmor,
2616 3329 2737 3371 tunc
2760 3327 2935 3389 potens
2956 3334 3087 3372 sum.
3115 3318 3338 3372 Maxima
3364 3322 3592 3387 potentia

2023 3421 2105 3463 est
2136 3410 2395 3463 inﬁrmari
2445 3426 2540 3478 pro
2580 3407 2705 3462 Citri
2739 3420 2812 3461 to.
2858 3404 3047 3461 Factus
3076 3423 3186 3461 sum
3215 3408 3480 3475 insipiens,
3509 3424 3596 3462 vos

2017 3514 2099 3552 me
2120 3500 2352 3568 eoegistis
2372 3514 2389 3553 :
2413 3514 2505 3569 ego
2529 3515 2661 3551 enim
2686 3498 2834 3550 debui
2856 3514 2893 3550 να
2920 3498 3059 3549 vobis
3080 3498 3441 3551 commendcri.
3470 3497 3603 3552 Insi-

2021 3593 2216 3662 pientis
2242 3601 2327 3646 est
2353 3605 2480 3645 suos
2511 3605 2730 3644 narrare
2763 3590 2971 3643 labores
2991 3630 3004 3653 ,
3035 3600 3087 3643 et
3128 3591 3365 3659 proprias
3398 3592 3608 3657 jactare

2026 3686 2272 3737 virtutes.
2304 3682 2408 3736 Sed
2438 3682 2539 3734 hoc
2565 3696 2660 3732 ros
2690 3681 2971 3748 coegisns,
2997 3681 3084 3746 qui
3113 3694 3234 3733 cum
3264 3681 3382 3733 aliis
3408 3681 3474 3733 de
3514 3696 3610 3735 me

1982 3802 1989 3811 -
2021 3774 2332 3829 satisfacere
2378 3772 2518 3827 d‘ebu
2545 3770 2733 3833 ssetis,
2776 3771 2898 3837 quia
2954 3771 3084 3824 nihil
3132 3770 3308 3823 minus
3346 3770 3539 3842 fuerim
3568 3787 3604 3823 a

2023 3869 2229 3936 magnis
2277 3866 2571 3931 apostolis,
2623 3870 2782 3917 modo
2833 3866 3024 3918 i‘erum
3069 3878 3206 3932 opus
3257 3863 3496 3929 habetis,
3541 3877 3600 3919 ut

2018 3959 2174 4014 vobis
2194 3970 2296 4012 ‘nns
2335 3957 2433 4026 ipsi
2465 3957 2922 4010 commendemus.
2958 3954 3109 4009 Nihil
3136 3957 3266 4008 enim
3296 3972 3342 4007 m
3366 3972 3463 4009 nus
3500 3958 3599 4026 feci

2025 4053 2095 4104 ab
2116 4049 2197 4104 his
2222 4050 2309 4119 qui
2338 4059 2452 4101 sunt
2487 4064 2641 4117 supra
2680 4048 2885 4099 modum
2915 4048 3154 4107 apostoli.
3187 4046 3396 4113 Quanto
3432 4050 3602 4116 magis

2027 4141 2175 4195 istis!
2206 4138 2431 4192 Tametsi
2458 4138 2590 4191 nihil
2610 4148 2751 4200 sum,
2790 4139 2938 4207 signa
2967 4132 3132 4187 tamen
3161 4141 3476 4200 apostolatus
3504 4138 3604 4189 mei

2028 4236 2167 4301 facta
2184 4240 2303 4286 sunt
2328 4246 2478 4299 super
2497 4242 2581 4282 eos
2606 4229 2658 4280 in
2681 4228 2816 4280 omni
2844 4228 3087 4294 patientia
3130 4228 3181 4278 in
3209 4229 3321 4298 sign
3343 4243 3366 4279 s
3382 4271 3396 4294 ,
3414 4236 3464 4280 et
3483 4243 3605 4295 pro-

2030 4322 2182 4393 digiis
2199 4361 2212 4383 ,
2235 4329 2283 4373 et
2305 4320 2592 4373 virtutibus.
2615 4318 2724 4387 Ego
2741 4317 2954 4386 quidem
2983 4316 3110 4371 nihil
3132 4333 3247 4370 sum
3264 4322 3396 4383 quia
3420 4318 3601 4382 homo,

2032 4414 2123 4467 sed
2156 4412 2489 4479 apostolatus
2510 4399 2615 4461 ’sua
2647 4410 2797 4473 signa
2825 4409 3054 4461 ostendit
3088 4412 3137 4459 itt
3160 4407 3315 4461 vobis
3335 4448 3349 4471 ,
3382 4408 3480 4461 hoc
3501 4420 3606 4471 εει,

350 4506 515 4557 etiam
562 4517 621 4559 se
656 4503 865 4557 habere
922 4504 1342 4572 undegioriari,
1389 4504 1484 4558 sed
1537 4505 1700 4559 nolle.
1754 4502 1927 4560 Parca
1957 4484 2012 4546 υ
2039 4518 2069 4570 p
2107 4502 2326 4555 tentiam
2355 4500 2564 4552 virtutis
2588 4511 2746 4565 atque
2775 4498 3032 4567 prodigia.
3064 4497 3200 4562 Quid
3223 4507 3295 4550 est
3318 4499 3449 4549 enim
3470 4500 3607 4567 quid

324 4598 543 4655 'outent,
574 4610 637 4646 ne
680 4596 793 4665 quis
840 4611 918 4648 me
963 4598 1229 4649 existimet.
1278 4597 1413 4650 Sunt
1455 4604 1509 4648 et
1551 4598 1755 4661 occulta
1807 4613 1926 4666 qnte

352 4685 640 4753 possitn‘in
672 4686 891 4739 veritate
927 4686 1318 4754 proferre,'sed
1371 4701 1558 4753 parco,
1609 4688 1658 4741 id
1707 4699 1923 4743 estnon

358 4777 515 4831 facio.
540 4776 713 4846 Supra
738 4776 791 4828 id
819 4779 952 4845 quod
971 4768 1104 4829 ridet
1124 4779 1175 4828 in
1204 4772 1297 4832 me.
1322 4776 1926 4843 Sttflic'ttnt'tnanifesta,

357 4867 567 4920 etiamsi
598 4867 836 4920 celentur
856 4867 1207 4919 occulta.‘Aut
1233 4868 1464 4920 audite;
1490 4884 1566 4919 me
1609 4869 1825 4937 aliquid.
1857 4870 1929 4923 De

359 4960 444 5012 his
466 4973 550 5011 me
578 4967 781 5011 tantum
806 4960 1027 5011 :t-stitnet
1056 4961 1417 5028 unusquisque
1444 4977 1561 5029 quae
1586 4961 1723 5013 videt
1748 4960 1798 5013 in
1825 4976 1930 5027 me,

356 5060 453 5102 aut
484 5048 628 5102 audit
664 5065 728 5101 ex
762 5063 864 5103 me.
901 5048 964 5102 Et
992 5060 1052 5102 ne
1074 5051 1367 5120 magnitudo
1386 5051 1749 5105 reuelationem
1772 5055 1932 5105 extol-

361 5142 434 5194 lat
466 5158 558 5205 me,
599 5142 748 5194 datus
791 5149 861 5194 est
913 5142 1036 5193 mihi
1083 5142 1319 5199 stimulus
1347 5157 1383 5192 εν
1409 5143 1513 5194 ruis
1556 5159 1677 5195 metu
1722 5144 1931 5213 angelus

324 5258 331 5262 η
364 5234 593 5289 Satanae.
619 5234 823 5297 Quanta
848 5240 970 5285 sunt
1018 5246 1135 5303 ante
1162 5232 1311 5286 celo!
1342 5242 1392 5283 ιιι
1421 5232 1610 5284 merito
1643 5232 1766 5284 mihi
1790 5242 1932 5285 esset

367 5322 610 5375 stimulus
637 5320 1084 5388 ttecessurinsxqui
1134 5335 1218 5374 me
1249 5322 1514 5375 hominem
1552 5335 1670 5374 esse
1699 5336 1933 5375 ramme-

366 5420 555 5464 tuoret.
591 5408 657 5465 Ut
684 5427 763 5463 me
791 5406 1099 5481 colaphizct.
1126 5409 1504 5478 Colaphizabal
1533 5426 1651 5464 eum
1675 5410 1928 5479 Satanas,

363 5513 453 5556 aut
483 5502 850 5557 tribulationes
880 5501 1208 5565 suseitando,
1239 5511 1331 5554 aut
1364 5501 1643 5554 inferendo
1675 5502 1890 5558 dolores
1916 5520 1930 5557 :

366 5597 578 5664 qttidatu
604 5596 958 5648 ennn'dicnnt
986 5609 1105 5648 eum
1138 5593 1402 5663 frequenti
1426 5592 1608 5647 dolore
1638 5595 1827 5660 capitis
1859 5596 1934 5650 la-

367 5689 601 5741 borasse.
638 5687 733 5739 Alit
767 5686 947 5742 dicunt
998 5685 1298 5742 titillatione
1342 5685 1516 5740 carnis
1562 5684 1927 5753 Stituulatum;

2034 4595 2202 4647 minus
2229 4592 2471 4644 habuistis
2494 4606 2599 4660 pra:
2622 4591 2813 4642 verteris
2836 4588 3093 4643 Ecclesiis.
3112 4590 3314 4655 Quibus
3347 4589 3435 4642 alii
3475 4603 3555 4654 ap:
3580 4619 3606 4630 -

2036 4685 2155 4739 stoli
2179 4684 2621 4752 praedicaverunt.
2647 4678 2762 4732 Nisi
2774 4682 2909 4745 quod
2920 4694 3009 4749 ego
3028 4681 3135 4749 ipse
3161 4696 3259 4731 non
3277 4680 3479 4748 ψαυαυί
3497 4678 3610 4733 vos?

2037 4777 2171 4841 Quia
2203 4774 2330 4825 nihil
2362 4788 2390 4823 a
2421 4774 2568 4824 vobis
2594 4771 2792 4837 accnpi.
2823 4770 3019 4822 Donate
3039 4770 3162 4821 mihi
3187 4777 3316 4820 hanc
3336 4771 3606 4840 injuriam.

2039 4865 2093 4919 Si
2118 4868 2226 4915 hoc
2262 4864 2510 4932 injurintn
2560 4877 2680 4916 esse
2727 4863 2943 4928 putatis,
2978 4856 3423 4926 igttoscite.'Ecce
3460 4862 3609 4911 tertio

2038 4957 2134 5009 hoc
2160 4965 2371 5023 paratus
2398 4971 2511 5007 sunt
2539 4956 2701 5005 rcnire
2727 4954 2791 5003 ad
2812 4968 2895 5003 vos
2913 4994 2926 5015 ,
2952 4961 2995 5002 et
3018 4965 3115 5001 non
3139 4963 3225 5000 cro
3246 4948 3411 5018 gravis
3437 4946 3577 5002 nobis
3597 4987 3616 5015 ,

2037 5064 2135 5099 non
2183 5047 2313 5099 enim
2358 5061 2527 5113 quer
2577 5059 2689 5110 qua:
2723 5050 2885 5095 vestra
2913 5050 3057 5101 sunt,
3089 5040 3175 5091 scd
3204 5056 3307 5094 vos.
3338 5039 3448 5093 Nec
3476 5043 3619 5094 enim

2037 5138 2212 5190 delent
2242 5138 2339 5204 [iiii
2385 5134 2677 5203 parentibus
2707 5134 3061 5185 (In-saurizare.
3111 5131 3344 5185 Salutem
3378 5143 3616 5193 Vestram

2037 5244 2255 5296 (llItL'l‘O,
2305 5243 2407 5281 non
2426 5243 2680 5281 munera.
2715 5226 2815 5277 Sed
2868 5233 3092 5291 parentes
3124 5224 3264 5291 ﬁl.is.
3302 5226 3413 5291 Ego
3444 5241 3579 5287 utaut
3607 5255 3623 5275 π

2045 5320 2192 5372 voltis
2224 5319 2394 5372 debeo
2422 5318 2548 5371 dare
2579 5318 2717 5385 quod
2744 5316 2934 5368 habeo.
2968 5314 3083 5386 Ego
3099 5324 3264 5369 autem
3289 5315 3584 5369 libentissim
3606 5329 3630 5361 ε

2040 5413 2347 5483 impendam.
2375 5411 2428 5465 Si
2458 5412 2580 5480 quid
2616 5411 2805 5465 habeo.
2836 5411 2897 5463 Et
2923 5411 3343 5481 sttpm‘tmpendar
3382 5412 3489 5479 ipse
3515 5427 3575 5479 pr
3601 5427 3627 5460 ο

2041 5502 2304 5555 animabus
2324 5503 2516 5557 vestris.
2552 5503 2686 5555 Licet
2709 5504 2823 5569 plus
2850 5518 2932 5554 eos
2956 5504 3187 5568 diligens,
3217 5503 3381 5554 minus
3402 5504 3607 5572 diligor.

2044 5594 2193 5661 Quod
2218 5594 2388 5649 habeo
2417 5596 2598 5649 labare
2627 5597 2904 5664 impendo,
2936 5604 2992 5649 et
3036 5597 3146 5663 ipse
3176 5597 3610 5664 an-erimpcnalar

2048 5700 2139 5752 pro
2188 5688 2381 5740 vestris
2430 5688 2703 5740 animabus
2741 5712 2752 5746 ε
2789 5694 3013 5759 potinem
3065 5694 3204 5745 στίν-ι
3248 5694 3274 5729 μ’
3304 5692 3455 5745 lcttio
3511 5706 3615 5744 turn
