3884 6172
415 229 518 283 εδδ

1462 288 1465 289 ,
1525 228 1824 286 PRIMASII
1866 227 2315 285 ADBUMETANI
2359 228 2566 285 EPISC.

3563 235 3658 290 58b

411 350 584 402 solum
618 356 782 402 totum
826 350 986 417 gratis
1034 346 1290 418 impendit
1317 348 1457 418 qund
1500 324 1679 410 h'abet,
1713 348 1804 403 sed
1830 349 1985 402 etiam
2019 356 2061 406 Α
2094 357 2197 410 est,
2221 346 2360 415 quod
2384 348 2528 409 vivit,
2547 360 2721 400 suttm.
2740 343 2818 398 Ex
2844 346 3158 415 infirmi-ate.
3180 347 3432 402 llumantn
3452 359 3657 407 natura.

411 437 524 503 ipsa
561 438 787 492 libenter
820 439 1162 506 impenditur.
1196 438 1296 493 Ubi
1325 452 1547 493 necesse
1580 448 1682 493 est.
1715 437 1820 493 Sed
1854 450 1987 502 esto,

410 546 502 598 ego
518 546 600 582 vos
614 547 709 585 non
723 531 945 599 grat-avi.
956 528 1054 584 Per
1066 531 1243 583 omnia
1257 546 1314 584 se
1330 541 1517 597 purgat
1530 531 1763 597 ipsorum
1779 544 1991 597 semper

410 621 793 676 conscientiam
828 621 1192 687 interrogans,
1242 618 1400 672 simul
1429 628 1482 672 et
1507 618 1773 688 quomodo
1796 619 1861 671 ab
1886 619 1990 672 ills

412 724 634 767 caveant
663 717 985 765 monstrans.
1015 709 1119 764 Sed
1146 727 1259 763 cum
1304 727 1463 764 essem
1499 720 1695 764 astutus
1715 753 1728 775 ,
1758 712 1878 764 dolo
1906 728 1990 765 vos

409 806 539 873 cepi.
572 803 816 869 Nunquid
845 819 933 872 per
977 802 1197 870 aliquem
1252 819 1426 855 eorum
1454 818 1579 871 quos
1609 802 1723 855 misi
1764 802 1831 854 ad
1871 817 1988 867 vos,

407 896 714 948 circumveni
744 894 867 946 vos?
909 892 1107 961 Rogavi
1160 892 1354 961 Titum,
1383 902 1433 945 et
1478 894 1593 946 misi
1618 909 1735 947 cum
1765 895 1853 946 illo
1885 895 1990 963 fra-

409 997 555 1039 trem.
591 984 767 1037 Forte.
803 980 1049 1049 Nunquid
1074 981 1217 1035 Titus
1238 998 1324 1035 vos
1356 983 1720 1036 circumvenit?
1747 982 1859 1037 Non
1888 984 1991 1037 uti-

412 1092 536 1145 que,
570 1092 695 1128 non.
728 1074 909 1127 Nonne
930 1074 1304 1140 codemspiritu
1329 1072 1727 1129 ambulatitnus?
1747 1073 1990 1151 Nunquid

415 1167 532 1219 tulit
569 1166 719 1219 vobis
750 1163 951 1231 aliquid
982 1163 1122 1230 quod
1154 1162 1285 1215 mihi
1314 1162 1555 1228 afferret,
1586 1174 1677 1217 aut
1710 1166 1867 1218 aliter
1891 1166 1989 1219 do-

413 1259 519 1311 cuit
548 1272 706 1326 quam
736 1271 820 1310 me
851 1256 1045 1309 docere
1076 1254 1299 1308 videtis?
1324 1253 1511 1309 Nonne
1531 1256 1710 1308 iisdem
1738 1255 1993 1325 vestigiis?

416 1350 550 1401 Olim
591 1348 776 1415 putatis
811 1346 945 1414 quod
992 1360 1286 1399 excusemus
1334 1362 1424 1399 nos
1452 1346 1591 1415 apud
1615 1363 1721 1400 vos.
1753 1346 1869 1401 Non
1889 1387 1904 1411 ,
1937 1357 1994 1401 ut

416 1441 663 1508 superius
688 1439 832 1501 dixi,
856 1448 915 1491 ut
941 1436 1093 1490 vobis
1118 1438 1440 1505 placeamus,
1467 1437 1580 1491 haec
1605 1437 1868 1493 dicimus:
1897 1438 1989 1492 sed

416 1549 484 1588 ne
529 1532 705 1598 nobis,
738 1547 860 1585 cum
888 1531 1195 1584 venerimus
1216 1570 1232 1597 ,
1266 1544 1485 1585 necesse
1512 1532 1577 1585 sit
1613 1530 1790 1585 acrius
1820 1531 1993 1585 vindi-

414 1641 557 1685 care.
589 1625 777 1677 Coram
825 1622 929 1676 Deo
967 1623 1020 1674 in
1064 1622 1264 1675 Christo
1294 1622 1568 1690 loquimur,
1598 1624 1770 1675 omnia
1796 1632 1987 1689 autem,

2096 437 2198 489 Sed
2222 438 2336 489 rit-it
2367 454 2429 489 ex
2454 439 2634 490 virtute
2674 436 2766 489 Dei
2798 452 2814 488 :
2855 454 2971 489 nam
3002 448 3048 490 et
3079 452 3167 490 nos
3205 440 3396 506 infirmi
3422 456 3590 494 sumus
3614 446 3662 495 in

2090 527 2203 580 illo.
2238 527 2343 582 Sed
2371 536 2424 581 et
2470 542 2567 580 nos
2598 528 2649 581 in
2683 530 2925 595 prae-cuti
2955 529 3167 597 quidem
3206 530 3554 596 inﬁrmamur,
3580 534 3664 586 sed

2094 620 2145 672 itt
2179 623 2354 673 futuro
2378 636 2499 674 cum
2532 622 2642 686 illo,
2676 636 2778 673 non
2815 623 2865 674 in
2892 633 3094 686 nostra,
3135 622 3224 676 sed
3261 622 3349 676 Dei
3380 624 3570 676 virtute
3598 628 3668 679 vi-

2090 724 2298 763 vemus.
2327 709 2433 764 Sed
2456 710 2674 762 vivemus
2699 726 2812 763 cum
2836 726 2916 776 eo,
2947 727 3011 764 ea;
3033 712 3212 763 virtute
3237 710 3331 764 Dei
3350 713 3405 765 in
3427 713 3592 768 nobis.
3616 713 3669 769 Si

2091 814 2189 854 nus
2216 800 2632 867 provocaveritis
2654 801 2915 865 inﬁrmos,
2942 803 3219 856 invenieti~
3246 819 3341 856 nus
3360 805 3540 859 virete
3559 820 3671 862 cum

2089 891 2305 946 Christo
2334 892 2386 945 in
2416 893 2611 946 virtute
2644 893 2732 947 Dei
2753 932 2770 957 ,
2801 909 2924 947 cum
2958 895 3008 946 in
3038 909 3132 948 vos
3157 894 3429 949 vindicare
3450 897 3669 965 emperi-

2092 999 2227 1037 mus.
2260 982 2602 1051 Vosmetr'psos
2632 992 2837 1047 tentate,
2864 984 2909 1036 si
2932 985 3049 1038 estis
3081 986 3134 1037 in
3163 984 3302 1053 fide:
3332 986 3429 1054 ipsi
3452 1002 3537 1039 vos
3565 1002 3674 1052 prc-

2092 1073 2226 1127 bate.
2255 1074 2310 1129 Si
2352 1075 2481 1129 estis
2511 1076 2563 1128 in
2594 1073 2719 1139 ﬁde,
2751 1089 2817 1129 ex
2860 1076 3013 1130 vobis
3041 1090 3138 1130 nos
3174 1079 3510 1144 cognoscite,
3559 1076 3675 1129 date

2091 1167 2411 1220 sententiam
2443 1166 2496 1219 in
2520 1176 2803 1235 peccante,
2829 1177 2883 1221 et
2910 1160 3085 1223 videte
3112 1170 3155 1221 si
3186 1183 3289 1222 non
3316 1169 3492 1222 statim
3515 1169 3677 1225 verbo

2091 1257 2319 1311 vindicta
2348 1259 2603 1325 procedit.
2636 1260 2819 1312 Annon
2856 1260 3159 1328 cognoscitis
3187 1260 3535 1326 vosmetipsos,
3563 1263 3678 1328 quia

2093 1344 2323 1399 Christus
2347 1343 2499 1399 Jesus
2532 1347 2583 1398 in
2618 1347 2756 1400 vobis
2783 1356 2877 1411 est,
2910 1348 3007 1401 nisi
3032 1352 3163 1417 furte
3193 1349 3392 1418 reprobi
3420 1351 3575 1403 estis.
3605 1351 3678 1405 An

2095 1436 2315 1491 nescitis
2344 1437 2467 1506 quia
2499 1435 2605 1491 Chr
2628 1446 2744 1491 stus
2788 1438 2877 1491 Dei
2917 1439 3083 1492 virtus
3112 1439 3167 1492 in
3195 1439 3343 1493 vobis
3371 1440 3489 1494 est?
3519 1441 3576 1494 si
3604 1452 3677 1495 ta-

2094 1542 2215 1581 nten
2244 1542 2349 1580 non
2378 1528 2507 1580 eSliS
2538 1527 2773 1595 reprobi,
2819 1528 2919 1582 huc
2940 1538 3023 1583 est
3048 1531 3091 1582 si
3128 1544 3231 1583 non
3275 1529 3565 1600 deteliquit
3595 1546 3680 1599 per

2095 1617 2467 1695 negligentian
2495 1626 2745 1672 vestram.
2778 1616 2945 1685 Spero
2985 1630 3153 1673 autem
3199 1638 3231 1690 q
3270 1622 3335 1673 od
3368 1623 3679 1690 cognoscetis

415 1714 719 1773 charissimi,
737 1722 939 1781 prapter
960 1717 1174 1764 vestram
1198 1709 1601 1777 aediﬁcationem.
1617 1709 1782 1776 Quam
1806 1710 1989 1767 fallere
2021 1715 2067 1772 B
2095 1710 2211 1779 quia
2237 1726 2330 1762 nos
2360 1725 2460 1763 non
2486 1725 2662 1763 sumus
2686 1710 2907 1780 reprobi.
2941 1710 3111 1776 Spero
3141 1728 3238 1768 nos
3264 1727 3514 1768 sensuros
3546 1730 3678 1784 quo-

417 1801 743 1871 impossibile
771 1809 873 1855 est.
903 1799 1077 1854 Timeo
1107 1800 1241 1852 enim
1272 1816 1334 1853 ne
1361 1799 1491 1868 forte
1517 1816 1633 1853 cum
1654 1816 1865 1867 venero,
1892 1818 1993 1854 non

416 1894 591 1963 quales
614 1892 724 1946 volo
750 1891 1004 1944 inveniam
1024 1907 1108 1944 vos
1123 1930 1139 1955 ,
1164 1899 1212 1943 et
1232 1906 1324 1960 ego
1344 1890 1568 1944 inveniar
1588 1908 1619 1943 a
1641 1890 1776 1944 vobis
1795 1898 1995 1960 qualem

418 2000 518 2037 non
546 1982 719 2038 vultis.
753 1981 808 2036 Si
840 1996 935 2035 vos
964 1996 1070 2034 non
1096 1980 1356 2033 invenero
1372 1978 1566 2048 justos,
1590 1990 1643 2034 et
1664 1994 1763 2051 ego
1783 1998 1812 2033 ει
1844 1980 1995 2036 vob’s

420 2089 641 2132 severus
680 2074 945 2128 inveniar.
996 2071 1381 2127 Blandituentis
1428 2072 1648 2127 minime
1693 2073 1877 2127 utitur.
1914 2073 1996 2128 Ne

421 2169 549 2236 forte
572 2165 939 2227 contentiones,
990 2164 1341 2217 trmulationes
1358 2203 1373 2228 ,
1401 2164 1743 2218 animositates
1759 2204 1775 2231 ,
1800 2165 1995 2218 dissen-

418 2260 605 2318 siones,
636 2256 994 2318 detractiones,
1021 2259 1417 2321 emat-rationes,
1448 2254 1767 2324 inflationes,
1790 2256 1996 2310 seditio-

422 2368 509 2405 nes
536 2351 635 2404 sint
664 2350 797 2403 inter
824 2364 930 2402 vos.
963 2346 1018 2402 Si
1050 2339 1264 2416 propter
1292 2346 1407 2402 haec
1435 2362 1494 2402 sc
1523 2348 1734 2401 dicebat
1759 2349 1994 2403 severis-

420 2444 557 2497 sime
583 2443 877 2506 vindicare,
932 2440 1057 2508 quid
1111 2439 1310 2494 faceret
1358 2439 1402 2494 si
1443 2443 1638 2494 nostris
1666 2440 1995 2509 temporibus

424 2534 780 2596 adinveniret,
811 2532 1004 2599 quibus
1047 2531 1112 2584 ad
1154 2530 1608 2599 comparationem
1635 2545 1665 2583 a
1689 2530 1859 2585 ierunt
1891 2531 1997 2584 cri-

422 2626 621 2679 minum
655 2625 754 2678 ista
786 2638 884 2679 nec
911 2631 1163 2693 putantur
1185 2636 1304 2675 esse
1333 2621 1583 2688 peccata?
1608 2620 1891 2676 Contentio
1914 2630 1996 2676 est

423 2717 510 2771 ubi
540 2731 644 2770 non
674 2715 879 2769 ratione
915 2713 1137 2781 aliquid,
1169 2712 1263 2766 sed
1292 2710 1453 2765 animi
1487 2711 1779 2797 pertinacia
1806 2710 1996 2767 defen-

422 2812 584 2864 dizur.
616 2808 846 2864 Susurro
883 2814 967 2862 est
993 2806 1113 2875 quia
1147 2814 1460 2868 murmurat,
1493 2812 1547 2857 et
1593 2818 1698 2857 non
1744 2802 1903 2857 alicui
1940 2803 1995 2858 in

427 2902 579 2961 facie,
613 2898 707 2954 sed
739 2897 806 2952 de
829 2897 946 2965 ipso
972 2894 1089 2948 aliis
1118 2894 1259 2951 male
1290 2893 1540 2961 loquitur.
1575 2889 1641 2944 Et
1676 2893 1855 2946 iterum
1878 2907 1993 2973 cum

420 3006 619 3054 venero,
642 2988 872 3042 humiliet
894 3002 972 3039 me
1004 2985 1139 3038 Deus
1167 2986 1308 3052 apud
1336 2998 1440 3036 vos.
1476 2982 1541 3036 Et
1571 2983 1672 3037 hoc
1715 2984 1896 3037 timeo.
1926 2982 1991 3035 Et

2100 1802 2259 1855 modo
2294 1817 2388 1857 vos
2413 1801 2569 1856 video
2596 1804 2923 1857 conversari.
2955 1803 3173 1858 Oramus
3200 1816 3369 1859 autem
3400 1806 3573 1861 Deum
3591 1850 3605 1871 ,
3632 1820 3680 1862 ut

2096 1893 2224 1945 nihil
2246 1893 2366 1945 mali
2393 1893 2615 1960 faciatis.
2640 1892 2694 1947 Si
2714 1893 2855 1948 enim
2884 1895 3077 1963 aliquid
3102 1896 3353 1963 lacernis,
3382 1912 3479 1952 nos
3506 1901 3679 1953 vindi-

2095 1983 2265 2037 cando
2296 1985 2502 2051 probati
2549 1984 2881 2053 parebimus;
2911 1988 3003 2041 sed
3035 1987 3294 2042 malumus
3323 2004 3420 2043 nos
3462 2006 3489 2043 r
3509 1992 3678 2060 -probi

2097 2073 2293 2138 videri,
2328 2085 2530 2143 tantum
2564 2084 2621 2129 ut
2657 2091 2751 2129 vos
2780 2077 2923 2146 quod
2953 2078 3150 2132 bonum
3175 2087 3255 2131 cst
3295 2079 3521 2134 faciatis.
3565 2082 3678 2135 Non

2096 2173 2152 2217 ut
2188 2180 2281 2219 nos
2319 2165 2519 2235 probati
2548 2182 2851 2236 pareamus,
2892 2170 2981 2221 sed
3025 2179 3079 2221 ut
3108 2184 3193 2223 vos
3220 2172 3355 2237 quod
3395 2171 3588 2225 bonum
3613 2184 3679 2226 est

2100 2257 2325 2325 faciatis.
2348 2257 2694 2325 Subauditur,
2719 2274 2837 2316 oro.
2869 2259 2980 2315 Nos
3011 2270 3181 2315 autem
3207 2272 3261 2316 ut
3282 2266 3481 2334 reprobi
3501 2266 3676 2322 simus.

2101 2350 2223 2405 Non
2248 2349 2384 2403 enim
2409 2367 2680 2418 possumus
2703 2351 2898 2422 aliquid
2916 2354 3158 2409 adversus
3181 2357 3459 2424 veritatem,
3484 2361 3579 2413 sed
3600 2376 3679 2426 pro

2097 2440 2326 2496 veritate.
2344 2440 2401 2496 In
2427 2442 2764 2498 innocentem
2786 2446 2927 2498 enim
2951 2460 3055 2500 non
3083 2448 3339 2514 praevalet
3359 2459 3544 2502 nostra
3567 2465 3682 2505 sen-

2098 2532 2283 2598 tentia,
2314 2532 2415 2586 nisi
2446 2532 2499 2586 in
2528 2548 2649 2587 eum
2687 2535 2776 2603 qui
2825 2536 3146 2604 peccaverit.
3202 2534 3505 2593 Gaudemus
3557 2541 3680 2594 enim

2098 2624 2305 2692 quando
2331 2640 2424 2677 nos
2454 2625 2645 2693 infirmi
2674 2642 2885 2691 sumus,
2924 2642 3008 2679 vos
3053 2637 3226 2680 autem
3272 2636 3504 2696 potentes
3546 2631 3680 2683 estis.
3766 2674 3773 2685 .

2100 2712 2406 2768 Gaudemus
2433 2715 2477 2768 si
2509 2729 2730 2770 necesse
2759 2731 2864 2769 non
2910 2726 2993 2771 est
3032 2726 3085 2771 ιιι
3120 2726 3301 2771 nostra
3326 2717 3495 2772 virtus
3521 2734 3682 2789 appa-

2104 2816 2255 2860 reat:
2298 2805 2437 2860 sicut
2464 2808 2710 2874 apparuit
2755 2808 2805 2861 in
2838 2806 3039 2863 Anania
3065 2816 3123 2864 et
3152 2808 3378 2879 Sapbira
3425 2810 3602 2875 Petri,
3632 2819 3683 2865 ut

2098 2906 2285 2950 nostra
2315 2895 2367 2948 in
2395 2894 2568 2963 Mago.
2602 2895 2718 2949 Hoc
2757 2906 2805 2949 et
2855 2913 3089 2963 oramus,
3122 2892 3337 2951 vestram
3367 2914 3683 2953 consumma-

2103 2987 2312 3043 tionem.
2336 2984 2408 3040 Ut
2427 3000 2525 3040 vos
2546 2986 2762 3055 perfecti
2794 2987 2912 3041 sitis
2931 2998 3090 3058 atque
3115 2997 3380 3057 potentes.
3416 2988 3545 3043 Ideo
3582 2990 3684 3046 luet

423 3085 625 3152 lugeam
647 3080 831 3135 inultos
858 3094 921 3132 ea:
945 3076 1025 3129 his
1054 3078 1137 3144 qui
1161 3086 1275 3128 ante
1303 3084 1653 3144 peccaverunt,
1685 3084 1731 3126 et
1754 3090 1856 3127 non
1884 3090 1993 3144 ege-
2022 3078 2068 3139 C
2099 3079 2273 3133 absens
2302 3076 2495 3142 scribo,
2522 3090 2578 3131 ut
2632 3093 2733 3131 non
2769 3093 2990 3146 prtesens
3026 3079 3203 3132 durius
3231 3096 3379 3149 agam
3409 3083 3686 3137 “cundum

420 3181 538 3225 runt
584 3170 930 3243 pwititentiam
987 3182 1137 3249 super
1183 3164 1510 3218 immunditia
1554 3174 1601 3219 et
1641 3164 1996 3233 fornicatione.

420 3269 617 3319 Contra
663 3260 982 3316 Novatianos
1029 3256 1349 3325 poenitentia:
1398 3265 1699 3324 negatores.
1752 3253 1809 3308 Si
1858 3256 2000 3322 luget

426 3355 786 3426 penitentiam
806 3369 910 3407 non
939 3358 1179 3420 agentes,
1196 3349 1380 3417 utique
1402 3347 1468 3402 de
1489 3347 1764 3417 agentibus
1779 3346 1991 3415 gaudet.

428 3448 491 3502 Et
538 3445 857 3516 impudicitia
899 3456 1051 3507 quam
1096 3446 1377 3524 gesserunt.
1430 3435 1755 3503 Impudieitia
1785 3437 1999 3505 gravior

420 3548 506 3595 cst
526 3578 539 3601 ,
569 3537 716 3605 quasi
748 3542 1081 3588 monstruosa
1130 3528 1430 3594 fornicatio,
1459 3527 1597 3581 sicut
1640 3526 1727 3582 ille
1752 3527 1877 3583 fecit
1906 3526 1996 3596 qui

425 3642 642 3684 “\Ol‘elll
672 3627 836 3694 patris
858 3622 1082 3690 accepit.

491 3718 619 3773 Car.
645 3732 758 3771 xm.
796 3714 923 3769 Ecce
944 3712 1093 3767 tertio
1116 3711 1210 3764 hoc
1237 3709 1378 3764 venio
1405 3709 1471 3762 ad
1492 3724 1597 3763 vos.
1615 3707 1729 3761 Jam
1750 3708 1890 3762 enim
1914 3708 1995 3764 bis

424 3812 614 3865 fuerat.
638 3806 699 3860 In
726 3822 813 3860 ore
839 3808 1058 3859 duorum
1073 3804 1151 3857 vel
1169 3805 1320 3856 trium
1339 3803 1543 3855 testium
1562 3801 1713 3855 stabit
1735 3816 1881 3854 omne
1894 3816 1998 3854 ver-

422 3905 557 3955 bum.
577 3898 876 3955 Secundum
892 3898 1082 3965 legem.
1100 3894 1329 3951 Prwdixi
1343 3894 1477 3948 enim
1489 3903 1535 3947 et
1551 3892 1795 3961 prtedico,
1810 3900 1862 3944 ut
1874 3909 1998 3958 pra:-

424 4012 566 4057 scns,
604 4004 650 4045 et
697 4008 828 4045 nunc
883 3992 1083 4053 absens,
1139 3988 1218 4042 Itis
1264 3988 1353 4054 qui
1400 3993 1517 4038 ante
1546 3993 1897 4055 peccaverunt,
1948 3992 1997 4037 et

423 4084 612 4136 caeteris
635 4083 887 4143 omnibus,
904 4081 1143 4151 quoniam
1158 4082 1200 4133 si
1224 4094 1402 4133 venero
1424 4079 1623 4141 iterum,
1650 4094 1749 4129 non
1770 4093 1993 4145 parcam.

425 4173 524 4239 Qui
565 4172 896 4242 postmodum
941 4179 1291 4240 peccaverunt
1321 4184 1419 4223 nec
1448 4167 1576 4235 ipsis
1610 4182 1849 4234 parcam,
1874 4168 1997 4235 quia

425 4264 658 4330 priorum
687 4262 834 4314 ruina
862 4261 991 4313 istos
1020 4259 1194 4314 facere
1222 4258 1406 4313 debuit
1430 4257 1715 4311 cautiores.
1741 4256 1820 4308 An
1846 4272 1998 4320 expe-

425 4356 695 4405 rimentun
730 4352 951 4418 qua’ritis
985 4353 1098 4421 ejus
1128 4350 1211 4418 qui
1240 4352 1292 4402 in
1319 4366 1395 4402 me
1424 4350 1649 4418 loquitur
1674 4347 1995 4402 Christi?An

2104 3181 2399 3235 potestatem
2422 3187 2577 3239 quam
2600 3170 2846 3225 Dominus
2870 3171 3007 3224 dedit
3030 3172 3173 3225 mihi.
3197 3173 3253 3229 Si
3276 3174 3417 3228 enim
3445 3191 3549 3229 non
3571 3192 3684 3231 cor—

2101 3262 2271 3331 rigitis
2291 3304 2306 3326 ,
2335 3262 2510 3316 adhuc
2538 3261 2723 3315 durius
2749 3276 2901 3327 agam
2928 3277 3085 3329 quam
3112 3264 3252 3319 dico.
3284 3263 3353 3319 In
3380 3265 3685 3335 aedificatio-

2099 3369 2231 3406 nem.
2265 3352 2335 3407 Ut
2370 3362 2425 3405 et
2455 3368 2549 3407 vos
2580 3352 2807 3407 emende
2835 3354 2902 3414 is,
2931 3365 2984 3408 et
3013 3354 3099 3406 alii
3134 3369 3354 3421 peccare
3378 3355 3680 3412 formident.

2099 3439 2169 3494 Et
2192 3459 2293 3495 non
2313 3443 2369 3496 in
2396 3443 2804 3497 destructionem.
2827 3442 3101 3498 Vestram:
3130 3447 3267 3500 sicut
3295 3447 3368 3500 illi
3400 3449 3499 3501 sibi
3523 3464 3684 3504 usur-

2102 3541 2247 3600 pant.
2280 3531 2355 3585 De
2394 3540 2598 3595 ctetero,
2624 3532 2830 3601 fratres,
2862 3536 3097 3602 gaudete,
3133 3536 3341 3604 perfecti
3370 3548 3545 3592 estote.
3579 3538 3683 3591 Nec

2103 3623 2321 3676 tandum
2338 3627 2479 3690 quod
2505 3624 2647 3676 omni
2671 3622 2926 3677 Ecclesiae
2945 3625 3184 3679 sorbens
3204 3627 3333 3679 dicit
3348 3641 3471 3681 esse
3491 3628 3685 3682 debere

2105 3711 2395 3781 perfectos,
2427 3719 2481 3765 et
2509 3712 2646 3779 quod
2680 3713 2843 3766 laicos
2870 3727 2927 3765 se
2950 3712 3101 3781 jubet
3133 3715 3355 3768 invii-cm
3388 3718 3678 3774 exhortari.

2097 3804 2237 3861 sicut
2266 3802 2394 3855 alibi
2426 3801 2590 3855 dicit:
2627 3802 2831 3858 Vellem
2883 3818 3072 3859 omnes
3112 3805 3358 3859 homines
3394 3821 3513 3862 esse
3553 3811 3681 3864 sicut

2101 3892 2390 3960 meipsum.
2430 3891 2536 3946 Sed
2573 3892 2694 3961 quia
2743 3892 2816 3946 ibi
2854 3895 3125 3962 sequitur:
3160 3894 3536 3965 Unusquisque
3567 3915 3657 3966 pro

2101 3983 2273 4050 prium
2299 3980 2495 4035 donum
2529 3981 2688 4035 habet
2715 3998 2746 4035 a
2772 3982 2879 4037 Deo
2909 3999 2922 4033 :
2952 3983 3002 4036 in
3031 3984 3297 4047 donantis,
3326 4000 3431 4039 neu
3462 3988 3515 4042 in
3550 3988 3675 4042 acci-

2101 4058 2290 4141 pientis
2340 4084 2421 4125 est
2473 4082 2734 4141 potestate
2785 4073 3056 4142 perfectio.
3109 4075 3501 4142 Exhortaniini,
3551 4080 3679 4132 idem
3731 4069 3740 4076 ’

2097 4167 2289 4234 sapite,
2328 4180 2500 4231 pacem
2523 4164 2720 4219 habete.
2748 4166 2863 4220 Hoc
2882 4176 2964 4221 est
2989 4183 3175 4223 unum.
3204 4167 3268 4221 Et
3302 4168 3441 4224 Deus
3469 4173 3606 4240 pacis
3631 4182 3679 4226 et

2092 4256 2384 4309 dilectionis
2404 4257 2496 4309 erit
2520 4257 2792 4311 vobiscum.
2817 4257 2907 4314 Sin
2929 4265 3105 4313 autem
3130 4270 3317 4314 auctor
3341 4261 3678 4315 dissensionis

2105 4357 2159 4399 et
2189 4346 2294 4400 odii
2327 4350 2427 4400 erit
2451 4355 2533 4399 vo!
2558 4348 2748 4410 iscum,
2776 4356 2830 4403 et
2860 4348 3006 4403 eritis
3037 4365 3158 4407 cum
3191 4352 3285 4404 illo
3316 4354 3369 4405 in
3398 4361 3671 4407 mter-num.

426 4445 478 4494 in
511 4457 594 4495 me
615 4442 879 4494 Christum
905 4440 1117 4494 tentatis
1139 4440 1181 4493 si
1209 4440 1358 4492 vobis
1391 4439 1563 4491 valeat
1599 4438 1906 4492 vindicare?
1936 4439 2000 4492 Et
2033 4447 2078 4503 ι)
2110 4437 2347 4493 Salutate
2374 4439 2585 4492 invicem
2628 4440 2682 4491 in
2711 4438 2886 4492 osculo
2913 4452 3111 4494 sancto.
3138 4441 3251 4495 Non
3274 4442 3417 4496 ﬁcto.
3443 4444 3678 4498 Salutant

426 4530 715 4583 notandum
739 4530 875 4594 quod
898 4528 1136 4582 doctrina
1158 4527 1276 4597 ejus
1294 4542 1397 4581 non
1425 4530 1677 4592 lintnana,
1695 4528 1786 4581 St'd
1801 4527 1997 4581 Christi

424 4638 547 4676 esse
575 4629 849 4690 probatur,
871 4637 1030 4691 quam
1059 4623 1145 4691 qni
1172 4622 1534 4690 reprehendit,
1563 4624 1680 4676 sine
1703 4623 1863 4675 dubio
1889 4622 1997 4676 Deo

424 4724 708 4767 contumax
735 4713 1024 4766 invenitur.
1059 4712 1155 4775 Qui
1184 4716 1235 4765 in
1270 4713 1408 4765 vobis
1438 4730 1536 4766 non
1567 4713 1873 4780 inﬁrmatur.
1899 4712 1999 4766 Po-

428 4811 530 4855 ιιιει
556 4804 657 4856 «ιιοι
689 4818 811 4856 eum
853 4818 956 4855 nutt
988 4800 1277 4866 inﬁrmum,
1310 4802 1400 4855 sed
1432 4811 1699 4869 potentem
1729 4816 1868 4865 esse,
1901 4816 1998 4855 nec
2026 4848 2029 4851 ,

424 4897 525 4965 ipsi
556 4896 828 4962 ignoratis.
849 4894 969 4961 Sed
1015 4905 1192 4958 potens
1221 4895 1271 4946 in
1298 4895 1460 4947 nobis.
1495 4893 1549 4948 Si
1580 4892 1738 4946 etiam
1768 4894 1819 4946 in
1849 4892 1998 4946 vobis

423 4995 614 5055 potens
640 4994 751 5051 est,
782 4996 983 5054 quanto
1004 4976 1009 4979 ⁴
1028 5000 1195 5052 magis
1226 4984 1276 5036 in
1311 4984 1462 5036 nobis
1491 4982 1855 5052 capacioribus
1882 4983 1998 5036 sui!

428 5075 565 5129 Nam
610 5078 699 5128 etsi
724 5077 994 5142 cruciﬁxus
1020 5086 1110 5128 est.
1143 5074 1294 5141 Quod
1322 5073 1606 5128 cruciﬁxus
1633 5081 1734 5137 est,
1762 5082 2002 5127 nostrum

2106 4544 2191 4581 vos
2218 4530 2380 4583 saneti
2405 4546 2596 4583 omnes.
2631 4528 2743 4583 Non
2782 4531 2997 4585 divites.
3039 4528 3217 4585 Gratia
3267 4531 3473 4586 Domini
3521 4532 3676 4586 nostri

2104 4618 2230 4673 Jrsu
2262 4608 2481 4686 Christi,
2513 4630 2556 4675 et
2596 4622 2820 4676 Charitas
2852 4622 2977 4688 Dei,
3006 4633 3054 4677 et
3103 4626 3492 4679 communicatio
3517 4625 3675 4678 sancti

2109 4711 2358 4776 Spiritus.
2410 4713 2601 4766 Contra
2650 4714 3050 4785 Arianos,‘qui
3103 4718 3492 4771 calumniantur
3534 4716 3670 4786 quod

2094 4803 2263 4867 Pater
2308 4804 2479 4873 major
2515 4805 2605 4868 sit,
2638 4807 2758 4875 quia
2808 4821 3021 4875 semper
3068 4809 3211 4877 prior
3240 4810 3558 4863 nominetur.
3590 4806 3673 4862 Sit

2106 4909 2220 4944 cum
2260 4892 2490 4946 omnibus
2517 4895 2672 4948 vobis.
2699 4895 2877 4950 Amen.
2923 4897 3069 4950 Sicut
3112 4907 3193 4951 est
3231 4913 3352 4951 cum
3400 4897 3673 4966 aliquantis

2104 4984 2417 5052 justioribus
2445 4986 2596 5038 vobis
2618 5027 2633 5052 ,
2677 4986 2744 5039 ita
2775 4988 2843 5039 sit
2874 5002 2993 5041 cum
3024 4987 3271 5043 onmibus
3302 4988 3466 5043 vobis.

428 5136 3297 5226 Μ.
1154 5136 1183 5141 ‘
1336 5204 1339 5205 ν
1724 5136 1727 5137 7
2970 5136 2977 5140 .
3298 5182 3617 5214 —‘

867 5283 1357 5361 EPISTOLA
1430 5284 1516 5359 B.
1601 5283 1902 5362 PAULI
1977 5282 2474 5365 APOSTOLI
2548 5288 2678 5362 AD
2754 5287 3233 5368 GALATAS.

1884 5438 2234 5459 ο--η

964 5517 1460 5575 ARGUMENTUM.

426 5610 627 5664 Celata:
665 5619 781 5662 sunt
828 5608 994 5663 ϐιατὶ
1027 5624 1046 5661 :
1085 5610 1135 5662 lti
1165 5613 1367 5661 verbum
1409 5610 1633 5662 veritatis
1679 5610 1897 5677 primum
1942 5610 2002 5660 ab

501 5684 742 5746 Apt'stolo
774 5690 1090 5748 occeperunt,
1120 5680 1206 5731 sed
1228 5691 1337 5743 post
1368 5681 1641 5734 discissum
1689 5681 1798 5748 ejus
1825 5680 2004 5732 tentati

2178 5530 2294 5572 sunt
2314 5535 2344 5571 a
2375 5518 2520 5588 falsis
2549 5520 2808 5588 apostolis.
2836 5530 2885 5572 ut
2909 5524 2960 5572 in
2988 5522 3143 5591 legem
3171 5532 3217 5575 et
3237 5525 3651 5578 circumcisionetn

2179 5600 2574 5643 reverterentur:
2608 5590 2696 5641 hos
2720 5591 2989 5660 Apostolus
3010 5604 3205 5660 revocat
3225 5596 3293 5644 ad
3321 5598 3471 5660 ﬁdem
3488 5598 3651 5648 verita-

2180 5664 2241 5710 tt‘s
2262 5701 2278 5726 ,
2309 5660 2528 5714 scribens
2556 5662 2626 5713 eis
2652 5660 2713 5711 ab
2745 5659 2963 5726 Epheso.
3006 5659 3124 5714 Iloc
3172 5673 3225 5715 ut
3270 5659 3493 5735 apparet,
3516 5681 3651 5735 argu-
