3884 6172
6 5804 127 6093 Ἰ

362 311 465 367 583
1020 310 1027 319 ’
1225 314 1291 369 ικ
1330 314 1704 372 EPISTOLAM
1747 317 1835 370 AD
1875 311 2190 370 GALATAS
2227 307 2744 367 COMMENTARIA.
3513 286 3615 341 5th

434 437 634 489 mento,
684 424 886 479 Galatia
951 439 1095 480 erant
1145 442 1175 478 a
1226 430 1657 494 psruvloapcstnlis
1714 430 1937 495 pergnovi
1974 437 2007 487 ,κ
2041 425 2150 476 det.
2188 422 2342 476 Modo
2380 422 2531 476 cnim.
2566 421 2857 477 Ostendere
2886 423 3016 489 vult,
3047 438 3100 475 sc
3135 423 3406 478 hominum
3434 425 3611 477 odium

433 508 584 565 atque
603 497 820 559 seducti,
841 499 973 564 quod
995 497 1241 561 Paulum,
1267 515 1353 564 per
1373 514 1515 565 quem
1532 515 1643 550 vero
1669 498 1939 564 Evangelia

433 567 778 629 aediderunt,
810 582 909 618 non
940 583 1045 619 esse
1071 567 1677 633 apertolnmmudiob:mt;
1710 569 1941 620 uidelicet

431 640 555 695 quia
580 651 738 704 neque
768 648 834 689 de
859 637 1122 689 duodecim
1152 639 1347 697 electis,
1381 652 1538 702 neque
1577 638 1854 703 Christum,
1886 648 1941 690 ut

436 704 622 759 Petrus
647 717 691 757 et
716 707 883 760 ca'teri
912 707 1187 772 aliquando
1214 718 1410 758 secutus
1437 708 1609 773 {uisset
1634 724 1652 761 :
1677 724 1827 775 quam
1856 710 1942 761 de-

434 777 754 843 rogationem
776 791 975 828 necesse
997 770 1145 829 habet
1172 779 1297 829 reris
1324 770 1602 829 rationibus
1630 770 1698 829 exi
1716 780 1941 830 auctori-
1988 770 1991 773 ’

435 857 539 899 tate
568 848 732 898 sancti
764 845 995 912 Spiritus
1022 847 1272 914 refutare,
1320 864 1406 913 per
1450 850 1677 899 ordinem
1705 848 1943 911 probans,

436 932 539 968 non
570 932 625 967 se
654 915 716 967 ab
751 915 1033 968 hominibus
1051 957 1065 976 ,
1109 934 1267 984 neque
1314 932 1400 984 per
1428 917 1676 969 hominem
1704 920 1908 970 missum
1926 933 1944 969 :

436 986 528 1037 sed
561 1000 652 1055 per
678 1001 817 1049 eum,
845 987 929 1053 qui
960 987 1150 1052 ipsum,
1183 999 1228 1039 et
1252 1002 1457 1040 crateras
1478 988 1530 1039 in
1565 987 1797 1040 ordinem
1820 1003 1945 1054 apo-

439 1058 653 1108 stolatus
673 1055 840 1124 elegit.

441 1148 622 1203 Cartrr
654 1165 867 1203 cntutu.
898 1148 1095 1203 Paulus
1136 1151 1414 1217 apostolus.
1466 1150 1529 1204 Ut
1581 1166 1721 1219 sa-pe
1751 1152 1947 1205 dictum

365 1250 475 1306 est,
507 1242 762 1307 pusillus,
790 1243 855 1297 ab
880 1241 1192 1296 humilitate.
1222 1242 1342 1296 Non
1368 1244 1429 1295 ab
1456 1243 1766 1311 hominibus,
1793 1263 1950 1315 neque

368 1349 468 1397 per
488 1335 762 1398 hominem,
778 1334 867 1387 sed
891 1348 978 1401 per
998 1333 1174 1388 Jesuut
1194 1332 1472 1388 Christum.
1497 1334 1611 1390 Non
1635 1335 1703 1388 ab
1722 1338 1949 1390 humana

370 1426 828 1493 prmsumptione,
859 1440 1032 1495 neque
1061 1440 1157 1496 per
1203 1427 1496 1495 apostolos,
1548 1436 1604 1480 ut
1650 1428 1826 1482 Aaron
1860 1443 1953 1495 per

372 1516 625 1587 Moysen;
648 1516 742 1571 sed
766 1530 859 1585 per
880 1516 1050 1586 ipsum
1072 1518 1235 1572 Deum
1264 1525 1318 1572 et
1335 1516 1641 1583 Dominum,
1666 1528 1722 1574 ut
1744 1519 1955 1589 Moyses

372 1618 433 1664 et
457 1609 685 1676 apostoli
706 1649 721 1672 ,
752 1617 807 1663 et
835 1611 1127 1678 prephette.
1158 1609 1237 1665 Ab
1268 1608 1569 1664 hominibus
1601 1610 1840 1681 plerique
1869 1625 1955 1665 or-

372 1701 650 1766 dinantur,
694 1715 813 1755 cum
858 1701 1035 1769 pepuli
1083 1700 1280 1766 favore,
1317 1716 1422 1755 non
1450 1701 1614 1770 digni,
1643 1703 1954 1773 patientiam

2043 532 2146 565 non
2195 514 2465 568 timentem
2516 513 2681 566 libero
2730 513 3023 583 prmlieare
3070 514 3263 568 debere
3317 516 3611 568 veritatem.

2042 605 2283 672 Nunquid
2315 614 2526 673 propter
2556 602 2802 656 homines
2835 616 2928 655 vos
2964 602 3196 657 suadeo.
3234 606 3367 658 sicut
3400 613 3612 672 propter

2042 698 2344 752 .ludreorum
2373 697 2685 749 traditiones
2708 702 2831 749 ante
2854 694 3145 753 faciebam?
3170 695 3474 749 Hominibus
3494 712 3613 747 sua-

2044 794 2158 846 deo.
2192 790 2493 846 Satisfecio.
2525 790 2604 842 An
2635 788 2783 842 Deo?
2812 791 2914 844 Sed
2953 792 3077 844 lieo.
3118 792 3196 843 An
3242 808 3410 857 qua’ro
3457 793 3609 844 homi-

2046 882 2190 933 nibus
2235 880 2449 950 placere.
2503 880 2812 948 Ubicunque
2860 881 2978 933 sine
3027 880 3390 933 additunrnto
3440 881 3619 946 ali,uo

2050 969 2292 1024 lontinrs
2323 970 2684 1029 nominantur,
2724 973 2951 1023 maxime
2985 971 3034 1023 in
3069 971 3260 1024 malam
3294 979 3497 1039 partem
3530 986 3619 1024 ac-

2049 1061 2261 1128 cipitur,
2291 1069 2345 1113 ut
2366 1059 2589 1113 estillud
2616 1075 2631 1113 :
2663 1059 2845 1113 Omnis
2878 1059 3038 1113 homo
3068 1059 3317 1125 mendax,
3351 1069 3426 1127 et,
3454 1062 3620 1126 Quem

2050 1166 2135 1204 me
2171 1152 2350 1205 dicunt
2382 1150 2622 1225 homines
2653 1151 2803 1204 esse?
2844 1158 2919 1215 et,
2968 1150 3152 1225 Nonne
3183 1151 3425 1205 homines
3454 1152 3627 1205 estis?

2052 1243 2210 1309 Igitur
2227 1224 2523 1311 quicunque
2549 1243 2742 1295 talibus
2766 1242 2975 1310 placere
3002 1224 3251 1308 voluerit,
3276 1258 3496 1298 necesse
3520 1252 3625 1306 est,

2054 1342 2113 1386 ut
2130 1347 2312 1388 eorum
2334 1333 2491 1386 lari-at
2508 1332 2830 1387 voluntatem
2851 1351 2864 1386 :
2884 1335 3049 1388 sancti
3074 1343 3248 1389 autem
3283 1335 3388 1389 Deo
3420 1342 3625 1388 tantum

2055 1432 2110 1478 et
2153 1424 2314 1477 Deum
2345 1423 2642 1477 amantibus
2674 1424 2909 1493 placent,
2944 1424 3033 1494 qui
3073 1423 3182 1493 jam
3206 1424 3434 1493 amplius
3466 1438 3626 1493 quam

2059 1508 2301 1573 homines
2323 1533 2442 1572 csse
2470 1516 2739 1572 dicuntur.
2762 1517 2822 1572 Si
2849 1517 3017 1571 adhuc
3040 1517 3327 1571 hominibus
3349 1518 3621 1587 placerem,

2059 1608 2243 1661 (Stetisti
2260 1624 2430 1662 servus
2449 1624 2547 1661 non
2568 1624 2744 1662 essem.
2762 1608 2890 1662 Nam
2917 1624 2999 1661 me
3032 1608 3279 1674 o‘derunt,
3302 1608 3420 1677 quia
3441 1621 3628 1661 servus

2059 1715 2175 1753 sum
2205 1699 2421 1753 Christi.
2468 1698 2663 1753 Notum
2694 1700 2827 1751 enim
2856 1700 2990 1752 vobis
3024 1699 3190 1767 facio,
3225 1701 3431 1768 fratres,
3460 1695 3631 1748 Evan-

372 1795 588 1849 Domiui
636 1801 1072 1859 eontcmncntes;
1103 1805 1158 1850 et
1205 1805 1261 1850 ut
1300 1796 1553 1865 majorem
1583 1799 1952 1853 auctoritatem
1990 1801 2028 1857 Β
2059 1792 2263 1860 gelium,
2298 1788 2429 1857 quod
2460 1788 2856 1859 evangelieatum
2882 1799 2953 1842 est
2983 1808 3012 1842 a
3040 1806 3150 1855 me,
3179 1789 3299 1857 quia
3329 1804 3427 1841 non
3457 1797 3529 1841 cst
3553 1804 3633 1841 se—

370 1901 530 1941 Suam
554 1888 882 1954 ostenderet,
898 1886 1089 1956 adjecit
1104 1885 1414 1943 :PerJesum
1432 1886 1715 1953 Christum;
1732 1897 1777 1944 et
1794 1888 1956 1943 Deum

374 1974 611 2039 Patrem,
635 1976 725 2044 qui
745 1978 1001 2029 suscitavit
1023 1993 1154 2029 cum.
1178 1977 1309 2043 Qu’a
1334 1985 1388 2032 et
1414 1976 1565 2043 Filii,
1586 1988 1638 2033 et
1661 1978 1830 2033 Patris
1855 1995 1958 2034 una

370 2076 466 2125 est
492 2067 772 2135 operatio:
805 2074 862 2121 et
905 2073 962 2119 ut
990 2067 1129 2122 scias
1156 2068 1279 2136 quia
1314 2069 1452 2124 Deus
1499 2079 1581 2124 est
1620 2068 1897 2137 Christus,
1929 2085 1959 2125 a

371 2174 488 2226 quo
519 2158 609 2213 ille
633 2167 712 2213 est
746 2156 912 2212 factus
942 2158 1233 2226 apostolus,
1264 2159 1548 2229 diligenter
1574 2160 1793 2216 adverte
1819 2163 1961 2231 quod

370 2257 508 2301 ante
529 2246 881 2302 nominaverit
907 2247 1096 2302 Filium
1120 2263 1277 2318 quam
1309 2249 1743 2319 Patrem,contra
1760 2252 1963 2325 calum-

372 2340 504 2392 nias
533 2336 873 2392 Arianorum.
903 2337 943 2390 Α
973 2338 1207 2393 mortuis.
1238 2339 1541 2395 Secundum
1573 2339 1676 2396 hoc
1702 2342 1842 2411 quod
1870 2357 1966 2411 po-

377 2430 490 2482 tuit
541 2429 709 2496 mori,
752 2443 916 2483 carne
960 2430 1184 2485 scilicet.
1220 2428 1285 2483 Et
1311 2435 1398 2499 qui
1426 2448 1621 2487 mecum
1649 2442 1764 2486 sunt
1794 2448 1967 2488 omnes

374 2522 594 2587 fratres,
614 2518 853 2573 Ecclesiis
872 2518 1108 2574 Galatae.
1135 2519 1211 2575 Ne
1224 2522 1270 2575 si
1299 2522 1464 2589 solus,
1486 2522 1698 2589 indigne
1719 2524 1855 2577 terre
1875 2538 1970 2591 pu-

379 2619 770 2667 taretur'suam
794 2611 1091 2666 conculcari
1112 2611 1431 2666 doctrinam.
1462 2612 1640 2667 Gratia
1659 2614 1818 2668 vobis.
1834 2613 1970 2682 Quia

373 2704 505 2756 sola
542 2701 647 2755 tide
676 2701 864 2755 salvati
886 2702 1019 2757 estis
1048 2717 1144 2771 per
1170 2703 1395 2773 gratiam
1420 2703 1534 2759 Dei.
1569 2704 1636 2757 Et
1664 2720 1769 2774 pax
1800 2722 1836 2760 α
1862 2704 1972 2762 Deo

380 2790 555 2847 Patre
581 2799 627 2845 et
675 2791 894 2846 Domino
946 2802 1114 2848 nostro
1158 2793 1532 2855 JesuChristo.
1566 2794 1699 2861 Quia
1731 2794 1974 2852 remissis

378 2884 602 2939 delictis
627 2884 874 2938 omnibus
904 2886 1233 2941 reconciliati
1266 2888 1478 2943 fuerant
1518 2889 1647 2944 Deo.
1703 2890 1805 2956 Qui
1833 2890 1974 2943 dedit
2000 2950 2003 2953 _

382 2977 717 3046 semetipsum
760 2993 854 3047 pro
905 2979 1124 3045 peccatis
1164 2981 1381 3045 nostris,
1414 2991 1468 3034 ut
1498 2981 1707 3050 eriperet
1734 2997 1847 3037 nos.
1878 2986 1975 3038 Us-

388 3066 834 3133 tenditbenelicia
848 3067 1066 3135 Christi,
1082 3070 1270 3139 quibus
1289 3071 1475 3140 ingrati
1499 3072 1759 3137 existunt,
1787 3074 1938 3128 volen
1953 3102 1973 3112 -

2061 1882 2282 1934 cundum
2309 1879 2579 1932 hominem.
2611 1878 2731 1933 Vult
2778 1895 3007 1949 purgare
3039 1880 3431 1948 usurpationes,
3456 1889 3509 1935 et
3537 1879 3634 1933 hu-

2063 1987 2232 2024 mana:
2257 1970 2553 2025 traditionis
2575 1969 3049 2043 infamiamﬁeque
3065 1974 3200 2029 enim
3219 1989 3311 2044 ego
3322 1970 3383 2023 ab
3401 1969 3632 2031 nomine.

2064 2060 2246 2131 Neque
2274 2076 2303 2113 a
2329 2076 2413 2114 me
2443 2059 2591 2122 ﬁnxi,
2625 2075 2798 2127 neque
2823 2060 2888 2114 ab
2916 2062 3019 2115 alio
3050 2062 3253 2129 accepi,
3284 2058 3422 2129 quod
3449 2068 3636 2129 gentes

2065 2152 2180 2206 sola
2206 2151 2307 2208 lide
2330 2150 2620 2206 salvantur.
2642 2151 2809 2209 Simul
2833 2152 3123 2206 notandum
3141 2193 3155 2216 ,
3179 2151 3318 2221 quod
3368 2151 3451 2205 hic
3487 2150 3635 2205 Chri-

2066 2251 2204 2297 stum
2235 2243 2399 2298 Deum
2440 2244 2610 2309 dicat,
2640 2258 2668 2297 a
2696 2258 2801 2313 quo
2829 2244 3036 2313 accepit
3060 2243 3422 2313 Evangeliom.
3456 2245 3638 2311 Accepi

2066 2335 2220 2401 illud,
2242 2350 2401 2406 neque
2428 2336 2615 2401 didici,
2648 2335 2733 2387 sed
2764 2350 2852 2402 per
2879 2336 3229 2389 reuelationem
3273 2336 3397 2388 Jesu
3427 2334 3636 2389 Christi.

2072 2429 2217 2485 Inter
2244 2429 2485 2498 accipere
2512 2436 2567 2482 et
2590 2428 2799 2483 discere
2816 2466 2831 2491 ,
2860 2428 2961 2482 hoc
2995 2428 3246 2483 interest:
3270 2426 3411 2499 q’uod
3436 2428 3639 2497 accepit

2072 2521 2436 2591 Evangelium,
2459 2520 2545 2575 cui
2572 2520 2796 2589 primum
2830 2519 3148 2586 insinuatur,
3172 2529 3227 2575 et
3246 2519 3312 2573 ad
3342 2516 3500 2573 ﬁdem
3523 2519 3639 2588 ejus

2071 2613 2374 2677 adducitur,
2397 2619 2457 2667 ut
2480 2612 2667 2665 credat
2696 2624 2815 2665 vera
2844 2624 2967 2666 esse
2992 2624 3108 2680 quae
3131 2608 3328 2679 scripta
3358 2616 3483 2663 sunt
3512 2626 3526 2662 :
3562 2608 3641 2663 di-

2071 2705 2175 2760 scit
2203 2705 2248 2759 is
2272 2703 2363 2773 qui
2395 2716 2455 2757 ea
2484 2718 2602 2775 quae
2646 2703 2698 2755 in
2730 2701 2819 2755 illo
2850 2714 2945 2770 per
2973 2700 3251 2770 aenigmata
3278 2708 3334 2754 et
3362 2699 3647 2770 parabolas

2074 2794 2295 2867 ﬁgurata
2333 2804 2476 2855 sunt,
2506 2792 2786 2861 eripianata
2812 2801 2865 2846 et
2892 2792 3123 2846 disserta
3164 2792 3457 2861 cognoscit.
3482 2790 3646 2844 Audi-

2072 2888 2161 2941 stis
2184 2887 2336 2941 enim.
2371 2885 2478 2940 Nec
2503 2899 2598 2939 vos
2623 2884 2768 2953 ipsos
2798 2882 2927 2937 latet
2956 2884 3097 2952 quod
3117 2881 3259 2937 dico.
3290 2881 3641 2936 Conversatia-

2074 2997 2187 3035 nem
2212 2996 2368 3032 meum
2391 2979 2669 3049 aliquando
2690 2978 2742 3031 in
2762 2976 3053 3031 Judaismo.
3077 2978 3172 3032 llic
3191 2986 3467 3046 enumerat
3488 2993 3646 3046 quam

2078 3074 2301 3126 ﬁrmiter
2332 3072 2562 3125 tenuerit
2608 3069 2968 3139 ludaismum,
3018 3080 3073 3125 et
3100 3069 3328 3140 qualiter
3358 3085 3454 3140 pro
3486 3071 3651 3124 tradi-

396 3176 479 3216 .es
509 3163 561 3215 in
592 3161 707 3231 lege
729 3162 937 3227 vivere,
969 3178 1089 3233 quae
1116 3167 1486 3231 peccatoribus
1510 3165 1632 3220 data
1658 3174 1758 3231 est,
1783 3166 1975 3234 quibus
2002 3159 2048 3221 C
2081 3165 2312 3220 tionibus
2340 3166 2525 3235 patriis
2556 3163 2852 3218 Ecclesiam
2884 3164 3288 3239 expugnaverit,
3316 3173 3376 3218 ut
3404 3167 3653 3219 ostendat

396 3252 580 3306 omnia
621 3260 747 3307 sunt
788 3258 1003 3322 peccata
1031 3255 1270 3310 dimissa.
1302 3254 1379 3311 De
1407 3258 1641 3324 prarsenti
1670 3258 1855 3311 saeculo
1885 3273 1975 3311 ne-

394 3359 576 3412 quam.
600 3342 677 3397 De
699 3345 877 3399 saeculi
906 3345 1157 3413 operibus
1184 3347 1370 3413 malis,
1400 3362 1518 3416 quae
1546 3348 1596 3403 in
1621 3363 1687 3404 eo
1712 3351 1862 3402 tiunt.
1888 3348 1977 3404 Se.

397 3435 625 3487 cundum
644 3433 953 3490 uoluntatem
985 3436 1078 3489 Dei
1100 3446 1146 3491 et
1171 3435 1339 3492 Patris
1366 3439 1546 3499 nostri,
1578 3439 1658 3492 cui
1688 3448 1762 3492 est
1787 3438 1975 3508 gloria.

401 3525 514 3580 Non
543 3526 839 3582 secundum
871 3528 1058 3584 merita
1088 3538 1289 3584 nostra.
1318 3530 1382 3585 In
1421 3532 1611 3585 sazcula
1653 3533 1977 3586 sazculorum.

402 3615 633 3670 lniinitis
657 3616 950 3683 beneficiis,
965 3619 1169 3675 inﬁnita
1184 3620 1352 3690 gloria
1370 3620 1611 3677 debetur.
1628 3622 1803 3676 Amen.
1826 3622 1980 3688 Quod

402 3708 687 3778 prologum
742 3723 838 3763 suo
882 3712 1074 3776 Amen,
1126 3710 1352 3766 llebrtco
1394 3727 1642 3768 sermone
1688 3714 1979 3768 concludit.

400 3801 576 3852 Amen
597 3797 943 3868 Septuaginta
975 3801 1361 3856 transtulerunt
1387 3805 1617 3867 Γένοιτο,
1650 3803 1771 3869 ﬁat;
1795 3803 1982 3873 Aquila

404 3890 810 3958 πεπέίσθωμαιε
852 3904 951 3946 nos
999 3905 1125 3946 vero
1170 3908 1334 3958 vere,
1378 3894 1497 3948 sive
1545 3893 1809 3949 ﬁdeliter:
1843 3893 1983 3962 quod

400 3980 569 4035 etiam
603 3981 659 4033 in
710 3982 996 4051 Evangelio
1023 3998 1053 4038 a
1100 3982 1377 4040 Salvatore
1414 4000 1629 4054 semper
1672 3987 1982 4051 assumitur,

400 4086 496 4125 sua
525 4088 628 4139 per
652 4072 810 4126 Amen
832 4074 993 4128 verba
1025 4075 1289 4131 firmante.
1324 4076 1487 4131 Miror
1511 4079 1647 4147 quod
1671 4079 1743 4133 sic
1763 4091 1863 4132 tam
1886 4081 1987 4132 cito

402 4163 784 4233 transferimini
809 4165 870 4217 ab
899 4182 955 4218 eo
985 4168 1071 4234 qui
1102 4183 1185 4220 vos
1214 4171 1425 4222 vocavit.
1458 4169 1795 4223 Euumeratis
1826 4169 1987 4224 bene-

402 4257 547 4312 ﬁciis
572 4295 589 4319 ,
620 4255 805 4309 mirari
827 4270 883 4309 se
905 4256 1035 4309 dicit
1059 4258 1198 4326 quod
1221 4258 1288 4311 ab
1319 4258 1406 4311 illo
1434 4261 1703 4327 potuerint
1722 4261 1849 4314 solis
1872 4276 1991 4315 ver-

398 4349 488 4403 bis
513 4345 749 4409 retrahi,
770 4360 799 4398 a
822 4362 927 4412 quo
951 4347 1106 4400 nullis
1132 4350 1411 4402 tormentis
1428 4350 1711 4404 debuerint
1732 4354 1987 4419 separari.

405 4437 467 4493 In
483 4437 723 4507 gratiam
736 4436 943 4499 Christi,
964 4438 1015 4490 in
1041 4437 1184 4491 aliud
1204 4436 1557 4511 Evangelium.
1575 4441 1686 4495 Non
1713 4444 1765 4496 in
1797 4444 1988 4512 legem.

2080 3272 2140 3311 se
2168 3271 2273 3311 non
2304 3257 2539 3325 potuisse
2568 3254 2690 3311 inde
2729 3255 2961 3311 humano
3005 3257 3263 3325 consilio,
3318 3256 3422 3311 nisi
3472 3257 3651 3310 divina

2082 3344 2403 3401 revelatione
2430 3354 2482 3399 et
2512 3344 2873 3399 misericordia
2914 3344 3176 3414 separari.
3212 3344 3462 3412 Quoniam
3495 3361 3653 3412 supra

2082 3439 2285 3491 modum
2301 3436 2627 3507 persequebar
2640 3434 2921 3491 Ecclesium
2937 3436 3034 3490 Dei
3055 3447 3101 3499 et
3116 3436 3469 3507 expugnabam
3484 3438 3500 3489 i
3505 3436 3625 3489 llam
3636 3476 3649 3487 .

2080 3530 2243 3586 Suum
2273 3528 2576 3598 exemplum
2604 3528 2781 3597 ponit:
2810 3538 2864 3581 ut
2893 3529 2937 3582 si
2965 3542 3084 3597 ego,
3108 3529 3195 3597 qui
3226 3529 3443 3585 Judzeus
3473 3537 3651 3588 natus.

2082 3630 2135 3674 et
2156 3620 2224 3674 ibi
2241 3620 2500 3683 eruditus,
2519 3632 2624 3673 non
2649 3617 2780 3688 legis
2796 3618 3144 3674 ca'remonias
3166 3632 3383 3688 sequor,
3410 3618 3535 3687 quid
3560 3616 3653 3672 vos

2085 3709 2261 3766 facere
2275 3710 2513 3765 debetis?
2533 3709 2596 3765 Et
2617 3709 2940 3779 proﬁciebant
2960 3710 3008 3762 in
3026 3708 3059 3763 Ι
3069 3709 3321 3764 udaismo.
3338 3709 3452 3762 Non
3472 3708 3522 3761 in
3542 3709 3656 3778 lege

2086 3802 2202 3867 Dei,
2225 3802 2318 3858 sed
2342 3801 2623 3855 traditione
2649 3810 2876 3868 patrum.
2893 3800 3064 3869 Supra
3090 3800 3276 3854 multos
3303 3810 3577 3854 cowtaneos
3601 3802 3656 3853 in

2085 3908 2264 3962 genere
2290 3907 2417 3945 meo.
2443 3890 2557 3945 Non
2579 3890 2711 3943 dixit
2732 3904 2890 3957 supra
2914 3904 3121 3955 omnes,
3143 3906 3207 3944 ne
3218 3890 3490 3959 jactantize
3507 3889 3657 3943 vide-

2087 3994 2233 4040 retur
2252 3984 2478 4039 occasio.
2501 3984 2852 4036 Abundantius
2882 3983 3149 4036 temulator
3170 3986 3387 4037 existens
3416 3990 3661 4053 paterna-

2087 4092 2200 4129 rum
2245 4090 2471 4130 mearum
2515 4074 2865 4127 traditiouum.
2908 4073 3163 4128 Paternas
3191 4074 3524 4143 traditiones,
3553 4088 3659 4128 non

2092 4164 2298 4220 Domini
2337 4163 2581 4218 mandata
2621 4171 3023 4219 commemorat.
3074 4162 3203 4218 Cum
3251 4174 3418 4218 autem
3471 4165 3666 4234 placuit

2090 4258 2133 4309 ei
2162 4255 2247 4325 qui
2276 4271 2352 4307 me
2390 4255 2668 4324 segregavit
2698 4253 2758 4306 de
2780 4265 2917 4308 utero
2945 4255 3118 4313 matris
3146 4272 3287 4310 more.
3318 4258 3415 4322 Qui
3445 4272 3529 4310 me
3552 4258 3666 4327 jam

2094 4350 2143 4402 in
2178 4332 2453 4416 praise-otia
2500 4348 2566 4401 ab
2598 4356 2750 4401 utero
2799 4360 3201 4417 segregaverat,
3232 4350 3446 4419 quando
3474 4351 3663 4412 voluit,

2096 4440 2219 4494 l‘ecit
2255 4437 2395 4508 quod
2435 4437 2635 4491 sciebat
2668 4453 2790 4493 esse
2822 4439 3079 4494 futurum.
3110 4439 3303 4496 Uterus
3347 4442 3528 4494 matris
3558 4455 3669 4494 sua:

404 4530 571 4597 Quod
597 4543 699 4581 nou
723 4536 793 4580 est
816 4528 981 4593 aliud,
1007 4530 1105 4581 nisi
1132 4540 1246 4582 sunt
1271 4532 1428 4600 aliqui
1448 4532 1535 4598 qui
1556 4547 1640 4585 ros
1664 4533 1986 4587 conturbant.
2020 4516 2071 4575 D
2097 4541 2271 4602 potest
2296 4539 2348 4584 et
2379 4529 2656 4599 Synagoga
2693 4529 2933 4600 intelligi.
2977 4530 3041 4582 Et
3083 4532 3276 4585 vocavit
3319 4549 3408 4600 per
3451 4534 3671 4603 gratiam

401 4619 547 4672 Nam
587 4616 929 4685 Evangelium
978 4618 1119 4671 aliud
1165 4635 1286 4675 esse
1334 4636 1437 4675 non
1481 4628 1675 4689 potest.
1712 4620 1775 4673 Et
1817 4623 1990 4675 volunt

397 4714 707 4762 cortvcrtcre
747 4705 1073 4777 Evangelium
1102 4709 1308 4769 Christi.
1334 4712 1595 4766 Perverso
1616 4713 1834 4778 ordine,
1863 4713 1991 4768 dum

401 4803 493 4855 lex
526 4796 605 4851 ad
645 4795 984 4864 Evangelium
1026 4802 1350 4870 proliceret,
1397 4802 1473 4855 illi
1528 4802 1876 4871 Evangelium
1923 4803 1992 4857 ad

404 4894 593 4961 legem
620 4902 872 4944 revocare
896 4891 1151 4945 nituntur.
1185 4892 1288 4948 Sed
1318 4894 1432 4946 licet
1453 4910 1562 4957 nos,
1586 4904 1675 4947 aut
1703 4895 1910 4967 angelus
1931 4895 1993 4948 de

404 4987 542 5037 creto
575 4981 938 5049 evangelimrtt
984 4983 1115 5036 vobis
1155 4994 1487 5054 prtctcrquam
1517 4986 1651 5055 quod
1682 4990 1995 5058 euangeliza-

406 5077 585 5133 vimus
634 5072 791 5125 vobis.
851 5072 1086 5128 Breviter
1129 5076 1277 5140 omni
1325 5090 1563 5145 persona:
1595 5076 1995 5148 pra‘judicavit,

408 5162 638 5234 quando
668 5176 763 5216 nec
783 5162 1075 5229 apostolos,
1100 5174 1283 5218 contra
1308 5165 1446 5233 quod
1480 5167 1645 5220 semel
1671 5168 1995 5235 praedicave-

414 5264 527 5319 rat,
568 5267 668 5306 nec
691 5267 872 5306 vocem
897 5253 963 5306 de
987 5254 1125 5309 cmlo
1148 5256 1317 5323 angeli
1348 5255 1613 5323 loquentis
1637 5257 1879 5324 permisit
1903 5274 1999 5312 au-

414 5344 551 5397 diri.
581 5340 729 5395 Facit
772 5351 950 5399 autem
988 5343 1088 5397 hoc
1116 5354 1297 5398 eontra
1341 5360 1531 5400 omnes
1575 5346 1874 5411 luerelicos,
1907 5350 1995 5416 qui

421 5434 748 5487 traditiones
789 5434 1107 5502 apostolicas
1146 5448 1349 5491 mutare
1395 5449 1673 5491 ccuautur.
1710 5439 1995 5493 Auatlioma

421 5529 510 5579 sit.
546 5526 931 5581 Abomiuabilis
954 5528 1023 5581 sit
1046 5528 1213 5583 vobis.
1234 5529 1379 5584 Sicut
1402 5533 1754 5598 prtt'diximus,
1789 5542 1838 5584 et
1868 5549 2000 5585 nunc

424 5620 613 5671 iterum
634 5618 748 5669 dico
772 5634 789 5670 :
811 5619 854 5670 si
875 5619 986 5682 quis
1008 5620 1147 5675 vobis
1163 5624 1575 5692 euangelizavcrit
1594 5634 1773 5693 pra‘ter
1794 5626 1848 5678 id
1868 5627 2004 5693 quod

427 5708 695 5771 accepistis
713 5750 727 5769 ,
751 5712 1017 5764 atramenta
1045 5712 1130 5765 sit.
1160 5714 1400 5781 Repetit,
1436 5723 1490 5768 ut
1518 5714 1706 5768 fortius
1729 5730 2000 5769 commcn-

683 5818 953 5878 ΡΑτιιοι.
986 5821 1262 5881 [Χνιιι.

2094 4641 2256 4678 suam.
2290 4623 2404 4679 Non
2436 4622 2568 4679 meis
2598 4622 2823 4678 meritis.
2853 4622 2920 4677 Ut
2950 4622 3192 4677 reuelaret
3216 4621 3409 4676 Filium
3431 4639 3579 4675 suum
3618 4623 3670 4674 in

2098 4734 2202 4781 me,
2251 4726 2305 4770 ut
2334 4716 2730 4787 euangelizarent
2759 4714 2907 4771 illum
2937 4716 2987 4768 in
3018 4715 3270 4783 gentibus.
3303 4716 3404 4770 l‘er
3434 4729 3549 4781 me,
3582 4714 3670 4768 vel

2101 4810 2153 4863 in
2186 4825 2294 4864 me.
2326 4808 2606 4864 Revelavit
2626 4818 2802 4862 autem
2834 4822 2938 4862 non
2969 4806 3139 4860 solum
3173 4807 3222 4859 in
3252 4809 3359 4872 via,
3388 4806 3481 4860 sed
3508 4804 3669 4859 etiam

2101 4905 2152 4958 in
2182 4903 2392 4958 ueteris
2414 4901 2566 4957 locis.
2597 4900 2846 4955 Continuo
2877 4915 2981 4952 non
3007 4899 3252 4965 acquievi.
3277 4896 3542 4951 Continuo
3566 4912 3667 4950 non

2105 4996 2174 5047 iui
2207 4993 2512 5048 incredulus
2540 4990 2745 5047 cmlesti
2771 4990 2979 5049 visioni,
3004 4989 3123 5055 quia
3152 5000 3254 5041 non
3281 4986 3458 5040 carnis
3479 4997 3531 5041 et
3551 5002 3647 5043 san

2105 5088 2281 5155 guinis
2310 5101 2492 5141 vocem
2523 5084 2723 5145 audivi,
2774 5081 2866 5136 sed
2917 5080 3148 5146 Domini,
3199 5095 3297 5135 nec
3324 5081 3522 5135 contuli
3551 5098 3672 5136 cum

2104 5194 2265 5233 carne
2297 5188 2351 5233 et
2381 5179 2656 5246 sanguine.
2686 5175 2839 5229 Carni
2883 5183 2928 5230 et
2969 5176 3233 5245 sanguini,
3264 5175 3315 5231 id
3353 5185 3461 5240 est,
3493 5175 3672 5244 generi

2109 5284 2247 5324 meo.
2283 5268 2456 5335 Neque
2484 5270 2591 5322 veni
2627 5268 3034 5338 Hierosolymam
3075 5271 3142 5322 ad
3177 5279 3511 5323 antecessores
3543 5282 3673 5319 meos

2109 5362 2390 5430 apostolos,
2422 5361 2509 5413 sed
2538 5361 2639 5414 abii
2668 5362 2718 5414 in
2748 5361 3005 5421 Arabiam,
3030 5372 3074 5415 et
3105 5363 3283 5415 iterum
3314 5376 3535 5414 reversus
3565 5374 3674 5412 sum

2116 5452 2437 5504 Damascum.
2468 5451 2531 5505 Ut
2562 5451 2758 5519 aliquid
2787 5451 2852 5505 ab
2880 5452 2983 5505 illis
3021 5451 3312 5513 disrcrvm;
3356 5450 3448 5502 sed
3481 5451 3546 5503 de
3579 5449 3678 5502 Da-

2111 5555 2289 5595 tuasco
2317 5540 2420 5595 abii
2459 5544 2507 5594 in
2542 5544 2812 5605 Arabiam,
2843 5552 2897 5594 ut
2921 5543 3165 5595 doerrem
3195 5542 3330 5607 quod
3358 5542 3483 5594 mihi
3509 5541 3683 5595 fuerat

2114 5630 2421 5683 reVi‘lalum.
2458 5630 2647 5685 Deinde
2676 5645 2783 5699 pos:
2813 5650 2969 5684 annos
2992 5643 3087 5682 tres
3116 5630 3520 5700 Hierosolymam
3550 5632 3692 5685 orni—

2118 5719 2237 5771 ldco
2290 5728 2401 5793 post
2453 5737 2615 5772 tumo)
2659 5731 2795 5783 tres,
2851 5729 2903 5771 ut
2946 5720 3335 5785 intelligazttus,
3381 5737 3483 5773 non
3533 5721 3678 5778 illum

3182 5834 3254 5891 l9
