3884 6172
373 289 468 344 ἲὲἹ

1477 292 1767 349 rnmasu
1808 292 2257 348 .XDigUtlETANl
2303 294 2510 350 EPISC.
3008 274 3013 281 ’
3474 307 3559 365 su

367 400 656 472 indiguisse
698 402 931 456 doctrina
956 444 968 468 ,
1004 402 1121 471 quia
1164 402 1328 455 tribus
1352 402 1458 472 jam
1486 407 1633 458 annis
1666 406 1939 458 dot-norit.
1979 410 2014 461 Α
2052 405 2374 471 Sedcontra,
2400 424 2511 460 cum
2536 408 2795 469 uidissent,
2822 408 3565 477 qttutl(reclilttmestm'hiﬁmn.

304 490 315 503 ’
376 495 530 549 Vadit
553 503 643 548 aut
674 495 850 549 videre
871 494 1113 560 Petrum,
1143 496 1354 563 quando
1382 498 1607 551 refertur
1634 507 1867 550 tentasse
1889 512 1946 551 se

374 588 594 656 iungere
624 584 931 655 'lliscipulis.
989 586 1169 639 Videre
1214 586 1443 640 Petrum.
1482 587 1710 643 Videndi
1758 590 1943 658 gratia,

374 696 480 732 non
518 676 776 733 discendi.
812 676 877 729 Et
908 677 1077 730 mansi
1120 678 1259 746 apud
1289 695 1401 731 cum
1426 678 1605 732 diebus
1642 679 1724 733 l5.
1756 679 1947 733 Suscco

375 780 523 836 ptum
552 783 612 823 se
635 768 700 821 ab
732 768 821 821 illo
863 782 1069 821 mons:r
1106 768 1197 821 tin
1226 769 1506 831 charitate,
1550 780 1603 822 ct
1627 769 1778 823 brevi
1815 778 1947 822 tern-

378 876 504 928 pore
536 860 663 913 nihil
687 859 895 914 discere
922 861 1174 928 potuisse.
1207 861 1374 913 Alium
1404 872 1572 915 autem
1600 862 1950 930 apostolorum

378 951 476 1001 ridi
510 942 775 1003 neminem.
811 948 885 1002 Ne
932 949 976 1003 si
1009 965 1114 1003 non
1162 966 1187 1000 a
1223 951 1403 1016 Petro,
1436 953 1502 1004 ab
1531 952 1649 1007 aliis
1698 953 1951 1009 didicisse

380 1042 666 1096 rideretur.
704 1041 820 1094 Nisi
848 1039 1095 1095 Iacobum
1134 1045 1350 1111 fratrem
1391 1044 1616 1098 Domini.
1652 1046 1727 1100 Ex
1757 1061 1951 1118 cogna-

381 1134 523 1183 tione
548 1131 745 1183 alariae.
782 1131 908 1195 Qua:
938 1144 1109 1183 autem
1139 1134 1302 1185 scribo
1330 1137 1463 1187 vobis
1486 1152 1797 1201 ecce,coram
1824 1138 1949 1204 Deo,

376 1223 496 1289 quia
529 1238 625 1273 non
658 1222 890 1274 mentior.
927 1222 1017 1275 Dei
1040 1224 1117 1275 :tle
1147 1225 1254 1276 veni
1287 1226 1336 1277 in
1367 1235 1535 1291 partes
1564 1226 1734 1296 Syritc
1755 1238 1801 1280 ct
1824 1228 1947 1282 Cili-

377 1312 487 1362 τίω.
520 1308 669 1362 Eram
710 1319 877 1364 autent
906 1312 1126 1381 ignotus.
1164 1313 1459 1367 Notandum
1494 1317 1612 1383 quia
1640 1325 1759 1385 post
1793 1318 1954 1372 trien-

380 1402 521 1451 nium
552 1401 679 1453 vidit
719 1401 950 1469 ignotos.
980 1400 1135 1457 Facie
1159 1402 1281 1456 Eccl
1312 1422 1335 1458 s
1361 1406 1401 1457 is
1427 1404 1645 1471 Juda're,
1676 1423 1789 1477 qua:
1810 1420 1956 1462 erant

378 1497 429 1546 in
460 1492 679 1548 Christo.
714 1492 935 1549 Tantum
960 1507 1129 1549 autem
1163 1498 1397 1550 auditum
1419 1498 1689 1561 habebant,
1714 1504 1954 1571 quoniam

379 1587 466 1653 qui
483 1588 870 1655 persequebatur
888 1605 975 1643 nos
998 1591 1294 1659 aliquando.
1314 1607 1444 1643 nunc
1457 1593 1766 1660 erangelizat
1782 1589 1954 1661 ﬁdem,

379 1695 529 1745 quam
545 1679 820 1746 aliquando
831 1680 1273 1747 expugnnlrat.Qui
1294 1691 1418 1735 tunc
1430 1698 1485 1735 se
1526 1698 1668 1735 rsum
1684 1700 1746 1736 ex
1762 1683 1958 1738 Judre's

2048 499 2231 567 genum
2248 494 2498 568 ρνάτρηιίε,
2512 500 2637 550 sicut
2662 498 2809 551 Petro
2827 500 3230 555 rirrumrisionis.
3253 503 3307 558 Ut
3326 510 3565 574 prrrdicem

2047 589 2315 657 gentibus,
2336 590 2470 659 sicut
2488 588 2672 643 Petrus
2695 590 2913 643 .Iudm’s.
2942 591 3041 653 Qui
3066 593 3193 644 enim
3215 610 3430 659 orem-tas
3448 604 3575 657 estin

2049 678 2394 747 apostolatum
2430 677 2580 731 Petro
2609 680 3025 743 ci-cumcisionis,
3059 694 3283 745 operatus
3307 698 3375 740 est
3401 698 3440 741 et
3472 693 3575 745 mihi

2052 772 2182 821 inter
2211 780 2400 837 grntcs.
2429 769 2541 823 Non
2568 770 2643 823 illi
2672 784 2785 822 sum
2816 770 3053 838 inferior,
3079 773 3194 838 quia
3218 777 3276 828 ab
3300 793 3393 832 ατο
3417 796 3577 836 sung

2052 860 2231 926 ambo,
2257 860 2309 914 in
2336 876 2496 913 unum
2523 861 2871 913 ministerium
2896 862 3155 915 ordinati.
3194 864 3252 916 Et
3278 882 3382 919 cuit:
3416 886 3583 939 cogno-

2053 952 2233 1004 viszent
2250 953 2486 1018 gratiam,
2513 966 2626 1020 qia:
2651 951 2771 1003 data
2793 962 2864 1004 cst
2887 953 3009 1004 mihi
3034 969 3050 1003 :
3072 952 3311 1020 Jacobi",
3332 968 3375 1009 et
3398 959 3583 1027 Crphas,

2055 1058 2096 1097 et
2122 1042 2365 1097 Joamzrs.
2395 1045 2491 1098 llic
2523 1044 2696 1098 reddit
2730 1060 2968 1109 causam,
2996 1054 3051 1099 ct
3082 1048 3314 1111 nomina,
3345 1061 3388 1104 ct
3414 1058 3492 1120 qui
3518 1070 3589 1108 ες.

2056 1148 2170 1190 sent
2195 1152 2325 1205 quos
2353 1153 2508 1207 supra
2541 1138 2768 1191 dixerat.
2791 1137 2890 1203 Qui
2912 1137 3205 1192 vfdeba‘ttnr
3231 1143 3464 1195 columna
3480 1161 3589 1200 esse.

2061 1226 2471 1279 Firmamentum
2522 1226 2795 1285 Ecclesize,
2846 1238 2896 1280 et
2931 1229 2981 1279 in
3031 1229 3224 1295 quibus
3270 1232 3593 1289 incumbebat.

2064 1315 2105 1367 Ι)
2140 1328 2282 1370 xtras
2310 1318 2561 1369 drdcrunt
2590 1318 2734 1368 mihi.
2761 1316 3179 1385 Consenserunt,
3216 1320 3283 1373 ita
3315 1335 3405 1373 nos
3424 1323 3597 1379 debere

2059 1407 2275 1461 ducere.
2307 1406 2364 1458 Et
2392 1407 2640 1460 Bstrnnba'
2656 1409 2929 1461 societatis.
2956 1412 3126 1463 Ambo
3144 1414 3280 1465 enim
3307 1414 3452 1467 simul
3473 1416 3599 1470 uzissi

2061 1513 2242 1552 smnus
2270 1499 2337 1551 ab
2358 1498 2562 1566 Spiritu
2587 1508 2772 1552 sancto
2797 1501 3046 1569 gentibus
3077 1502 3414 1569 Evangelium
3438 1510 3602 1571 prsidi-

2036 1606 2200 1643 .rare.
2238 1590 2303 1644 Ut
2334 1606 2425 1642 nos
2456 1593 2504 1642 in
2535 1600 2724 1661 grntrs,
2761 1592 2857 1660 ipsi
2892 1601 3057 1644 autem
3099 1593 3153 1644 in
3180 1596 3599 1649 circumcisionem.

2067 1683 2274 1747 Essent,
2327 1682 2660 1735 subauditur.
2695 1681 2786 1733 Ta:
2809 1696 2914 1734 tum
2964 1691 3014 1734 ut
3066 1700 3346 1752 pauperum
3394 1703 3604 1739 nurnorrs

378 1770 657 1823 credentes
680 1783 801 1823 suas
835 1770 1097 1823 Ecclesias
1139 1770 1424 1837 habebant,
1455 1787 1549 1827 nec
1577 1772 1657 1826 his
1684 1774 1772 1843 qui
1806 1785 1958 1830 erant
1992 1778 2034 1837 ι]
2062 1789 2303 1827 essemus.
2332 1773 2430 1837 Qui
2476 1787 2571 1827 sua
2605 1773 2895 1826 vendrn'e~
2941 1773 3006 1825 ad
3054 1788 3122 1841 ap
3162 1774 3414 1827 stolnrum
3463 1776 3602 1842 pedes

380 1877 442 1915 ex
460 1863 699 1930 gentibus
729 1862 1107 1919 miscebantur.
1132 1861 1199 1915 Et
1219 1863 1272 1917 in
1291 1880 1368 1917 me
1395 1866 1771 1928 clari/irabant.
1806 1867 1878 1920 De
1904 1881 1960 1920 te

381 1950 582 2004 difficili
602 1950 798 2021 grande
825 1950 1137 2004 miraculum
1168 1960 1267 2005 cst.
1292 1950 1338 2004 ι)
1367 1969 1472 2006 um.
1493 1955 1590 2018 Qui
1615 1954 1759 2009 solus
1788 1964 1961 2023 potest

381 2041 448 2094 de
477 2054 813 2109 persecutore
836 2041 1145 2109 Aposmlnm
1172 2041 1369 2110 facere,
1394 2053 1447 2098 ct
1474 2044 1540 2098 de
1567 2047 1707 2099 mafo
1740 2047 1955 2101 bonum.

451 2131 580 2184 CAP.
614 2146 671 2185 ιι.
728 2131 921 2185 Deinde
978 2142 1089 2200 post
1137 2148 1298 2186 annos
1341 2135 1732 2202 quatuordecim
1778 2139 1960 2192 iterant

380 2224 587 2277 ostendi
612 2214 1022 2293 Hierosolymam
1048 2241 1160 2277 cunt
1180 2224 1433 2291 Bnrnaba,
1468 2238 1728 2297 assumpto
1756 2240 1804 2282 et
1825 2227 1958 2284 Tito.

385 2316 611 2380 Quando
639 2315 706 2369 de
730 2315 984 2368 oneribus
1013 2315 1142 2383 legis
1173 2318 1401 2385 quaestio
1432 2325 1572 2372 mota
1599 2326 1703 2374 est.
1742 2319 1961 2375 Ascendi

360 2416 551 2467 autem
596 2404 874 2457 secundum
905 2406 1283 2459 reuelationem.
1336 2406 1451 2460 Non
1504 2410 1795 2465 secundum
1840 2428 1962 2481 pro-

386 2500 561 2567 priam
608 2498 952 2551 voluntatem.
987 2495 1050 2550 Et
1092 2497 1283 2550 contuli
1330 2515 1445 2552 cum
1476 2502 1582 2554 illis
1613 2503 1959 2574 Evangelium.
1996 2550 1999 2551 ν

384 2590 499 2643 Non
528 2589 690 2643 diditi
721 2590 787 2644 ab
816 2589 951 2653 illis.
984 2587 1078 2643 Sed
1128 2590 1329 2644 contuli
1373 2606 1492 2660 cum
1526 2594 1649 2648 illis.
1677 2596 1834 2651 Aliud
1881 2609 1964 2652 est

384 2679 653 2746 conferre,
696 2681 837 2734 aliud
865 2681 1112 2734 discere:
1149 2680 1287 2735 in'er
1311 2682 1650 2739 conferentes
1689 2688 1965 2757 :rqualitas

384 2784 468 2829 cst
499 2792 511 2827 :
544 2774 682 2827 inter
714 2773 994 2827 docentem
1024 2783 1073 2827 et
1105 2773 1400 2829 discentem
1442 2776 1613 2831 minor
1644 2790 1723 2834 est
1756 2781 1846 2835 ille
1876 2784 1962 2851 qui

386 2866 562 2921 discit.
599 2867 749 2934 Quod
780 2868 1003 2936 prmdico
1027 2865 1078 2920 in
1100 2867 1352 2936 gentibus.
1388 2869 1537 2935 Quod
1568 2871 1682 2925 sola
1718 2876 1888 2941 gratia
1912 2887 1964 2930 et

390 2958 490 3010 lide
520 2959 813 3011 salventur.
848 2957 1088 3012 Scorsum
1118 2965 1307 3010 autem.
1343 2957 1419 3011 Ne
1449 2959 1570 3014 illos
1600 2960 1844 3031 disc‘puli
1870 2965 1963 3018 du-

390 3051 559 3103 bitare
591 3059 857 3118 putarent.
892 3046 987 3101 llis
1012 3049 1101 3115 qui
1121 3048 1418 3103 videbantur
1442 3050 1638 3117 aliquid
1660 3068 1787 3107 csse.
1823 3054 1963 3109 Prte-

2069 1876 2349 1932 posueram
2386 1881 2399 1916 :
2433 1873 2523 1916 ant
2552 1878 2777 1931 quorum
2815 1864 2950 1917 bona
2984 1863 3197 1918 fuerant
3238 1881 3265 1917 a
3310 1860 3497 1919 induis
3539 1868 3605 1919 in.

2064 1969 2205 2020 vasa,
2236 1954 2371 2008 sicut
2396 1954 2460 2007 ad
2504 1954 2754 2008 llehrreos
2784 1955 3025 2009 dicitur:
3066 1955 3132 2009 Et
3184 1956 3415 2021 rapinam
3462 1959 3605 2011 hono-

2065 2059 2180 2097 rum
2209 2055 2509 2097 vestrorum
2537 2059 2659 2099 cum
2704 2047 2902 2114 gaudio
2936 2049 3276 2115 suscepisis.
3315 2049 3454 2114 Quod
3478 2052 3607 2103 etiam

2062 2135 2308 2189 sollicitus
2338 2136 2413 2205 fui
2442 2134 2536 2188 hoc
2576 2136 2743 2204 ipsum
2786 2139 2969 2204 facere.
3000 2135 3053 2190 lu
3104 2137 3257 2191 omni
3295 2139 3500 2206 epistola
3527 2142 3611 2192 hoc

2064 2227 2189 2295 agit.
2215 2225 2339 2279 Cum
2360 2236 2524 2279 autem
2544 2228 2755 2279 venisset
2779 2226 2972 2291 Cephas
3003 2228 3348 2293 Antiochiam,
3382 2230 3429 2281 in
3453 2231 3544 2299 [uti
3562 2247 3611 2282 1n

2064 2317 2111 2370 ei
2138 2317 2318 2370 restiti.
2355 2313 2661 2368 Galatarum
2710 2316 2991 2370 infirmitas
3040 2319 3308 2386 compulit
3357 2333 3469 2372 eum
3506 2333 3610 2371 nar-

2064 2423 2185 2463 rare
2208 2407 2347 2476 quod
2382 2420 2481 2461 nec
2507 2407 2605 2477 ipsi
2631 2408 2788 2462 Petro
2822 2409 3147 2476 pepercerit,
3172 2412 3444 2464 veritatem
3470 2412 3615 2463 Evan-

2066 2499 2187 2569 gelii
2217 2513 2319 2553 non
2344 2566 2347 2567 ν
2368 2498 2536 2553 libere
2561 2498 2888 2567 defendenti,
2919 2501 3051 2553 sicut
3097 2503 3170 2553 ad
3221 2500 3507 2571 profectum
3527 2501 3612 2555 Co—

2073 2590 2390 2646 rinthiorum
2431 2591 2790 2645 manifestavit
2829 2592 3087 2645 visionem
3132 2607 3294 2662 quam
3332 2593 3477 2647 annis
3504 2608 3613 2661 qua-

2066 2682 2362 2736 tuordecim
2404 2683 2783 2736 occultaverat.
2820 2682 2930 2736 Hoc
2980 2694 3166 2739 autem
3214 2697 3381 2749 totum
3429 2685 3543 2755 agit,
3568 2692 3617 2737 ut

2068 2776 2313 2829 ostendat
2342 2789 2402 2830 se
2424 2791 2692 2844 nunquam
2719 2777 3152 2831 circumcisionis
3179 2778 3344 2834 fuisse
3369 2779 3616 2838 fautorem.

2078 2867 2216 2919 sicut
2246 2866 2312 2919 de
2346 2867 2438 2920 illo
2490 2866 2918 2935 pseudoapostoli
2948 2867 3290 2934 iactitabant.
3322 2868 3451 2934 Quia
3473 2884 3620 2930 repre-

2071 2957 2329 3012 hensibilis
2357 2967 2483 3011 crat.
2515 2961 2549 3011 Α
2580 2958 2826 3027 gentibus
2852 2976 2867 3011 :
2899 2959 3019 3027 quia
3048 2974 3150 3012 eos
3191 2960 3460 3029 judainare
3485 2974 3619 3026 coge-

2074 3053 2177 3105 hat.
2218 3051 2374 3105 Prius
2428 3052 2559 3104 enim
2600 3067 2750 3119 quam
2794 3051 3018 3104 venirent
3065 3053 3289 3121 quidam
3335 3053 3394 3104 ab
3430 3050 3619 3112 Jacobo,

390 3143 693 3198 stantiores.
729 3139 810 3193 Nc
830 3144 961 3209 forte
982 3140 1035 3192 in
1054 3155 1264 3193 vacuum
1286 3155 1563 3207 currerem,
1595 3152 1679 3195 aut
1703 3147 1954 3199 cucurris-
1994 3157 2035 3215 (ζ
2076 3161 2190 3196 cum
2216 3145 2449 3214 gentibus
2479 3144 2675 3197 edebat.
2707 3142 2905 3197 Edebat
2938 3158 3058 3197 cum
3092 3144 3182 3197 his
3206 3143 3295 3213 qui
3317 3160 3380 3199 es
3407 3143 3625 3211 gentibus

390 3249 517 3286 sem.
551 3229 607 3285 Ν.
633 3246 664 3284 ιι
691 3239 776 3285 est
803 3229 1115 3293 dubitantis,
1144 3230 1234 3283 sed
1258 3229 1648 3286 co;.lirmantis.
1682 3234 1785 3287 Sed
1806 3251 1963 3302 neque

395 3325 557 3389 Titus,
584 3325 668 3393 qui
692 3340 883 3376 mecum
906 3331 1032 3387 erat,
1051 3338 1169 3375 cum
1190 3332 1318 3376 esset
1345 3324 1564 3393 gentilis,
1586 3328 1874 3396 compulsus
1893 3341 1966 3382 est

392 3417 708 3471 circumcidi.
735 3416 913 3485 Neque
957 3429 1170 3484 semper
1203 3416 1537 3484 ncgationcm
1572 3431 1750 3473 secum
1782 3417 1963 3473 habet.

394 3509 499 3563 Sal
540 3519 741 3577 prapter
770 3507 1175 3561 subintroductos
1226 3507 1382 3575 falsos
1433 3510 1639 3578 fratres,
1681 3511 1765 3579 qui
1795 3511 1969 3565 subin-

393 3604 656 3656 troierunt.
715 3599 932 3656 Reddit
974 3614 1162 3655 causas
1224 3615 1390 3668 quare
1446 3602 1736 3656 secundum
1784 3602 1967 3657 Latina

392 3694 716 3764 exempliria
749 3691 1159 3747 circumcideret
1185 3692 1363 3746 Titum
1402 3710 1415 3745 :
1449 3706 1556 3746 non
1605 3694 1724 3761 quia
1760 3692 1833 3747 illi
1864 3694 1970 3745 cir-

390 3787 647 3845 cumcisio
676 3785 976 3854 prodesset,
1006 3783 1099 3837 sed
1133 3792 1187 3837 ut
1210 3782 1522 3836 scandalum
1552 3784 1831 3839 vitarctnr.
1864 3782 1972 3837 F33:-

395 3886 596 3950 plorare
637 3879 918 3932 libertatem
947 3887 1192 3941 nostram,
1229 3893 1379 3944 quant
1411 3878 1653 3931 habemus
1689 3880 1739 3932 in
1770 3878 1970 3933 Christo

391 3972 539 4038 Iesu,
558 3982 610 4025 ut
635 3986 723 4023 nos
748 3965 798 4023 in
822 3968 1040 4021 seruitut.
1060 3984 1109 4020 nt
1138 3967 1438 4037 redigereut.
1466 3968 1576 4035 Qua
1600 3969 1750 4023 liberi
1783 3984 1972 4025 sumus

394 4082 423 4122 a
445 4065 574 4136 jugo
601 4063 751 4132 legis.
795 4062 989 4126 Quibus
1020 4076 1177 4129 neque
1220 4060 1288 4113 ad
1314 4062 1494 4115 horam
1528 4062 1766 4119 cessimus
1802 4064 1971 4136 sibje-

394 4158 571 4224 ctioni,
591 4163 644 4209 ut
666 4154 848 4208 veritas
867 4151 1134 4222 Evangelii
1150 4162 1440 4219 permaneat
1467 4154 1606 4223 apud
1625 4170 1729 4211 vos.
1758 4154 1974 4211 Latinus

397 4250 560 4304 habet
589 4264 599 4300 :
627 4246 829 4314 Quibus
858 4243 925 4299 ad
955 4244 1139 4298 horam
1171 4244 1455 4310 cessimus,
1481 4254 1537 4301 ut
1558 4248 1855 4314 periculum
1889 4250 1970 4303 vi-

398 4350 671 4402 taremus,
692 4345 746 4391 et
778 4344 955 4392 essent
985 4335 1073 4405 qui
1106 4337 1157 4389 in
1190 4334 1345 4392 vobis
1377 4337 1655 4393 veritatem
1698 4340 1972 4409 Evangelii

399 4429 833 4484 confirmarent:
873 4439 978 4478 non
1032 4423 1250 4493 impleto
1296 4438 1455 4480 sensu
1506 4443 1663 4496 quem
1713 4440 1970 4498 coeperat,

2069 3246 2240 3300 erant,
2267 3237 2443 3290 sciens
2470 3236 2569 3290 sibi
2600 3235 2799 3289 dictum
2826 3250 2855 3288 a
2887 3234 3136 3300 Domino,
3164 3247 3226 3289 ut
3262 3234 3516 3290 neminem
3543 3232 3624 3285 ho-

2072 3329 2271 3382 minum
2320 3337 2534 3382 vocaret
2580 3326 2931 3380 immundum.
2980 3325 3108 3380 Cum
3169 3338 3340 3380 autem
3379 3325 3624 3385 venissent,

2067 3421 2413 3484 subtrahebat,
2461 3428 2506 3475 et
2538 3418 2834 3487 segregabat
2863 3434 2944 3481 se,
2994 3421 3185 3472 timens
3228 3436 3312 3473 eos
3339 3418 3420 3488 qui
3447 3431 3505 3469 (ἐς
3538 3416 3629 3467 cir-

2068 3511 2374 3563 cumcisione
2398 3519 2563 3572 erant,
2595 3518 2640 3562 et
2672 3508 2991 3562 simulationi
3018 3512 3135 3581 ejus
3167 3526 3193 3561 c
3229 3516 3522 3564 nsenserunt
3548 3520 3633 3557 ca:-

2071 3602 2162 3654 tsri
2189 3600 2382 3654 Jttdwi.
2414 3600 2527 3653 Non
2557 3599 2757 3653 idcirco
2777 3600 3221 3668 reprehenditur,
3253 3602 3376 3669 quia
3400 3613 3511 3653 cum
3540 3596 3630 3650 illis

2070 3692 2282 3755 edebat,
2314 3691 2406 3745 scd
2435 3691 2556 3758 quia
2592 3705 2648 3744 se
2681 3700 2864 3759 postea
2889 3691 3269 3746 subtrahebat.
3317 3690 3399 3743 Ita
3439 3698 3492 3743 ut
3517 3687 3632 3740 Bar-

2071 3786 2228 3837 nabas
2251 3785 2517 3837 duceretur
2542 3785 2603 3835 ab
2628 3782 2663 3835 il
2686 3784 2729 3835 is
2751 3782 2801 3835 in
2826 3783 2965 3835 illam
2989 3784 3401 3837 simulationem.
3428 3780 3523 3847 Qui
3544 3793 3635 3832 me-

2071 3890 2188 3928 cum
2213 3874 2405 3928 missus
2432 3875 2496 3927 ad
2522 3883 2729 3942 gentes.
2762 3872 2962 3928 nullam
2992 3888 3114 3929 esse
3141 3875 3497 3930 d‘l'l'vrentiam
3524 3887 3638 3941 ιπερ-

2073 3966 2353 4021 dicaverat
2394 3967 2534 4021 inter
2577 3965 2818 4021 Judaeum
2864 3974 3022 4035 atque
3069 3968 3359 4035 gentilem.
3393 3966 3495 4022 Sed
3536 3982 3635 4016 run

2071 4057 2304 4111 vidissem
2324 4058 2458 4127 quod
2488 4074 2587 4110 non
2611 4067 2740 4111 rez'tc
2764 4057 3080 4110 ambularent
3112 4059 3184 4110 ad
3207 4062 3465 4113 ver'tutem
3491 4055 3639 4109 Erat--

2074 4151 2211 4221 grlii.
2235 4150 2492 4217 Quamvis
2517 4150 2615 4203 hoc
2643 4160 2856 4217 prapter
2874 4151 3190 4205 scandalum
3220 4152 3422 4206 laceret
3448 4150 3541 4204 led
3561 4167 3651 4197 ro-

2075 4258 2212 4306 rnm,
2246 4252 2419 4297 tamen
2454 4243 2658 4311 publice
2688 4242 2834 4295 illum
2869 4241 3117 4305 conveni,
3176 4252 3236 4297 ut
3265 4254 3313 4296 et
3345 4241 3539 4297 ludatis
3564 4255 3642 4292 sn-

2076 4332 2278 4401 perbia,
2310 4342 2357 4386 et
2383 4332 2626 4403 gentibus
2652 4331 2955 4401 deSpcratio
2986 4333 3295 4389 tolleretur.
3334 4330 3457 4386 Dixi
3477 4330 3646 4394 Captus

2076 4439 2247 4475 coram
2293 4424 2543 4476 omnibus.
2595 4421 2867 4477 Puchum
2917 4422 3238 4477 scandalum
3293 4438 3399 4476 non
3454 4428 3645 4489 poterit

400 4520 564 4574 alium
595 4515 925 4571 introduxit:
951 4528 1057 4584 quo
1079 4514 1312 4584 expleto,
1346 4516 1485 4571 redit
1521 4516 1585 4571 ad
1618 4528 1871 4589 emptum.
1895 4521 1968 4573 Ab
2001 4515 2050 4574 ι)
2075 4514 2278 4583 private
2302 4514 2500 4569 sanari.
2535 4513 2593 4569 Si
2624 4523 2675 4567 tu
2703 4530 2817 4566 cum
2846 4516 2916 4567 sis
2952 4513 3196 4568 Judrens.
3226 4515 3508 4568 Rationem
3541 4515 3646 4565 red-

400 4611 481 4665 his
507 4617 679 4669 autem
705 4606 791 4679 qui
817 4605 1118 4660 uidebantur
1146 4621 1255 4659 esse
1281 4605 1501 4676 aliquid,
1536 4608 1665 4661 nihil
1695 4610 1885 4678 accepi.
1913 4611 1970 4664 Si

402 4703 559 4774 igitur
591 4714 689 4757 nos
736 4699 876 4755 inter
922 4705 1101 4754 tantos
1141 4697 1379 4763 Judaaos,
1414 4698 1816 4756 imminentibus
1846 4701 1973 4758 hinc

402 4795 526 4851 inde
562 4793 843 4860 fratribus,
874 4805 939 4847 ex
972 4800 1123 4861 parte
1154 4791 1583 4858 conniventibus,
1618 4794 1762 4848 nulla
1797 4798 1973 4864 potui-

404 4902 520 4944 mus
542 4888 591 4942 vi
614 4902 674 4942 ac
700 4887 909 4941 ratione
933 4884 1203 4954 compelli,
1229 4893 1287 4940 ut
1306 4884 1712 4941 observaremus
1743 4887 1973 4941 circum-

302 4968 313 5047 ζ
400 4980 680 5045 cisionem,
712 4994 870 5048 quam
902 4977 1200 5033 sciebamus
1223 4991 1344 5033 esse
1376 4976 1604 5045 finitam,
1632 4994 1725 5034 vos
1753 4995 1817 5035 ex
1844 4996 1973 5051 gen-

402 5071 566 5137 tibus,
600 5083 696 5123 vos
745 5069 801 5123 in
834 5068 1065 5134 Galatia,
1112 5083 1208 5123 vos
1238 5068 1431 5139 quibus
1477 5069 1557 5124 vis
1610 5070 1749 5124 nulla
1783 5071 1970 5127 inferri

406 5171 603 5234 potest,
632 5158 773 5214 ultro
795 5174 824 5214 a
859 5161 1026 5231 gratia
1058 5159 1397 5227 recedentes,
1433 5160 1498 5213 ad
1530 5160 1663 5231 legis
1689 5160 1797 5230 jam
1838 5163 1969 5215 aho-

400 5256 507 5309 litat
533 5248 906 5307 transcenditis
927 5258 1269 5313 vezustatem,
1285 5260 1337 5304 et
1358 5251 1708 5304 ezeremonias
1728 5251 1837 5316 jam
1864 5267 1967 5303 non

400 5341 729 5400 necessarias
757 5338 1093 5396 observatis?
1125 5339 1313 5405 Quales
1334 5341 1607 5407 aliquando
1634 5340 1844 5410 fuerint,
1888 5343 1941 5393 ni
1950 5371 1967 5382 ο

402 5437 473 5489 hil
506 5451 614 5490 mea
642 5435 869 5487 interest.
900 5428 1014 5484 Non
1043 5429 1173 5482 mihi
1216 5444 1361 5483 cura:
1387 5438 1487 5495 est,
1529 5429 1667 5497 quod
1710 5445 1829 5485 cum
1867 5431 1967 5484 Do-

406 5530 551 5584 mino
589 5522 889 5584 conversati
917 5523 1042 5577 sint.
1080 5522 1219 5575 Deus
1267 5522 1415 5575 enim
1446 5539 1712 5591 personam
1747 5523 1968 5575 hominis

403 5637 502 5674 non
531 5620 709 5685 accipit
736 5634 755 5671 :
785 5615 908 5669 mihi
953 5622 1123 5668 autem
1163 5613 1251 5679 qui
1295 5612 1590 5666 videbantur
1616 5629 1722 5667 esse
1750 5614 1969 5681 aliquid,

405 5708 531 5760 nihil
562 5707 893 5760 contulerunt.
928 5704 1057 5771 Quia
1093 5712 1301 5773 tempus
1343 5718 1446 5757 non
1480 5703 1779 5772 prmjudicat
1814 5703 1956 5773 fidei,

2077 4611 2232 4679 didit,
2263 4629 2364 4666 non
2387 4610 2634 4680 iniuriam
2668 4612 2827 4666 fecit:
2860 4613 2904 4666 si
2937 4623 2989 4666 tu
3012 4629 3118 4667 non
3155 4625 3314 4668 tenes
3337 4614 3480 4682 quod
3506 4624 3646 4665 natus

2077 4717 2158 4766 cs,
2192 4701 2459 4771 quomodo
2488 4701 2609 4755 illos
2654 4701 2786 4755 lacis
2826 4713 3009 4757 tenere
3049 4704 3194 4772 quod
3231 4705 3342 4757 nati
3371 4719 3474 4757 non
3503 4700 3648 4753 sunt?

2076 4792 2343 4847 Gentiliter
2372 4802 2418 4846 et
2465 4808 2565 4847 non
2592 4791 2813 4847 Judaice
2843 4795 2985 4848 viris.
3011 4794 3127 4849 Non
3159 4811 3230 4849 ex
3260 4795 3536 4865 operibus,
3564 4791 3649 4845 sed

2078 4885 2190 4939 sola
2213 4882 2315 4937 fide
2340 4898 2435 4951 per
2458 4885 2681 4951 gratiam
2706 4885 2863 4937 vitam
2893 4886 3087 4939 habere
3112 4896 3166 4940 te
3193 4887 3362 4940 nosti.
3394 4885 3649 4950 Quomodo

2078 4974 2213 5045 cogis
2242 4985 2409 5043 gentes
2438 4975 2753 5043 judaizarc?
2796 4974 2906 5029 Nos
2940 4988 3119 5029 natura
3152 4976 3358 5043 Iudici,
3390 4988 3436 5030 ct
3474 4992 3566 5027 non
3596 4988 3650 5026 es

2078 5063 2326 5134 gentibus.
2355 5064 2732 5118 Subtrahendo
2756 5075 2806 5119 te
2826 5076 2987 5134 tanqu
3027 5084 3070 5117 ιιι
3104 5062 3252 5121 ἅλιον
3289 5070 3414 5137 (hoc
3444 5081 3519 5121 es:
3551 5080 3652 5116 Ina-

2077 5154 2206 5221 lum)
2236 5154 2433 5222 aliquid
2469 5153 2807 5209 habentibus.
2847 5153 3041 5209 Peccat
3066 5171 3168 5208 res.
3218 5157 3430 5209 Tamen
3475 5169 3651 5222 pecca-

2079 5255 2253 5310 tores,
2286 5247 2406 5316 quia
2443 5247 2709 5302 conclusit
2736 5247 3010 5316 Scriptura
3064 5248 3253 5301 omnia
3288 5250 3390 5303 sub
3389 5258 3650 5333 'pcccato.

2078 5339 2305 5394 Scientes
2336 5341 2663 5409 autemquod
2692 5356 2791 5391 non
2813 5340 3125 5406 justiﬁcatur
3150 5340 3310 5391 homo
3336 5356 3399 5393 ea:
3428 5337 3651 5407 aperibus

2078 5432 2220 5501 legis.
2256 5432 2427 5503 [.cgis,
2456 5446 2557 5485 neu
2577 5431 2795 5500 justi'ic
2826 5433 3092 5501 operibus.
3116 5430 3303 5498 Opera
3332 5443 3508 5486 autem
3536 5429 3657 5498 legis

2076 5521 2431 5585 circumcisio,
2459 5523 2570 5575 sub?
2592 5537 2757 5585 a'um,
2788 5521 2901 5576 dies
2937 5520 3072 5584 festi,
3114 5522 3479 5588 baptismum,
3504 5530 3556 5574 et
3571 5534 3666 5572 cte-

2077 5618 2208 5672 tera,
2241 5627 2359 5680 quae
2389 5629 2489 5665 non
2542 5624 2757 5679 propter
2781 5613 3067 5679 justitiam,
3108 5612 3213 5664 sed
3247 5613 3543 5681 occupandi
3585 5625 3671 5677 po-

2077 5712 2179 5778 pufi
2210 5715 2374 5781 gratia
2399 5722 2513 5765 ειιιιι
2547 5713 2807 5766 mandata.
2847 5713 2962 5765 Nisi
2986 5711 3258 5780 νοενίίιίετιιι
3284 5710 3409 5770 [usu
3440 5714 3657 5767 Christi:
