3910 6174
427 363 532 418 589

1270 363 1334 418 IN
1373 362 1759 418 EPLSTULAM
1800 363 1885 414 AD
1927 360 2241 414 G.\L.\T.~\S
2279 361 2797 417 COMMENTARIA.

3565 367 3671 422 590

425 489 476 532 et
498 493 589 529 nos
618 478 670 527 in
696 475 898 528 Christe
923 474 1047 528 .Iesu
1072 476 1348 539 credimus,
1377 483 1428 529 ut
1459 474 1791 543 iusti/icemur
1813 490 1875 528 ea:
1905 475 2005 540 ﬁde
2032 478 2077 531 Α
2110 486 2267 525 ueros
2297 474 2484 526 oculus
2516 474 2646 526 mihi
2680 472 2904 526 fascinat
2930 476 3115 541 agam?
3144 474 3420 540 Quomodo
3449 492 3577 544 ergo
3609 488 3676 532 te-

428 570 640 633 Christi,
665 576 711 622 et
738 585 837 621 non
862 584 925 621 ea:
945 567 1176 634 operibus
1207 567 1349 635 legis,
1380 567 1429 620 id
1470 575 1581 630 e-t,
1608 567 1763 620 ﬁdem
1787 579 1816 617 a
1845 565 2000 620 Chri-

423 671 512 715 sto
561 662 829 714 donatam.
867 659 1082 729 Propter
1109 658 1246 728 quod
1292 672 1354 713 ex
1380 659 1614 723 operibus
1636 656 1760 727 legis
1789 672 1891 709 non
1908 657 2000 725 ju-

422 751 728 815 stiﬁcabitur
757 750 918 803 omnis
942 765 1081 803 caro.
1106 748 1216 804 Hoc
1232 758 1491 817 tempore.
1524 748 1683 802 Juxta
1700 747 1996 816 simplicem

425 841 756 895 intellectum
800 838 1222 908 justiﬁeabsntur
1265 838 1531 907 quondam
1583 840 1841 906 ex-lege,
1890 852 1996 891 non

425 933 606 987 omnis
634 946 781 999 caro,
810 931 904 986 sed
932 930 985 984 hi
1016 939 1217 983 tantum
1251 929 1494 983 homines
1523 928 1609 996 qui
1640 928 1693 981 in
1721 927 1999 981 Palmstina

423 1031 597 1076 erant.
632 1020 780 1074 Nunc
828 1029 1000 1073 autem
1031 1032 1096 1074 ex
1128 1018 1231 1072 ﬁde
1274 1017 1400 1072 .lesu
1441 1017 1635 1071 Christi
1676 1016 1998 1086 justiﬁcatur

423 1112 604 1165 omnis
626 1125 774 1175 caro,
804 1110 927 1179 dum
951 1110 1188 1165 Ecclesia
1213 1111 1328 1179 ejus
1356 1110 1408 1164 in
1436 1118 1546 1163 toto
1574 1111 1703 1164 orbe
1730 1108 1992 1163 tundatur.

425 1202 582 1268 Quod
607 1202 652 1254 si
681 1210 957 1270 quterentes
976 1200 1255 1271 justiﬁcari
1277 1201 1329 1253 in
1360 1199 1583 1263 Christo,
1606 1201 1793 1255 inventi
1823 1216 1998 1253 sumus

421 1304 474 1347 et
496 1294 593 1361 ipsi
621 1305 925 1365 peccatores.
950 1292 1008 1347 Si
1033 1293 1173 1347 enim
1201 1302 1385 1363 gentes
1416 1293 1543 1347 tldes
1566 1294 1677 1346 sola
1704 1308 1808 1346 non
1828 1292 1993 1345 salva-

422 1388 525 1453 vit,
556 1403 651 1442 nec
683 1402 800 1451 nos,
835 1387 953 1455 quia
980 1401 1048 1441 ex
1098 1386 1348 1455 operibus
1399 1400 1555 1441 nemo
1600 1384 1992 1453 justiﬁeahitur.

426 1476 569 1543 Ergo
611 1477 785 1530 adhuc
814 1484 1120 1544 peccatores
1147 1487 1349 1537 sumus,
1382 1485 1435 1529 et
1475 1474 1720 1529 Christus
1748 1487 1996 1543 peccato-

425 1581 545 1620 rum
576 1566 817 1620 minister
842 1572 942 1629 est,
992 1572 1240 1634 tanquam
1272 1579 1378 1618 non
1422 1565 1609 1619 valens
1654 1573 1868 1634 peccata
1899 1565 1993 1619 do-

424 1673 575 1714 nare.
610 1657 853 1725 Nunquid
898 1656 1125 1711 Christus
1175 1658 1369 1727 peccati
1416 1658 1644 1709 minister
1692 1658 1804 1710 est?
1831 1655 1992 1709 Absit.

423 1750 804 1805 Peccatorihus
831 1748 1113 1812 ministrat,
1145 1749 1281 1801 sicut
1311 1747 1538 1817 Moyses,
1574 1747 1695 1815 quia
1727 1762 1819 1817 per
1848 1746 1993 1815 Moy-

2103 579 2225 615 nera
2253 572 2385 617 retas
2414 566 2593 622 noceri
2624 566 2820 619 dicitur
2852 563 3074 629 fascina,
3100 567 3174 619 sic
3208 567 3366 620 etiam
3396 566 3595 621 Galate
3620 569 3673 621 in

2099 652 2294 706 Christi
2324 654 2424 706 ﬁde
2448 670 2615 723 nuper
2646 670 2711 707 na
2741 656 2757 708 l
2787 663 2841 708 et
2873 654 3088 717 nutriti,
3120 656 3346 722 quodam
3381 655 3676 712 la-cinante

2098 752 2222 796 sunt
2247 743 2408 798 nociti
2430 746 2469 807 ',
2494 745 2835 799 etstomacho
2863 744 2983 800 ﬁdei
3009 746 3246 798 nauseazi
3267 761 3281 809 ;
3300 746 3528 814 Spiritus
3555 762 3678 801 san-

2099 835 2167 888 cti
2190 850 2220 889 c
2242 836 2363 887 bum
2383 845 2753 890 cvomuernnt.
2783 839 2910 890 Ante
2932 854 3145 906 quorum
3172 836 3344 889 oculos
3360 836 3508 892 Jesus
3529 838 3677 892 Chrio

2097 936 2204 979 stus
2234 927 2544 995 proscriptus
2600 937 2693 981 est.
2728 929 2931 995 Quibus
2983 937 3188 982 tantum
3219 929 3496 984 manifesta
3539 930 3675 984 facta

2098 1026 2182 1070 est
2215 1017 2389 1085 passio
2417 1018 2534 1085 ejus
2580 1034 2664 1072 me
2708 1017 3045 1085 pra-dicente,
3078 1026 3135 1071 ut
3175 1032 3293 1077 eum
3342 1027 3465 1073 ante
3491 1017 3675 1072 oculos

2100 1116 2304 1162 vestros
2331 1110 2563 1177 pendere
2588 1111 2862 1178 putaretis.
2895 1110 2958 1164 Et
2988 1113 3039 1164 in
3062 1111 3198 1164 vobis
3228 1112 3526 1177 cruciﬁxus.
3546 1111 3680 1167 Sco-

2101 1197 2318 1251 tentiam
2360 1199 2592 1267 accepit;
2644 1200 2776 1265 sive,
2824 1216 2983 1269 quem
3038 1210 3284 1269 tanquam
3343 1202 3673 1267 damnatum,

2100 1287 2259 1340 etiam
2293 1302 2433 1341 nunc
2468 1290 2625 1342 vilem
2667 1289 2892 1343 habetis.
2928 1289 3042 1342 Hoc
3090 1290 3255 1344 solum
3299 1306 3331 1343 a
3378 1291 3515 1345 vobis
3562 1291 3677 1345 vola

2100 1375 2312 1429 discere.
2358 1376 2470 1432 Hoc
2498 1393 2659 1431 unum
2691 1393 2784 1432 vos
2816 1379 3117 1448 interrogo,
3148 1379 3401 1447 Spiritum
3433 1367 3676 1436 sanctum

2101 1467 2254 1522 vobis
2282 1468 2411 1536 legis
2433 1484 2592 1535 Opera
2636 1469 2896 1535 dederint,
2925 1486 2991 1526 an
3034 1471 3242 1525 auditus
3272 1472 3413 1533 ﬁdei.
3448 1471 3527 1526 Ea:
3556 1490 3677 1543 ope-

2098 1558 2234 1611 ribus
2275 1560 2396 1627 legis
2428 1558 2683 1627 Spiritum
2727 1570 2956 1614 sauctum
2986 1562 3271 1629 accepistis,
3297 1579 3360 1615 an
3392 1578 3452 1616 ετ
3493 1564 3677 1618 auditu

2098 1647 2256 1714 ﬁdei?
2276 1648 2328 1701 Si
2345 1664 2408 1702 ex
2426 1647 2527 1703 ﬁde
2543 1649 2797 1718 Spiritum
2816 1652 3118 1720 accepistis,
3136 1652 3260 1722 quid
3280 1653 3431 1706 vobis
3449 1653 3677 1722 amplius

2097 1740 2327 1791 Conferet
2355 1739 2474 1793 lex?
2502 1739 2592 1795 Sic
2624 1740 2768 1793 stulti
2800 1742 2936 1807 estis,
2972 1751 3029 1796 ut
3057 1757 3168 1796 cum
3196 1744 3379 1811 spiritu
3406 1745 3674 1811 caeperitis.

418 1853 541 1904 seu,
568 1839 620 1892 id
652 1849 731 1893 est
763 1839 953 1908 legem,
1000 1846 1152 1891 aucta
1194 1844 1318 1891 sunt
1360 1845 1574 1907 peccata
1594 1878 1609 1902 ,
1651 1853 1755 1891 non
1795 1837 1988 1891 ablata.
2029 1827 2070 1885 Β
2100 1826 2228 1879 Cum
2256 1829 2422 1883 Judaei
2454 1845 2559 1882 non
2589 1830 2741 1885 aliter
2769 1830 3022 1898 Spiritum
3054 1832 3339 1902 accipiant,
3364 1832 3465 1889 nisi
3491 1848 3589 1903 per
3616 1834 3678 1887 ﬁ-

422 1929 486 1985 Si
508 1930 645 1984 enim
671 1945 781 2000 qua:
802 1929 1027 1982 destruxi
1062 1929 1165 1980 htrc
1186 1928 1370 1982 iterum
1395 1929 1614 1997 tediﬁt'o,
1641 1930 1997 1996 prtcvaricato-

422 2035 528 2074 rem
560 2036 638 2073 me
677 2020 946 2073 constituo.
978 2018 1223 2073 Dcstruxi
1256 2018 1385 2073 nihil
1426 2019 1649 2086 amplius
1682 2020 1875 2075 habere
1906 2019 1999 2073 Ju-

422 2110 620 2177 daaum,
669 2110 711 2163 si
743 2108 842 2163 hoc
890 2110 1079 2163 iterum
1109 2110 1396 2175 retuditlco,
1440 2120 1496 2163 ut
1546 2111 1619 2164 illi
1647 2111 1847 2171 dicunt,
1882 2112 1997 2179 ipse

425 2216 557 2256 mea:
585 2201 861 2255 sententia:
889 2202 1184 2268 refragator
1218 2201 1482 2255 invenior.
1512 2199 1622 2270 Ego
1653 2202 1782 2254 enim
1806 2218 1893 2271 per
1920 2202 1995 2254 le-

422 2306 533 2362 gent
554 2292 654 2362 legi
676 2297 904 2344 mortuus
932 2306 1063 2343 sum.
1099 2289 1199 2344 Per
1243 2289 1412 2359 legem
1443 2289 1639 2344 Clirieti
1670 2292 1856 2357 veteri,
1884 2293 1995 2345 sive

426 2397 519 2450 per
558 2382 723 2449 ipsam
757 2382 924 2448 legem
978 2387 1213 2434 Veterem
1271 2379 1368 2446 ipsi
1422 2389 1661 2433 mortuus
1703 2395 1841 2445 sum,
1872 2381 1995 2446 quia

423 2476 536 2543 ipsa
568 2487 627 2528 se
658 2484 985 2527 cessaturum
1020 2472 1285 2540 praedixit.
1320 2471 1387 2526 Ut
1411 2471 1518 2526 Deo
1540 2474 1720 2526 vivam.
1751 2473 1865 2527 Non
1896 2488 1997 2528 sa:—

424 2566 566 2620 culo.
598 2564 796 2619 Christo
826 2582 947 2618 cruc
970 2565 1103 2631 ﬁxus
1134 2582 1245 2619 sum
1273 2568 1430 2620 cruci.
1463 2566 1718 2622 Omnibus
1766 2568 1995 2634 peccatis

427 2654 837 2720 mortuus'sum,
872 2664 1089 2724 propter
1133 2656 1273 2724 quod
1321 2657 1404 2710 lex
1435 2657 1553 2710 data
1592 2654 1693 2712 est.
1727 2657 1865 2727 Ergo
1909 2658 1993 2713 lex

426 2747 554 2800 mihi
586 2746 803 2800 minime
826 2746 1120 2817 necessaria
1148 2756 1247 2800 est.
1281 2746 1405 2799 Vivo
1431 2756 1595 2801 autem
1615 2752 1729 2819 jam
1752 2766 1851 2802 non
1879 2766 1991 2820 ego.

424 2836 539 2890 Non
570 2836 697 2890 vivit
731 2845 879 2891 vetus
923 2835 1104 2901 homo,
1137 2836 1227 2892 ille
1273 2837 1362 2905 qui
1404 2839 1669 2907 quondam
1700 2840 1909 2894 vivebat
1937 2840 1989 2894 in

427 2930 567 2999 lege,
594 2929 680 2998 qui
712 2929 1125 2997 persequebatur
1150 2930 1469 2994 Ecclesiam;
1497 2931 1627 2985 vivit
1653 2942 1827 2987 autem
1856 2934 1907 2988 in
1929 2944 1995 2988 eo

423 3017 687 3079 Christus,
716 3019 997 3087 sapientia,
1029 3018 1303 3083 fortitudo,
1337 3036 1533 3086 sermo,
1565 3037 1685 3090 pax,
1717 3023 1988 3092 gaudium,

423 3117 479 3163 et
502 3119 710 3163 caetera:
743 3110 985 3176 virtutes,
1017 3123 1147 3178 quas
1177 3111 1261 3178 qui
1305 3126 1407 3165 non
1457 3111 1634 3176 habet,
1669 3129 1771 3168 non
1816 3121 1991 3184 potest

2097 1916 2241 1985 dem,
2279 1933 2372 1973 vos
2402 1922 2704 1976 econtratio
2730 1923 2929 1990 putatis
2959 1922 3111 1979 vobis
3146 1923 3401 1992 Spiritum
3431 1939 3539 1979 non
3565 1924 3677 1979 sui-

2097 2008 2277 2073 ﬁeerc,
2304 2012 2402 2065 nisi
2430 2019 2485 2066 et
2515 2013 2618 2083 legi
2639 2014 2963 2070 subdamiui.
2990 2015 3143 2070 Nunc
3173 2033 3324 2071 carne
3353 2032 3678 2072 consumma-

2096 2105 2239 2157 mini.
2271 2104 2440 2158 Tanta
2470 2109 2608 2177 passi
2654 2109 2772 2163 estis
2797 2109 2904 2163 sine
2925 2125 3101 2164 causa.
3132 2109 3366 2166 Advorte
3394 2109 3535 2179 quod
3580 2112 3671 2179 qui

2099 2196 2428 2264 Scripturam
2478 2199 2628 2266 juxta
2685 2200 2916 2255 litteram
2977 2201 3250 2270 sequitur,
3308 2204 3674 2258 consummari

2099 2300 2260 2341 carne
2309 2288 2521 2344 dicitur.
2555 2291 2617 2344 Si
2669 2300 2835 2345 tamen
2863 2292 2973 2347 sine
3016 2310 3191 2348 causa.
3224 2294 3328 2349 Pro
3370 2294 3584 2349 Christo
3626 2296 3675 2350 si

2099 2379 2239 2447 passi
2268 2382 2416 2445 estis,
2445 2391 2619 2437 tamen
2644 2396 2749 2437 non
2772 2385 2957 2454 gratis.
2987 2385 3098 2455 Hic,
3134 2388 3187 2443 Si
3219 2396 3416 2454 tamen,
3445 2403 3551 2443 non
3573 2388 3673 2443 du-

2095 2465 2312 2524 bitantis
2364 2480 2465 2532 est,
2510 2472 2603 2525 sed
2634 2472 3043 2529 conﬁrmantis:
3075 2482 3136 2530 ut
3168 2482 3253 2530 est
3296 2476 3422 2530 illud
3453 2493 3466 2529 :
3504 2478 3561 2532 Si
3595 2483 3673 2531 ta-

2097 2571 2218 2611 men
2248 2556 2454 2626 justum
2487 2567 2570 2614 est
2618 2560 2756 2629 apud
2808 2561 3087 2617 Dominum
3120 2564 3415 2619 retribuere
3462 2565 3544 2619 his
3575 2566 3667 2634 qui

2096 2660 2192 2701 vos
2235 2647 2494 2719 tribulam
2543 2649 2934 2707 tribulationem
2961 2693 2976 2716 ,
3030 2661 3084 2707 et
3128 2653 3275 2708 vobis
3316 2637 3404 2723 ῃ(ιί
3446 2663 3491 2708 tr
3514 2654 3666 2708 bula-

2099 2737 2261 2804 mini,
2323 2740 2560 2807 requiem
2634 2742 2933 2799 nobiscum.
2996 2745 3098 2811 Qui
3141 2762 3255 2816 ergo
3309 2747 3481 2800 tribuit
3533 2750 3670 2801 vobis

2096 2827 2349 2896 Spiritum
2380 2838 2425 2883 et
2460 2840 2701 2899 aperalur
2738 2834 2945 2888 virtutes
2974 2835 3027 2888 in
3072 2836 3227 2892 vobis.
3262 2836 3514 2902 Spiritum
3541 2853 3657 2892 san~

2096 2928 2240 2975 ctum
2268 2924 2377 2976 sola
2408 2924 2605 2980 virtute
2633 2928 2939 2997 accepistis,
2964 2930 3049 2998 qui
3082 2944 3184 2984 non
3209 2931 3308 2985 nisi
3337 2931 3553 3001 ajustis
3581 2948 3664 2985 ac-

2095 3008 2308 3080 cipitur.
2342 3014 2525 3069 Justos
2562 3004 2690 3086 ergo
2737 3018 2856 3073 sine
2905 3018 3040 3089 legis
3086 3021 3335 3089 operibus
3384 3021 3545 3077 fuisse
3574 3038 3669 3073 vm

2096 3110 2325 3157 constat.
2363 3101 2446 3157 Ea:
2470 3106 2704 3173 aperibus
2732 3108 2875 3177 legis,
2907 3124 2974 3161 an
3003 3124 3068 3163 ea:
3096 3109 3278 3163 auditu
3307 3111 3427 3177 ﬁdei
3449 3113 3473 3165 ?
3512 3110 3662 3180 Legis

420 3199 604 3252 dicem
634 3213 651 3252 ε
679 3198 821 3251 Vim
857 3208 1036 3252 autem
1069 3199 1119 3252 in
1162 3212 1246 3254 me
1275 3197 1535 3256 (ζιη-Ῑειυε,
1563 3198 1674 3258 Hoc
1704 3183 1877 3257 δυιέη,
1911 3214 1991 3258 ιο.
2020 3183 2067 3245 C
2099 3206 2281 3261 Opera,
2326 3195 2531 3249 sabbati
2561 3197 2761 3264 otium,
2806 3198 3109 3254 observatio
3146 3200 3585 3267 circumcisionis,
3611 3214 3670 3258 ct.

421 3297 533 3341 tum
569 3288 671 3342 sub
694 3301 785 3340 sua
813 3301 1038 3356 persona
1067 3288 1319 3343 adversus
1345 3289 1555 3345 Petrum
1603 3293 1669 3347 de
1699 3292 1856 3347 Petro
1877 3293 1987 3349 dis-

418 3389 589 3447 putat.
627 3377 765 3431 Virit
813 3394 928 3433 vero
966 3380 1019 3432 in
1060 3394 1140 3432 me
1165 3378 1415 3433 Christus.
1451 3381 1506 3434 lu
1556 3382 1647 3436 illo
1674 3383 1805 3437 vivit
1832 3384 1989 3437 Chri-

417 3478 559 3538 stus,
605 3472 657 3524 in
688 3485 792 3540 quo
819 3471 1004 3525 vivunt
1029 3473 1255 3527 virtutes
1284 3472 1418 3542 ejus.
1464 3474 1612 3539 Quod
1658 3484 1824 3529 autem
1858 3493 1992 3530 nunc

414 3567 527 3619 sivo
558 3567 609 3619 in
631 3582 799 3619 carne.
833 3565 985 3621 Aliud
1014 3568 1171 3622 estin
1200 3581 1358 3621 carne
1390 3582 1530 3631 esse,
1562 3569 1704 3623 aliud
1744 3570 1795 3624 in
1826 3584 1988 3625 carne

328 3679 336 3685 -
414 3656 642 3710 vivere:
675 3656 763 3725 qui
805 3657 949 3711 enim
999 3657 1051 3710 in
1101 3669 1262 3713 carne
1291 3664 1435 3720 sunt,
1489 3659 1595 3712 Deo
1625 3660 1835 3727 placere
1882 3677 1986 3719 non

417 3754 679 3815 possunt;
711 3748 850 3803 unde
874 3749 938 3803 ad
984 3749 1118 3804 bene
1142 3748 1382 3805 viventes
1412 3748 1604 3805 dicitur
1634 3769 1648 3805 :
1682 3752 1787 3807 Vo:
1811 3768 1988 3811 autem

417 3837 472 3891 iu
504 3851 667 3892 carne
709 3852 813 3892 non
856 3840 1003 3900 estis,
1051 3840 1144 3895 sed
1189 3840 1240 3894 in
1272 3842 1480 3909 spiritu.
1519 3841 1579 3897 In
1605 3843 1833 3909 ﬁdei-iro
1860 3842 2009 3915 Filii

416 3924 536 4001 Dei.
584 3926 637 3982 ln
667 3928 781 3980 sola
814 3927 915 3982 ﬁde
942 3945 954 3979 :
981 3929 1103 3997 quia
1142 3929 1273 3983 nihil
1312 3931 1480 3985 debeo
1524 3931 1646 4001 legi.
1683 3932 1784 3999 Qui
1812 3935 1987 3987 dilexit

415 3993 516 4084 me:
543 4030 587 4073 et
619 4021 829 4073 tradidit
870 4021 1087 4087 seipsum
1127 4038 1219 4089 pro
1269 4038 1366 4075 me.
1397 4021 1479 4077 Uti
1515 4023 1685 4077 Patris
1731 4038 1988 4094 suamque

414 4110 615 4164 iaceret
666 4109 1012 4165 voluntatem.
1054 4111 1295 4179 Seipsum
1345 4127 1441 4181 pro
1487 4128 1591 4177 me,
1641 4129 1745 4168 non
1787 4115 1985 4185 aliqu'd

336 4232 343 4239 -
412 4203 580 4256 aliud.
610 4202 728 4257 Non
757 4203 938 4273 abjicio
966 4205 1183 4273 gratiam
1216 4205 1331 4263 Dei.
1365 4205 1479 4259 Non
1503 4206 1673 4261 debeo
1698 4207 1772 4260 illi
1806 4207 1984 4277 ingra-

417 4300 501 4346 tus
534 4295 782 4355 existere.
814 4294 902 4363 qui
932 4309 1016 4348 me
1049 4302 1249 4348 tantum
1280 4295 1494 4359 dilexit,
1527 4304 1584 4350 ut
1616 4310 1712 4365 pro
1738 4311 1823 4350 me
1849 4298 1984 4351 mori

414 4397 520 4435 non
553 4392 841 4438 recusaret.
868 4384 1076 4451 Abjicio
1100 4385 1241 4440 enim
1268 4385 1519 4453 gratiam,
1548 4386 1591 4440 si
1622 4385 1751 4440 mihi
1781 4387 1881 4441 hoc
1904 4378 1993 4440 so:

415 4472 522 4525 lum
554 4488 657 4525 non
685 4472 899 4527 sufficit.
937 4474 999 4529 Si
1051 4476 1184 4528 enim
1213 4492 1302 4545 per
1339 4476 1498 4547 legem
1535 4478 1761 4547 justitia.
1803 4476 1855 4531 Si
1892 4477 1972 4531 lex

2093 3283 2532 3339 caaremouiarum
2561 3295 2774 3355 supcrst
2800 3291 2894 3342 tio.
2915 3287 3058 3344 Sicut
3086 3292 3328 3360 scriptum
3357 3302 3432 3347 est
3456 3309 3473 3348 :
3498 3294 3664 3349 Abra-

2095 3370 2212 3422 haut
2262 3374 2478 3427 credidit
2513 3372 2640 3440 Deo,
2673 3386 2720 3429 et
2761 3386 3047 3446 reputatum
3088 3390 3161 3434 est
3195 3382 3242 3435 ei
3285 3383 3352 3435 ad
3383 3384 3664 3453 justitiam.

2093 3459 2168 3513 Ita
2201 3470 2253 3514 ct
2278 3462 2429 3515 vobis
2460 3463 2593 3518 ﬁdes
2621 3466 2733 3519 Sola
2768 3467 2964 3522 sufﬁcit
2992 3468 3058 3521 ad
3081 3469 3361 3536 justitiam.
3387 3471 3665 3545 Cognosci-

2093 3550 2156 3602 tis
2179 3567 2297 3621 ergo
2325 3553 2445 3622 quia
2468 3555 2555 3623 qui
2584 3571 2647 3609 ea:
2670 3555 2772 3623 ﬁde
2802 3569 2940 3611 sunt.
2965 3559 3086 3614 Sive
3115 3560 3308 3630 Judwi,
3337 3563 3449 3617 sive
3470 3566 3663 3619 Grieci.

2096 3642 2167 3696 Ili
2212 3655 2329 3698 sunt
2358 3646 2454 3714 ﬁlii
2482 3646 2721 3701 Abrahae.
2752 3648 2865 3702 Non
2895 3650 2984 3719 qui
3030 3651 3318 3706 carnaliter
3362 3653 3662 3710 circumcisi

2090 3741 2236 3791 sunt.
2282 3734 2558 3792 Providens
2605 3749 2777 3791 autem
2808 3738 3095 3810 Scriptura.
3133 3742 3268 3797 Ante
3295 3744 3499 3800 videns.
3530 3747 3663 3812 Quia

2089 3841 2154 3879 ea:
2181 3826 2284 3895 ﬁde
2304 3827 2560 3897 justiﬁcat
2605 3838 2778 3899 gentes
2825 3828 2987 3898 Deus,
3038 3834 3658 3900 prtcnuntiavitAbrahar.

2088 3918 2204 3973 Νυιι
2236 3935 2300 3975 ex
2335 3920 2611 3989 operibus,
2668 3922 2761 3976 sed
2793 3938 2854 3977 ex
2890 3926 3015 3989 lide,
3059 3940 3218 3994 quam
3270 3928 3383 3996 itse
3436 3930 3662 4001 inspirat

2087 4011 2255 4077 gratia
2287 4025 2401 4065 sua.
2459 4012 2592 4078 Quia
2647 4012 3006 4070 benedicentur
3053 4016 3109 4069 in
3156 4026 3203 4071 te
3239 4034 3412 4073 omnes
3463 4031 3657 4091 gentes.

2087 4099 2201 4153 Non
2232 4102 2330 4155 soli
2356 4101 2631 4156 Israelita.
2666 4102 2838 4172 Igitur
2857 4106 2945 4174 qui
2974 4123 3037 4160 es:
3065 4108 3167 4173 fide
3190 4118 3327 4177 sunt,
3364 4112 3659 4168 benedicen-

2088 4200 2168 4241 tur
2189 4206 2303 4243 cuin
2328 4192 2481 4259 ﬁdeli.
2503 4192 2779 4249 Abraham.
2814 4194 2926 4251 Non
2952 4198 3093 4251 enim
3116 4212 3304 4254 oman
3330 4202 3659 4258 circumcisus

2086 4291 2208 4336 sunt
2236 4292 2443 4353 gentes,
2477 4296 2532 4338 ut
2585 4287 2794 4354 possint
2822 4276 2885 4341 es
2934 4289 3188 4356 operibus
3236 4290 3497 4347 bellt'dl('i.
3533 4295 3658 4362 Qui-

2084 4392 2278 4445 cunque
2303 4376 2435 4430 enim
2464 4393 2525 4431 ex
2553 4377 2786 4445 aperibus
2812 4380 2936 4451 legis
2956 4389 3094 4447 sunt,
3118 4382 3209 4435 sub
3233 4369 3501 4438 malediclo
3516 4398 3655 4442 sunt.

2085 4468 2213 4535 Quia
2242 4470 2310 4521 ita
2340 4470 2615 4537 prmvaluit
2635 4471 2963 4526 consuetudo
2987 4474 3259 4542 peccandi,
3292 4486 3346 4529 ιιι
3373 4492 3529 4532 nemo
3544 4478 3661 4547 jam,

412 4572 625 4631 poterat
646 4565 960 4634 justiﬁcare,
1006 4538 1272 4635 superﬂue
1301 4538 1553 4622 Christus
1591 4577 1834 4624 mortuus
1876 4578 1980 4623 est.
2013 4538 2057 4595 υ
2085 4560 2560 4631 ουδιυάίιιιιθεθιιιυ
2591 4570 2647 4617 ει
2674 4562 2789 4617 ’ἀθο
2816 4580 2920 4617 ml"
2953 4565 3219 4620 ίηιηππίίο
3244 4568 3394 4636 ευ¹¹1³
3431 4579 3522 4623 θηι
3546 4586 3656 4623 1³1³-

416 4652 746 4708 Erubescant
786 4655 873 4723 qui
901 4656 1085 4709 dicunt
1122 4656 1262 4723 quod
1294 4657 1375 4710 lex
1405 4656 1470 4711 ad
1503 4673 1721 4727 regnum
1755 4660 1979 4712 miserit.

416 4739 557 4811 Erga
580 4743 802 4797 Christus
822 4745 978 4813 gratis
999 4752 1227 4798 mortuus
1248 4755 1339 4803 est.
1370 4746 1651 4816 Hucusque
1680 4756 1862 4802 contra
1887 4750 1984 4803 l’e-

416 4841 579 4898 trum,
596 4833 677 4888 vel
692 4844 875 4890 contra
901 4834 1111 4889 Judteos
1142 4853 1154 4887 :
1187 4850 1326 4890 nunc
1352 4837 1414 4890 ad
1435 4837 1649 4892 Galatas
1667 4826 1978 4895 revertitur.

485 4922 612 4979 CAP.
646 4940 723 4978 Ill.
757 4924 800 4978 0
846 4926 1089 4980 insensati
1121 4926 1339 4980 Galate.
1373 4927 1489 4981 Non
1527 4938 1612 4983 est
1656 4931 1978 4984 contrarium

412 5018 709 5083 Salvatori,
746 5020 834 5088 qui
875 5019 1089 5075 fratrem
1121 5018 1321 5074 fatuum
1353 5022 1525 5074 vocari
1559 5023 1831 5090 prohibet,
1874 5037 1978 5077 non

412 5110 558 5163 enim
598 5110 789 5173 dicitur
808 5111 921 5165 sine
949 5126 1129 5165 causa.
1179 5112 1377 5167 Stultos
1404 5122 1559 5167 vocat
1583 5116 1701 5183 quia
1732 5116 1976 5184 spiritum

414 5198 572 5267 legis,
616 5207 669 5252 ct
713 5200 938 5254 litteram
968 5200 1257 5269 dijudicare
1305 5217 1409 5257 non
1458 5205 1682 5271 possint.
1717 5206 1841 5272 Quis
1870 5222 1974 5260 ros.

412 5291 546 5354 Quis
573 5289 721 5367 vobis
751 5290 978 5345 invidit?
1004 5292 1139 5345 sicut
1165 5292 1417 5347 Salomon
1447 5294 1577 5349 dicit
1609 5312 1621 5347 :
1646 5296 1867 5350 Domum
1894 5298 1978 5351 in-

415 5380 528 5433 vidi
559 5381 758 5435 cruciat
783 5383 987 5435 oculus.
1026 5378 1321 5436 Fasciuavit
1359 5401 1460 5437 non
1509 5388 1711 5440 credere
1748 5389 1978 5443 veritati?

417 5472 521 5535 Qui
553 5470 687 5540 apud
717 5486 811 5526 nos
842 5472 1067 5535 invidus,
1112 5473 1161 5525 in
1194 5473 1381 5527 Grteco
1420 5476 1797 5544 significantius
1828 5479 1978 5545 poni-

416 5572 507 5616 tur
544 5564 865 5634 (βάσκανος)
897 5563 1200 5615 iascinator.
1234 5563 1436 5617 Dicitur
1484 5564 1713 5619 lasciuus
1764 5568 1978 5635 praprie

413 5651 700 5705 infamibus
722 5665 934 5718 nocere,
958 5659 1012 5704 et
1040 5652 1181 5704 tutati
1205 5652 1455 5719 parvulas,
1482 5662 1537 5706 et
1562 5654 1626 5709 iis
1642 5655 1729 5722 qui
1753 5657 1977 5711 necdum

417 5746 573 5797 ﬁrmo
595 5743 815 5811 vestigio
834 5743 995 5811 ﬁgunt
1018 5743 1260 5809 gradum.
1284 5742 1430 5798 Unde
1451 5752 1533 5799 est
1556 5746 1681 5799 illud
1710 5767 1719 5799 :
1746 5750 1871 5813 Quis
1894 5758 1975 5805 tc-

2089 4653 2301 4707 lcdicto.
2337 4652 2598 4720 Sci-iptum
2618 4661 2690 4706 est
2719 4654 2871 4717 enim,
2908 4654 3211 4712 Maledictus
3239 4659 3418 4711 omnis.
3454 4659 3655 4725 Quazri-

2088 4750 2190 4806 tur,
2218 4743 2403 4797 Utrum
2435 4742 2566 4800 ﬁdes
2593 4743 2706 4798 sola
2736 4745 2964 4798 sufﬁciat
2993 4746 3313 4808 Christiano,
3345 4755 3419 4809 et,
3466 4748 3651 4803 Utrum

2085 4852 2190 4889 non
2220 4836 2285 4890 sit
2319 4836 2634 4890 tnaledictus
2666 4836 2756 4904 qui
2786 4837 3087 4904 evangelica
3117 4846 3379 4905 praecepta
3410 4852 3511 4891 non
3535 4855 3650 4894 ser-

2082 4935 2192 4979 vat.
2224 4926 2380 4981 Fides
2405 4926 2622 4990 sufﬁcit,
2654 4934 2710 4978 ut
2732 4927 2899 4994 primo
2921 4926 3223 4981 credentem
3241 4937 3294 4980 et
3312 4927 3514 4995 justum
3538 4932 3651 4986 elﬁ-

2083 5022 2208 5085 ciat,
2227 5023 2273 5076 si
2294 5024 2546 5092 deinceps
2566 5023 2617 5076 in
2635 5022 3014 5092 justiﬁcatione
3038 5033 3372 5087 permaneat;
3396 5034 3646 5082 castorum

2082 5113 2198 5166 sine
2228 5113 2482 5180 operibus
2513 5120 2717 5165 mortua
2748 5118 2855 5177 est,
2886 5112 2980 5165 sed
3004 5111 3125 5167 ﬁdei
3147 5114 3419 5181 operibus,
3450 5133 3551 5173 non
3575 5119 3649 5175 le-

2080 5204 2182 5272 gis.
2216 5204 2313 5269 Qui
2366 5218 2470 5257 non
2512 5203 2686 5258 credit
2715 5204 2845 5268 Deo,
2893 5205 3116 5261 attendit
3153 5206 3440 5276 mandatis,
3471 5219 3525 5265 et
3555 5226 3647 5267 cos

2081 5297 2169 5364 qui
2200 5294 2469 5362 Evangelii
2502 5302 2767 5363 prtecepta
2795 5304 3165 5362 contemnunt,
3196 5300 3506 5355 maletliclos
3526 5318 3648 5361 esse

2082 5398 2134 5441 et
2163 5387 2403 5441 Salvator
2430 5386 2642 5441 edocuit
2672 5387 2855 5441 dicens
2883 5405 2896 5441 :
2933 5388 3197 5445 Discedite
3225 5409 3250 5442 ιι
3283 5408 3385 5452 me.
3418 5395 3609 5449 maledi
3629 5426 3645 5438 -

2081 5478 2174 5539 cti,
2210 5482 2259 5530 in
2300 5478 2476 5547 ignem
2522 5484 2799 5531 mtcrnum.
2834 5479 2901 5533 Et
2944 5479 3172 5535 Jacobns
3202 5484 3472 5549 apostolus
3500 5501 3514 5539 :
3545 5486 3646 5552 Qui

2082 5571 2238 5622 unius
2260 5568 2488 5621 mandati
2516 5578 2878 5638 transgressor
2895 5580 2997 5634 est,
3021 5573 3252 5626 omnium
3278 5590 3423 5629 reum
3446 5592 3503 5630 se
3526 5594 3648 5635 es-e

2082 5659 2419 5715 monstravit.
2446 5659 2549 5713 Sed
2603 5661 2742 5714 istud
2786 5676 2947 5714 unum
2987 5670 3374 5729 transgressum
3411 5666 3647 5723 charito-

2085 5763 2189 5805 lem
2244 5750 2545 5820 intelligunt
2574 5750 2740 5815 docti,
2775 5751 2826 5803 in
2859 5766 2960 5816 qua
3006 5754 3179 5806 omnis
3233 5755 3315 5808 lex
3370 5757 3560 5824 pendet
3591 5770 3651 5815 et

490 5837 518 5868 tt
549 5831 889 5901 Participium
923 5835 1188 5902 passivum
1217 5835 1363 5888 Verbi
1392 5852 1566 5901 noceo,
1594 5841 1737 5907 quod
1764 5842 1921 5910 vulgo
1952 5857 2054 5897 non
2085 5846 2185 5897 nisi
2218 5844 2549 5898 intransitive
2575 5843 2817 5896 sumitur.
2854 5842 3005 5898 Eutr.
