3884 6172
322 334 425 388 ἓῦὸ

1178 333 1243 387 IN
1282 331 1665 388 ΕΙἸΒἸὈΙΑΜ
1704 331 1790 384 AD
1833 329 2148 385 (ΞΑ-ΕΔΤ.Χὸ
2189 334 2704 390 ΕΟΜΝΜᾸΤΑΗΙΑ.

3468 342 3529 397 5.?
3548 348 3567 399 ι

321 448 581 503 nlicnsam
610 450 660 501 in
685 464 865 505 eremo
892 447 1088 516 populi,
1117 460 1230 515 post
1259 450 1533 503 adoratum
1565 448 1807 509 vitulum,
1839 455 1893 500 et
1921 447 1967 501 Α
1999 448 2233 501 membra
2265 465 2355 516 per
2380 452 2623 518 baptismi
2651 453 3119 510 sanctiﬁcatione-tn
3148 459 3338 519 cili-vti.
3363 462 3450 515 lilii
3476 465 3567 519 [lci

322 555 560 591 murmur
586 540 639 590 in
665 540 964 601 Durniuum,
982 542 1061 592 lex
1083 540 1521 606 transgressionis
1546 538 1889 599 proltibitoria

321 643 348 679 s
372 629 605 681 Accessit.
639 629 792 685 Justo
822 630 904 683 lex
937 645 1039 681 non
1071 639 1151 683 est
1182 630 1377 697 posita,
1405 640 1458 682 et
1484 629 1604 683 ideo
1627 639 1731 683 tam
1763 629 1893 681 dura

321 719 590 787 prmcipit,
622 729 678 771 ιιι
707 719 951 774 domaret
988 714 1286 788 superbiam
1316 718 1639 773 Judmorum.
1674 718 1898 787 Propter

317 811 826 878 transgressimtcn't,
845 810 1042 880 inquit:
1064 826 1182 864 nam
1200 825 1303 863 non
1318 818 1538 879 propter
1555 808 1891 878 justiticatio-

315 910 467 952 nent.
503 899 625 952 lla'c
652 899 927 952 audienti-8
955 900 1335 962 conticescant,
1377 898 1466 967 qui
1499 897 1729 953 delirant
1753 897 1892 966 quod

314 996 401 1048 lex
438 1007 759 1061 quemquam
794 1006 886 1060 per
924 1007 983 1044 se
1011 991 1076 1044 ad
1110 1005 1329 1058 regnum
1359 989 1616 1043 canorum
1647 988 1895 1041 transmi-

311 1084 469 1139 serit.
521 1082 776 1136 Ordinum
825 1098 913 1149 per
961 1082 1188 1150 angelos.
1221 1080 1330 1134 lloc
1361 1079 1474 1132 vult
1503 1078 1722 1146 intelligi
1751 1078 1891 1146 quod

310 1175 364 1228 in
395 1173 758 1228 ontuLVcteri
802 1172 1171 1236 Testamento,
1207 1169 1292 1225 ubi
1339 1169 1560 1238 angi-lus
1593 1169 1895 1236 Quicnnqne

308 1268 381 1320 sit
409 1266 579 1331 visus,
611 1266 664 1319 in
698 1264 785 1317 iilo
813 1262 1076 1318 mediator
1102 1260 1437 1329 loquebatur,
1467 1263 1552 1327 qui
1584 1258 1711 1312 dicit
1744 1275 1757 1309 :
1785 1258 1894 1326 Ego

310 1372 437 1411 sum
472 1358 615 1412 Deus
645 1356 934 1418 Abraham,
960 1356 1099 1409 Deus
1122 1354 1285 1419 Isaac,
1318 1364 1372 1408 et
1400 1353 1542 1407 Deus
1571 1351 1754 1406 Jacolt.
1787 1350 1894 1427 ch

310 1448 469 1505 enim
516 1447 710 1502 mirum
738 1448 781 1500 si
814 1446 951 1500 Deus
980 1447 1223 1514 loquatur
1252 1444 1303 1498 in
1334 1443 1556 1511 angelis,
1583 1457 1702 1496 cum
1734 1440 1892 1494 etiam

308 1553 415 1606 per
445 1539 666 1608 angelos
686 1538 772 1607 qui
806 1536 859 1590 iu
893 1535 1198 1591 hominibus
1219 1543 1342 1589 sunt
1368 1534 1613 1601 loquatur
1637 1530 1893 1585 Dominus

306 1630 362 1683 in
394 1627 701 1696 prophetis,
739 1625 949 1682 dicente
986 1628 1165 1695 Aggeo
1199 1644 1211 1677 2
1247 1624 1319 1683 Et
1349 1624 1422 1678 ait
1452 1621 1671 1691 angelus
1701 1621 1787 1689 qui
1817 1621 1893 1675 lo-

302 1718 585 1787 quebatur
611 1719 666 1773 in
695 1732 811 1782 me;
842 1728 897 1773 et
924 1716 1088 1772 inl‘ert
1118 1735 1133 1771 :
1168 1716 1294 1772 lltec
1316 1715 1447 1770 dicit
1474 1715 1731 1769 Dominus
1756 1714 1893 1768 Deus

2000 535 2115 588 Silis
2149 553 2365 594 necesse
2393 554 2492 594 est.
2526 542 2719 609 thu‘tl
2748 559 2876 610 ergo
2906 546 3052 601 vobis
3085 548 3273 618 legent,
3305 567 3422 620 qum
3453 568 3569 619 per.

1999 629 2268 682 catoribns
2299 630 2419 685 data
2449 642 2548 697 ρει,
2579 637 2768 700 quibus
2790 633 2897 701 jatn
2926 650 3135 701 peccata
3168 642 3385 695 remissa
3416 644 3572 696 sunt?

2002 719 2121 772 Non
2151 732 2224 774 est
2243 721 2454 776 Judteus
2478 740 2636 794 neque
2662 724 2887 781 Gnaeus.
2921 728 3069 782 Tunc
3097 732 3233 785 inter
3258 734 3495 789 Judaeum
3520 751 3572 791 et

2002 810 2347 880 prosclytnnt,
2376 814 2534 866 etiam
2566 814 2702 869 inter
2734 817 2925 870 tribum
2956 827 3007 871 et
3038 821 3251 885 tribum,
3280 833 3334 877 et
3374 827 3424 878 in
3459 827 3571 879 istis

1997 901 2247 956 omnibus
2273 902 2557 958 diversitas
2595 917 2726 958 erat.
2775 907 2893 959 Non
2924 919 2994 961 est
3024 925 3215 974 serius,
3247 930 3399 982 neque
3426 917 3567 970 liber.

1995 992 2110 1047 Non
2155 997 2459 1050 cOIIditionc
2498 1012 2832 1066 separantur,
2865 1003 2958 1057 scd
2994 1004 3097 1058 lide
3127 1022 3139 1051 ε
3171 1005 3289 1074 quia
3297 1017 3492 1100 Jeotcst
3524 1020 3573 1064 et

1998 1099 2185 1141 servus
2225 1086 2392 1143 libero
2435 1104 2551 1143 esse
2584 1093 2789 1160 melior,
2820 1102 2875 1147 et
2913 1095 3047 1149 liber
3089 1086 3400 1155 servum'in
3449 1102 3569 1155 lidei

1996 1175 2247 1240 qualitate
2278 1189 2614 1246 prmrertere.
2650 1182 2768 1235 Non
2792 1190 2864 1237 est
2896 1188 3151 1242 masculus
3176 1205 3334 1257 neque
3360 1192 3569 1260 femina.

1999 1267 2186 1320 Omnes
2206 1270 2339 1322 enim
2362 1286 2447 1323 ros
2472 1289 2625 1325 unum
2648 1277 2764 1328 estis
2784 1276 2836 1329 in
2855 1277 3054 1332 Christo
3072 1277 3214 1334 Iesu.
3240 1281 3332 1335 Fet
3348 1284 3571 1338 titudiue

1997 1365 2047 1409 et
2072 1356 2428 1413 imbecillitate
2457 1377 2738 1432 corporum
2770 1379 3103 1436 separantur.
3141 1372 3403 1427 Cmtcrum
3439 1375 3569 1428 (tiles

1998 1448 2049 1499 in
2080 1451 2269 1504 mentis
2295 1449 2578 1506 devmione
2601 1467 2851 1510 censetur
2881 1473 2896 1511 ε
2925 1473 3044 1512 nam
3074 1475 3215 1528 smpe
3242 1463 3431 1517 mulier
3454 1463 3571 1518 vito

1998 1539 2055 1591 ﬁt
2092 1554 2251 1596 causa
2292 1542 2496 1597 salutis.
2538 1545 2597 1599 Si
2641 1558 2810 1602 autem
2840 1564 2927 1603 vos
2954 1550 3161 1615 Christi,
3194 1568 3310 1622 ergo
3356 1556 3570 1609 Abrahm

1995 1645 2158 1683 semen
2189 1633 2330 1697 estis,
2359 1636 2636 1688 secundum
2677 1638 3059 1704 promissionem
3088 1642 3328 1696 htcredcs.
3372 1645 3425 1699 Si
3454 1663 3570 1699 enr-

1995 1720 2093 1787 pus
2122 1720 2316 1775 Cluisti
2353 1738 2512 1776 uuutn
2552 1740 2737 1779 omnes
2777 1726 2893 1781 facti
2934 1731 3080 1795 estis,
3122 1731 3350 1785 Abralue
3389 1749 3567 1788 semen

302 1810 682 1879 ornnipotens.
735 1809 964 1877 Angelus
1015 1822 1300 1874 possumus
1350 1806 1593 1874 accipere
1643 1807 1889 1876 Moysen,
1924 1820 1972 1880 Β
1999 1812 2126 1865 estis
2172 1824 2225 1866 et
2269 1814 2381 1868 veri
2429 1815 2669 1871 ha-redcs
2697 1835 2710 1871 :
2742 1833 2845 1873 non
2888 1835 2951 1874 ex
2992 1811 3188 1875 carnali
3219 1823 3441 1888 semine,
3476 1827 3566 1878 sed

300 1902 496 1955 Aaron
518 1910 575 1954 et
594 1901 777 1964 Iosue,
798 1900 886 1966 qni
913 1898 1196 1971 Πδψιιιιιίἰ
1220 1898 1449 1964 fuerunt,
1483 1913 1575 1964 per
1598 1910 1730 1964 quos
1755 1898 1892 1951 Deus

301 1995 490 2061 legem
518 1992 669 2047 dedit
690 2000 745 2045 et
774 1991 1043 2045 ordinavit
1082 2006 1177 2058 per
1220 1989 1460 2058 angelos.
1500 1990 1629 2055 Qua:
1672 1989 1755 2042 lex
1798 2004 1891 2057 per

301 2082 538 2151 angelos
566 2082 806 2135 ordinata
837 2091 939 2136 est.
970 2081 1220 2151 Legimus
1245 2081 1386 2134 enim
1417 2080 1636 2149 angelos
1657 2079 1892 2134 adfuisse

236 2196 237 2199 η
301 2174 423 2227 sive
474 2171 661 2242 Moysi,
694 2182 744 2223 ut
775 2172 988 2239 quidam
1021 2179 1224 2239 putant,
1255 2169 1367 2224 sive
1394 2167 1629 2224 Christo.
1665 2168 1798 2223 Nam
1838 2178 1891 2223 et

302 2266 554 2333 Moyses,
603 2264 866 2332 inquiunt,
908 2264 1045 2318 inter
1090 2264 1254 2317 Dcmn
1301 2273 1356 2318 et
1399 2263 1651 2332 populum
1683 2262 1890 2317 medius

302 2354 434 2409 luit.
471 2354 606 2409 Nam
632 2354 852 2421 angelus
884 2353 1047 2409 oflieii
1079 2369 1269 2409 nomen
1298 2365 1401 2420 ρει,
1431 2370 1535 2408 non
1568 2363 1791 2410 naturae.
1825 2354 1888 2407 In

302 2461 470 2499 manu
495 2446 811 2499 mediatoris.
845 2445 900 2498 ln
933 2452 1219 2513 potestate,
1248 2454 1302 2500 et
1331 2444 1586 2514 potentia,
1613 2453 1669 2499 ct
1693 2444 1890 2499 virtute

305 2538 536 2592 Christi.
589 2536 847 2591 Mediator
888 2552 1058 2592 au'em
1094 2539 1245 2592 unius
1288 2555 1389 2593 non
1430 2548 1520 2601 est,
1555 2536 1692 2591 Deus
1723 2545 1889 2589 autem

307 2648 442 2684 unus
468 2641 563 2687 est.
590 2631 696 2685 Lex
722 2647 844 2701 ergo
867 2633 1109 2685 adversus
1135 2631 1381 2699 promissa
1413 2630 1503 2684 Dei
1522 2632 1545 2684 Ρ
1563 2629 1723 2682 Absit.
1752 2630 1890 2685 Sub-

314 2720 530 2776 auditur
553 2722 885 2787 subStautize,
913 2722 995 2775 vel
1020 2723 1176 2775 tutius
1198 2722 1391 2789 partis:
1416 2721 1537 2790 quis
1563 2721 1700 2776 inter
1723 2721 1884 2775 Deum

316 2828 366 2870 ct
398 2816 646 2869 homines
674 2814 879 2870 exstitit
921 2814 1201 2869 mediator.
1253 2814 1376 2869 Ideo
1422 2824 1510 2868 aut
1547 2830 1596 2868 m
1640 2813 1883 2869 addidit:

324 2908 461 2961 licus
501 2917 679 2962 autem
710 2922 844 2961 unus
870 2918 971 2971 est,
1010 2922 1078 2961 ne
1108 2908 1225 2976 quis
1256 2922 1375 2962 cum
1409 2919 1627 2976 propter
1656 2909 1884 2963 cilicium

318 2999 492 3053 rarnis
519 3008 807 3067 assumpta:
835 2997 902 3051 ab
937 2998 1140 3053 unitate
1169 2998 1363 3052 divinae
1393 2999 1699 3053 substantia:
1728 3014 1885 3068 scpao

338 3097 479 3141 taret.
508 3087 673 3144 Unius
703 3101 807 3141 non
835 3095 936 3150 est,
967 3097 1022 3142 ut
1046 3088 1353 3152 subaudias,
1380 3088 1689 3143 substantia:
1718 3105 1731 3141 :
1759 3090 1878 3157 quia

2856 1906 2891 1941 εἴ

1991 1918 2056 1957 ex
2076 1904 2253 1959 divina
2283 1908 2655 1975 proaissione.

2060 1994 2187 2050 Car.
2212 2011 2279 2049 tv.
2304 1996 2429 2052 Dico
2450 2009 2651 2055 autem:
2674 2001 2875 2067 Quanto
2899 2016 3118 2070 tempore
3140 2004 3298 2059 literas
3321 2008 3564 2075 parvulis

1991 2099 2083 2141 est.
2112 2084 2416 2145 Secundum
2448 2095 2898 2162 comparationem
2928 2105 3154 2161 emptam
3191 2097 3436 2165 loquitur.
3470 2096 3569 2151 Ni-

1992 2178 2258 2245 hildi/fert
2292 2199 2323 2234 a
2348 2199 2513 2248 servo,
2539 2200 2650 2237 runt
2689 2187 2753 2237 sit
2790 2186 3025 2239 dominus
3055 2189 3311 2251 omnium;
3352 2188 3437 2240 sed
3476 2191 3565 2241 sub

1992 2271 2238 2324 tutoribus
2262 2283 2308 2324 et
2335 2274 2586 2326 actoribus
2617 2284 2689 2327 cst
2713 2291 2873 2343 usque
2892 2276 2960 2327 ad
2984 2277 3288 2343 prro/initum
3317 2287 3507 2343 tempus
3534 2296 3565 2330 α

1990 2371 2155 2430 patre.
2187 2361 2319 2427 Quia
2360 2362 2411 2415 in
2451 2363 2569 2417 illos
2599 2364 2927 2417 dominatum
2958 2364 3260 2419 sacerdotes
3282 2374 3333 2418 et
3365 2366 3562 2433 priuci«

1995 2466 2091 2521 pes
2119 2456 2460 2519 exercebant,
2508 2471 2640 2526 quos
2690 2465 2891 2511 tutores
2944 2465 2996 2510 et
3051 2469 3258 2512 actores
3307 2460 3558 2528 apprl'at.

1990 2543 2145 2599 Nudo
2194 2555 2367 2600 autem
2416 2562 2519 2601 non
2567 2540 2846 2613 dominari,
2893 2551 2983 2604 scd
3034 2550 3256 2605 formam
3303 2554 3562 2606 exhibere

1987 2636 2239 2705 jttbcntttr
2272 2654 2283 2689 :
2315 2638 2434 2706 quia
2463 2653 2648 2692 omnes
2689 2656 2852 2708 genus
2902 2655 3082 2694 sumus
3127 2643 3476 2709 sacerdotale,
3507 2654 3562 2698 ct

1989 2729 2165 2782 omnia
2210 2729 2581 2795 communiter,
2626 2733 2865 2801 quamvis
2919 2747 3011 2799 ιιι-ι’
3058 2734 3174 2788 illos
3228 2746 3557 2790 sacramenta

1992 2820 2332 2887 percipimus.
2388 2820 2613 2875 Tutorcs
2657 2834 2833 2875 autem
2888 2834 2941 2877 et
2991 2834 3197 2880 acttres
3246 2837 3463 2893 possunt
3507 2839 3561 2882 et

1993 2913 2259 2983 protilteta‘.
2284 2914 2471 2981 accipi,
2498 2931 2564 2984 qu
2604 2931 2717 2969 ruut
2744 2918 2916 2970 verbis
2938 2916 3169 2984 quotidie
3196 2917 3245 2972 in
3274 2919 3555 2971 advrntum

1988 3004 2278 3059 Salvatoris
2304 3006 2697 3069 crudichamur,
2734 3008 2871 3059 sicut
2911 3007 3222 3078 pa‘dag‘tgus
3267 3011 3347 3063 les
3394 3011 3555 3079 Moysi

1988 3095 2230 3159 superius
2257 3094 2392 3149 dicta
2416 3103 2514 3149 est.
2547 3095 2707 3149 Recte
2738 3096 2770 3148 ii
2802 3096 2898 3151 sub
2929 3099 3187 3152 tutoribus
3209 3111 3258 3151 ct
3286 3098 3557 3152 acmrihus

338 3177 383 3229 ιιι
410 3176 611 3233 Christo
644 3179 780 3233 sicut
808 3194 911 3233 una
942 3193 1188 3247 persona,
1218 3179 1289 3232 ita
1330 3181 1535 3248 gemina
1566 3180 1878 3233 substantia.
1912 3193 1956 3253 C
1988 3200 2103 3239 esse
2124 3186 2389 3251 dicuntur,
2416 3186 2501 3253 qui
2532 3186 2784 3240 habentes
2807 3186 3048 3256 spiritum
3076 3189 3303 3254 timoris,
3333 3189 3555 3243 necdum
3582 3222 3585 3227 -

339 3268 391 3317 Si
423 3269 545 3320 enim
584 3269 704 3322 data
743 3277 864 3323 esset
894 3268 978 3322 lea:
1005 3286 1117 3338 qua:
1153 3279 1318 3340 posset
1348 3271 1493 3339 viviﬁ.
1512 3287 1618 3324 are.
1648 3271 1793 3325 Sicut
1818 3272 1883 3325 ad

342 3357 601 3415 lit-titanas.
623 3360 755 3416 Nam
779 3363 920 3430 quod
949 3361 1276 3431 impossibile
1302 3372 1413 3417 erat
1442 3364 1571 3433 legis
1599 3363 1650 3417 in
1674 3379 1778 3431 quo
1808 3365 1886 3418 in-

338 3449 622 3506 tirmabatur
647 3468 663 3505 :
689 3451 889 3506 scilicet
923 3453 1044 3522 quia
1083 3453 1192 3522 jam
1223 3467 1252 3506 a
1287 3454 1497 3508 nomine
1535 3455 1880 3509 servabatur:

337 3541 374 3593 si
410 3542 540 3596 enim
578 3560 684 3598 non
720 3544 1106 3612 viviﬁcabatur,
1140 3546 1405 3614 quomodo
1435 3555 1674 3601 mortuos
1702 3548 1765 3600 ad
1797 3562 1883 3601 re-

337 3647 476 3699 gnum
505 3634 779 3690 mittebat?
815 3635 937 3689 Vere
962 3653 1023 3690 ea:
1051 3638 1158 3707 tege
1196 3647 1323 3692 esset
1335 3639 1560 3706 justitia.
1593 3638 1882 3693 llmredita-

340 3733 430 3776 teut
454 3726 706 3793 justitiam
737 3727 1043 3790 nominavit,
1074 3727 1155 3782 vel
1184 3739 1330 3782 certe
1364 3728 1646 3797 justitiam,
1671 3744 1787 3799 qua:
1813 3745 1878 3784 ex

338 3816 425 3870 lide
445 3830 519 3871 cst
538 3820 669 3873 Novi
697 3820 1043 3875 Testamenti.
1075 3819 1179 3875 Sed
1207 3823 1452 3873 conclusit
1482 3821 1748 3891 Scriptura
1775 3839 1883 3875 ont-

338 3905 410 3957 r.ia
432 3908 516 3960 sub
538 3918 765 3979 peccato.
793 3909 1170 3976 Depreltettdit.
1200 3909 1265 3965 Ut
1294 3911 1559 3976 promissio
1587 3910 1711 3965 Jesu
1733 3913 1792 3966 Ct
1810 3912 1883 3963 ri-

338 3996 393 4047 tti
414 3996 606 4053 daretur
632 4000 973 4054 credentibus.
1000 4000 1066 4055 Ut
1096 4015 1318 4055 necesse
1348 4010 1493 4056 esset
1519 4002 1628 4055 sola
1661 4003 1761 4057 fide
1791 4018 1884 4073 per

335 4089 531 4151 gratam
565 4088 758 4143 salvari
798 4090 1095 4143 credentes.
1140 4088 1294 4143 Prius
1320 4099 1489 4143 autent
1516 4107 1667 4159 quam
1694 4096 1882 4146 veniret

334 4178 463 4241 ﬁdes,
486 4184 571 4233 sub
599 4184 708 4251 tege
734 4181 1162 4236 custodiebamur.
1206 4170 1514 4252 Priusquam
1560 4184 1769 4239 veniret
1796 4186 1881 4240 cui

330 4265 671 4337 c'rcderctuus,
697 4274 780 4327 Vel
821 4288 913 4341 per
941 4288 1097 4343 quam
1123 4275 1482 4330 crederemus.
1513 4275 1568 4330 Si
1598 4277 1762 4340 venit,
1792 4276 1880 4330 ubi

328 4371 436 4415 sunt
461 4364 545 4432 qui
576 4364 757 4419 dicunt
777 4365 916 4433 quod
940 4380 1007 4419 ex
1039 4373 1226 4419 natura
1259 4367 1328 4419 sit
1369 4365 1535 4421 ﬁdes?
1565 4365 1804 4420 Couclusi
1832 4368 1881 4420 in

323 4471 423 4507 erm
463 4458 617 4525 [idem
659 4474 773 4525 quw
816 4457 1089 4510 revelanda
1132 4467 1260 4513 erat.
1305 4457 1661 4513 Servabantur
1696 4474 1726 4511 a
1770 4458 1881 4527 lege

1988 3285 2293 3330 meruerunt
2324 3276 2566 3345 Spiritum
2596 3275 2853 3329 libertatis
2881 3288 2929 3331 et
2966 3276 3267 3345 adoptionis
3296 3281 3555 3347 accipere.

1987 3365 2140 3421 Aitas
2168 3366 2307 3419 enim
2364 3366 2597 3419 infantite
2648 3375 2858 3434 peccata
2888 3367 3165 3431 formidat,
3212 3368 3554 3438 pmdagngnm

1987 3458 2193 3521 metuit,
2233 3472 2337 3509 non
2385 3458 2599 3509 conﬁdit
2641 3471 2699 3511 se
2740 3457 2977 3523 liberam,
3011 3459 3131 3513 licet
3179 3474 3273 3528 per
3320 3469 3556 3513 naturam

1986 3545 2197 3600 domina
2244 3548 2332 3599 sit.
2365 3545 2447 3599 Ita
2482 3559 2527 3600 et
2571 3563 2661 3601 nos
2709 3563 2819 3599 cum
2859 3564 3077 3602 essemus
3117 3549 3334 3619 parvuli.
3380 3548 3557 3604 Potest

1986 3635 2205 3703 intelligi
2245 3635 2475 3704 qttandiu
2516 3637 2632 3709 quis
2676 3636 2922 3703 parvulus
2963 3646 3066 3701 est,
3098 3652 3195 3691 nec
3234 3647 3491 3691 statutum
3524 3654 3552 3691 τι

1988 3738 2138 3797 patre
2169 3739 2375 3797 tempus
2424 3728 2678 3797 implevit,
2724 3738 2781 3781 ttt
2830 3728 2967 3783 ﬁlius
3012 3738 3066 3784 et
3097 3731 3265 3785 ltmres
3303 3732 3557 3800 appc’lari

1985 3806 2158 3889 queat.
2210 3820 2319 3874 Sub
2365 3819 2625 3873 elementis
2655 3819 2808 3888 hujus
2847 3820 3024 3871 mundi
3049 3836 3247 3874 eramus
3269 3823 3554 3877 tei1‘ietttes.

1988 3911 2199 3964 Dicrum
2225 3919 2278 3963 ct
2300 3920 2617 3977 temporum,
2636 3925 2752 3977 qnze
2777 3926 2788 3975 ι
2810 3920 2989 3977 ropttr
3010 3912 3390 3976 inﬁrmitatem,
3415 3924 3462 3966 et
3490 3928 3556 3967 ne

1984 4001 2122 4055 idola
2154 4000 2579 4061 observarcmns,
2606 3999 2887 4066 aliquando
2916 4001 3212 4063 accepimus
3248 4019 3262 4056 :
3291 4005 3554 4058 elementa

1985 4088 2164 4144 mundi
2196 4105 2288 4143 eos
2316 4103 2446 4156 quos
2492 4102 2647 4156 supra
2682 4097 2880 4141 tutores
2909 4096 2963 4142 et
2992 4098 3197 4143 actores
3229 4092 3431 4145 dixerat
3460 4107 3552 4158 ap-

1985 4180 2218 4250 pellavit,
2246 4179 2384 4247 quod
2407 4179 2506 4233 sub
2531 4177 2658 4246 ipsis
2680 4178 2905 4245 primum
2929 4182 3174 4249 praesidib
3198 4198 3240 4237 :s
3261 4184 3552 4246 constituti,

1983 4271 2102 4339 quit
2154 4272 2379 4325 necdum
2424 4271 2514 4324 tibi
2549 4272 2639 4326 Dei
2669 4274 2732 4325 ad
2767 4285 2862 4325 nos
2897 4287 3087 4339 capere
3131 4281 3429 4339 poteramus
3458 4273 3554 4326 ad-

1986 4372 2221 4415 ventum.
2270 4362 2371 4416 Alii
2414 4362 2673 4417 elementa
2706 4363 2910 4426 mundi,
2937 4362 3127 4416 etelum
3169 4375 3221 4416 et
3264 4371 3475 4429 terram,
3504 4374 3558 4417 et

1985 4467 2043 4505 ca
2074 4467 2190 4517 qua:
2231 4453 2363 4505 intra
2407 4453 2518 4505 ltrec
2548 4463 2694 4517 sunt,
2723 4453 2988 4507 dixerunt.
3031 4451 3130 4505 Alii
3181 4452 3348 4521 legem
3396 4448 3561 4506 inter-

323 4544 436 4601 buic
461 4547 750 4617 ﬁdei,‘quat
778 4556 895 4604 erat
920 4548 1223 4603 revelanda.
1258 4547 1398 4616 Ergt
1426 4563 1530 4601 non
1559 4558 1641 4603 est
1675 4564 1738 4603 ex
1784 4566 1879 4601 na-
1916 4538 1959 4595 D
1989 4551 2261 4609 lil‘t'ldllllll‘
2296 4542 2581 4607 elementa,
2614 4551 2666 4595 et
2708 4542 2914 4609 eloquia
2961 4542 3337 4609 prophetarum
3369 4556 3382 4595 :
3417 4539 3556 4605 quod

321 4644 447 4701 tura,
474 4654 591 4707 qua:
620 4639 935 4706 quandoque
964 4648 1082 4707 post
1111 4638 1278 4706 legem
1308 4647 1388 4692 est
1417 4638 1667 4693 revelata.
1700 4641 1879 4708 Itaque

318 4729 397 4782 te:
422 4732 727 4799 pwdagogus
759 4742 927 4783 noster
968 4732 1067 4798 fuit
1096 4732 1148 4784 in
1177 4730 1394 4785 Christo.
1431 4730 1683 4786 Perfecta:
1712 4734 1879 4786 aetatis

318 4818 553 4888 discipuli
585 4837 688 4875 non
720 4820 957 4889 indigent
986 4822 1290 4891 padagogo.
1327 4822 1393 4875 Ut
1419 4838 1482 4875 ea:
1506 4824 1607 4890 ﬁde
1626 4824 1879 4894 justi/ire.

320 4922 445 4966 mur.
473 4912 534 4963 At
562 4912 645 4963 ubi
670 4912 798 4964 venit
824 4912 972 4978 ﬁdes,
996 4914 1111 4981 jam
1144 4927 1243 4965 non
1268 4928 1439 4964 smnus
1466 4913 1557 4965 sub
1578 4915 1873 4983 patriar/oga.

319 4996 597 5069 Diligenter
622 5003 859 5067 adverte,
882 5003 1090 5070 quoties
1112 5002 1260 5064 dirit,
1289 5003 1361 5056 Ex
1396 5003 1499 5057 tide
1528 5020 1540 5055 :
1574 5015 1625 5057 ut
1658 5004 1879 5057 confun-

322 5090 498 5147 dantur
538 5092 613 5146 i'li
661 5093 751 5157 qui
796 5094 975 5147 dicunt
1016 5094 1155 5161 quod
1199 5095 1279 5147 lex
1324 5094 1386 5147 ad
1426 5109 1641 5162 regnum
1673 5095 1787 5149 tuiso
1810 5097 1879 5147 rit

321 5181 427 5237 sine
452 5185 613 5257 gratia
641 5201 656 5237 :
682 5194 736 5239 ct
778 5200 883 5239 non
930 5184 1227 5253 intelligunt
1273 5185 1411 5251 quod
1455 5185 1751 5253 quicunque
1780 5188 1878 5242 sub

323 5272 427 5341 lege
463 5275 645 5332 salvati
688 5286 832 5341 sunt,
878 5276 1043 5344 gratia
1086 5285 1213 5330 sunt
1250 5275 1456 5341 salvati,
1487 5277 1605 5345 quia
1647 5294 1707 5332 ex
1751 5278 1873 5345 tide,

323 5377 465 5431 quam
500 5366 667 5435 gratia
712 5366 911 5420 tribuit.
951 5366 1135 5419 Omnes
1183 5368 1314 5419 enim
1357 5368 1451 5434 ﬁlii
1500 5367 1590 5420 ι)ιὶ
1632 5371 1748 5421 εδιῗδ
1793 5386 1880 5433 μετ

322 5456 459 5518 ﬁdem
487 5458 538 5510 in
569 5455 770 5509 Christo
814 5455 958 5509 Iesu.
1007 5455 1204 5510 Omnes
1238 5456 1379 5510 enim
1411 5458 1681 5525 a‘qttaliter
1710 5467 1762 5510 et
1790 5457 1880 5510 Ju—

322 5548 415 5600 αλιι
441 5557 489 5601 et
515 5558 703 5616 gentes
735 5563 827 5616 per
859 5549 1014 5602 ﬁdem
1057 5548 1245 5611 solam,
1275 5564 1376 5616 qua
1414 5548 1552 5603 dono
1584 5548 1672 5603 Dei
1702 5549 1875 5603 credi-

320 5638 383 5689 tis
408 5636 527 5691 Cltri
561 5649 631 5694 to.
664 5638 960 5705 Quicunque
983 5640 1111 5692 enim
1151 5640 1203 5691 in
1235 5637 1434 5691 Christo
1469 5639 1710 5707 baptizati
1739 5640 1875 5704 estis,

319 5722 561 5783 Christum
608 5730 864 5784 induistis.
917 5728 1105 5785 Filium
1157 5729 1245 5783 Dei
1292 5728 1482 5795 induti,
1527 5739 1578 5781 ct
1624 5729 1717 5781 toti
1760 5729 1873 5795 ejus

1985 4647 2077 4699 per
2108 4632 2219 4684 hmc
2249 4632 2399 4700 quasi
2436 4632 2580 4685 initia
2612 4641 2666 4687 et
2692 4633 2903 4686 exordia
2952 4631 3246 4685 litterarum
3277 4633 3369 4686 Dei
3404 4636 3557 4687 timo-

1984 4736 2117 4783 rem,
2148 4722 2236 4788 (ιιιί
2279 4720 2550 4789 sapicntim
2580 4722 2891 4790 principium
2920 4730 3021 4790 est,
3054 4720 3427 4789 suscipiamus.
3457 4723 3558 4775 'l'a-

1985 4829 2103 4865 tncn
2134 4812 2448 4882 simpliciter
2472 4814 2736 4869 elementa
2761 4830 2855 4883 pro
2879 4814 3067 4868 litteris
3098 4813 3449 4881 accipiuntur,
3470 4812 3565 4866 vel,

1985 4904 2070 4958 lex
2097 4915 2150 4958 et
2179 4904 2471 4973 prophetat,
2499 4906 2637 4974 quod
2670 4921 2763 4974 per
2791 4921 2852 4959 eo
2885 4905 3157 4959 initiantur
3187 4906 3425 4959 homines
3461 4924 3472 4957 :
3503 4916 3556 4959 ct

1985 5011 2086 5049 non
2118 5008 2220 5050 tam
2252 4997 2333 5050 sui
2365 5010 2520 5065 quam
2551 4996 2765 5051 alterius
2794 4996 2868 5051 rei
2897 4996 3124 5050 utilitate
3154 4996 3424 5049 discantur
3459 5015 3470 5049 :
3498 5008 3551 5051 ut

1983 5091 2246 5157 possimus
2266 5092 2557 5145 orationem
2593 5089 2769 5156 legere
2794 5097 3118 5155 contextam,
3151 5088 3200 5141 in
3233 5104 3332 5158 qua
3363 5105 3551 5144 sensus

1983 5182 2148 5249 magis
2194 5190 2248 5235 et
2287 5182 2418 5235 ordo
2446 5181 2726 5234 verborum
2768 5193 2926 5247 quam
2970 5179 3260 5235 litterarum
3293 5182 3548 5251 principia

1983 5271 2402 5325 considerantur.
2427 5270 2491 5323 At
2508 5270 2591 5322 ubi
2609 5269 2737 5321 venit
2760 5268 3023 5338 plenitudo
3050 5273 3308 5340 temporis.
3332 5274 3551 5339 Quando

1977 5360 2085 5428 jam
2118 5362 2283 5429 legem
2318 5373 2474 5413 nemo
2517 5366 2720 5427 poterat
2762 5374 2857 5427 per
2891 5363 3327 5416 consuettulinem
3372 5372 3551 5415 custo-

1984 5442 2117 5517 dire,
2147 5452 2224 5503 vel
2255 5450 2393 5517 quod
2425 5452 2477 5504 in
2510 5450 2792 5519 przrscutia
2827 5464 2918 5504 sua
2958 5452 3267 5506 decreverat
3296 5466 3353 5504 se
3384 5451 3549 5503 iaetu-

1984 5558 2119 5597 rum.
2146 5542 2287 5595 Misit
2316 5540 2451 5595 Deus
2478 5540 2669 5595 Filium
2693 5558 2860 5596 suum.
2904 5543 3084 5597 Missio
3115 5542 3225 5595 lt‘ilii
3261 5542 3551 5595 iucaruatio

1983 5635 2096 5702 ejus
2146 5633 2470 5703 intelligitur,
2506 5649 2608 5688 non
2650 5634 2928 5689 diminutio
2955 5632 3283 5700 ,maji-statis.
3331 5631 3546 5684 Furtum

1982 5743 2042 5780 ex
2075 5728 2297 5783 muliere.
2334 5725 2538 5793 Mulier,
2568 5741 2668 5780 non
2699 5723 3111 5793 corruptionem,
3140 5723 3230 5777 scd
3256 5739 3438 5778 sexum
3479 5724 3550 5777 si-
