3910 6174
420 243 524 300 595
731 234 782 281 ⁵

421 355 655 418 gniﬁcat.
692 356 923 427 Dcnique
951 358 1060 413 Eva
1084 361 1260 414 statim
1295 371 1349 415 ut
1379 362 1459 415 lac
1483 376 1512 414 a
1548 372 1649 425 cst,
1685 363 1875 416 inulier
1904 378 1995 428 ap-

422 448 665 519 pellatur.
696 448 972 514 Quomodn
999 451 1098 504 sub
1120 450 1234 520 lege
1264 452 1428 506 lactus
1450 454 1564 507 e51?
1595 463 1651 506 ut
1671 468 1763 507 cos
1787 454 1872 522 qni
1895 455 1992 506 sub

424 537 539 605 lege
566 547 719 592 erant
750 540 1053 594 redimeret.
1085 541 1212 595 Nam
1245 544 1287 596 si
1314 543 1362 597 al
1389 553 1468 597 ter
1492 544 1682 597 salvari
1714 560 1818 596 non
1847 554 1995 611 pote-

421 636 562 689 rant,
594 629 672 682 sic
710 638 926 696 prepter
970 631 1086 684 illos
1125 634 1211 700 qui
1260 634 1365 686 nati
1398 645 1568 699 ciant,
1597 650 1662 688 ex
1695 637 1915 689 muliere
1941 646 1995 688 et

422 716 618 771 femina
647 720 791 772 nasci
824 720 1007 774 voluit.
1049 722 1179 776 Nam
1230 732 1284 777 ct
1324 725 1642 793 baptismum
1686 725 1805 778 id:o
1844 725 1992 791 quasi

370 828 387 835 κ
426 809 707 874 paenitens,
734 824 850 864 cum
875 821 1017 867 esset
1043 828 1071 865 a
1103 815 1331 881 peccatis
1376 815 1529 881 liber,
1560 817 1782 884 accepit,
1808 823 1865 868 ut
1889 829 1993 869 ca:-

425 908 567 951 terus
594 898 839 953 edoceret
870 901 1198 956 mandandos
1224 918 1342 957 esse
1372 919 1464 972 per
1504 904 1839 971 baptismum.
1874 902 1991 955 Fa-

423 1000 557 1044 ctum
578 990 665 1045 sub
690 994 819 1061 lege,
844 1004 896 1044 ut
926 1010 1008 1046 eos
1029 995 1117 1062 qui
1141 994 1232 1047 sub
1252 996 1361 1063 lege
1384 1005 1527 1049 erant
1553 996 1836 1050 redimeret.
1859 996 1991 1061 Quia

424 1081 467 1134 si
498 1081 597 1135 sub
623 1083 736 1151 lege
762 1082 929 1137 factus
965 1100 1066 1138 non
1096 1094 1262 1149 eSset,
1290 1086 1504 1140 Judaeos
1531 1087 1738 1141 salvare
1762 1101 1867 1139 non
1898 1100 1992 1153 po-

424 1180 581 1225 terat.
613 1171 809 1227 Gentes
838 1188 963 1227 vero
995 1184 1199 1242 poterat
1225 1176 1423 1243 positas
1444 1176 1543 1229 sub
1570 1175 1684 1246 lege
1711 1174 1987 1229 redimere.

426 1258 492 1312 Ut
517 1261 839 1328 adaptiouem
870 1263 1092 1330 ﬁliorum
1119 1264 1468 1333 reciperemus.
1498 1264 1610 1318 Non
1636 1263 1778 1318 enim
1804 1278 1990 1319 omnes

421 1354 807 1421 reccpissemus
833 1355 1193 1423 adoptionem,
1224 1357 1270 1409 si
1300 1356 1600 1411 factussub
1629 1356 1744 1424 lege
1772 1370 1880 1409 non
1909 1370 1994 1410 es-

419 1449 522 1495 Set.
570 1442 822 1508 Quoniam
865 1453 1030 1497 autem
1074 1445 1192 1498 estis
1228 1445 1344 1510 ﬁlii,
1380 1445 1516 1498 misit
1557 1444 1692 1497 Deus
1740 1443 1991 1513 Spiritum

421 1526 551 1583 Filii
590 1531 669 1583 sui
719 1531 771 1584 in
812 1534 965 1585 corda
1009 1544 1171 1588 restra
1216 1535 1516 1587 clamantem
1555 1549 1574 1588 .'
1604 1534 1763 1599 Abba,
1812 1531 1988 1587 Pater.

424 1620 618 1673 Probat
663 1636 760 1675 nos
805 1621 942 1677 ﬁlios
984 1637 1101 1677 esse
1141 1623 1257 1688 Dei,
1294 1633 1352 1677 ut
1387 1624 1631 1692 spiritum
1665 1639 1820 1692 quem
1851 1624 1904 1678 ib
1932 1637 1992 1677 se

424 1709 627 1774 habuit,
662 1710 859 1767 Christi
903 1700 1285 1783 acciperemus,
1313 1713 1658 1780 clamantem,
1688 1713 1742 1767 id
1769 1720 1852 1766 est
1877 1711 1994 1765 cla-

424 1816 570 1856 mare
621 1817 717 1855 nos
761 1801 1063 1858 facientem.
1116 1803 1297 1874 Itaque
1326 1808 1439 1875 jam
1478 1820 1578 1856 non
1609 1821 1659 1857 es
1688 1819 1877 1868 servus,
1906 1803 1994 1855 sed

424 1894 595 1960 filius;
614 1894 749 1964 quod
764 1895 806 1948 si
823 1893 982 1973 ﬁlius,
1002 1908 1045 1948 rt
1067 1901 1223 1948 [neres
1246 1913 1331 1965 per
1357 1896 1535 1948 Deum.
1554 1894 1690 1961 Quid
1713 1896 1791 1947 vis
1810 1907 1995 1948 servus

428 1982 684 2052 ﬁeri,‘qui
714 1985 978 2052 accipiens
1011 1983 1253 2053 spiritum
1296 1984 1437 2051 Filii,
1469 1984 1609 2039 ﬁlius
1638 1992 1691 2039 et
1718 1986 1886 2039 hmrcs
1911 1982 1991 2037 el-

425 2073 613 2139 fectus,
643 2089 745 2127 non
778 2089 870 2141 per
896 2074 1140 2127 meritum
1173 2075 1439 2142 proprium
1467 2088 1566 2127 nec
1596 2089 1691 2143 per
1718 2072 1992 2128 naturam?

426 2164 533 2221 Sed
575 2175 693 2219 tunc
736 2167 937 2236 quidem
973 2168 1257 2236 ignorantes
1296 2165 1483 2221 Deum.
1523 2168 1794 2222 Convertit
1830 2181 1890 2223 se
1923 2166 1990 2221 ad

422 2255 566 2319 illos.
610 2258 712 2311 hoc
754 2266 855 2323 est,
886 2272 949 2311 ex
989 2259 1234 2327 gentibus
1264 2258 1566 2323 credentes,
1595 2269 1650 2313 et
1676 2261 1848 2328 arguit
1874 2259 1991 2314 illos

418 2347 558 2412 quod
586 2346 698 2402 dies
722 2347 885 2402 festos
910 2349 1074 2404 velint
1098 2358 1151 2404 et
1179 2358 1416 2418 tempora
1443 2349 1660 2405 Iudaica
1681 2351 1987 2418 observare,

419 2439 557 2493 sicut
584 2449 736 2494 antea
768 2439 833 2493 ad
866 2440 1006 2495 idola
1058 2441 1338 2495 iaciebant.
1380 2440 1510 2495 Nam
1552 2451 1605 2496 et
1642 2441 1839 2496 iudicis
1869 2442 1988 2496 ideo

422 2528 507 2582 isti
534 2527 649 2583 dies
671 2528 909 2585 concessi
932 2538 1075 2594 sunt,
1111 2544 1176 2583 ne
1202 2544 1292 2583 ros
1313 2544 1494 2585 amore
1515 2528 1813 2585 ft‘SiiVilaliS
1834 2529 1987 2583 idolis

417 2597 748 2672 exhiberem.
803 2617 901 2670 His
938 2618 1023 2687 qui
1071 2628 1253 2671 natura
1298 2634 1397 2671 non
1425 2627 1542 2671 sunt
1578 2619 1650 2670 dii
1679 2618 1981 2672 serviebatis.

416 2706 470 2760 Ν
476 2723 572 2761 unc
596 2718 763 2761 autent
788 2723 901 2761 cum
922 2707 1252 2776 cogitaveritis
1284 2702 1464 2772 Deum,
1487 2707 1587 2760 imo
1612 2706 1800 2777 cogniti
1823 2706 1933 2759 silis
1955 2722 1986 2759 α

414 2796 544 2861 Deo,
577 2797 828 2866 quomodo
853 2798 1198 2851 convertibini
1225 2797 1409 2849 iterum
1439 2798 1504 2848 ad
1535 2797 1739 2864 inﬁrma
1766 2806 1809 2849 et
1828 2813 1985 2865 egena

412 2892 676 2956 elementa,
714 2889 893 2957 quibus
928 2889 1093 2942 denuo
1121 2889 1303 2940 servire
1334 2888 1519 2941 nubis?
1544 2888 1673 2955 Quia
1701 2903 1811 2944 non,
1836 2887 1984 2941 llOVll

413 2980 622 3050 iniquos
649 2995 661 3031 :
694 2994 795 3034 non
826 2994 952 3048 ergo
983 2994 1075 3032 vos
1117 2979 1265 3031 .llum
1299 2979 1585 3047 qua-sistis,
1621 2978 1713 3032 sed
1745 2978 1835 3032 ille
1866 2992 1978 3031 vos.

410 3068 531 3123 Dies
563 3071 852 3134 observatis,
889 3081 935 3124 et
964 3086 1177 3133 menses,
1206 3078 1249 3121 et
1276 3078 1520 3138 tempora.
1556 3070 1663 3123 Nos
1698 3084 1801 3122 non
1827 3068 1980 3123 simi-

409 3160 533 3216 liter
564 3177 577 3213 :
612 3175 716 3214 ncn
742 3162 881 3215 enim
911 3161 1155 3215 calendas
1185 3161 1429 3224 colimus,
1461 3175 1556 3215 nec
1588 3159 1701 3215 dies
1739 3159 1901 3214 festos
1925 3160 1977 3214 in

411 3251 656 3316 luxuriis,
682 3252 821 3306 sicut
848 3252 948 3319 illi,
978 3262 1032 3308 et
1060 3254 1232 3318 e,mlis
1252 3254 1579 3309 celebramus
1609 3268 1621 3304 :
1650 3251 1742 3307 sed
1771 3252 1821 3305 in
1851 3266 1976 3323 azy-

408 3342 509 3397 mis
535 3342 853 3401 sinceritatis
875 3352 928 3398 et
955 3346 1215 3400 veritatis.
1243 3343 1304 3398 Et
1334 3361 1514 3401 annos.
1544 3344 1699 3398 Forte
1722 3345 1789 3399 de
1817 3346 1980 3413 septi-

408 3450 498 3489 mo
527 3434 855 3490 remissionis
882 3450 1023 3489 anno
1053 3436 1203 3502 dicit,
1234 3444 1326 3490 aut
1350 3435 1415 3490 de
1439 3435 1895 3505 quinquagesimo,
1924 3434 1976 3489 id

404 3532 492 3580 est
531 3525 766 3595 jubilteo.
800 3525 975 3583 Timeo
1011 3543 1072 3581 ne
1100 3532 1231 3597 forte
1255 3528 1363 3582 sine
1388 3544 1541 3582 causa
1567 3527 1895 3580 laboraverim
1923 3528 1976 3580 in

405 3618 560 3672 vobis.
589 3618 730 3673 Nihil
760 3620 901 3674 enim
935 3620 1129 3688 profeci
1160 3620 1493 3675 Christianos
1519 3635 1611 3674 vos
1636 3620 1900 3683 faciendo,
1928 3619 1975 3673 si

404 3706 503 3760 ista
532 3706 722 3762 iterum
750 3709 1064 3763 observatis.
1095 3708 1265 3762 Eslote
1287 3710 1413 3763 sicut
1439 3725 1549 3779 ego.
1581 3709 1759 3763 Sancti
1783 3714 1973 3774 estote,

402 3806 457 3850 et
482 3798 790 3865 perfectiora
821 3801 1010 3868 sapite.
1045 3800 1175 3864 Quia
1203 3810 1250 3853 et
1271 3817 1365 3869 ego
1394 3800 1522 3853 sicut
1544 3814 1648 3853 vos.
1688 3799 1857 3854 llomo
1884 3799 1973 3868 qui

400 3890 518 3944 sine
538 3892 751 3958 querela
778 3891 880 3945 vixi
905 3892 956 3945 in
983 3892 1116 3960 lege,
1140 3892 1318 3946 omnia
1346 3899 1403 3945 ut
1426 3901 1659 3946 stercora
1684 3890 1972 3946 arbitratus

399 3994 539 4044 sum,
569 3987 627 4033 ut
653 3979 921 4035 Christum
956 3983 1341 4055 lucrifacerem.
1378 3981 1608 4044 Fratres,
1632 3980 1835 4036 obsecro
1863 3997 1970 4049 vos,

399 4070 529 4125 nihil
549 4087 624 4124 me
654 4070 875 4128 lwsistis.
908 4072 976 4128 Ut
1000 4075 1190 4130 merito
1217 4073 1413 4143 putetis
1442 4088 1528 4126 me
1556 4072 1969 4138 inimicitiarum,

399 4168 452 4213 et
481 4173 585 4213 non
619 4161 802 4215 salutis
827 4171 1015 4217 vestra:
1041 4178 1198 4218 causa
1230 4166 1451 4217 moveri.
1490 4164 1658 4218 Laidit
1685 4163 1973 4229 discipulus

400 4246 731 4315 magistrum,
764 4251 808 4304 si
840 4266 935 4319 per
965 4253 1334 4321 negligentiam
1365 4267 1510 4306 suam
1541 4263 1796 4321 prmcepta
1824 4253 1971 4308 labo-

398 4349 619 4403 remque
642 4338 754 4402 ejus
798 4338 1021 4404 spernit.
1068 4340 1220 4395 Scitis
1246 4351 1413 4392 autem
1439 4344 1559 4410 quia
1587 4358 1675 4411 per
1701 4343 1972 4409 inﬁrmita-

398 4432 499 4476 tem
519 4425 684 4477 carnis
710 4426 1048 4495 euangelizaui
1078 4429 1212 4483 vobis
1241 4431 1575 4499 jampridem.
1606 4432 1729 4487 Sive
1767 4430 1970 4501 passio~
1995 4434 2049 4494 D
2072 4459 2199 4513 duo,

398 4528 558 4578 num,
605 4515 717 4572 sive
763 4518 1053 4573 naturalem
1106 4519 1471 4575 inﬁrmitatem
1511 4538 1522 4573 :
1574 4523 1695 4591 quia
1744 4523 1971 4577 habebat

398 4601 706 4658 thesaurum
739 4605 790 4658 in
821 4606 959 4660 vasis
990 4607 1253 4664 ﬁctilibus.
1289 4610 1387 4664 l’er
1410 4609 1770 4665 inﬁrmitatem
1793 4611 1968 4665 carnis

393 4692 570 4759 docet,
602 4694 688 4763 qui
718 4695 865 4761 dicit,
890 4696 1015 4753 sise
1042 4713 1145 4753 non
1168 4698 1461 4767 continent,
1495 4700 1690 4753 nubant
1718 4719 1733 4755 :
1761 4704 1863 4756 hoc
1886 4712 1968 4755 est

393 4783 672 4844 humiliora
703 4800 963 4859 pra-cepta
984 4791 1108 4851 dedi
1131 4793 1306 4858 vobis,
1325 4794 1474 4863 quasi
1503 4792 1752 4861 parvulis.
1785 4796 1965 4852 Potest

391 4892 446 4937 et
473 4884 542 4939 ita
570 4888 733 4956 accipi
765 4903 781 4941 :
807 4888 1019 4957 quando
1050 4890 1167 4945 veni
1211 4890 1276 4944 ad
1323 4905 1437 4956 vos,
1469 4907 1573 4945 non
1604 4892 1723 4946 veni
1752 4893 1806 4947 in
1843 4909 1962 4948 sera

392 4988 549 5030 mone
588 4979 880 5047 sapientiae,
917 4979 1009 5034 sed
1057 4980 1271 5035 humilis
1309 4990 1470 5050 atque
1503 4992 1858 5049 contemptus.
1896 4983 1961 5036 Et

392 5078 711 5139 Mutationem
738 5090 948 5134 vestram
987 5083 1040 5137 in
1080 5101 1231 5138 carne
1261 5100 1370 5138 mea
1400 5100 1499 5137 non
1529 5084 1783 5152 sprevistis
1805 5100 1961 5153 neque

388 5175 669 5239 respuistis.
706 5174 933 5232 Grandis
957 5182 1179 5235 tentatio
1209 5190 1291 5237 est
1318 5182 1612 5251 discipulis,
1641 5183 1683 5235 si
1712 5180 1960 5253 magister

386 5273 479 5319 aut
507 5264 824 5331 infirmatur,
851 5276 943 5321 aut
978 5270 1193 5336 impune
1243 5272 1482 5327 laedatur.
1525 5272 1630 5328 Sed
1672 5274 1791 5329 ideo
1818 5274 1903 5329 hic
1928 5290 1956 5329 a

388 5353 497 5408 Deo
527 5355 625 5409 ista
657 5354 765 5423 pati
794 5359 1189 5425 permittuntur,
1216 5370 1272 5415 ut
1297 5364 1541 5418 virtutem
1572 5364 1624 5419 il
1650 5360 1958 5420 inﬁrmitate

390 5448 682 5515 perﬁciant,
709 5458 763 5504 et
789 5459 843 5503 ut
865 5451 1254 5519 corruptionem
1277 5456 1566 5510 sentientes
1596 5456 1953 5519 incorruptam

386 5542 546 5590 vita-n
593 5539 777 5609 majori
818 5540 1008 5596 ardore
1032 5541 1358 5597 desiderent.
1404 5546 1511 5600 Sed
1551 5546 1683 5599 sicut
1720 5544 1955 5615 angelum

388 5626 479 5683 Dei
517 5632 777 5698 recepistis
816 5648 908 5685 me.
952 5630 1081 5689 Cum
1112 5647 1169 5689 se
1196 5635 1381 5703 angelo
1411 5638 1770 5703 contparatum
1803 5634 1951 5701 dicit,

1522 253 1822 308 PRIMASH
1863 256 1901 305 Α
1914 249 2312 308 [ηὶυΜΕΤΛΝΙ
2352 258 2560 315 EPlSC.

3515 286 3595 341 596

2024 363 2067 417 Α
2099 362 2331 415 Ostendit
2376 369 2619 433 angelum
2672 375 2943 442 majorem.
2989 380 3127 433 Sicut
3170 384 3405 439 Christum
3437 388 3596 449 .lesum.

2096 448 2210 504 Non
2241 454 2409 507 solum
2437 465 2491 510 ut
2515 461 2780 530 angelum,
2808 467 2926 530 quia
2971 485 3052 523 tne
3092 471 3158 524 ita
3204 479 3498 544 suscepistis.
3526 482 3600 534 ιξω

2093 552 2174 638 εει.
2201 558 2320 611 ergo
2350 544 2608 603 beat'tudo
2634 557 2833 609 uestra?
2875 558 3222 615 Testimonium
3254 568 3377 619 enim
3412 574 3603 638 perlubeo

2095 630 2253 696 vobis,
2283 636 2401 703 quia
2441 638 2483 689 si
2522 638 2634 706 ﬁeri
2674 655 2860 711 posset,
2894 651 3063 702 oculos
3092 659 3272 706 vestros
3309 630 3547 722 eruissetis,
3568 673 3603 713 cl

2093 722 2358 780 dedissetis
2383 727 2486 780 mih
2500 733 2526 783 '.
2559 732 2799 789 Ostendit
2828 748 3019 805 quanta
3049 758 3168 796 eum
3195 747 3435 803 charitate
3460 766 3607 807 susce-

2096 816 2290 882 perint,
2321 826 2375 871 et
2412 824 2678 888 quomodo
2710 839 2769 881 se
2808 836 2945 884 totos
2986 833 3102 900 ejus
3136 834 3378 891 doctrinm
3417 843 3605 897 tradide-

2093 900 2222 967 rint,
2255 915 2311 958 ut
2355 922 2473 975 qua:
2517 912 2692 966 charis
2723 914 2825 968 ima
2874 929 2998 972 sunt
3035 926 3268 992 corporis
3305 928 3379 981 sui
3408 932 3605 985 membra

2092 993 2265 1048 eidem
2296 995 2421 1051 dare
2450 1012 2724 1070 cuperent,
2757 1022 2863 1076 quo
2893 1010 2974 1063 vel
3019 1013 3095 1064 sic
3130 1018 3421 1084 evangelico
3458 1021 3608 1077 lumini

2093 1084 2261 1140 vicem
2302 1088 2609 1157 redderent,
2654 1094 2699 1148 si
2743 1112 2837 1151 sua
2887 1099 3082 1155 lumina
3129 1107 3462 1163 ll'adtllSselll.
3497 1110 3609 1181 Ergo

2092 1176 2323 1232 inimicus
2348 1182 2484 1236 vobis
2511 1184 2677 1253 [actus
2701 1204 2833 1253 sum,
2863 1205 3034 1245 verum
3058 1194 3192 1248 vobis
3213 1198 3404 1252 dicens?
3427 1202 3530 1256 llrec
3545 1176 3611 1258 est

2094 1278 2279 1320 natura
2300 1272 2561 1339 veritatis,
2584 1284 2640 1328 ut
2660 1290 2773 1330 eam
2797 1278 3088 1334 inimicitim
3111 1298 3483 1355 prosequantur,
3501 1292 3612 1345 sicut

2095 1371 2190 1448 per
2216 1358 2568 1417 adulationem
2618 1367 2928 1432 perniciosae
2964 1373 3213 1428 amicitiae
3251 1392 3607 1448 prosequuntur.

2095 1446 2348 1505 Libenter
2371 1454 2512 1508 enim
2545 1458 2687 1526 quod
2716 1458 2949 1517 delectat
2990 1465 3234 1530 auditur;
3261 1446 3461 1524 oll‘eudit
3483 1490 3610 1529 omne

2093 1540 2234 1605 quod
2276 1541 2521 1600 nolumus
2548 1561 2563 1603 :
2595 1547 2731 1603 sicut
2759 1560 2815 1605 et
2843 1553 2878 1607 ii
2907 1554 3129 1624 diligere
3158 1572 3415 1627 ceperant
3442 1564 3610 1621 sabbati

2092 1630 2282 1699 otium,
2312 1642 2367 1689 et
2396 1634 2600 1693 dierum
2628 1640 2882 1698 festorum
2911 1650 3120 1717 epulas,
3154 1652 3482 1719 praed'cantes
3504 1671 3610 1710 con-

2027 1718 2068 1778 B
2098 1727 2175 1774 tra
2200 1723 2531 1793 Apostolum,
2563 1730 2651 1799 qui
2677 1746 2887 1789 omnem
2915 1718 3298 1796 continentiam
3319 1760 3409 1798 suo
3428 1746 3611 1803 docebat

2092 1815 2356 1883 exemplo.
2389 1817 2725 1877 zEmulantur
2751 1841 2838 1880 vos
2865 1843 2966 1882 non
2996 1831 3122 1885 bene
3144 1848 3163 1885 :
3181 1834 3265 1887 sed
3296 1837 3529 1890 excludere
3546 1856 3609 1892 vos

2092 1906 2288 1972 uolunt,
2310 1919 2364 1961 ut
2385 1908 2501 1966 illos
2522 1915 2853 1971 wrnulemini.
2885 1918 3137 1977 Emulus
3164 1934 3217 1978 et
3245 1925 3459 1982 imitator
3483 1930 3608 1983 inte:-

2091 1993 2187 2063 ligi
2215 2005 2411 2066 potest,
2438 2009 2494 2054 et
2521 2003 2766 2061 inimicus
2793 2018 2846 2063 et
2875 2010 3109 2067 invidus.
3146 2013 3257 2069 Non
3285 2017 3410 2072 bene
3433 2024 3608 2074 :emula-

2093 2094 2176 2139 tur
2194 2089 2304 2156 qui,
2338 2100 2394 2143 ut
2418 2090 2579 2146 alium
2606 2094 2839 2163 dejiciat,
2869 2116 2973 2154 non
2999 2114 3055 2155 u:
3088 2104 3200 2167 ipse
3222 2106 3458 2173 proﬁciat,
3480 2126 3609 2163 mutu-

2090 2177 2247 2232 latur.
2287 2178 2486 2235 Bonum
2527 2194 2696 2237 autem
2737 2190 3057 2247 wmulamini
3101 2195 3153 2247 in
3193 2196 3320 2251 bona
3361 2215 3542 2269 semper,
3573 2209 3608 2252 et

2089 2284 2190 2320 non
2220 2278 2415 2324 tantum
2442 2289 2557 2326 cum
2595 2275 2815 2343 prwsbns
2849 2298 2964 2333 sum
3003 2287 3150 2354 apud
3194 2303 3295 2340 ros.
3335 2288 3485 2343 Nolite
3519 2291 3606 2344 illos

2088 2361 2343 2424 aemulari,
2365 2363 2460 2417 sed
2492 2364 2685 2420 bonum
2708 2383 2918 2439 semper
2939 2376 3283 2442 mitiulamiui,
3305 2380 3476 2432 nonad
3499 2390 3604 2432 tem-

2091 2466 2206 2517 pus.
2236 2450 2416 2507 Filioli
2447 2457 2563 2522 mei,
2589 2474 2710 2526 quos
2742 2461 2921 2515 iterum
2950 2469 3208 2533 parturio’,
3239 2471 3334 2523 don
3362 2488 3386 2523 c
3406 2475 3605 2540 formetur

2087 2542 2316 2597 Christus
2337 2546 2389 2597 in
2417 2550 2574 2602 vobis.
2610 2550 2707 2603 Per
2738 2552 3087 2623 Evangelium
3122 2559 3173 2611 in
3206 2561 3363 2614 lucem
3393 2563 3601 2629 produci,

2086 2641 2141 2687 et
2181 2650 2275 2701 per
2302 2636 2597 2693 doctrinam
2642 2644 2826 2710 geniti.
2877 2647 3132 2703 Ostendit
3161 2666 3252 2719 per
3296 2654 3600 2720 pmniteutiam

2086 2738 2241 2790 posse
2271 2729 2495 2783 renasci.
2532 2730 2725 2785 lterum
2768 2749 2853 2789 me
2879 2736 3123 2793 dolorem
3157 2743 3405 2796 sustinere
3428 2746 3530 2796 lucis
3552 2746 3598 2797 is.

2084 2812 2139 2866 ιιι
2187 2814 2277 2867 illo
2324 2833 2453 2873 vero
2502 2819 2750 2878 Christus
2796 2824 3085 2895 limatur,
3124 2832 3213 2900 qui
3254 2833 3476 2887 virtutem
3506 2833 3599 2887 ﬁdei

2083 2903 2197 2971 ejus
2226 2904 2508 2977 intelligit:
2544 2914 2594 2965 in
2626 2929 2730 2981 quo
2771 2917 2943 2972 omnis
2975 2924 3311 2978 conversatio
3334 2926 3435 2993 ejus
3458 2925 3598 2991 expri-

2085 2994 2247 3049 mitur
2275 3005 2434 3067 atque
2461 3002 2787 3072 depingitur.
2830 3007 3119 3065 Formatur
3146 3014 3380 3068 Christus
3405 3016 3449 3070 in
3472 3015 3600 3069 corde

2007 3069 2052 3131 C
2085 3085 2436 3153 credentium,
2466 3105 2586 3147 cum
2619 3097 2798 3150 omnia
2834 3098 2942 3153 illis
2969 3108 3599 3175 sacramentapanduutur,

2081 3184 2137 3230 et
2160 3193 2221 3232 ea
2243 3195 2360 3248 quae
2381 3183 2604 3239 obscura
2628 3187 2943 3245 videbantur
2972 3196 3253 3264 perspicua
3277 3198 3412 3255 ﬁunt.
3446 3198 3601 3251 Vellem

2079 3279 2246 3324 autem
2289 3288 2397 3327 esse
2436 3277 2575 3346 apud
2618 3294 2705 3333 ros
2741 3283 2913 3336 modo.
2944 3284 3080 3351 Quia
3112 3289 3341 3345 scribere
3370 3298 3493 3345 tanta
3518 3306 3599 3343 non

2080 3372 2297 3426 possum
2323 3372 2519 3430 quanta
2546 3381 2641 3421 vos
2666 3371 2850 3425 audire
2878 3372 3170 3431 miremini.
3200 3377 3263 3430 Et
3292 3390 3509 3433 maturem
3532 3396 3599 3432 vo-

2078 3465 2186 3501 cem
2211 3466 2394 3504 meam.
2427 3454 2617 3511 Vocem
2646 3458 2963 3519 blandientis
3002 3467 3174 3533 patris
3203 3470 3251 3522 in
3282 3468 3487 3537 furorem
3514 3484 3603 3522 ma-

2079 3541 2229 3608 gistri
2263 3552 2521 3602 verterem
2550 3553 2845 3619 arguentis.
2872 3556 3122 3613 Doctrina
3153 3560 3427 3631 Scriptura:
3446 3562 3601 3615 divina:

2078 3631 2305 3687 a‘dilicat
2333 3643 2387 3689 et
2428 3637 2677 3705 delectat,
2707 3644 2800 3698 sed
2850 3648 3017 3701 multo
3065 3652 3185 3719 plus
3224 3652 3444 3720 prodest,
3484 3651 3519 3705 si
3551 3651 3601 3704 de

2079 3722 2269 3780 litteris
2296 3738 2539 3785 vertatur
2562 3732 2614 3786 in
2636 3748 2842 3791 vocem.
2876 3738 3120 3808 Magnam
3150 3742 3398 3812 siquidem
3419 3745 3508 3796 vim
3528 3742 3600 3795 lia-

2076 3813 2167 3869 bet
2190 3831 2292 3871 vos
2322 3817 2465 3885 viva,
2500 3814 2620 3890 quae
2656 3826 2735 3881 sic
2776 3829 3081 3898 exponitur,
3115 3836 3373 3902 quomodo
3398 3836 3442 3889 in
3470 3834 3601 3889 corde

2074 3914 2375 3975 generatur.
2421 3910 2672 3976 Quoniam
2701 3918 2983 3987 confundor
3011 3922 3068 3975 in
3106 3925 3264 3979 vobis.
3307 3926 3458 3979 Dicite
3480 3923 3598 3989 mihi,

2074 4000 2159 4064 qui
2186 4001 2279 4054 sub
2308 4001 2414 4070 lege
2437 4004 2587 4058 vultis
2615 4022 2743 4071 esse,
2774 4010 2934 4080 legem
2970 4029 3073 4068 non
3101 4016 3323 4087 legistis?
3350 4016 3601 4071 Detrimen-

2078 4096 2185 4144 tum
2214 4091 2594 4162 discipulorum
2622 4099 2867 4157 conlusio
2894 4114 2948 4158 et
2978 4110 3321 4177 opprobrium
3357 4118 3431 4163 est
3462 4107 3598 4176 inagi-

2072 4182 2194 4249 stri,
2225 4184 2365 4239 sicut
2392 4196 2447 4242 et
2475 4191 2746 4258 prolectus
2771 4210 2953 4250 eorum
2979 4200 3146 4267 gloria
3176 4210 3257 4256 est
3279 4202 3597 4271 pra-cepturis.

2072 4272 2425 4333 Conlunditur
2452 4281 2592 4336 enim
2636 4283 2689 4338 in
2737 4287 2837 4352 eis,
2886 4290 3006 4359 quia
3050 4292 3160 4360 jam
3200 4295 3287 4348 lilii
3330 4296 3460 4360 lacti,
3486 4292 3599 4347 servi

2075 4382 2193 4423 esse
2230 4370 2557 4427 desiderant.
2586 4374 2845 4446 Scriptum
2875 4391 2947 4434 cst
2968 4385 3101 4437 enim
3124 4388 3357 4446 quoniam
3379 4384 3598 4439 Abraham

2222 4461 2354 4527 ﬁlios
2374 4463 2550 4517 habuit
2578 4482 2597 4519 :
2620 4482 2777 4521 unum
2801 4471 2864 4523 de
2889 4473 3104 4540 ancilla,
3128 4489 3177 4530 et
3202 4492 3351 4529 unum
3373 4478 3430 4528 de
3447 4476 3594 4529 libera.

2072 4550 2176 4604 Sed
2209 4553 2295 4620 qui
2327 4555 2387 4607 de
2428 4557 2637 4623 ancilla,
2689 4563 2962 4613 secundum
3009 4581 3213 4618 carnem
3254 4576 3394 4619 natus
3418 4563 3597 4630 cst;qni

2070 4652 2238 4695 autem
2274 4643 2337 4697 de
2374 4646 2552 4713 libera,
2596 4665 2685 4715 per
2731 4655 3184 4721 repromissionem.
3236 4660 3410 4712 lsmael
3451 4658 3597 4710 carnis

2072 4730 2231 4798 ﬁlius,
2255 4733 2399 4789 Isaac
2425 4736 2544 4792 lidei
2572 4737 2691 4794 fuit.
2720 4742 2865 4795 Illum
2888 4745 3031 4798 enim
3053 4747 3314 4800 Abraham
3342 4745 3594 4800 secuuduin

2070 4825 2334 4879 carnalem
2371 4831 2808 4885 consuetudinem
2852 4837 3034 4899 genuit
3066 4853 3079 4889 :
3113 4838 3267 4891 ismm
3310 4844 3478 4891 contra
3522 4848 3596 4886 ua-

2074 4920 2262 4969 turam.
2298 4931 2392 4983 per
2431 4920 2919 4989 repromissionem,
2948 4929 3211 4981 credendo
3252 4929 3484 4997 suscepit.
3512 4926 3593 4991 Qui

2070 5015 2193 5057 sunt
2216 5007 2505 5062 secundum
2551 5025 2763 5066 carnem
2806 5013 2931 5080 nati,
2964 5018 3062 5071 nisi
3098 5018 3371 5073 dilectores
3408 5014 3593 5070 mundi?

2067 5093 2166 5159 Qui
2193 5107 2316 5148 sunt
2346 5111 2438 5164 per
2468 5101 2928 5165 repromissionem
2958 5106 3087 5169 nati,
3125 5106 3225 5160 nisi
3255 5113 3500 5159 amatores
3526 5115 3592 5155 re-

2068 5185 2154 5253 gni
2182 5186 2475 5241 cmlorum?
2499 5192 2620 5258 quia
2644 5199 2699 5245 et
2727 5192 2853 5261 ipsis
2885 5196 3198 5259 promissum
3221 5203 3299 5249 est
3320 5194 3591 5249 desiderau-

2068 5273 2207 5327 tibus
2249 5274 2407 5329 vitam
2450 5284 2727 5345 aeternam,
2758 5284 2922 5349 gratis
2950 5285 3241 5340 colentibus
3282 5285 3453 5339 Deum.
3485 5282 3591 5347 Qua!

2063 5373 2181 5417 sunt
2210 5382 2299 5435 per
2327 5366 2623 5439 allegoriam
2651 5371 2806 5427 dicta.
2838 5373 2950 5429 Hoc
2976 5388 3082 5434 es.
3111 5375 3248 5427 aliud
3271 5391 3331 5429 ex
3360 5375 3454 5428 alio
3481 5373 3589 5439 [igu-

2065 5465 2257 5511 ratum.
2290 5458 2440 5517 Dedit
2466 5461 2700 5530 regulam
2729 5465 3038 5533 Apostolus.
3076 5468 3335 5537 quomodo
3374 5464 3588 5533 allegori-

2064 5563 2188 5605 zarc
2215 5552 2471 5609 debemus
2497 5574 2509 5609 :
2534 5556 2737 5612 scilicet
2764 5569 2819 5613 ut
2849 5572 3095 5615 manente
3122 5562 3337 5615 veritate
3359 5557 3583 5612 historian

2065 5642 2256 5713 ﬁguras
2278 5645 2649 5720 intelligamus.
2670 5651 2796 5709 Nam
2820 5669 2941 5709 cum
2964 5656 3196 5710 dixisset
3221 5653 3467 5707 Abraham
3486 5661 3591 5701 vero
