3910 6174
413 269 517 326 597

1284 285 1346 340 IN
1389 288 1772 348 EP-STOLAM
1809 294 1896 348 Ai)
1937 295 2253 351 GALATAS
2294 298 2804 358 tUIlIMEN'I‘ARIA.

3555 313 3658 368 598

413 390 546 445 duas
577 407 786 448 uxores
808 393 1076 458 habuisse.
1113 409 1289 466 postea
1318 419 1350 470 q
1375 405 1442 457 ιὶι]
1473 404 1554 460 lue
1587 407 1713 476 ipsa:
1742 411 1984 478 praeligu-
2016 425 2062 482 Α
2091 420 2215 464 sunt
2245 415 2663 482 persequuntur:
2696 419 2835 486 quod
2869 419 3048 474 mirari
3083 439 3184 478 non
3210 425 3486 495 debemus,
3521 429 3564 481 si
3596 446 3660 483 es

413 493 596 537 rarent
632 487 861 539 ostendit
893 504 904 538 :
931 498 984 540 et
1015 490 1115 542 hoc
1160 492 1328 558 ipsum
1361 493 1506 560 fecit,
1533 497 1620 549 ubi
1661 498 1834 566 aliqua
1864 513 1986 552 san-

413 590 445 629 e
470 589 624 628 orum
667 575 800 630 facta
847 579 1168 645 referuntur,
1200 598 1306 636 non
1343 585 1430 640 ubi
1473 596 1685 653 peccata
1724 588 1986 642 damnan-

417 679 524 720 tur.
571 667 834 722 Caeterum
883 670 1074 726 delicta
1127 679 1379 754 mysteria
1423 678 1636 743 dicere,
1688 681 1850 734 Deum
1898 689 1990 734 aut

415 759 876 826 impossibilitatis,
919 772 1015 816 aut
1054 765 1366 835 ignorantiae
1403 775 1590 824 notare
1621 779 1724 834 est,
1777 772 1864 840 qui
1896 779 1987 825 aut

411 850 569 904 aliter
596 865 928 909 sacramenta
967 870 1059 909 sua
1101 866 1402 912 monstrare
1449 877 1551 915 uim
1599 865 1850 930 potuerit,
1895 874 1986 920 aut

414 943 660 998 nesciens
689 945 790 999 sibi
822 947 1142 1010 necessaria.
1190 959 1402 1017 peccata
1447 954 1796 1020 quorumdam
1827 965 1984 1010 antea

409 1035 735 1098 generaliter
757 1037 1223 1103 condemnaverit;
1253 1039 1446 1094 deinde
1469 1042 1552 1096 vel
1583 1052 1762 1108 postea
1789 1059 1851 1098 ea
1878 1061 1981 1099 non

413 1127 847 1194 repri‘bendisset
868 1141 921 1184 ct
947 1123 1286 1200 vindicasset,
1312 1135 1358 1188 si
1386 1119 1472 1188 illa
1497 1141 1710 1205 propter
1731 1140 1981 1208 mysteria

412 1237 506 1274 sua
537 1220 648 1276 ﬁeri
681 1223 796 1292 ipse
821 1225 1110 1278 voluisset:
1142 1241 1231 1292 pra
1252 1241 1401 1296 eep'a
1430 1243 1554 1280 vero
1583 1229 1801 1284 dil‘licile
1833 1232 1981 1284 iuve-

412 1312 526 1365 nies
551 1316 624 1364 ita
658 1314 1025 1382 interpretata,
1059 1330 1126 1368 ne
1149 1331 1333 1369 eormn
1354 1319 1600 1373 virtutem
1625 1333 1880 1374 evaeuare
1905 1322 1982 1372 vi-

409 1401 642 1458 deretur.
679 1403 804 1456 Haec
832 1405 962 1458 enim
988 1415 1108 1458 sunt
1135 1406 1238 1458 duo
1276 1405 1601 1460 Testamenta
1629 1425 1648 1462 :
1679 1395 1843 1462 unum
1862 1411 1976 1478 qui-

409 1493 525 1544 dem
549 1509 580 1544 a
611 1503 778 1547 monte
806 1493 976 1548 Sinni.
1007 1493 1170 1548 Vetus
1193 1505 1248 1550 et
1282 1495 1504 1562 Novum,
1537 1499 1688 1567 quasi
1719 1499 1837 1554 dua:
1869 1515 1979 1552 ma-

411 1589 539 1647 tres,
561 1594 615 1637 et
643 1585 786 1653 quod
812 1587 864 1639 iu
894 1595 1072 1640 monte
1111 1587 1258 1642 Sinai
1295 1603 1388 1655 per
1419 1589 1634 1655 Moysen
1660 1589 1840 1644 datum
1871 1599 1975 1646 est.

407 1674 474 1726 In
523 1677 832 1731 servitutem.
887 1677 1212 1734 Subauditur
1265 1680 1420 1750 legis.
1471 1680 1748 1736 Generans.
1804 1683 1975 1738 Jinla-i

2091 498 2192 554 hoc
2209 516 2306 555 nos
2333 505 2992 574 spiritalesintelligamus,
3019 513 3059 564 si
3087 514 3221 568 tales
3257 530 3352 569 nos
3381 517 3659 572 inseeteu-

2090 597 2193 646 tur.
2250 591 2652 662 Persequebatur
2691 613 2805 648 eum
2842 601 2929 667 qui
2967 603 3246 656 secundum
3286 608 3545 670 spiritum.
3599 612 3654 663 lu

2088 672 2282 728 Genesi
2314 677 2525 744 quidem
2566 681 2821 748 scriptum
2867 695 2946 736 est
2983 685 3156 750 :Quizi
3199 687 3422 763 ludebat
3465 691 3654 746 lsmael

2087 779 2209 820 cum
2261 766 2427 824 lsaac.
2459 770 2563 824 Sed
2599 773 2686 824 hic
2734 773 3038 828 ostenditur
3079 792 3182 829 non
3229 779 3456 844 simplex
3507 783 3656 838 lusus

2086 857 2250 912 luisse
2279 860 2369 928 qui
2398 864 2700 929 persecutio
2725 866 3052 930 nominatur,
3089 868 3180 922 sed
3224 873 3347 937 quia
3376 875 3655 929 scurrilem

2085 962 2221 1002 eum'
2262 959 2316 1003 et
2339 951 2510 1006 levem
2545 954 2761 1008 volebat
2790 955 2964 1011 facere
2990 959 3161 1026 qualis
3195 960 3307 1027 ipse
3340 963 3476 1027 erat,
3511 978 3579 1018 ne
3606 967 3659 1019 ei

2083 1038 2138 1096 in
2153 1038 2467 1105 hmreditate
2485 1059 2903 1111 praeponet-etum
2928 1049 3050 1102 Ideo
3070 1050 3334 1105 Abraham
3353 1052 3657 1121 dejicieudo

2085 1146 2150 1184 co
2191 1146 2374 1186 vocem
2403 1133 2548 1187 Sane
2591 1137 2776 1190 audire
2816 1137 3052 1205 jubetur.
3086 1140 3248 1195 Forte
3288 1143 3473 1197 lsmael
3503 1146 3654 1213 quasi

2083 1218 2252 1286 major
2277 1234 2421 1285 natu,
2457 1233 2508 1277 et
2531 1239 2595 1278 eo
2627 1233 2866 1290 tempore
2892 1228 3258 1296 circumcisus,
3289 1249 3394 1301 quo
3421 1233 3525 1304 iam
3559 1254 3650 1304 p0-

2085 1320 2218 1364 terat
2251 1311 2550 1380 intelligere
2589 1327 2640 1369 ct
2667 1319 2888 1383 sentire,
2919 1322 3057 1386 quod
3095 1337 3282 1387 passus
3311 1327 3410 1380 sibi
3445 1331 3650 1396 primo-

2081 1401 2258 1467 gcnita
2311 1403 2631 1470 vindicabat,
2697 1407 2971 1478 Scriptura
3027 1414 3258 1483 jorgium
3306 1421 3644 1487 parvulorum

2082 1492 2251 1543 lusum
2283 1493 2542 1548 vocabat:
2575 1496 2838 1567 hodieque
2860 1500 3024 1556 .ludwi
3062 1505 3179 1570 plus
3210 1524 3365 1575 quant
3413 1513 3650 1579 gentiles

2081 1593 2474 1652 persequuntur
2503 1587 2813 1643 Ecclesiam.
2842 1589 2926 1644 Ita
2954 1607 3000 1645 et
3032 1611 3185 1650 nunc.
3220 1597 3290 1651 lta
3324 1615 3416 1652 vos
3449 1601 3532 1653 isti
3556 1607 3636 1682 sui

2079 1673 2278 1728 similes
2299 1689 2416 1730 esse
2431 1676 2739 1732 desiderant
2766 1695 2970 1736 servos.
2988 1685 3093 1737 Sed
3112 1688 3235 1752 quid
3257 1689 3378 1742 dicit
3411 1673 3650 1760 Scriptu-

406 1774 551 1820 metu
589 1769 747 1821 etiam
785 1770 1037 1838 praesenti
1063 1770 1384 1841 cogebantur
1413 1782 1470 1826 ut
1508 1774 1766 1829 servirent
1797 1794 1809 1829 :
1842 1777 1974 1844 legis

2076 1765 2177 1817 ra?
2201 1765 2345 1836 Ejice
2364 1770 2606 1822 ancillam
2636 1781 2684 1823 et
2706 1771 2872 1839 ﬁlium
2893 1775 3026 1844 ejus.
3060 1775 3180 1830 Non
3209 1780 3337 1830 enim
3369 1781 3526 1833 hiet-cs
3554 1785 3649 1834 erit

404 1860 567 1914 minis
596 1869 882 1931 'errentur,
903 1861 1196 1918 Christiani
1241 1863 1472 1933 praemiis
1512 1866 1799 1920 invitantur
1829 1878 1883 1921 ut
1915 1869 1974 1922 li-

402 1949 539 2004 bei.
579 1949 654 2004 Illi
696 1951 845 2018 quasi
876 1953 1017 2007 servi
1055 1964 1249 2023 praster
1276 1955 1492 2009 moralia
1525 1967 1782 2025 praetepta
1814 1961 1971 2013 etiam

398 2039 634 2094 diversis
674 2041 926 2109 operibus
965 2053 1296 2110 occupantur
1328 2061 1342 2100 :
1383 2045 1534 2100 nobis
1574 2053 1819 2116 tauquam
1855 2049 1974 2104 ﬁliis

400 2132 706 2202 adimpletis
751 2135 1042 2190 moralibus
1088 2135 1304 2192 monitis
1344 2137 1520 2189 omnia
1558 2138 1768 2192 servilia
1808 2155 1972 2198 onera

399 2223 739 2290 auferuntur;
764 2235 819 2279 et
851 2226 924 2280 illi
965 2227 1328 2282 sacerdmibm
1357 2241 1422 2284 ex
1445 2228 1626 2282 debito
1655 2232 1971 2295 servientes,

397 2311 562 2367 etiam
601 2315 795 2368 tributa
843 2316 1067 2372 reddere
1105 2317 1452 2386 cegebantur,
1488 2331 1584 2372 nos
1614 2334 1742 2372 vero
1784 2327 1974 2386 pra-ter

397 2405 713 2462 charit-item
737 2407 869 2460 nihil
890 2407 1166 2472 debentes,
1189 2421 1284 2461 eos
1305 2407 1602 2462 voluntarie
1625 2410 1968 2462 honoranms.

402 2496 482 2548 Ex
512 2497 627 2564 ipso
665 2513 859 2566 genere
890 2497 1878 2574 fueruntquiDomiuumcrucilixerunt
1920 2511 1973 2553 e'.

398 2589 454 2640 in
485 2587 668 2641 eadem
701 2587 1016 2644 infidelitate
1053 2599 1399 2644 manserunt:
1424 2590 1546 2644 inde
1581 2600 1705 2644 sunt
1735 2606 1827 2657 per
1851 2606 1970 2644 om-

397 2693 494 2732 nes
522 2675 692 2732 terra‘s
715 2678 962 2745 dispersi,
989 2687 1048 2734 ut
1070 2694 1134 2734 ex
1157 2695 1342 2734 eorum
1365 2679 1636 2734 codicibus
1655 2681 1971 2752 Christiana:

396 2789 503 2825 non
523 2773 672 2827 desit
702 2773 1064 2828 testimonium
1101 2789 1164 2827 ve
1198 2775 1332 2828 itali.
1368 2775 1441 2828 Ex
1477 2774 1654 2830 Veteri
1684 2777 1840 2845 igitur
1865 2775 1970 2830 Te-

393 2874 661 2919 stamento
685 2866 826 2921 Deus
845 2866 1320 2932 condiditNovum,
1337 2867 1456 2936 quia
1473 2868 1581 2922 Deo
1595 2868 1790 2937 placuit
1806 2882 1970 2938 usque

392 2959 460 3010 ad
489 2958 867 3025 plenitudinem
895 2959 1147 3028 wniporis
1169 2960 1445 3028 promissis
1469 2962 1696 3015 terrenis
1721 2969 1967 3031 tanquam

393 3048 452 3100 in
483 3049 700 3114 prtemio
730 3049 1030 3103 constitutis
1069 3050 1325 3118 promissa
1357 3052 1594 3104 revelare
1623 3052 1880 3118 coelestia,
1915 3061 1969 3107 et

394 3140 591 3208 pupqu
615 3141 839 3195 terrenis
865 3140 1020 3194 bonis
1059 3141 1282 3195 inhiauti
1323 3143 1373 3194 in
1419 3143 1611 3197 tabulis
1640 3145 1860 3209 lapideis
1890 3143 1964 3198 le-

389 3242 514 3296 gem
542 3228 705 3282 dedit.
732 3228 862 3294 Qua:
889 3238 962 3282 est
983 3231 1142 3298 Agar.
1177 3230 1382 3284 Ancilla
1403 3231 1652 3286 Abrahae.
1679 3231 1806 3287 Sina
1827 3234 1960 3286 enim

393 3333 540 3370 mons
561 3329 632 3370 est
662 3319 710 3370 in
738 3321 945 3372 Arabia.
977 3320 1052 3374 De
1084 3319 1426 3388 qualitatibus
1467 3323 1702 3376 locormn
1736 3324 1847 3376 vult
1884 3324 1965 3377 in-

391 3409 557 3478 telligi
601 3411 964 3465 diversitatem
997 3411 1482 3467 Testamentorum.
1523 3413 1624 3478 Qui
1666 3419 1963 3486 conjunctae

389 3509 466 3552 eu
487 3500 532 3552 ei
549 3516 661 3568 quia
679 3516 813 3553 mmc
835 3511 907 3554 est
936 3500 1278 3563 Hierusalem,
1308 3513 1352 3555 et
1375 3504 1521 3556 servit
1550 3519 1661 3556 cum
1684 3505 1756 3568 ﬁli
1776 3522 1800 3558 δ
1829 3507 1959 3574 ejus.

387 3590 652 3646 Conﬁnis.
681 3589 782 3644 Illa
815 3602 983 3645 autem
1009 3607 1121 3660 qua:
1150 3609 1350 3645 suta-tu
1378 3603 1472 3648 est.
1506 3594 1625 3648 Ideo
1649 3604 1698 3648 et
1732 3594 1798 3648 de
1827 3595 1964 3650 cmlo

388 3681 607 3735 advenit
649 3682 912 3736 mediator
953 3690 1009 3737 et
1047 3681 1282 3751 pontifex
1331 3683 1460 3737 Novi
1507 3685 1792 3738 ’l‘estamcn
1823 3685 1857 3738 i.
1897 3686 1962 3739 Et

388 3772 733 3842 Evangelium
775 3787 878 3826 non
921 3773 972 3826 in
1024 3786 1130 3826 uno
1172 3773 1310 3837 loco,
1357 3775 1450 3829 sed
1504 3775 1555 3828 in
1606 3783 1718 3828 toto
1765 3777 1961 3829 mundo

384 3871 476 3919 est
508 3865 872 3934 praedicatum.
917 3864 1237 3919 Hierusalem
1285 3867 1442 3919 libera
1483 3877 1575 3920 (δι.
1625 3866 1740 3920 Filii
1781 3867 1960 3921 libera:

384 3959 528 4013 servi
573 3972 702 4013 esse
726 3973 834 4013 non
868 3957 1086 4013 debent.
1131 3958 1256 4025 ρεῖαν
1294 3968 1369 4012 est
1407 3969 1566 4012 mater
1605 3960 1831 4011 omnium
1869 3975 1958 4011 no-

384 4061 567 4104 strum.
593 4051 702 4105 Hoc
724 4060 807 4106 cst
828 4051 1176 4105 mu’titudiois
1197 4053 1547 4106 credentium.
1580 4051 1848 4119 Scriptum
1883 4063 1958 4106 est

386 4143 521 4196 enim
548 4158 568 4197 :
599 4143 818 4206 Latere,
847 4142 1051 4207 sterilis,
1075 4157 1189 4211 quis
1233 4158 1334 4196 non
1381 4143 1540 4212 paris.
1577 4142 1769 4196 Probat
1797 4143 1955 4196 aliam

386 4243 611 4288 matrem
639 4246 737 4287 nos
777 4233 975 4287 habere
1015 4233 1291 4287 meliorem
1331 4249 1488 4301 quam
1531 4233 1724 4298 .luda-i,
1759 4235 1954 4288 llieru-

351 4381 354 4384 Α
387 4324 554 4378 salem
585 4324 794 4392 plenam
821 4323 1138 4392 iniquitatis.
1160 4322 1405 4394 Erumpe,
1435 4336 1480 4377 et
1511 4324 1698 4386 clama,
1730 4340 1842 4394 qua?
1855 4341 1956 4378 non

387 4415 632 4481 par-turis.
685 4414 864 4469 Clama
897 4430 1005 4481 pra:
1045 4430 1230 4484 magna
1261 4417 1466 4470 hetitia.
1499 4417 1632 4483 Quia
1679 4420 1827 4470 multi
1855 4419 1952 4486 ﬁlii

2079 1856 2441 1922 [ilius-ancilla:
2463 1875 2578 1912 cum
2607 1863 2714 1928 ﬁlio
2746 1863 2935 1919 liberte.
2968 1865 3172 1937 Itaque,
3206 1872 3410 1938 fratres,
3441 1889 3542 1926 non
3563 1890 3650 1926 su-

2079 1944 2427 2002 mus'ancillw
2453 1950 2570 2018 ﬁlii.
2604 1951 2957 2018 Quantumvis
3005 1971 3063 2012 se
3093 1957 3348 2026 iniquitas
3399 1965 3643 2027 extollat,

2078 2039 2267 2093 ancilla
2313 2051 2416 2104 est,
2453 2052 2506 2096 et
2551 2043 2880 2110 subjicienda
2910 2055 2993 2102 est
3021 2051 3220 2104 sanctis
3255 2067 3266 2103 :
3309 2057 3650 2122 quantumvis

2078 2143 2135 2184 sc
2155 2131 2436 2196 extollant,
2462 2142 2516 2186 et
2534 2133 2668 2188 ﬁlios
2695 2134 2924 2192 Abrahae
2947 2153 3067 2194 esse
3094 2155 3152 2195 se
3173 2139 3445 2214 jaCIitcnt,
3475 2160 3650 2215 quau-

2077 2219 2165 2273 diu
2195 2223 2402 2275 ancilla:
2453 2221 2546 2276 filii
2597 2223 2814 2292 iuerint,
2849 2227 3122 2284 vobiscum
3158 2231 3521 2291 hereditatem
3553 2235 3648 2288 ha-

2077 2311 2109 2364 b
2145 2326 2203 2365 re
2235 2329 2336 2365 non
2373 2324 2614 2380 possunt.
2650 2315 2756 2369 Sed
2807 2317 2998 2371 liberte.
3042 2319 3158 2375 Non
3210 2338 3338 2390 ergo
3388 2323 3645 2378 debemus

2075 2402 2325 2455 derelicta
2345 2416 2513 2458 matre
2543 2417 2719 2461 nostra
2749 2409 2998 2463 ancillam
3019 2397 3334 2480 sequi:quia
3361 2412 3482 2467 licet
3503 2417 3646 2481 ejus-

2074 2492 2194 2546 dt-m
2225 2493 2320 2547 vi:i
2357 2495 2508 2549 fut-rit
2533 2512 2685 2564 uxor,
2709 2506 2883 2554 tamen
2907 2500 2973 2554 ad
2993 2509 3220 2569 tempus,
3259 2505 3378 2569 quia
3405 2506 3639 2559 nendum

2077 2591 2280 2649 poterat
2310 2584 2438 2638 Sara
2467 2600 2744 2654 generare.
2797 2587 2911 2652 Qua
2935 2589 3167 2645 libertate
3204 2593 3436 2648 Chiistus
3464 2613 3553 2650 nos
3575 2597 3639 2650 li-

2073 2674 2278 2726 beravit.
2315 2673 2558 2730 Redemit
2587 2677 2651 2730 de
2675 2693 2833 2732 manu
2867 2679 3085 2737 inimici.

2141 2769 2267 2826 Car.
2301 2788 2348 2826 v.
2395 2774 2560 2828 State.
2611 2775 2662 2829 lu
2695 2778 2799 2832 title
2850 2780 3117 2850 Evangelii
3151 2781 3284 2838 lirmi
3315 2795 3508 2840 estote.
3567 2785 3638 2840 Et

2071 2862 2228 2916 nolite
2248 2865 2429 2916 iterum
2446 2865 2579 2936 jugo
2605 2867 2856 2922 servitutis
2877 2872 3138 2925 contineri.
3159 2874 3274 2928 .lam
3296 2877 3436 2930 enim
3455 2881 3636 2932 saeculi

2073 2962 2282 3024 tempus
2312 2955 2514 3009 efﬂuxit
2541 2958 2684 3024 :jam
2725 2961 2960 3015 tenebrae
2993 2965 3316 3019 transierunt
3352 2975 3406 3020 ct
3452 2983 3636 3020 verum

2072 3041 2251 3097 lumen
2297 3049 2403 3110 jam
2437 3045 2618 3098 lucet:
2653 3063 2755 3100 non
2804 3048 3013 3104 debetis
3044 3053 3180 3106 ultra
3204 3052 3385 3122 jugum
3417 3055 3633 3108 trahere

1991 3135 2036 3196 C
2069 3145 2188 3186 cum
2220 3135 2409 3188 servis.
2456 3136 2646 3204 .lugum
2697 3137 2990 3204 servitutis,
3021 3139 3189 3210 legum
3221 3155 3371 3196 vocat
3420 3144 3630 3208 duram,

2068 3223 2202 3286 dillit
2218 3225 2364 3289 ilum,
2390 3226 2735 3293 laboriosam,
2758 3245 2874 3300 qua:
2897 3233 3132 3286 cultores
3154 3248 3279 3288 suos
3303 3236 3451 3304 gravi
3470 3251 3634 3290 onere

2065 3325 2367 3380 consumat,
2407 3319 2546 3387 quod
2579 3319 2822 3375 Chrisms
2852 3324 3071 3377 abstulit
3107 3339 3135 3377 a
3169 3325 3324 3379 nubis
3361 3327 3488 3380 illud
3515 3343 3631 3396 gra-
3673 3349 3678 3354 -

2065 3405 2340 3460 viSsimum
2395 3411 2678 3466 multarum
2722 3415 3156 3470 observatiouum
3183 3420 3385 3486 jogum,
3422 3435 3487 3474 ne
3516 3435 3634 3474 ear-

2067 3499 2258 3552 naliter
2287 3501 2754 3568 circumcidamur,
2805 3507 2887 3560 vel
2934 3507 3132 3577 reliqua
3166 3509 3500 3577 hujusmodi:
3537 3514 3632 3564 sed

2063 3603 2122 3642 ea
2150 3589 2501 3658 spiritualiter
2525 3595 2791 3650 iutcllecm
2825 3605 3125 3662 teneamus,
3160 3599 3484 3668 remotisque
3507 3616 3626 3652 um-

2066 3679 2176 3733 bris
2199 3682 2371 3750 siguili
2407 3684 2640 3749 antibus,
2680 3683 2731 3738 in
2781 3702 2958 3740 rerum
2988 3687 3242 3756 ipsarum,
3270 3703 3386 3756 qua:
3430 3688 3626 3757 signiﬁ-

2063 3781 2271 3839 cantur,
2297 3773 2414 3827 luce
2445 3773 2738 3842 vigilemus.
2783 3775 2910 3828 Nam
2945 3786 2998 3829 et
3026 3775 3091 3828 ad
3123 3791 3217 3829 nos
3249 3776 3474 3843 per-inet
3505 3792 3520 3828 :
3555 3777 3630 3830 Ne

2064 3877 2268 3916 memor
2311 3864 2383 3916 sis
2415 3863 2624 3932 injuer
2653 3864 2848 3917 civium
2884 3875 3092 3918 tuorum
3121 3875 3232 3929 :et,
3285 3865 3555 3922 Alienum.
3582 3871 3629 3919 si

2060 3951 2178 4018 quis
2209 3951 2492 4020 invenerit,
2522 3951 2726 4016 reddat,
2759 3960 2813 4006 et
2835 3953 3058 4022 reliqua.
3085 3950 3419 4022 Maximeque
3451 3953 3625 4020 ipsum

2061 4042 2392 4113 dccalogttm,
2435 4053 2661 4111 excepta
2692 4044 2897 4098 sabbati
2925 4045 3284 4112 observantia,
3331 4046 3621 4100 carnaliter

2059 4133 2340 4188 contineri.
2360 4133 2489 4190 Ecce
2513 4153 2604 4206 ego
2631 4135 2828 4188 Paulus
2848 4137 2960 4189 dico
2987 4136 3142 4190 vobis.
3161 4136 3272 4210 Ego
3297 4138 3490 4190 Paulus
3518 4153 3616 4191 au-

2058 4225 2248 4281 denter
2270 4229 2418 4281 vobis
2445 4229 2585 4292 dico,
2639 4228 2905 4283 neminem
2945 4230 3326 4297 pertimescens
3348 4272 3362 4296 ,
3397 4244 3500 4283 non
3532 4246 3625 4282 uc-

2059 4320 2265 4374 cnltans
2295 4335 2486 4373 nomen
2519 4335 2713 4384 meum,
2745 4331 2801 4374 ut
2842 4319 3120 4374 audientes
3161 4335 3265 4374 non
3320 4330 3423 4374 tam
3473 4322 3620 4373 missi

2061 4428 2216 4481 quam
2259 4412 2516 4466 mittentis
2566 4411 2882 4467 auctoritate
2913 4420 3242 4466 moveantur.
3297 4412 3548 4479 Quoniam
3579 4413 3626 4464 si

388 4505 616 4558 desertae.
639 4505 788 4571 Quod
815 4505 1184 4574 prteﬁgnrabat
1204 4506 1378 4569 Anna,
1405 4521 1523 4575 qua:
1548 4507 1716 4560 dixit:
1743 4508 1953 4564 Sterilis
1985 4502 2036 4561 D
2061 4502 2519 4568 circumcidamini,
2555 4503 2784 4556 Christus
2824 4505 2964 4558 vobis
3005 4505 3132 4557 nihil
3169 4506 3415 4573 proderit.
3451 4504 3620 4570 Quem
3649 4536 3662 4548 ο

387 4595 593 4664 peperit
613 4605 839 4662 septem,
867 4603 922 4648 ct
947 4595 1113 4649 letosa
1143 4597 1191 4649 in
1219 4597 1620 4652 liliisinlirmata
1653 4607 1753 4653 est.
1782 4599 1953 4669 Magis

385 4701 536 4752 quam
561 4687 672 4755 ejus
701 4677 990 4754 qnte'liabet
1014 4686 1198 4741 virum.
1232 4689 1360 4752 Quae
1387 4690 1452 4743 de
1484 4689 1810 4744 fecunditate
1837 4694 1950 4761 glo-

384 4779 570 4842 riatur,
606 4777 778 4830 virum
807 4777 1006 4832 habere
1035 4793 1094 4832 se
1118 4786 1341 4846 putans:
1367 4789 1456 4832 aut
1484 4781 1606 4848 quia
1630 4789 1754 4835 tunc
1783 4781 1947 4837 habe-

387 4868 498 4934 bat,
529 4881 814 4938 antequam
841 4869 1126 4938 ejiceretur
1153 4871 1344 4925 ancilla
1372 4886 1493 4926 cum
1525 4873 1634 4926 tilio
1660 4888 1778 4927 suo.
1834 4872 1944 4927 Nos

379 4968 554 5012 autem
604 4961 790 5029 fratres
835 4963 1114 5014 secundum
1157 4959 1328 5014 Isaac.
1381 4963 1659 5029 Quomodo
1689 4965 1755 5018 de
1803 4964 1947 5019 Isaac

382 5051 698 5116 promissum
725 5061 805 5104 est
837 5051 1088 5114 Abrahzc,
1121 5049 1190 5102 ita
1223 5062 1276 5104 et
1313 5050 1381 5105 de
1412 5051 1566 5106 nobis
1601 5072 1612 5104 :
1645 5069 1765 5121 quia
1800 5055 1848 5105 in
1879 5068 1944 5108 eo

379 5141 725 5194 benedicereu
735 5151 819 5194 tur
836 5154 1024 5194 omnes
1039 5151 1243 5208 gentes.
1264 5139 1624 5196 Promissioni:
1642 5143 1736 5209 ﬁlii
1748 5160 1940 5197 smnus.

375 5231 490 5285 Non
512 5234 807 5288 secundum
838 5235 1025 5288 lsmael
1053 5235 1253 5290 carnis.
1286 5235 1391 5289 Sed
1420 5238 1674 5305 quomodo
1709 5247 1828 5289 tunc
1857 5238 1944 5300 qui

373 5325 648 5376 secundum
682 5340 882 5377 carnem
927 5333 1078 5378 natus
1125 5327 1313 5394 fuerat.
1361 5325 1476 5378 Non
1523 5327 1695 5378 solum
1747 5325 1936 5388 Judaei,

371 5414 465 5468 sed
489 5416 732 5470 carnales
775 5415 1065 5471 Christiani
1101 5417 1254 5471 hodie
1281 5432 1492 5485 quoque
1540 5430 1935 5484 persequuntur

373 5505 681 5573 Ecclesiam,
698 5518 787 5560 aut
801 5506 1152 5569 detrahendo,
1169 5517 1256 5559 aut
1273 5505 1606 5559 immittendi)
1622 5505 1934 5566 calumnias,

365 5604 459 5648 aut
487 5597 625 5650 male
651 5596 897 5660 vivendo,
931 5612 1049 5663 qua:
1094 5597 1250 5664 longe
1299 5596 1468 5661 major
1497 5604 1578 5649 est
1610 5599 1932 5664 persecutio.

370 5685 589 5754 Semper
619 5688 831 5757 quidem
863 5688 952 5756 qui
981 5687 1223 5742 carnales
1251 5696 1395 5752 sunt,
1427 5700 1520 5742 eos
1549 5686 1637 5756 qui
1667 5687 1935 5757 spiritales

2059 4598 2210 4653 vobis
2238 4597 2412 4650 solum
2441 4597 2505 4650 ad
2533 4596 2758 4650 salutent
2793 4595 3040 4651 sufﬁcere
3078 4613 3182 4651 non
3213 4597 3423 4660 putatis.
3460 4593 3623 4648 Testi-

2056 4691 2181 4757 ficor
2209 4698 2374 4742 autem
2400 4703 2598 4741 rursum
2630 4689 2765 4740 omni
2793 4687 2988 4740 homini
3011 4688 3387 4740 circumcidenti
3417 4703 3489 4738 se.
3520 4686 3619 4753 Qui

2053 4791 2212 4850 caput
2236 4795 2454 4849 Operam
2488 4780 2517 4831 li
2539 4781 2619 4846 gis
2642 4780 2896 4842 suscepit,
2923 4793 3142 4832 necesse
3181 4787 3262 4829 est
3293 4787 3346 4828 ut
3374 4777 3620 4830 universa

2051 4873 2405 4940 persolvat,et
2429 4871 2710 4922 maledicto
2739 4869 3028 4934 subiaceat.
3063 4867 3314 4930 Quoniam
3335 4865 3528 4918 debitor
3549 4877 3621 4918 rst

2052 4965 2296 5014 universa:
2327 4960 2736 5030 lrgisfacienrlte.
2789 4959 3005 5010 Debitor
3042 4963 3120 5009 est
3155 4971 3257 5007 non
3300 4954 3471 5006 solum
3516 4954 3622 5007 eir-

2047 5051 2410 5114 comeisiouis,
2435 5050 2525 5102 sed
2556 5059 2609 5104 et
2628 5048 2743 5102 dies
2769 5048 2930 5099 festos
2963 5045 3343 5114 Hierosolymis
3372 5045 3618 5112 lrcqnou-

2048 5143 2228 5208 tando,
2259 5141 2550 5194 hostiarum
2585 5140 2890 5190 holocauSta
2921 5136 3136 5200 ollerre,
3167 5145 3218 5190 et
3238 5137 3455 5204 reliqua.
3489 5134 3619 5186 ΙσῘυιι-

2045 5233 2182 5284 cuati
2211 5232 2330 5284 cslis
2361 5247 2391 5282 a
2418 5230 2640 5282 Christo.
2679 5227 2735 5282 Si
2773 5229 2912 5280 cnim
2947 5228 3000 5282 in
3048 5229 3163 5296 lege
3207 5217 3374 5295 spem
3399 5228 3614 5292 ponitis.

2045 5323 2304 5376 iulirmam
2349 5321 2545 5373 Christi
2599 5328 2825 5388 gratam
2877 5318 3166 5386 iudicatis:
3210 5329 3260 5372 et
3292 5316 3427 5385 quod
3453 5313 3618 5383 gratis

2041 5413 2150 5481 jam
2175 5410 2477 5480 accepistis,
2503 5419 2752 5478 tanquam
2773 5424 2875 5463 non
2901 5409 3178 5471 habentes,
3209 5407 3433 5476 propriis
3461 5407 3615 5459 vultis

2050 5502 2318 5557 laboribus
2347 5501 2589 5570 adipisci.
2621 5499 2722 5565 Qui
2769 5502 2819 5554 in
2863 5503 2971 5571 lege
2995 5498 3364 5566 ius'iﬁcamiui.
3398 5515 3428 5547 ιι
3452 5498 3617 5566 gratia

2048 5594 2324 5650 cecidistis.
2353 5592 2641 5646 Justilicart
2668 5591 2852 5659 vultis,
2882 5603 2933 5645 et
2961 5591 3200 5644 umbram
3250 5589 3412 5657 magis
3454 5604 3614 5656 quam

2047 5687 2328 5746 veritatem
2355 5681 2524 5754 sequi.
2546 5683 2673 5751 Quis
2698 5683 2766 5738 ita
2791 5683 2860 5738 sit
2888 5681 3079 5737 surdus
3107 5679 3357 5734 3d\'t‘l'stl$
3391 5679 3615 5747 apostoli
