3910 6174
427 287 531 341 599

1509 273 1803 328 PRiMASll
1841 271 2017 325 Albuti

2122 269 2284 326 TANI
2324 270 2537 329 EPlSC.
3505 284 3587 341 60‘)

426 410 606 460 voces,
655 402 711 448 ut
744 392 936 448 audeat
985 392 1162 447 dicere
1203 390 1371 458 legem
1410 400 1528 443 esse
1564 386 1784 456 gratiam
1812 426 1826 448 ,
1878 398 1998 436 cum
2029 385 2076 442 Α
2105 391 2247 435 vent.
2278 382 2335 436 Si
2367 383 2553 451 spiritu
2582 385 2749 451 magis
2779 391 2946 451 stetit,
2980 390 3165 457 spiritu
3198 394 3476 460 pmputium
3498 413 3588 452 car.

429 489 624 544 clamet
661 484 972 554 Apostolus:
1002 483 1103 551 Qui
1128 483 1177 536 in
1205 482 1319 551 lege
1344 477 1731 551 juStilii-amini,
1758 492 1790 530 a
1822 475 1993 544 gratia

430 576 741 632 excidistis‘t
778 572 885 627 Nos
924 574 1056 627 enim
1101 572 1306 634 spiritu.
1362 566 1735 636 Spiritualibns
1763 564 1994 628 actibus,

433 684 536 720 non
564 664 887 718 carnalibus.
927 660 1008 715 Ex
1029 660 1150 729 ﬁde.
1177 659 1287 713 Non
1319 674 1385 713 ex
1417 657 1554 726 lege.
1585 654 1742 719 Spem
1765 651 1996 716 institue.

430 763 535 827 Spe
558 760 696 812 euitn
719 756 901 807 salvati
936 768 1138 806 smnus.
1173 748 1553 814 Exspectantus.
1590 744 1855 798 Muraliter
1885 740 1996 808 spi-

434 851 594 903 ritum
626 849 690 901 ad
723 845 1114 899 distinctionem
1150 842 1337 895 littera:
1379 838 1572 907 ροςιιίι.
1605 839 1739 905 Spes
1765 848 1891 888 vero
1914 833 1999 902 ju—

436 936 594 991 stitiae
623 934 865 988 Christus
913 928 1324 999 intelligendus:
1360 928 1479 996 quia
1527 926 1640 995 ipse
1668 934 1749 978 est
1780 922 1998 983 veritas,

438 1027 707 1095 patientia.
733 1040 875 1093 spes,
897 1023 1123 1091 jttstilia,
1156 1022 1331 1074 Omnis
1365 1020 1530 1073 virtus
1554 1038 1566 1071 :
1592 1016 1742 1086 cujus
1789 1028 1884 1067 nos
1914 1028 2002 1067 se-

433 1117 665 1170 cundum
696 1125 1068 1185 exspectamus
1095 1115 1400 1176 adventum,
1428 1126 1533 1178 qun
1559 1108 1891 1177 judicaturus
1921 1111 2004 1157 est

438 1207 611 1259 omnia
642 1223 655 1258 :
686 1207 844 1260 etiam
874 1219 976 1257 non
1002 1204 1052 1257 iu
1079 1202 1350 1272 patientia,
1378 1200 1472 1255 sed
1518 1198 1571 1252 in
1600 1207 1802 1253 terrore
1830 1203 1884 1250 et
1910 1192 1997 1263 ju-

436 1298 581 1352 stitia
612 1297 888 1351 affuturus.
917 1295 1055 1349 Nam
1079 1296 1130 1348 in
1158 1292 1356 1347 Christo
1371 1292 1518 1347 Jesu.
1543 1293 1755 1344 Volebat
1785 1290 1835 1341 in
1865 1289 2002 1356 lege,

440 1404 543 1443 non
566 1388 774 1442 valebat
805 1389 855 1441 iit
884 1387 1118 1441 Christo.
1156 1386 1332 1455 Neque
1359 1382 1675 1436 circutitrisio
1708 1378 1901 1447 aliquid
1925 1393 2007 1430 va-

438 1480 523 1542 let,
570 1495 726 1546 neque
770 1476 1097 1547 prscputittm.
1128 1476 1237 1531 Nec
1265 1472 1597 1530 circumcisio
1642 1474 1879 1539 prodest,
1909 1482 2008 1521 nec

443 1569 757 1637 praeputium
785 1568 957 1622 obest.
987 1566 1091 1621 Sed
1134 1567 1280 1634 ﬁdes.
1317 1566 1453 1633 Ergo
1476 1574 1529 1617 et
1559 1561 1691 1615 ﬁdes
1717 1572 1965 1629 operatur
1990 1574 2004 1614 :

440 1662 527 1727 qui
583 1660 725 1712 enim
781 1659 950 1713 credit
985 1658 1115 1723 Deo,
1151 1657 1377 1712 attendit
1423 1652 1709 1708 mandatis.
1744 1651 1874 1704 Nam
1917 1648 2008 1719 qui

2101 473 2182 525 nis
2208 473 2537 539 abscindant,
2562 484 2614 528 et
2638 473 2702 528 ad
2734 476 2947 543 spiritus
2973 478 3352 547 intelligentiam
3377 484 3512 540 altius
3536 501 3619 542 utr

2103 566 2382 619 tendentes
2411 565 2762 620 humilitatem
2789 567 2977 622 littera.-
3007 571 3379 640 derelinqusnt.
3416 572 3504 625 Sed
3529 594 3594 639 pi‘r

2100 655 2391 707 charitatem
2413 656 2617 724 spiritus
2640 657 2815 709 seruile
2845 657 3070 711 int-irent.
3101 660 3208 713 Non
3235 661 3503 728 superbiam
3520 664 3592 714 du.

2101 760 2219 811 eeo,
2264 747 2357 799 sed
2416 746 2772 799 voluntarium
2829 748 2988 803 debet
3042 766 3164 805 esse
3210 752 3475 811 servitium,
3517 771 3597 806 nun

2103 844 2385 891 coactum:
2418 836 2538 905 quia
2586 837 2819 891 cbaritas
2846 853 2949 891 non
2995 840 3182 906 quierit
3226 855 3339 903 quin
3363 856 3446 893 sua
3485 856 3599 905 sunt,

2104 924 2196 978 sed
2221 940 2339 994 qua:
2369 926 2622 992 proximi.
2652 926 2828 980 Omnis
2854 928 2987 981 enim
3016 929 3096 981 lex
3118 928 3169 981 in
3191 944 3286 981 uno
3305 945 3503 983 sermone
3525 933 3600 984 im-

2104 1017 2290 1086 plctur.
2346 1014 2501 1084 Legis
2538 1017 2701 1071 etiam
2752 1017 2866 1084 ipsa
2918 1019 3138 1072 moralia
3184 1035 3296 1085 qua:
3322 1033 3603 1087 quantum,

2106 1120 2211 1159 nuo
2236 1115 2455 1172 possunt
2475 1117 2724 1160 sermone
2752 1105 3018 1172 concludi,
3039 1118 3093 1160 et
3116 1122 3216 1158 uno
3231 1120 3470 1176 pr.ceepto
3489 1124 3605 1163 com-

2107 1195 2263 1264 pleri.
2289 1195 2403 1251 Non
2435 1211 2560 1266 ergo
2588 1196 2700 1251 sola
2727 1196 2792 1250 ad
2823 1196 2984 1250 vitam
3034 1196 3226 1251 sullicit
3260 1199 3398 1262 lides,
3427 1210 3475 1253 ut
3507 1201 3607 1255 laci-

2108 1290 2257 1343 niosa
2290 1288 2421 1357 legis
2446 1297 2708 1358 prmcepta
2735 1302 2841 1343 uno
2869 1288 3171 1343 dilectionis
3192 1290 3409 1357 capitulo
3435 1298 3609 1347 (‘OllClll-

2109 1377 2317 1432 dantur.
2349 1376 2537 1448 Diliges
2558 1378 2845 1445 proximum
2873 1387 3035 1431 tuum.
3065 1377 3322 1444 Charitas,
3348 1381 3421 1435 vel
3438 1382 3613 1438 dilectio

2109 1467 2163 1522 iu
2218 1478 2447 1537 quatuor
2475 1467 2646 1523 modis
2690 1467 3027 1537 completur:
3056 1468 3158 1523 hoc
3201 1483 3297 1533 οδε,
3329 1472 3480 1537 primo
3505 1474 3613 1529 Deus

2110 1556 2407 1626 diligendus
2442 1565 2561 1622 est;
2593 1558 2829 1613 s'cundo
2854 1574 2952 1619 nos
2980 1561 3126 1626 ipsos
3166 1559 3452 1627 diligamus;
3491 1566 3613 1617 tertio

2115 1650 2428 1717 proximos;
2470 1657 2662 1717 quarto
2688 1648 2952 1703 inimicos.
2998 1649 3167 1704 Deum
3214 1652 3325 1718 plus
3347 1666 3487 1720 quam
3512 1668 3613 1719 nos,

443 1748 616 1804 credit
643 1750 1097 1816 luturis,amplius
1116 1756 1368 1818 Operatur
1388 1760 1546 1813 quam
1569 1743 1656 1813 qui
1687 1748 2004 1811 prtesentem
2042 1744 2081 1801 Β
2113 1739 2410 1809 proximum
2433 1739 2569 1795 sicut
2590 1754 2706 1806 nos,
2742 1740 3011 1794 inimicum
3065 1741 3212 1807 quasi
3260 1743 3554 1810 proximum;
3577 1756 3617 1799 et

445 1856 655 1912 poenam
710 1843 914 1896 metuit.
950 1841 1075 1907 Qua:
1127 1858 1214 1910 per
1257 1837 1556 1892 rharitattm
1603 1844 1861 1903 operatur.
1892 1834 2008 1888 Non

446 1949 543 2002 per
571 1933 833 1987 timorem.
863 1930 1151 1985 Currebatis
1178 1931 1328 1983 bene:
1357 1929 1468 1997 quis
1490 1942 1575 1981 vos
1598 1924 1858 1993 impedivit
1880 1924 2010 1975 veri-

450 2024 541 2076 tati
571 2038 670 2075 non
699 2020 939 2075 obedire?
971 2019 1114 2074 Fidei
1151 2018 1421 2090 gressibus
1452 2024 1506 2071 et
1533 2016 1822 2068 moralibus
1852 2012 2014 2066 disci-

447 2111 627 2183 plinis,
657 2112 748 2182 qui
779 2127 873 2164 vos
921 2112 1111 2165 iterum
1158 2121 1328 2172 vocat,
1362 2108 1479 2177 quis
1528 2107 1617 2160 ille
1653 2105 1770 2167 luit,
1799 2103 1888 2172 qui
1918 2116 2012 2155 vos

448 2202 579 2272 legis
607 2201 858 2255 oneribus
896 2197 1186 2267 impedivit,
1235 2214 1353 2267 qua:
1380 2212 1477 2253 nec
1508 2195 1603 2263 ipsi
1652 2194 1790 2248 ferre
1830 2202 2012 2261 potue-

448 2293 615 2349 runt?
643 2291 913 2345 Persuasio
956 2292 1062 2343 lucc
1093 2307 1191 2343 non
1221 2303 1292 2343 est
1316 2305 1379 2343 ex
1403 2305 1458 2341 co
1482 2289 1566 2355 qui
1589 2298 1728 2340 vocat
1750 2303 1854 2338 vos.
1888 2284 2015 2339 Per-

450 2382 756 2436 suasioncm
784 2384 937 2433 istam
970 2396 1072 2434 non
1101 2380 1229 2433 dicit
1257 2379 1346 2432 Ι)πί
1376 2393 1515 2442 esse,
1562 2377 1655 2431 sed
1696 2391 1879 2430 eorum
1925 2376 2014 2444 qui

452 2475 576 2529 talia
629 2482 918 2528 asserunt:
954 2474 1194 2527 hortatur
1223 2485 1316 2525 eos
1357 2470 1559 2523 nullum
1612 2484 1795 2521 cntum
1834 2467 2017 2521 audire

454 2568 668 2623 debere.
698 2565 955 2620 Modicum
981 2570 1279 2635 fermentum
1305 2572 1460 2615 totam
1482 2577 1699 2614 massam
1721 2560 2015 2626 corrumpit.

456 2659 530 2714 Ne
559 2658 675 2725 quis
702 2658 924 2729 diceret,
944 2672 1037 2710 cur
1054 2671 1241 2710 ornues
1265 2654 1513 2722 coiripis,
1543 2656 1669 2708 dum
1704 2669 1809 2706 non
1832 2665 2019 2706 omnes

454 2748 791 2804 erraverint"
820 2747 1054 2815 pra'dieit
1085 2746 1223 2815 quod
1255 2746 1517 2799 modicum
1560 2743 1881 2798 fermentum
1908 2757 2019 2795 ma-

458 2841 583 2895 litia:
608 2852 769 2894 totam
802 2839 965 2908 possit
1000 2836 1248 2892 Ecclesia:
1273 2850 1499 2889 massam
1523 2848 1886 2902 corrumpere.
1918 2831 2022 2885 No-

456 2933 548 2987 lit‘:
570 2942 755 3003 putare
770 2946 1053 2998 paucorum
1073 2929 1367 2993 hominum,
1391 2929 1478 2997 qui
1503 2942 1530 2980 a
1545 2927 1569 2982 .l
1580 2926 1724 2981 llde
1747 2926 2022 2979 venientes

458 3021 602 3077 aliud
622 3020 837 3087 doct-nt,
873 3019 1091 3077 insidias
1136 3016 1576 3081 contemnendas,
1606 3015 1728 3083 quia
1755 3016 2019 3070 modicum

2115 1831 2213 1884 nisi
2264 1831 2429 1885 Deum
2474 1831 2704 1897 primum
2762 1831 3137 1897 dilexerimus,
3166 1846 3261 1885 nos
3299 1833 3497 1901 diligere
3538 1849 3615 1887 non

2115 1936 2417 1989 possumus,
2443 1920 2544 1974 hoc
2570 1934 2670 1986 eSt,
2705 1935 2809 1976 non
2840 1936 3107 1990 peccare;
3144 1930 3198 1975 et
3222 1922 3265 1975 si
3297 1936 3385 1975 nos
3413 1940 3502 1976 non
3525 1925 3616 1977 dili-

2111 2028 2319 2080 gunus,
2371 2012 2435 2064 ad
2479 2026 2636 2080 quam
2691 2013 2914 2066 turmam
2966 2011 3240 2080 proximos
3279 2011 3556 2080 diligemm?
3586 2015 3619 2067 si

2113 2103 2614 2170 autenrptosimum
2647 2116 2751 2155 non
2780 2117 3048 2165 amamus,
3086 2102 3250 2156 multo
3292 2104 3445 2171 magis
3486 2103 3623 2156 tuitui-

2108 2190 2257 2247 ‘cum.
2290 2192 2344 2247 Si
2386 2208 2513 2263 ergo
2546 2193 2791 2248 Volumus
2846 2192 3193 2248 dilectimiem
3253 2194 3452 2259 habere,
3488 2197 3621 2261 primo

2116 2282 2281 2337 Deum
2310 2285 2425 2351 plus
2454 2298 2609 2353 quam
2634 2284 2839 2337 animas
2861 2295 3079 2337 nostras
3104 2283 3405 2353 diligamus:
3431 2284 3545 2353 quod
3570 2286 3622 2340 ita

2118 2374 2370 2442 probatur
2402 2392 2415 2424 :
2450 2373 2491 2427 si
2525 2383 2735 2442 propter
2782 2374 2946 2427 Deum
2978 2375 3145 2430 etiam
3192 2377 3405 2430 salutem
3435 2388 3536 2429 nost
3559 2393 3623 2432 aut

2118 2476 2172 2518 ct
2198 2465 2337 2535 ipsis
2364 2466 2570 2519 animas
2605 2478 3037 2534 cmttcmnainus,
3073 2486 3175 2522 non
3208 2486 3330 2537 ergo
3362 2471 3465 2524 sola
3495 2470 3546 2523 ad
3571 2472 3627 2524 ti-

2121 2568 2226 2611 tam
2257 2557 2454 2612 sullicit
2478 2558 2608 2617 lides
2634 2559 2655 2612 ?
2680 2558 2825 2613 Sicut
2848 2561 3088 2630 teipsum.
3112 2562 3211 2627 Qui
3241 2562 3360 2617 dicit
3382 2577 3436 2617 se
3455 2563 3629 2629 diligere

2119 2650 2442 2716 proximum,
2477 2662 2582 2703 non
2603 2648 2775 2702 stilum
2800 2650 2846 2703 ei
2875 2650 3074 2703 malum
3107 2666 3210 2707 non
3250 2652 3384 2715 iacit,
3406 2653 3527 2721 quod
3554 2652 3629 2706 sibi

2121 2753 2226 2792 non
2257 2739 2389 2804 vult,
2414 2738 2507 2792 sed
2528 2739 2688 2793 etiam
2718 2740 2914 2792 bonum
2944 2740 3072 2793 facit
3097 2742 3168 2807 ei,
3201 2743 3337 2811 quod
3358 2742 3450 2795 sibi
3473 2743 3562 2795 vult
3581 2744 3632 2795 ab

2121 2830 2227 2884 alio
2257 2830 2368 2885 lieri
2394 2850 2405 2882 ;
2437 2842 2488 2885 et
2509 2832 2805 2885 universam
2830 2833 2995 2901 legem
3022 2832 3237 2902 implet,
3265 2850 3374 2903 qua:
3401 2834 3494 2888 duo
3511 2836 3633 2888 habet

2121 2934 2315 2990 genera
2357 2920 2722 2974 mandatorum
2765 2938 2778 2975 :
2814 2922 2912 2975 hoc
2963 2933 3070 2986 est,
3104 2940 3208 2978 non
3252 2910 3521 2978 faciendum
3551 2942 3630 2977 ina-

2126 3012 2256 3076 lum,
2287 3023 2342 3067 et
2372 3012 2669 3069 iaciendum
2702 3014 2925 3069 bonum.
2974 3015 3127 3080 Quod
3155 3019 3198 3069 si
3224 3018 3421 3071 invicem
3443 3017 3635 3069 maritalis

459 3113 777 3166 tormentum
811 3117 973 3163 totam
1005 3122 1233 3161 massam
1262 3121 1326 3161 co
1356 3106 1572 3172 rumpit.
1600 3104 1709 3174 Ego
1744 3105 1947 3172 can/ida
1971 3105 2023 3157 in
2052 3093 2097 3156 C
2126 3116 2174 3162 et
2202 3107 2480 3159 comeditis.
2514 3104 2616 3159 Per
2660 3108 3097 3173 contentionem,
3147 3109 3267 3179 quia
3315 3124 3403 3164 vos
3439 3110 3640 3163 meliores

460 3200 598 3256 vobis
620 3202 670 3254 in
691 3199 930 3252 Domino.
966 3197 1020 3250 ln
1044 3197 1194 3251 vobis
1217 3214 1230 3251 :
1250 3196 1336 3266 qui
1370 3193 1591 3248 necdum
1622 3195 1746 3247 estis
1771 3192 2027 3261 pravitate

462 3291 722 3366 corrupti.
777 3289 928 3352 Quod
969 3287 1099 3342 nihil
1143 3286 1287 3339 aliud
1330 3284 1560 3354 capietis.
1614 3283 1782 3351 Quam
1834 3285 2028 3337 veritas

463 3384 644 3439 habet.
670 3382 769 3449 Qui
801 3393 969 3435 autem
1008 3377 1334 3433 conturbabat
1374 3391 1477 3440 vos,
1511 3373 1727 3443 portabit
1747 3374 2026 3443 judicium,

460 3478 745 3546 quicunque
770 3482 842 3525 est
881 3471 985 3524 ille.
1041 3469 1140 3536 Qui
1186 3467 1469 3521 conturbat
1514 3480 1608 3519 vos
1655 3466 1722 3518 ab
1752 3464 2027 3534 Evangelii

463 3568 711 3621 veritate.
746 3560 855 3634 Ego
894 3570 1083 3622 autem,
1111 3559 1316 3628 fratres,
1346 3557 1386 3609 si
1415 3554 1839 3608 circumcisioncnt
1862 3551 2030 3605 adhuc

402 3684 407 3687 -
466 3656 711 3727 pradico.
763 3654 910 3708 Sicut
939 3654 1003 3704 de
1032 3665 1116 3703 me
1148 3649 1297 3702 vobis
1326 3648 1531 3701 mentiti
1554 3655 1677 3699 sunt
1699 3644 2029 3708 setluctorcs,

461 3747 602 3818 quod
634 3746 706 3800 ita
736 3743 853 3798 aliis
884 3740 1246 3812 praedicarem.
1278 3738 1414 3803 Quid
1441 3739 1608 3790 adhuc
1635 3736 2027 3803 persecutionem

462 3836 671 3910 patior?
718 3835 989 3901 Tanquam
1021 3832 1151 3901 legis
1202 3840 1254 3885 et
1294 3828 1715 3884 circumcisionis
1763 3827 2027 3880 inimicus.

465 3930 660 3991 Omne,
688 3925 878 3995 inquit,
913 3924 963 3978 in
1006 3939 1090 3978 me
1119 3923 1297 3978 odium
1328 3922 1658 3984 .luilazorum,
1691 3929 1744 3975 et
1785 3934 1905 3973 cum
1938 3919 2031 3970 ad-

466 4033 682 4072 versum
709 4032 794 4070 me
826 4015 1102 4070 l‘rendeant
1133 4013 1335 4067 insania
1355 4053 1369 4077 ,
1396 4013 1465 4065 ob
1505 4011 1644 4065 aliud
1673 4025 1776 4064 non
1806 4021 1906 4073 est,
1933 4010 2031 4064 nisi

462 4111 589 4179 quia
627 4106 794 4161 doceo
848 4117 1033 4176 gentes
1077 4121 1179 4159 non
1230 4106 1423 4158 debere
1455 4104 1784 4169 circumcidi,
1819 4114 1869 4156 et
1903 4103 2033 4172 legis

464 4212 631 4252 onera
668 4198 965 4265 superﬂua,
1024 4196 1143 4249 licet
1184 4196 1402 4257 abolita,
1450 4196 1758 4248 custodire:
1794 4195 1916 4262 quia
1943 4211 2034 4249 ve-

463 4287 647 4343 niente
687 4288 913 4341 veritate
954 4285 1153 4340 umbrat
1194 4293 1489 4338 ces<arunt.
1537 4283 1672 4352 Ergo
1737 4297 2033 4340 etvacuatum

461 4389 534 4433 est
563 4377 863 4431 scandalum
884 4375 1063 4428 crucis.
1099 4373 1220 4427 ldeo
1248 4374 1389 4427 enim
1418 4375 1859 4441 scandalizantur,
1892 4378 2032 4446 quod

2129 3198 2440 3251 alterutrum
2481 3197 2755 3267 judicalis,
2803 3201 3017 3268 quando
3045 3202 3327 3258 detrahitis
3352 3206 3638 3270 alterutrum,

2128 3286 2339 3354 quando
2373 3286 2544 3340 aliena
2587 3288 2904 3355 torquetnini
2956 3287 3242 3356 felicitate,
3288 3304 3340 3344 et
3385 3308 3443 3344 ex
3468 3292 3643 3344 alterius

2130 3378 2271 3431 bono
2304 3388 2537 3431 vesnum
2572 3378 2764 3431 malum
2796 3380 2983 3445 tacitis,
3014 3396 3139 3435 cum
3173 3383 3389 3437 invicem
3416 3381 3643 3445 mordetis,

2130 3477 2186 3524 et
2206 3469 2415 3537 quando
2447 3470 2731 3525 maledmto
2764 3487 2855 3526 vos
2878 3472 3077 3541 putatis
3107 3475 3289 3530 ulcisci
3319 3495 3332 3530 :
3364 3476 3440 3530 vel
3466 3476 3564 3529 sive
3586 3490 3633 3528 se

2131 3561 2359 3615 eundum
2389 3561 2578 3629 legem,
2628 3561 2839 3615 oculum
2872 3576 2967 3630 pro
3012 3566 3198 3633 oculo,
3229 3577 3280 3619 et
3310 3564 3494 3635 reliqua
3539 3564 3645 3632 legis

2134 3665 2394 3723 praecepta
2423 3656 2486 3707 ad
2519 3656 3170 3734 revindicandungparata
3191 3661 3437 3728 quzeritis,
3459 3670 3507 3713 ut
3531 3674 3647 3713 mor-

2133 3760 2251 3798 Sttm
2281 3753 2533 3811 sequatur
2564 3759 2853 3809 remorsus,
2887 3756 2940 3800 ut
2965 3760 3089 3817 qua:
3112 3749 3516 3817 videturjustitia
3536 3761 3646 3809 csso,

2132 3833 2465 3900 eunsutnptio
2492 3836 2559 3887 sit
2587 3849 2602 3891 :
2632 3850 2738 3888 non
2771 3850 2931 3891 unum
2970 3836 3270 3904 vindicans,
3299 3838 3387 3893 sed
3414 3847 3650 3903 utrumque

2133 3937 2467 3976 consumens.
2511 3922 2684 3978 Videte
2711 3942 2772 3978 ne
2797 3926 2858 3978 ab
2877 3927 3099 3980 inuicem
3139 3910 3505 3981 consumamini
3543 3928 3649 3979 Deut

2132 4015 2266 4067 alter
2296 4015 2449 4069 alteri
2494 4016 2704 4069 ocvasio
2753 4017 3066 4081 perditionis
3110 4021 3307 4074 existit.
3349 4018 3470 4074 Dico
3494 4032 3649 4083 autem,

2137 4103 2335 4174 Spiritu
2372 4103 2649 4157 ambulate.
2679 4105 3017 4173 Spiritalibns
3046 4109 3252 4163 artibus
3281 4124 3406 4180 quos
3428 4109 3548 4163 infra
3575 4108 3651 4162 de-

2134 4196 2338 4249 scribit.
2378 4194 2443 4248 Et
2475 4196 2727 4250 desideria
2756 4201 2924 4252 carnis
2951 4215 3051 4252 non
3087 4202 3377 4269 perﬁcietis.
3403 4202 3507 4256 Non
3540 4199 3653 4270 quod

2134 4301 2259 4341 caro
2280 4288 2393 4342 sine
2413 4287 2586 4342 anima
2602 4290 2941 4359 concupiscat
2964 4305 2980 4345 :
3008 4292 3104 4346 sed
3129 4294 3240 4362 ipsa
3269 4294 3458 4360 anima,
3478 4292 3655 4363 quando

2136 4377 2366 4432 carnalia
2395 4380 2613 4449 cogitat,
2663 4394 2788 4434 caro
2816 4380 3011 4435 dicitur
3042 4399 3056 4437 :
3094 4384 3309 4450 quando
3335 4384 3516 4449 divina,
3546 4396 3656 4436 unus

463 4473 517 4524 in
546 4469 658 4523 sola
684 4468 786 4521 lide
812 4465 987 4520 crucis
1017 4464 1135 4519 dico
1164 4479 1282 4519 esse
1311 4464 1557 4518 salutem.
1591 4468 1665 4519 Ac
1704 4482 1797 4534 per
1824 4467 1923 4524 hoc
1952 4468 2029 4523 illi
2060 4452 2105 4510 ί)
2130 4469 2347 4539 spiritus
2376 4483 2494 4525 cum
2538 4471 2664 4525 Deo.
2712 4471 2950 4538 Quandiu
2978 4487 3105 4542 ergo
3134 4475 3325 4542 duplex
3358 4475 3406 4527 in
3429 4475 3563 4528 nobis
3580 4474 3657 4526 de.

384 4550 396 4562 ’
462 4559 664 4616 inimici
693 4570 814 4613 sunt
844 4556 1016 4612 crucis
1045 4556 1181 4625 ejus,
1212 4558 1299 4626 qui
1355 4572 1448 4625 per
1494 4557 1660 4627 legem
1701 4559 1882 4612 dicunt
1910 4575 2029 4615 esse

460 4652 747 4722 jus.itiam,
784 4651 848 4704 ad
880 4665 1036 4717 quam
1066 4649 1249 4717 jubere
1277 4650 1523 4717 pertinet,
1553 4652 1880 4721 nonjuvare.
1916 4651 2030 4705 Uti-

461 4759 583 4796 uam
603 4752 651 4796 et
670 4741 1031 4796 abscinduntur
1047 4741 1133 4809 qui
1149 4756 1231 4793 vos
1247 4741 1560 4795 conturbant.
1582 4742 1803 4808 Quidam
1826 4743 2027 4806 dicunt,

396 4849 400 4853 '
462 4838 661 4891 utinam
683 4833 1058 4890 abscindantur
1079 4835 1143 4886 ab
1164 4848 1368 4898 errore,
1393 4844 1445 4887 et
1469 4837 1769 4888 inserantur
1790 4835 2029 4901 veritati;

462 4926 551 4981 alii
579 4927 782 4992 dicunt,
825 4927 869 4981 si
903 4934 1085 4995 putant
1113 4924 1213 4979 sibi
1252 4922 1353 4978 hoc
1402 4923 1674 4991 prodesse,
1710 4939 1813 4977 non
1860 4924 2030 4979 solum

463 5018 928 5080 circumciduntur.
943 5018 1035 5073 sed
1056 5019 1212 5073 etiam
1228 5015 1629 5079 abscindantur,
1653 5017 1695 5069 si
1719 5015 2033 5084 cx3poliatio

463 5109 689 5164 membri
716 5110 942 5178 prolicit.
995 5108 1098 5163 Vos
1142 5110 1274 5162 enim
1310 5109 1361 5161 iu
1407 5110 1684 5162 libertatem
1710 5113 1868 5162 uocati
1893 5110 2030 5174 estis,

460 5205 669 5274 fratres,
701 5211 894 5254 tantum
920 5218 980 5254 ne
1003 5202 1277 5257 libertatem
1296 5202 1350 5255 in
1375 5202 1684 5255 occasionem
1697 5202 1822 5255 detis
1844 5204 2031 5256 carnis.

462 5297 521 5350 In
556 5293 851 5348 libertatem
882 5292 1011 5346 Novi
1040 5293 1384 5362 Testamenti,
1416 5295 1465 5348 in
1490 5303 1692 5348 tantum
1727 5310 1790 5347 ne
1823 5309 1915 5361 per
1944 5310 2033 5347 οιτ-

462 5384 734 5438 casionem
761 5379 1179 5435 circumcisionis
1204 5382 1267 5433 ad
1293 5382 1421 5449 legis
1448 5381 1661 5436 servitia
1686 5382 2027 5436 revocemini.

465 5474 531 5528 lit
558 5475 882 5529 nelibertate
899 5471 1110 5526 vivendi
1143 5472 1197 5524 in
1224 5474 1557 5528 occasionem
1589 5474 1761 5528 carnis
1789 5484 2027 5539 utantur,

468 5565 675 5618 scilicet
703 5581 768 5619 ne
797 5566 942 5634 juxta
984 5578 1195 5618 carnem
1242 5562 1437 5616 vivant.
1489 5562 1643 5617 Juxta
1674 5580 1890 5617 carnem
1921 5565 2027 5617 Cir-

465 5654 846 5710 cumcidantur.
880 5656 1053 5728 Juxta
1096 5669 1310 5711 carnem
1339 5654 1468 5724 legis
1512 5664 1775 5725 prlecepta
1836 5654 2023 5710 obser-

2135 4560 2411 4624 sideriuni,
2446 4561 2528 4616 vel
2576 4562 2818 4616 voluntas
2858 4570 2961 4629 est,
3005 4579 3109 4618 non
3137 4566 3431 4633 perlicimus
3448 4579 3657 4635 quatcuno

2133 4666 2235 4720 que
2264 4653 2529 4708 volumus.
2560 4653 2674 4707 Uno
2700 4654 3017 4722 aediﬁcante,
3048 4657 3225 4710 etalio
3251 4658 3542 4712 destruente
3571 4672 3683 4714 non.

2136 4741 2479 4810 perlicimus:
2513 4743 2638 4797 dum
2685 4743 3009 4800 rcluctamur
3037 4747 3337 4803 desideriis.
3373 4748 3436 4801 Et
3468 4747 3557 4802 hoc
3581 4761 3656 4800 no-

2136 4833 2374 4900 tandum,
2426 4834 2568 4905 quod
2623 4849 2728 4889 non
2773 4834 2986 4903 dixerit,
3030 4852 3097 4892 ne
3148 4837 3453 4903 habueritis,
3484 4836 3567 4893 sed
3604 4850 3657 4889 ne

2136 4923 2464 4993 pcrleceritis
2489 4941 2500 4976 :
2527 4924 2576 4978 id
2604 4932 2687 4977 est
2717 4940 2729 4975 :
2754 4923 2832 4979 Ne
2859 4938 3172 4981 consensum
3202 4928 3491 4995 prrebeatis,
3518 4932 3567 4980 et
3583 4924 3659 4978 de-

2135 5015 2322 5070 sinatis
2346 5014 2542 5068 facere.
2567 5013 2696 5068 Caro
2726 5016 2859 5068 enim
2885 5019 3215 5085 concupiscit.
3243 5017 3482 5073 Carnales
3510 5023 3656 5070 actus.

2136 5107 2252 5162 Non
2279 5110 2420 5162 enim
2452 5123 2578 5163 caro
2599 5109 2716 5164 sine
2733 5110 2909 5164 anima
2938 5113 3280 5181 concupiscit,
3304 5114 3529 5181 quamvis
3553 5121 3657 5164 caro

2136 5199 2516 5265 concupiscere
2545 5198 2770 5263 dicatur,
2803 5200 2925 5270 quia
2952 5202 3232 5258 carnaliter
3251 5203 3421 5258 anima
3441 5200 3657 5269 concepi

2137 5289 2260 5343 scit.
2286 5289 2432 5342 Tunc
2454 5289 2594 5343 enim
2622 5289 2722 5344 erit
2748 5290 2921 5357 justus
2940 5292 3057 5346 sine
3079 5294 3184 5348 ullo
3206 5294 3420 5348 omnino
3446 5298 3655 5361 peccato,

2140 5382 2263 5451 quia
2289 5381 2371 5434 lex
2402 5380 2545 5434 nulla
2574 5381 2678 5435 erit
2704 5382 2756 5434 in
2788 5384 3041 5438 membris
3091 5384 3203 5452 ejus
3249 5398 3546 5454 repugnans.
3571 5381 3654 5447 legi

2140 5473 2335 5526 mentis
2354 5469 2499 5537 ejus:
2524 5471 2616 5523 sed
2643 5484 2859 5538 prorsus
2901 5480 3009 5525 tota
3032 5472 3204 5527 anima
3235 5481 3290 5528 et
3317 5482 3484 5528 mente
3508 5470 3658 5537 diligit

2142 5562 2329 5623 Deum,
2356 5560 2495 5630 quod
2548 5569 2629 5615 est
2662 5562 2885 5629 primum
2937 5578 3304 5634 summumque
3351 5573 3652 5637 prteceptum.

2139 5656 2389 5711 Adt'tt'sus
2434 5655 2697 5724 spiritum;
2728 5655 2935 5723 spiritus
2979 5668 3146 5710 autem
3195 5656 3424 5711 adversus
3464 5669 3651 5708 carnem.
