3884 6172
291 270 362 327 GOI
1104 270 1166 325 IN
1208 270 1586 327 EPISTULAH
1627 272 1733 325 AD.
1777 270 2095 337 GALATAS
2131 270 2645 330 COMMENTARIA.

3388 285 3492 343 602

290 376 388 431 llirc
402 378 539 432 enim
567 378 662 432 sibi
683 378 888 433 invicem
920 378 1271 434 adversantur.
1300 380 1574 436 Adversus
1614 381 1828 449 spirita-
1856 384 1905 442 Α
1933 380 2034 436 Per
2054 383 2301 451 spiritum
2334 386 2496 441 vitam
2546 386 2827 455 habemus,
2856 404 2902 445 ει
2932 392 3242 461 spiritaliter
3270 411 3491 453 conver-

289 467 367 521 letn
390 477 564 522 actum
592 489 604 521 :
629 484 754 524 caro
790 469 1133 534 adulterium,
1158 472 1379 538 spiritus
1400 474 1697 526 castitatem
1727 474 1820 530 de-

286 560 472 611 siderat.
512 559 578 613 Ut
608 576 708 612 non
756 576 1067 629 quacunque
1103 561 1277 626 vultis,
1308 562 1400 614 illa
1438 563 1657 631 faciatis.
1701 564 1825 619 ιιωο

285 648 385 700 iacit
410 650 561 714 ratio,
596 657 653 701 ut
675 651 999 704 voluntatem
1029 663 1383 723 consequatur
1414 655 1665 720 allectus,
1696 657 1819 725 quia

281 739 323 791 in
352 739 440 793 bac
458 740 566 792 vita
600 747 799 810 pugnat
828 754 953 794 caro
984 749 1169 796 contra
1216 744 1483 813 spiritum,
1515 754 1570 800 et
1601 747 1821 813 Spiritus

280 839 439 884 Contra
466 847 704 885 carnem.
731 831 879 898 Quod
906 834 950 886 si
971 834 1153 903 spiritu
1165 835 1429 903 ducimini,
1454 854 1555 891 non
1585 840 1701 892 estis
1728 839 1820 893 sub
1864 878 1865 881 η

277 926 387 995 lege.
434 925 488 981 Si
518 941 611 981 vos
642 933 778 980 totos
818 926 1147 995 spiritalibus
1194 929 1490 997 occupetis,
1534 944 1639 983 non
1674 929 1822 984 vobis

275 1031 393 1086 opus
416 1024 500 1071 est
527 1017 635 1084 lex,
663 1033 780 1087 qua:
825 1019 1127 1073 carnalibus
1147 1019 1268 1073 data
1296 1027 1399 1073 est.
1421 1019 1477 1075 Si
1503 1021 1711 1090 spiritu,
1738 1022 1819 1075 in-

274 1114 390 1181 quit,
415 1113 690 1178 ducimini,
717 1131 820 1169 non
851 1118 981 1171 estis
1004 1118 1102 1171 sub
1131 1116 1268 1187 lege.
1302 1116 1442 1188 Lege
1484 1117 1667 1185 utique
1701 1131 1822 1184 qua:

274 1205 500 1259 timorem
532 1207 739 1270 incutit,
768 1222 871 1261 non
916 1222 1036 1277 qua:
1081 1209 1270 1263 tribuit
1298 1209 1635 1264 charitatem.
1687 1208 1819 1276 Quia

272 1295 485 1349 cltatitas
527 1296 621 1351 Dei
650 1296 837 1357 dill‘usa
877 1307 965 1354 est
1010 1300 1061 1354 in
1093 1300 1343 1355 cordibus
1375 1302 1570 1356 nostris
1592 1315 1694 1356 non
1728 1316 1821 1367 per

272 1385 391 1454 legis
430 1388 683 1451 litteram,
711 1388 804 1443 sed
834 1404 929 1456 per
957 1387 1212 1458 Spiri‘um
1241 1398 1505 1455 sanctum,
1533 1392 1623 1459 qui
1664 1392 1820 1445 datus

271 1485 341 1530 est
366 1479 536 1531 nobis.
569 1478 693 1533 lltec
722 1489 805 1535 est
830 1479 911 1534 lex
943 1481 1224 1547 libertatis,
1256 1497 1362 1535 non
1402 1481 1697 1549 servitutis.
1733 1481 1818 1535 In-

270 1577 505 1638 quantum
531 1572 750 1639 quisque
777 1572 963 1636 s,iritu
1008 1573 1257 1638 ducitur,
1298 1588 1403 1626 non
1434 1580 1518 1628 est
1542 1572 1641 1628 sub
1667 1572 1817 1636 lege:

270 1663 374 1729 quia
387 1670 641 1731 quantum
663 1664 1061 1719 contlelectatur
1084 1665 1198 1734 lege
1216 1666 1327 1730 Dei,
1348 1648 1451 1720 non
1470 1673 1553 1720 est
1568 1665 1668 1718 sub
1688 1665 1822 1736 legis

1923 486 2124 538 semur,
2168 483 2223 528 et
2257 492 2362 531 non
2416 478 2518 547 legi
2564 482 2852 536 carnaliter
2881 486 3195 543 serviamus.
3245 490 3374 557 Quis
3406 503 3487 547 cst

1923 572 2099 617 autem
2125 566 2213 632 qui
2232 566 2366 621 vivit
2382 568 2593 637 spiritu,
2617 571 2717 625 nisi
2740 571 3079 629 absconditus
3102 578 3261 632 homo
3283 591 3486 648 noster,

1923 652 2012 720 qui
2037 663 2090 707 et
2110 653 2266 724 juxta
2297 672 2511 713 carnem
2541 661 2804 717 interdum
2833 664 2971 719 solet
2997 667 3215 723 vivere?
3240 672 3342 726 Sed
3365 688 3486 727 cum

1923 744 2109 812 Spiritu
2143 748 2351 814 vixerit,
2386 752 2574 818 spiritu
2625 755 2877 808 ambulat.
2936 758 3070 811 Cum
3110 759 3165 811 in
3213 776 3372 816 carne
3400 778 3492 816 vo-

1923 834 2076 889 luerit
2103 836 2401 903 amhulare,
2432 842 2614 896 vivens
2643 857 2881 899 mortuus
2902 857 3005 900 est.
3033 847 3133 902 Vir
3152 854 3412 914 t‘er'eclus
3438 855 3490 906 in

1922 923 2154 988 ChriSto,
2215 943 2427 996 semper
2473 930 2600 984 vivit
2654 933 2841 1000 spiritu
2870 952 2881 987 :
2908 937 3095 1003 spiritu
3122 938 3322 1006 obedit,
3361 956 3494 992 nun-

1922 1014 2239 1082 quam'vivit
2265 1018 2316 1070 in
2343 1033 2522 1072 carne.
2557 1020 2785 1076 Ecetitra
2812 1026 2899 1091 qui
2931 1040 2990 1078 se
3017 1036 3182 1080 tomm
3211 1033 3358 1083 carni
3390 1031 3489 1085 de-

1923 1105 2082 1171 derit,
2124 1117 2179 1161 et
2227 1109 2564 1176 passimibus
2615 1115 2911 1181 deputarit,
2958 1131 3228 1187 nunquam
3272 1120 3402 1175 vivit
3440 1122 3493 1176 in

1923 1200 2134 1267 Spiritu.
2159 1200 2302 1255 Inter
2325 1202 2424 1258 hos
2453 1204 2612 1259 medii
2639 1216 2785 1270 sunt,
2808 1222 2941 1273 quos
2963 1224 3060 1262 nec
3077 1211 3343 1278 spiritales
3368 1228 3492 1280 pos-

1923 1300 2106 1342 sumus
2135 1291 2431 1358 appellare,
2464 1307 2562 1347 nec
2586 1309 2841 1358 carneos;
2874 1298 2967 1351 sed
2989 1299 3080 1366 qui
3104 1300 3240 1354 inter
3270 1300 3494 1357 virtutes

1924 1389 1981 1435 et
2009 1381 2133 1435 vitia
2175 1381 2511 1448 fluctuantes,
2545 1401 2685 1441 nunc
2713 1388 2777 1441 ad
2809 1388 3025 1442 meliora
3054 1390 3415 1459 retrahuntur,
3444 1404 3497 1447 et

1928 1472 2149 1539 Spiritus
2178 1482 2300 1525 sunt
2329 1490 2344 1538 ;
2370 1491 2509 1531 nunc
2531 1478 2709 1532 carnis
2747 1478 2953 1534 lubrico
2984 1482 3412 1551 :upplantautur,
3439 1494 3492 1539 et

1924 1577 2052 1618 caro
2072 1573 2216 1618 sunt.
2250 1565 2306 1619 Si
2327 1567 2540 1634 Spiritu,
2574 1568 2762 1638 inquit,
2792 1571 3037 1635 vivimus,
3069 1575 3257 1641 Spiritu
3286 1577 3491 1629 obtem-

1927 1667 2199 1721 peremus,
2234 1670 2562 1725 nequaquam
2595 1675 2687 1726 per
2708 1659 2900 1728 legem,
2933 1660 3026 1714 sed
3051 1677 3144 1730 per
3158 1665 3491 1729 charitatetn,

271 1752 462 1815 timore,
496 1753 585 1821 qui
614 1754 771 1806 timor
798 1762 1114 1808 tormentum
1153 1756 1335 1819 habet,
1368 1770 1470 1809 non
1498 1754 1817 1809 delectatio-
1850 1757 1898 1817 B
1930 1744 2083 1799 IIObiS
2110 1745 2339 1802 inVicem
2363 1748 2680 1804 servientes.
2713 1750 2826 1805 Non
2849 1750 3106 1806 debemus
3145 1753 3211 1806 de
3250 1754 3492 1821 Scriptu-

273 1856 393 1894 ucm.
424 1840 606 1910 Μιληίίε
624 1854 700 1896 sta
732 1853 902 1896 autem
922 1855 1040 1899 sunt
1062 1862 1214 1914 opera
1241 1847 1430 1899 carnis.
1468 1844 1577 1899 Nec
1601 1844 1820 1899 difﬁcile

269 1943 337 1985 est
359 1933 667 1986 discernere
691 1936 833 1988 inter
859 1937 1093 1990 carnalia
1136 1948 1295 2003 Opera
1336 1944 1497 2005 atque
1536 1934 1816 2004 Spiritalia.

272 2023 383 2086 Quae
405 2032 519 2077 sunt
548 2026 840 2092 fornicatio.
875 2025 1200 2095 Principium
1230 2038 1448 2095 operum
1480 2028 1678 2093 carnis,
1714 2027 1824 2079 for-

269 2113 467 2168 nicatio.
499 2114 857 2181 Intntundt'tia,
904 2118 1244 2188 impudicitia,
1290 2120 1515 2175 luxttria.
1568 2118 1822 2171 idolorum

266 2206 479 2257 servitus.
512 2206 681 2270 Quam
703 2207 932 2260 faciebat
952 2207 1100 2261 Onan
1123 2247 1138 2274 ,
1167 2208 1303 2261 Illius
1333 2208 1500 2262 Jude.
1542 2205 1813 2274 I’cneﬁcia,

265 2294 551 2360 inimicitia,
579 2297 944 2364 contentiones,
980 2298 1349 2362 azmulutiones,
1382 2298 1493 2363 iraa,
1534 2300 1681 2362 riaa',
1712 2298 1821 2347 di.-

266 2384 530 2452 sensioncs,
555 2395 723 2451 secter,
748 2386 971 2450 invidia',
1000 2386 1297 2451 homicidia,
1328 2387 1448 2439 ebri.
1463 2397 1611 2453 tates,
1631 2403 1821 2439 cantes.

266 2476 494 2530 sationes.
550 2475 857 2530 Inimicitias
881 2484 935 2529 et
960 2486 1155 2531 Cretera
1197 2478 1391 2531 similia
1418 2478 1650 2531 earnalia
1682 2477 1821 2537 dixit

265 2583 380 2635 quat
403 2568 590 2621 anima:
618 2577 761 2636 sunt,
783 2585 886 2622 non
912 2569 1087 2622 carnis
1107 2586 1120 2621 :
1139 2585 1203 2623 ne
1232 2569 1574 2625 Maniclneam
1605 2582 1819 2621 carnem

266 2675 506 2715 accusare
534 2668 805 2729 putarent.
837 2662 940 2716 Sed
972 2678 1131 2715 onme
1162 2663 1359 2716 malum
1390 2663 1602 2716 carnale
1629 2663 1820 2717 delini-

268 2750 359 2816 vit,
391 2754 501 2820 quia
529 2754 760 2807 carnalia
792 2755 1073 2823 cogitando
1105 2756 1357 2810 ellicitnr.
1383 2755 1551 2809 Omne
1579 2769 1705 2809 vero
1730 2757 1822 2808 bo-

270 2858 392 2895 num
420 2844 669 2911 spiritale,
698 2849 817 2915 quia
849 2846 1123 2899 desursum
1148 2846 1445 2900 descendit.
1484 2843 1550 2899 Et
1580 2846 1656 2899 his
1682 2846 1823 2898 sinti-

270 2932 356 2983 lia.
385 2930 600 2988 Potestis
626 2950 690 2988 ex
720 2938 798 2987 Itis
820 2944 1011 2989 raztera
1045 2936 1143 3003 ipsi
1166 2936 1437 3004 colligere.
1466 2935 1824 3005 Quaipra'dico

268 3024 421 3091 rubis,
446 3036 565 3080 sicut
595 3029 835 3095 prwdixi,
868 3029 1106 3097 quoniam
1141 3030 1229 3093 qui
1270 3028 1391 3081 talia
1419 3038 1577 3097 agunt
1610 3045 1823 3098 regnum

1922 1850 2100 1890 rarum
2132 1837 2570 1905 interpret-itione
2616 1840 2961 1908 contendere,
2996 1852 3051 1897 et
3091 1844 3293 1912 dicere,
3340 1846 3488 1899 verbi

1922 1931 2087 1999 gratia
2112 1931 2494 1986 :Circumcisio
2516 1934 2707 1989 melior
2726 1945 2807 1989 est
2832 1952 2847 1990 :
2873 1951 2999 2002 non,
3024 1938 3117 1991 sed
3152 1939 3491 2005 pra-pntium.

1921 2022 2325 2076 Contemnenda
2351 2023 2597 2089 historia,
2640 2037 2695 2081 et
2736 2026 2991 2096 allegoria
3025 2031 3293 2097 sequenda
3336 2044 3351 2081 :
3389 2031 3495 2082 ἱηιο

1922 2112 2173 2180 allegoria
2225 2128 2355 2166 vana
2388 2126 2492 2175 est,
2525 2127 2579 2169 rt
2625 2118 2937 2184 umbratica,
2971 2129 3025 2173 et
3054 2136 3122 2172 nu
3149 2121 3210 2173 lis
3256 2122 3495 2175 veritat's

1923 2203 2049 2257 fulta
2081 2205 2364 2259 radicibus.
2422 2206 2572 2260 Unde
2613 2211 2777 2275 venit,
2831 2219 2890 2263 ut
2935 2211 3161 2265 invicem
3213 2220 3496 2265 nascantur

1924 2294 2157 2345 invidia).
2216 2294 2512 2349 Exclttdere
2542 2298 2705 2361 ettitn,
2760 2298 2853 2365 ait,
2890 2311 2982 2352 Vos
3028 2302 3234 2367 volunt,
3270 2310 3326 2352 ttt
3369 2301 3489 2355 illos

1923 2382 2245 2437 a-tnuletuini
2271 2400 2285 2438 :
2310 2399 2412 2437 non
2445 2396 2549 2438 tam
2575 2390 2847 2441 veritatem
2870 2389 3003 2457 legis
3026 2392 3262 2443 volt-ntrs
3276 2391 3491 2456 docere,

1923 2490 2076 2541 quam
2112 2474 2345 2531 vincere.
2394 2475 2516 2529 Non
2555 2479 2825 2546 efficiantur
2871 2480 3039 2532 inanis
3078 2470 3257 2549 gloria:
3293 2484 3491 2550 cupidi,

1924 2568 2134 2621 inuicem
2165 2581 2517 2637 provocantes,
2547 2572 2759 2624 invicem
2788 2572 3090 2626 inridentes.
3124 2572 3242 2626 leue
3268 2575 3494 2640 grandes

1923 2663 2283 2729 expositiones
2310 2662 2377 2715 de
2404 2663 2721 2717 commentis
2749 2664 2919 2717 sancti
2954 2664 3255 2732 tIierongmi
3284 2674 3406 2718 sunt
3429 2667 3494 2719 ad

1927 2751 2158 2806 Galatas.
2182 2752 2358 2805 Inanis
2387 2753 2557 2822 gloria
2572 2762 2683 2819 est,
2715 2754 2834 2807 siin
2864 2755 2930 2808 iis
2957 2763 3217 2823 suntquae
3239 2770 3344 2809 non
3369 2772 3496 2823 pra:-

1925 2844 2190 2912 ctpiuntnr
2221 2844 2272 2897 in
2303 2844 2439 2912 lege,
2471 2854 2530 2898 ut
2576 2845 2956 2899 abStinentiam
2985 2847 3158 2900 omnis
3201 2848 3377 2901 carnis
3403 2862 3495 2901 co-

1924 2947 2110 3001 gamus
2138 2936 2313 2988 lacere
2342 2936 2484 3003 quod
2524 2935 2768 3001 facimus,
2818 2948 3016 2992 etcum
3067 2938 3179 3005 ipsa
3230 2939 3337 3007 jam
3385 2955 3490 2993 non

1927 3024 2277 3093 potuerimus,
2293 3025 2405 3079 hinc
2421 3027 2688 3095 superﬂua
2709 3042 2827 3083 esse
2844 3028 3085 3083 dicimus.
3109 3031 3284 3083 Dicam
3310 3033 3486 3099 plane,

270 3116 361 3168 Dt-i
385 3136 476 3171 non
504 3131 887 3189 consequentur.
924 3120 1220 3173 Notandum
1246 3122 1422 3188 itaque
1445 3121 1823 3190 plat'gentlutn-
1850 3113 1896 3174 C
1928 3130 2026 3169 ιιρο
2051 3115 2236 3170 tacebit
2288 3117 2587 3183 νειδείοιιρηι
2620 3132 2813 3179 meant,
2857 3119 3156 3185 passionem
3190 3135 3326 3187 pene
3354 3136 3491 3173 com-

262 3222 365 3274 que
396 3210 523 3277 quod
554 3212 958 3274 contendentes,
979 3218 1034 3264 et
1062 3211 1401 3273 dis~idetttes,
1437 3220 1491 3263 et
1520 3211 1821 3273 iracundus,

261 3310 383 3350 cum
415 3301 719 3365 idt-lolatris,
753 3303 1027 3366 venalicii,
1059 3311 1115 3356 et
1146 3304 1445 3368 homicidis,
1493 3304 1706 3371 penitus
1732 3320 1825 3357 ex-

261 3386 421 3441 clusit
445 3407 470 3443 a
500 3407 681 3460 regno.
717 3389 938 3446 Fructus
969 3404 1137 3446 autem
1186 3394 1412 3463 Spiritus
1458 3406 1534 3449 est
1576 3395 1822 3449 charitas.

264 3478 501 3535 Otnnium
530 3485 778 3537 virtutum
809 3487 973 3552 prima
994 3494 1076 3537 est
1101 3485 1354 3550 cltaritas,
1382 3502 1521 3556 qum,
1551 3486 1691 3540 sicut
1731 3502 1823 3540 no-

271 3574 504 3638 tav.mus,
530 3573 580 3625 in
613 3584 846 3642 quatuor
875 3576 1128 3629 dividinr
1157 3584 1357 3645 partes,
1396 3579 1448 3630 in
1477 3576 1819 3631 dilectionem

268 3660 382 3723 Dei,
431 3663 477 3716 in
506 3680 653 3719 suam
703 3666 1137 3735 uniuscujusu'pte,
1179 3668 1228 3720 in
1262 3668 1489 3736 proximi
1516 3676 1572 3721 et
1600 3669 1820 3725 inimici.

264 3746 416 3801 Caud
435 3768 531 3805 unt.
576 3755 696 3822 Spir
721 3754 844 3807 tale.
902 3754 1035 3808 Pax.
1086 3756 1140 3810 Si
1173 3757 1454 3826 tranquilla
1486 3772 1635 3813 mens
1663 3760 1821 3815 nullis

263 3840 588 3901 passiouibus
618 3844 982 3911 perturbetur.
1016 3846 1420 3913 Louyanintitas.
1456 3847 1680 3916 Injurias
1706 3850 1820 3901 illa—

260 3937 342 3979 tas
399 3945 670 3987 sustinere.
734 3934 958 3988 Bonitas.
1005 3936 1232 4004 Semper
1285 3938 1594 3994 benefacere
1653 3942 1812 3995 Velle.

256 4015 305 4067 Β
334 4022 563 4085 nimius.
598 4026 731 4077 Nulli
765 4027 1008 4094 injttrinm
1059 4028 1231 4082 fucare
1254 4067 1268 4093 ,
1301 4028 1394 4083 sed
1424 4040 1477 4083 ct
1505 4030 1605 4083 s~hi
1629 4029 1817 4083 factam

260 4112 517 4176 patienter
570 4119 818 4170 tolerare.
876 4117 1251 4180 Mansuetudo,
1304 4119 1453 4185 ﬁdes.
1521 4118 1816 4172 Notandum

256 4206 401 4269 quod
430 4218 475 4259 et
504 4208 631 4260 lides
659 4224 689 4262 a
718 4209 826 4261 Deo
854 4208 1009 4261 detur
1044 4226 1055 4260 :
1088 4224 1243 4275 quam
1277 4209 1414 4261 inter
1434 4210 1636 4262 fructus
1665 4209 1818 4276 spiri-

258 4304 343 4348 tus
365 4303 581 4366 septinto
611 4300 730 4354 loco
756 4301 1041 4369 Apostolus
1068 4302 1268 4367 posuit;
1302 4310 1354 4352 et
1382 4302 1480 4353 hoc
1505 4300 1814 4363 notandum,

253 4390 374 4454 quia
410 4408 435 4442 a
466 4392 569 4445 Deo
593 4402 672 4444 est
703 4393 857 4455 fides,
887 4393 968 4445 vel
1003 4392 1109 4444 Deo
1140 4395 1381 4457 credere,
1404 4393 1480 4445 vel
1513 4392 1816 4445 hominibus

254 4480 506 4541 promissa
539 4483 827 4547 complere.
863 4480 1136 4533 Molestia.
1192 4483 1303 4533 Non
1333 4482 1509 4534 irasci.
1545 4480 1815 4533 Continen-
1848 4472 1892 4529 D

250 4567 343 4633 tia,
368 4572 589 4623 castitas.
637 4572 972 4625 Continentia
1022 4587 1115 4638 pro
1171 4583 1409 4638 tempore
1440 4579 1519 4623 est
1552 4586 1567 4622 :
1600 4570 1817 4623 castitas

248 4664 597 4727 Sempitt-rua.
651 4664 712 4715 Et
760 4678 863 4715 non
913 4664 1083 4714 solum
1115 4679 1142 4714 a
1176 4662 1552 4730 fornicatione,
1607 4663 1699 4716 sed
1750 4661 1816 4714 alt

248 4755 399 4805 omni
429 4756 703 4824 iniquitate
733 4758 1012 4809 contmeri.
1063 4756 1316 4808 Aduersus
1372 4756 1666 4825 hujusmodi
1712 4772 1816 4808 non

249 4854 326 4895 est
353 4848 455 4900 (ex.
484 4848 595 4900 Non
623 4846 764 4902 enim
802 4848 898 4898 ista
945 4846 1251 4914 prohibuit,
1282 4855 1336 4900 et
1381 4845 1467 4914 qui
1497 4861 1689 4898 novum
1719 4845 1816 4898 im-

251 4936 383 5003 plet,
409 4932 505 4994 neu
536 4951 621 4991 est
648 4941 701 4991 in
746 4936 923 4991 Veteri
966 4937 1332 4991 Tcsmtnento.
1374 4937 1475 5003 Qui
1504 4950 1670 4991 autem
1696 4945 1812 4989 sunt

250 5028 458 5097 Christi,
485 5049 687 5085 carnem
715 5048 858 5083 suam
881 5032 1241 5097 cruci/imorum
1272 5049 1384 5086 cum
1408 5030 1538 5083 υἱιὶιδ
1561 5041 1606 5084 et
1629 5048 1814 5084 concu-

252 5122 523 5183 piscetttlts.
551 5125 604 5179 Si
631 5124 807 5175 omnia
832 5123 988 5175 simul
1018 5124 1142 5177 vitia
1167 5125 1418 5178 crucitixa
1444 5133 1588 5190 sunt,
1611 5132 1664 5177 et
1686 5136 1812 5177 caro

252 5216 404 5278 quasi
432 5216 666 5283 pendens
690 5215 814 5267 nihil
848 5216 1192 5283 concupiscit,
1219 5215 1406 5284 utquid
1429 5216 1584 5270 nobis
1609 5216 1810 5283 legem,

251 5316 369 5361 qua:
397 5305 512 5358 data
534 5315 617 5359 est
652 5304 716 5356 al
748 5301 872 5356 vitia
903 5304 1238 5358 coercenda?
1267 5305 1437 5359 Simul
1461 5306 1588 5359 illud
1622 5317 1812 5358 notan-

251 5391 398 5462 dum,
427 5397 565 5463 quod
592 5410 687 5448 eos
718 5395 910 5448 dixerit
934 5395 1128 5449 Christi
1171 5410 1290 5450 esse
1328 5396 1416 5465 qui
1444 5410 1660 5451 carnem
1690 5413 1811 5451 cum

252 5483 393 5537 vitiis
423 5496 472 5538 et
500 5483 952 5554 concupiscentiis
980 5484 1297 5553 crucifignnt
1335 5503 1347 5538 :
1372 5495 1557 5541 contra
1584 5487 1698 5543 iUos
1720 5489 1809 5557 qui

256 5579 421 5631 solam
448 5580 603 5633 ﬁdem
630 5565 877 5633 sufﬁcere
898 5576 1314 5631 arbitrabantur.

326 5674 450 5725 Car.
489 5688 561 5726 vr.
594 5672 650 5725 Si
701 5670 906 5723 vivimus
944 5670 1145 5739 spiritu,
1187 5671 1368 5739 spiritu
1402 5680 1444 5723 et
1470 5668 1803 5735 ambulemus.

1925 3221 2160 3269 tnunem,
2192 3221 2295 3259 non
2337 3206 2404 3259 de
2434 3206 2652 3270 divitiis,
2699 3222 2804 3261 non
2864 3206 2932 3262 de
2963 3210 3219 3275 potentia,
3280 3225 3382 3261 non
3428 3212 3495 3262 de

1925 3296 2342 3364 pulchritudine,
2375 3304 2429 3349 et
2465 3312 2750 3359 corporum
2799 3311 3077 3354 venustate
3122 3302 3491 3368 gloriandum:

1927 3389 2042 3442 iliBC
2066 3389 2207 3442 enim
2231 3388 2513 3443 manifeste
2541 3389 2679 3443 inter
2707 3391 2883 3444 carnis
2924 3406 3082 3459 opera
3114 3405 3481 3447 numerantur.

1926 3476 2281 3546 Eleemosyna
2319 3477 2362 3531 si
2404 3477 2471 3530 ob
2515 3477 2725 3531 laudem
2759 3481 2866 3543 liat,
2924 3481 3095 3534 inanis
3149 3492 3231 3535 est
3276 3482 3486 3550 gloria:

1923 3567 2075 3637 longa
2119 3569 2330 3635 oratio,
2375 3569 2546 3637 pallor
2582 3583 2646 3622 ex
2682 3567 2891 3638 jejunio
2932 3585 3183 3638 sequens.
3227 3571 3341 3625 Non
3374 3587 3492 3624 mea

1923 3672 2047 3716 sunt
2068 3662 2256 3727 verba,
2290 3663 2383 3715 sed
2416 3661 2704 3714 Salvatoris
2733 3666 2785 3715 in
2817 3662 3109 3730 Evangelia
3137 3664 3493 3731 pertonantis.

1926 3751 2042 3820 Ipsa
2072 3766 2283 3819 quoque
2314 3751 2537 3804 castitas
2568 3750 2617 3802 in
2646 3751 3004 3814 matrimonio,
3035 3751 3088 3804 in
3121 3751 3394 3814 viduitate,
3438 3752 3492 3804 in

1923 3841 2216 3910 virginibus
2246 3856 2385 3907 saepe
2434 3840 2671 3907 plausum
2702 3840 2893 3906 (ιυιιιῖὶι
2924 3839 3212 3894 humanum
3233 3857 3248 3895 :
3268 3851 3323 3894 et
3350 3843 3491 3909 quod

1921 3933 2116 3988 dudum
2151 3933 2312 3984 timeo
2351 3931 2550 3996 dicere,
2579 3930 2674 3982 sed
2710 3929 2993 3983 dicendum
3024 3942 3107 3985 est
3135 3948 3147 3982 :
3177 3931 3487 3999 martyrium

1921 4028 2113 4094 ipsam,
2142 4025 2187 4078 si
2224 4025 2340 4077 ideo
2372 4026 2454 4076 liat
2482 4033 2538 4076 ut
2571 4021 2912 4079 admirationi
2942 4032 2995 4079 et
3015 4025 3154 4078 laudi
3189 4025 3481 4079 habeantur

1921 4132 1949 4170 a
1992 4116 2260 4180 fratribus,
2324 4115 2519 4167 frustra
2573 4113 2786 4183 sanguis
2840 4112 3037 4168 eﬂ‘usus
3077 4123 3179 4167 est.
3230 4114 3490 4182 Loquitur

1922 4208 2230 4276 Apostolus,
2258 4206 2510 4275 loquatur
2542 4206 2640 4259 Vas
2656 4205 2932 4260 electionis
2959 4224 2970 4258 :
2995 4206 3050 4261 Si
3081 4208 3349 4263 tradidero
3372 4224 3491 4262 cor-

1922 4318 2019 4372 pus
2048 4315 2240 4364 meum,
2290 4308 2347 4352 ut
2399 4297 2597 4366 glorier
2626 4295 2765 4366 (sic),
2798 4297 3109 4353 charilatem
3152 4310 3329 4353 autem
3380 4313 3487 4352 non

1921 4390 2310 4455 habeant,nihi|
2335 4389 2462 4442 mihi
2482 4390 2715 4457 prodest.
2743 4390 2835 4445 Ille
2859 4392 2948 4459 qui
2974 4390 3211 4446 dixerat:
3240 4390 3362 4445 Scio
3394 4390 3490 4442 Ito-

1921 4486 2113 4538 minem
2161 4483 2212 4536 itt
2240 4481 2472 4545 CltriSto,
2505 4489 2628 4535 ante
2664 4495 2834 4537 annos
2858 4482 3400 4549 quatuordeeiurﬁive
3429 4481 3484 4539 in~

1920 4592 2163 4643 corpore,
2193 4574 2303 4626 sive
2332 4582 2480 4625 t-xtra
2506 4586 2722 4639 corpus,
2743 4571 2943 4637 nescio,
2968 4571 3106 4626 Deus
3131 4573 3251 4639 scit,
3279 4586 3488 4639 raptum

1920 4682 2037 4721 esse
2070 4680 2233 4733 usque
2274 4665 2338 4716 ad
2397 4664 2610 4718 tertium
2649 4662 2866 4728 cretum,
2908 4670 2962 4716 et
3008 4662 3230 4727 reliqua.
3281 4660 3378 4721 Illi,
3407 4662 3487 4713 in-

1920 4773 2104 4827 quam,
2131 4755 2220 4824 qui
2257 4756 2371 4824 plus
2394 4754 2642 4812 omnibus
2674 4752 2952 4816 laborauit,
2987 4766 3054 4804 nc
3076 4749 3380 4818 magnitudo
3404 4766 3487 4802 rc-

1921 4848 2243 4902 velationnm
2276 4846 2558 4900 extolleret
2577 4858 2725 4909 eum,
2750 4840 2907 4897 datus
2930 4850 3013 4893 est
3040 4839 3288 4894 Stimulos
3306 4838 3486 4891 carnis

1921 4941 2060 5009 ejus,
2092 4939 2313 5006 angelus
2347 4937 2579 5000 Satanae,
2609 4933 2697 5002 qui
2727 4946 2846 4986 eum
2883 4930 3261 4995 colaphizaret,
3288 4936 3345 4979 ut
3375 4945 3483 4980 non

1920 5030 2285 5084 extolleretttr.
2318 5026 2384 5079 Et
2408 5036 2554 5080 certe
2593 5035 2673 5076 ter
2717 5021 2998 5074 Dormitum
3032 5019 3235 5086 rogavit
3287 5027 3345 5071 ut
3365 5018 3479 5071 dis-

1920 5120 2133 5175 cederet
2171 5118 2236 5169 ab
2276 5130 2340 5169 eo
2373 5132 2387 5170 :
2415 5113 2513 5169 sed
2538 5112 2738 5167 dictum
2763 5118 2846 5164 est
2871 5112 2922 5164 ei
2951 5125 2966 5162 :
2994 5108 3200 5163 Sul‘licit
3244 5108 3338 5163 tibi
3364 5124 3485 5178 gra-

1923 5215 1992 5268 tia
2016 5226 2129 5264 mea
2152 5227 2164 5263 :
2185 5210 2350 5262 virtus
2373 5208 2513 5263 enim
2530 5208 2583 5260 in
2600 5203 2907 5259 infirmitate
2920 5204 3205 5273 perﬁcitur.
3222 5201 3358 5268 Quid
3380 5215 3484 5257 tam

1924 5302 2015 5357 Dei
2047 5314 2201 5368 opus,
2232 5314 2386 5366 quam
2431 5297 2731 5362 Scripturas
2771 5295 2968 5363 legere,
3005 5294 3059 5348 in
3098 5294 3318 5347 ecclesia
3351 5306 3483 5359 pra:-

1920 5393 2122 5452 dicare,
2153 5405 2255 5443 sact
2280 5388 2508 5441 rdotium
2538 5401 2755 5455 capere,
2785 5397 2909 5439 au'e
2936 5385 3104 5439 altare
3148 5383 3359 5436 Domini
3386 5382 3485 5434 mi-

1919 5485 2161 5537 nistrare.
2194 5480 2298 5536 Sed
2334 5480 2467 5545 huc,
2499 5478 2598 5533 nisi
2627 5478 2814 5547 aliquis
2844 5477 2985 5530 omni
3013 5474 3279 5544 diTigentia
3306 5482 3485 5526 custo-

1916 5573 2073 5629 dierit
2094 5586 2185 5626 cor
2204 5584 2380 5632 suum,
2404 5568 2471 5623 de
2490 5568 2777 5637 cupiditate
2811 5566 2976 5619 laudis
3003 5566 3264 5618 oriuntur.
3292 5563 3485 5616 Videas

1919 5669 2197 5738 plerosque
2246 5660 2417 5730 (quod
2446 5661 2603 5717 etiam
2650 5658 2848 5714 Tullius
2894 5654 2996 5721 ait)
3047 5654 3209 5709 libros
3258 5671 3381 5716 suos
3417 5655 3484 5709 de

1910 5855 1959 5863 ᾐν-
