3910 6174
412 299 520 353 63

1485 299 1782 360 PBIMASII
1823 300 2269 360 ADRUMETANI
2307 304 2518 361 EPISC.
3490 326 3571 381 60L

416 411 800 467 contemnenda
831 414 998 483 gloria
1031 415 1346 481 inscribere,
1381 425 1434 472 et
1457 430 1617 471 causa
1645 416 1827 486 glorize
1857 430 1978 484 pro-
2011 418 2061 475 Α
2085 416 2270 484 spiritu
2300 416 2575 473 lenitatis?
2612 419 2689 473 Ad
2721 420 2857 489 quod
2907 422 3154 491 dicimus,
3201 431 3384 486 etiamsi
3430 438 3578 493 \‘ll'et'll

419 502 519 569 prii
552 506 777 559 nominis
812 506 992 559 titulos
1033 518 1345 575 praenotare.
1391 509 1805 576 Interpretamur
1834 507 1981 563 Scri-
2062 505 2276 575 'justus,
2307 507 2482 563 sciens
2505 521 2702 578 quanto
2733 512 2910 567 labore
2937 518 3264 582 superaverit,
3297 523 3442 591 magis
3480 541 3575 594 pec-

421 601 602 660 pturas
639 610 783 663 saepe
807 640 821 662 ,
857 607 908 649 rt
935 613 1051 664 qua:
1088 598 1245 666 digna
1274 599 1499 652 lectione
1524 608 1647 652 sunt
1676 598 1982 663 scribimus,

419 695 475 739 et
501 687 599 739 nisi
622 703 779 741 causa
803 688 996 743 Chrisri
1023 690 1169 755 ﬁant,
1201 692 1294 745 sed
1325 692 1594 745 memoria:
1627 694 1676 744 in
1703 700 1945 759 posteros
1965 729 1981 756 ,

419 786 472 830 et
502 777 655 830 fama:
682 777 734 831 in
768 780 1022 846 pepulos,
1059 792 1198 835 totus
1236 780 1383 834 labor
1412 781 1594 835 irritus
1625 782 1714 835 liet
1744 797 1757 832 :
1800 789 1855 834 et
1880 780 1987 834 eri-

419 882 540 920 mus
568 870 717 937 quasi
750 880 1056 939 tympanum
1085 889 1301 936 sonans,
1331 881 1385 927 et
1424 872 1725 942 cymbalum
1767 884 1988 927 concre-

420 971 574 1024 pans.
609 958 798 1013 Videas
841 962 1122 1031 plerosque
1149 964 1215 1016 de
1251 963 1540 1030 Scripturis
1583 962 1722 1016 inter
1761 975 1821 1016 se
1861 974 1988 1014 con-

422 1050 663 1116 tendere,
682 1060 736 1105 et
757 1053 1066 1106 athleticuut
1089 1070 1320 1108 scamma
1336 1054 1428 1108 Dei
1455 1054 1631 1109 facere
1651 1066 1985 1107 sermonem:

421 1139 648 1195 invicem
699 1155 1025 1211 provocant,
1069 1155 1125 1201 et
1170 1148 1214 1199 si
1254 1147 1384 1200 'victi
1430 1146 1649 1211 fuerint,
1692 1146 1930 1199 invident
1971 1161 1985 1197 :

422 1230 593 1284 inanis
623 1232 816 1299 quippe
846 1235 1029 1300 gloria:
1060 1236 1234 1303 cupidi
1265 1245 1411 1290 sunt.
1443 1234 1684 1302 Fratres,
1716 1248 1760 1288 et
1786 1236 1831 1289 si
1859 1250 1991 1305 pra:-

422 1332 693 1388 occupatus
716 1324 868 1393 fuerit
898 1326 1047 1379 homo
1076 1329 1126 1379 in
1156 1329 1326 1399 aliqua
1356 1327 1542 1382 delicto
1571 1343 1589 1381 :
1618 1345 1702 1381 vos
1728 1330 1810 1396 qui
1839 1328 1991 1394 spiri-

420 1412 547 1463 tales
566 1413 1017 1483 estis,hujusmodi
1037 1418 1265 1469 iusti-uite
1290 1419 1339 1470 iu
1367 1420 1550 1485 spiritu
1581 1418 1819 1470 leuitatis.
1854 1419 1991 1470 Prte-

423 1499 632 1554 vcuitur
681 1502 905 1556 humana
961 1506 1217 1574 fragiluas
1271 1508 1322 1562 iu
1379 1509 1704 1572 levioribus,
1759 1522 1875 1575 qua:
1925 1521 1991 1560 ex

424 1592 692 1659 insperato
726 1596 1041 1665 contingunt
1072 1616 1085 1651 :
1116 1608 1368 1654 caeterum
1410 1615 1516 1654 non
1550 1610 1635 1655 est
1684 1597 1992 1668 praeventio,

425 1684 513 1737 ubi
553 1684 750 1753 aliquid
796 1704 916 1742 cum
943 1692 1167 1745 consilio
1196 1693 1285 1746 diu
1333 1693 1584 1747 meditato
1623 1692 1994 1757 committitur,

2085 600 2224 653 cauti
2256 600 2460 654 veniam
2493 602 2762 671 largietur.
2794 603 2849 658 Si
2881 606 2993 673 quis
3021 622 3140 671 ergo
3184 624 3335 679 usque
3376 615 3431 666 ad
3455 630 3578 671 senc-

2085 702 2223 747 ctam
2254 694 2304 747 in
2338 695 2635 764 virginitate
2664 701 3029 767 permanserit,
3078 700 3301 769 ignoscat
3317 704 3360 757 ei
3380 708 3455 773 qui
3478 709 3578 760 ado-

2089 781 2357 837 lescentiae
2387 784 2614 851 quodam
2645 785 2822 840 calore
2851 791 3097 857 deceptus
3123 802 3215 853 cst,
3235 794 3387 843 sciens
3414 799 3582 860 quantis

2088 872 2488 927 difficultatibus
2532 875 2673 928 illam
2723 878 2993 931 transierit
3038 887 3257 935 :etatem.
3302 882 3350 936 Si
3388 888 3485 951 quis
3511 902 3583 953 pro

2089 964 2320 1017 nominis
2347 963 2547 1018 ChriSti
2599 965 2935 1021 confessione
2972 969 3226 1023 cruciatus
3270 969 3315 1024 in
3358 978 3582 1027 tormentis

2090 1054 2281 1108 viderit
2310 1057 2608 1125 quempiam
2636 1055 2943 1124 denegasse,
2976 1060 3307 1125 compatietur
3334 1062 3583 1117 vulneribus

2092 1146 2357 1213 negatoris
2376 1183 2390 1210 ,
2418 1155 2470 1199 et
2501 1160 2609 1200 non
2633 1154 2738 1199 tam
2771 1147 2917 1200 illum
2947 1146 3166 1212 victum,
3189 1164 3331 1216 quam
3359 1165 3410 1205 se
3436 1153 3585 1208 vicisse

2022 1308 2023 1311 η
2093 1236 2331 1290 miretur.
2363 1237 2633 1291 Cautelam
2665 1253 2873 1308 quoque
2908 1239 3181 1294 scribentis
3208 1244 3458 1309 attendite,
3492 1250 3585 1312 quia

2095 1339 2196 1378 non
2216 1326 2373 1380 dixit:
2394 1325 2749 1382 Considerans
2780 1338 2851 1393 te,
2879 1345 2947 1385 ne
2977 1341 3029 1385 et
3057 1342 3107 1386 tu
3138 1332 3302 1396 cadas,
3332 1339 3410 1389 sed
3435 1354 3446 1389 :
3473 1356 3523 1390 ne
3548 1349 3586 1391 ιιι

2094 1424 2254 1471 tentet
2268 1415 2333 1469 is.
2352 1416 2497 1471 Vinci
2518 1419 2727 1487 quippe,
2749 1419 2829 1472 vel
2849 1419 3081 1489 vincere,
3101 1423 3325 1490 adjutore
3342 1424 3435 1477 Deo
3454 1429 3493 1477 in
3518 1444 3587 1479 ttu-

2096 1513 2203 1560 stra
2228 1515 2589 1575 estpotestate.
2610 1508 2873 1563 Craterum
2898 1511 3091 1564 tentari
3112 1514 3157 1564 in
3184 1519 3415 1580 potestate
3438 1524 3589 1568 ιοιιιςιιι-

2099 1594 2163 1647 tis
2181 1608 2260 1649 est
2285 1616 2297 1651 :
2322 1595 2367 1650 si
2385 1598 2526 1650 enim
2554 1597 2798 1653 Salvator
2825 1608 3055 1654 tentatus
3083 1611 3181 1664 est,
3200 1603 3307 1669 quis
3333 1616 3479 1670 Wleal
3501 1622 3589 1659 esse

2098 1701 2315 1742 securus
2339 1688 2651 1743 intentatum
2669 1704 2727 1745 se
2748 1692 2869 1744 vita:
2892 1691 3048 1760 hujus
3069 1692 3227 1745 maria
3252 1694 3485 1747 transire?
3506 1694 3589 1748 Non

428 1789 531 1827 non
565 1775 670 1829 illis
699 1777 825 1831 dicit
853 1780 941 1848 qui
972 1796 1076 1834 non
1106 1782 1313 1835 fuerant
1335 1784 1595 1850 persuasi,
1630 1790 1816 1836 utnon
1848 1796 1995 1834 man-
2029 1781 2074 1837 Β
2099 1791 2225 1845 61⁸80
2256 1777 2447 1832 Ρίιυιιιε
2486 1778 2732 1848 desperat
2778 1781 3041 1848 εθιιιιοιης
3085 1785 3174 1839 5υά
3205 1800 3396 1839 manum
3425 1787 3591 1855 porrigi

426 1877 579 1921 suete
606 1871 878 1939 corrigant
905 1885 1220 1939 praeventos.
1254 1874 1440 1928 Sciens
1468 1876 1659 1928 Paulus
1682 1874 1795 1943 ejus
1824 1874 1916 1928 Dei
1937 1888 1993 1928 se

427 1971 548 2011 esse
569 1958 848 2027 cultorem,
873 1964 962 2032 qui
991 1965 1154 2018 nollet
1179 1977 1401 2018 mortem
1430 1966 1742 2033 peccatoris,
1769 1966 1862 2020 sed
1887 1980 1996 2033 pae-

431 2048 703 2103 nitentiam
729 2091 743 2115 ,
773 2062 827 2107 et
867 2070 1079 2108 onmem
1123 2067 1417 2109 creaturam
1440 2096 1454 2120 ,
1485 2056 1606 2110 licet
1638 2070 1741 2109 non
1788 2053 1997 2123 peccet,

432 2148 605 2193 tamen
638 2156 794 2208 posse
842 2158 1094 2211 peccare,
1144 2161 1263 2199 eum
1314 2161 1526 2215 quoque
1568 2146 1655 2215 qui
1702 2144 1996 2213 Spiritualis

430 2239 535 2294 est,
566 2232 877 2287 cohortatur
901 2238 979 2290 sui
1011 2238 1219 2304 timore,
1247 2253 1311 2292 ne
1330 2246 1530 2306 peccet,
1559 2247 1611 2293 et
1633 2253 1844 2292 manum
1874 2253 1996 2305 por-

432 2320 603 2391 rigere
625 2327 888 2380 corruenti
920 2341 935 2380 :
960 2335 1012 2381 et
1034 2329 1249 2395 pulchre
1272 2326 1691 2399 prmoccupatu'm
1722 2329 1773 2383 in
1801 2328 1996 2384 delicto

433 2411 702 2469 hominem
732 2428 913 2481 vocat,
955 2420 1043 2488 qui
1082 2421 1217 2473 mori
1265 2421 1465 2490 possit,
1510 2437 1574 2477 ex
1622 2424 1736 2489 ipso
1785 2422 1996 2476 nomine

433 2504 767 2574 fragilitatem
817 2511 1136 2567 conditionis
1187 2513 1474 2567 ostendens
1504 2554 1518 2577 ,
1586 2525 1643 2567 ut
1694 2513 1884 2577 dignus
1929 2512 1998 2565 sit

432 2596 605 2661 venia,
634 2599 723 2666 qui
756 2600 897 2654 telut
924 2600 1083 2655 homo
1111 2617 1294 2656 errore
1323 2604 1597 2672 deceptus,
1629 2611 1683 2657 et
1712 2616 1916 2656 mersus
1943 2601 1994 2654 in

433 2694 757 2756 Vni-agnem,
799 2690 1029 2759 seipsum
1061 2694 1178 2748 sine
1207 2694 1406 2747 auxilio
1434 2704 1488 2748 et
1514 2694 1754 2762 adjutore
1792 2694 1997 2759 erigere

433 2792 538 2830 non
570 2780 755 2846 possit.
788 2779 1086 2836 Notandum
1114 2823 1127 2847 ,
1157 2783 1297 2853 quod
1339 2799 1443 2840 non
1480 2785 1709 2853 peccatis
1740 2783 1994 2851 pluribus,

432 2868 526 2921 sed
548 2870 637 2937 qui
665 2870 792 2924 vitio
814 2870 990 2939 aliquo
1012 2882 1408 2942 praeoccupatus
1430 2873 1647 2935 erravit,
1669 2873 1740 2926 illi
1769 2873 1997 2931 lenitatis

434 2959 679 3025 spiritum
726 2971 778 3015 et
833 2963 1256 3017 mansuetudinis
1311 2965 1363 3018 in
1410 2964 1742 3019 correctione
1796 2964 1995 3031 peccati

435 3049 721 3114 Spit'itttalis
747 3053 1029 3118 adhibeat,
1064 3070 1131 3109 ne
1162 3054 1387 3124 rigidus,
1425 3068 1493 3108 ne
1523 3055 1685 3107 iratus
1720 3062 1772 3105 et
1797 3053 1958 3106 tristis
1978 3096 1993 3119 ,

2097 1867 2421 1937 deprecanti,
2446 1878 2498 1924 et
2526 1882 2777 1941 quantum
2813 1874 2865 1928 in
2896 1889 2957 1930 se
2985 1885 3085 1941 est,
3112 1876 3197 1932 llet
3223 1894 3332 1931 eum
3361 1878 3510 1941 flente,
3533 1899 3591 1931 lli-

2101 1960 2341 2013 lirmatur
2364 1974 2484 2015 cum
2511 1960 2723 2016 infirmo
2743 2004 2757 2029 ,
2785 1978 2984 2034 suaque
3011 1966 3207 2034 judicat
3234 1970 3388 2023 aliena
3409 1981 3591 2038 percita.

2099 2050 2203 2103 Istc
2225 2065 2316 2117 per
2345 2050 2655 2105 charitatem
2687 2052 2939 2123 adimplet
2971 2055 3141 2125 legero
3171 2058 3385 2123 Christi,
3416 2075 3509 2126 qua:
3534 2059 3591 2112 lex

2096 2150 2179 2193 est
2210 2157 2221 2191 :
2255 2140 2365 2194 lloc
2394 2151 2475 2195 est
2508 2141 2810 2196 mandatum
2841 2158 3019 2198 meum
3041 2186 3055 2210 ,
3087 2154 3143 2199 ut
3164 2147 3373 2217 diligatis
3397 2148 3591 2201 invicem.

2097 2233 2175 2298 Qu
2196 2252 2222 2282 ιτ
2251 2234 2332 2286 lex
2362 2232 2479 2286 Filii
2523 2234 2613 2288 Dei
2661 2236 2778 2289 est?
2823 2236 3038 2307 Diligite
3075 2239 3387 2303 alterutrum,
3423 2239 3595 2299 sicutct

2097 2334 2196 2389 ego
2222 2321 2381 2375 dilexi
2414 2336 2529 2377 vos.
2561 2324 2658 2389 Qui
2691 2324 3029 2381 clementiam
3076 2344 3176 2383 non
3223 2330 3399 2394 haLct,
3435 2347 3511 2383 nec
3535 2332 3592 2383 in-

2096 2413 2254 2466 dutus
2277 2421 2359 2466 cst
2386 2415 2586 2468 viscera
2615 2416 2994 2473 misericordia:
3018 2432 3072 2474 et
3095 2420 3435 2492 lacrymarunt,
3456 2439 3593 2491 quam-

2097 2504 2179 2557 vis
2205 2504 2458 2572 spiritalis
2486 2507 2583 2567 sit,
2615 2522 2715 2559 nou
2749 2508 3005 2577 adimplet
3047 2511 3211 2583 legem
3239 2512 3429 2566 Christi.
3454 2514 3533 2566 Sed
3555 2527 3593 2565 et

2098 2595 2141 2648 si
2173 2597 2291 2661 quis
2319 2595 2557 2649 inli:rnus
2588 2598 2637 2649 in
2671 2596 2773 2651 fide
2814 2608 2893 2651 est
2920 2639 2934 2664 ,
2959 2609 3018 2653 et
3043 2603 3211 2655 adhuc
3257 2603 3378 2657 lacte
3419 2604 3592 2655 nutritur

2099 2683 2369 2750 infantiae,
2403 2700 2499 2739 nec
2527 2696 2700 2756 potest
2735 2698 2838 2741 tam
2875 2691 2983 2743 cito
3036 2706 3063 2745 a
3108 2691 3257 2762 legali
3296 2694 3593 2748 observatione

2100 2776 2164 2829 ad
2194 2776 2448 2844 spiritalia
2486 2790 2816 2834 sacramenta
2866 2785 3094 2838 transire
3125 2800 3139 2837 :
3166 2799 3256 2839 vos
3282 2785 3362 2852 qui
3390 2785 3594 2838 robustio-

2099 2881 2186 2922 res
2206 2869 2352 2933 estis,
2371 2868 2487 2937 ejus
2508 2885 2666 2923 onera
2692 2881 2893 2939 portate
2917 2890 2930 2925 :
2954 2888 3022 2928 ne
3043 2889 3132 2942 per
3152 2876 3403 2931 scientiam
3420 2886 3593 2929 vestram

2102 2957 2265 3011 frater
2294 2968 2475 3027 pereat
2496 3004 2508 3026 ,
2545 2974 2638 3027 pro
2671 2977 2776 3030 quo
2805 2962 3052 3018 Christus
3092 2976 3171 3021 est
3202 2976 3432 3021 mortuus.
3461 2967 3596 3021 Portat

2100 3066 2309 3121 quoque
2337 3051 2515 3108 fratris
2543 3059 2933 3129 necessi'atem,
2962 3061 3060 3132 qui
3088 3072 3350 3134 gratuitum
3372 3077 3596 3135 pauperem

435 3143 706 3209 corrigere
726 3145 897 3215 cupiat
927 3156 1197 3204 errantem
1228 3164 1242 3200 :
1269 3147 1359 3205 sed
1378 3156 1633 3219 provocet
1659 3160 1782 3203 eum
1810 3154 2000 3219 εινοιιιρ
2025 3142 2072 3209 C
2101 3155 2264 3201 onere
2285 3144 2532 3217 egestatis
2561 3145 2792 3218 adjuvat,
2816 3162 2869 3207 et
2900 3153 3029 3207 facit
3059 3155 3157 3209 sibi
3182 3157 3365 3211 amicos
3388 3156 3443 3211 de
3460 3156 3597 3222 iniquo

436 3237 501 3287 ad
541 3238 799 3304 salutem,
833 3243 1038 3296 veniam
1070 3243 1447 3312 repromittens
1482 3261 1494 3295 :
1533 3252 1588 3297 et
1625 3240 1819 3296 Christi
1852 3240 1995 3295 testi-

437 3343 674 3381 monium
724 3330 995 3397 proferat,
1046 3348 1151 3402 quo
1197 3334 1343 3403 gravi
1386 3333 1518 3403 legis
1561 3342 1614 3389 et
1662 3344 1995 3401 peccatorum

437 3437 600 3478 onere
622 3424 904 3491 depressos
925 3426 987 3481 ad
1012 3428 1195 3496 jugum
1218 3444 1369 3483 suum
1400 3443 1579 3493 suave,
1599 3437 1653 3482 et
1675 3427 1788 3482 leve
1817 3426 2002 3480 invitet

439 3527 576 3567 unus
605 3529 619 3565 :
651 3523 708 3568 ut
748 3515 916 3570 discat
960 3519 1082 3586 quia
1113 3518 1327 3574 humilis
1354 3520 1453 3585 sit,
1484 3527 1538 3573 et
1569 3518 1746 3581 mitis,
1772 3526 1825 3570 et
1854 3533 2002 3575 matt-

439 3611 621 3656 suetus
641 3603 825 3670 corde,
844 3606 1390 3677 ctinveuiatrequiem
1417 3608 1607 3661 animm
1629 3621 1760 3661 sum.
1783 3606 2004 3660 Utamur

443 3695 545 3752 hoc
571 3698 875 3755 testimonio
903 3701 1156 3757 adversus
1185 3702 1490 3767 hmreticos,
1525 3702 1613 3770 qni
1638 3701 1876 3755 diversas
1910 3701 2003 3753 lin-

441 3795 627 3855 gentes
648 3788 871 3853 fabulas,
899 3800 1083 3845 natura
1108 3793 1258 3845 aiunt
1281 3792 1573 3859 spiritalem
1596 3802 1714 3845 esse
1735 3790 2003 3854 arborem,

441 3886 497 3931 et
541 3892 809 3946 nunquam
840 3880 1008 3935 malos
1047 3881 1237 3936 afferre
1282 3880 1498 3935 fructus.
1532 3881 1670 3935 Ecce
1699 3882 2003 3949 Apnsloltts,

443 3969 595 4034 cujus
623 3979 678 4023 et
724 3971 823 4036 ipsi
852 3973 1217 4027 auctoritatem
1246 3982 1571 4043 sequuntur,
1617 3973 1747 4027 dicit
1785 3988 1876 4027 eos
1920 3972 2006 4041 qui

444 4061 708 4129 spiritales
731 4073 855 4118 sunt
881 4080 1033 4133 posse
1058 4082 1280 4134 peccare
1299 4110 1313 4135 ,
1342 4069 1384 4121 si
1410 4083 1505 4136 per
1533 4067 1861 4122 altitudinem
1893 4085 2008 4122 cor-

445 4152 530 4206 dis
554 4153 632 4205 sui
666 4154 912 4208 inflentur
958 4164 1013 4210 et
1058 4167 1327 4212 corruant.
1376 4158 1525 4226 Quod
1573 4168 1627 4213 et
1666 4174 1762 4214 nos
1804 4176 2011 4227 quoque

448 4242 707 4308 fatemur,
734 4254 789 4298 et
812 4261 905 4299 eos
938 4263 1147 4316 quoque
1177 4250 1439 4317 spiritales
1474 4249 1588 4303 fieri
1620 4253 1662 4302 si
1695 4251 1758 4302 ad
1792 4253 2009 4305 meliora

448 4342 804 4387 revertantur.
832 4337 1034 4402 Upponi
1068 4347 1167 4403 pot
1190 4347 1241 4391 st
1279 4338 1407 4392 illud
1437 4332 1597 4407 quod'
1616 4340 1679 4393 ad
1707 4341 2012 4396 Corinthios

449 4420 698 4473 scribitur
729 4439 742 4473 :
768 4422 903 4487 Quid
927 4424 1115 4477 vultis?
1142 4428 1191 4477 in
1219 4410 1365 4496 virga
1390 4427 1599 4482 veniam
1628 4429 1692 4482 ad
1723 4446 1832 4492 vos,
1862 4447 1925 4481 an
1960 4430 2010 4482 in

2105 3252 2424 3291 mammona.
2460 3239 2795 3294 Considerata
2840 3244 3059 3312 tcipsum
3085 3287 3098 3310 ,
3149 3263 3209 3300 ne
3260 3259 3301 3300 et
3338 3258 3384 3299 tu
3424 3245 3598 3299 tentcrit.

2101 3328 2234 3394 Quia
2262 3340 2316 3385 et
2343 3339 2395 3383 tu
2430 3330 2587 3385 homo
2615 3346 2702 3399 es,
2730 3342 2782 3387 et
2814 3343 2963 3402 potes
2992 3336 3048 3389 in
3080 3337 3248 3413 aliqqu
3273 3338 3539 3405 prmvctiiri,
3563 3338 3603 3388 et

2101 3422 2366 3491 adjutorio
2394 3423 2648 3494 indigere.
2685 3424 2809 3481 Sani
2854 3427 2993 3481 cnim
3039 3429 3267 3484 infirmos
3290 3430 3540 3495 sustinent,
3564 3436 3604 3480 ct

2104 3523 2342 3566 mortuos
2388 3514 2652 3582 sepeliunt
2697 3531 2712 3571 :
2755 3516 2875 3583 quia
2922 3526 2975 3571 et
3025 3518 3125 3587 ipsi
3174 3518 3407 3572 inﬁrmari
3436 3518 3604 3573 ctmeri

2107 3619 2261 3674 posse
2289 3619 2347 3660 se
2373 3607 2613 3660 credunt.
2645 3606 2784 3659 Alter
2808 3607 3020 3661 alterius
3060 3626 3211 3662 onera
3250 3621 3443 3677 portate.
3487 3607 3606 3661 Verbi

2105 3699 2276 3767 gratia
2331 3715 2343 3750 :
2398 3698 2533 3751 iram
2572 3697 2750 3753 fratris
2785 3709 2838 3753 tu
2869 3700 3140 3769 portabis,
3172 3717 3283 3756 cum
3320 3710 3368 3755 tu
3410 3699 3610 3753 adu-rsus

2107 3806 2227 3844 eum
2267 3805 2369 3842 non
2402 3791 2665 3847 irasceris.
2696 3791 2759 3846 Et
2790 3807 3002 3847 rursum
3042 3813 3056 3847 :
3103 3796 3176 3849 Eo
3218 3803 3433 3863 tempore
3463 3807 3547 3860 quo
3574 3799 3613 3841 te

2110 3878 2184 3932 ira
2217 3881 2696 3948 prazoccupaverit,
2753 3882 2839 3937 ille
2884 3893 2933 3938 te
2978 3884 3196 3941 lenitate
3220 3896 3271 3941 et
3298 3880 3614 3951 tranquillitate

2111 3978 2404 4038 supportct.
2437 3970 2593 4024 Certe
2622 3972 2702 4026 vel
2734 3972 2777 4025 si
2821 3976 2937 4042 quis
2970 3975 3022 4029 in
3054 3992 3112 4030 se
3142 3976 3483 4044 loquacitatem
3510 3970 3614 4022 \itC‘

2112 4059 2206 4125 rit,
2238 4069 2289 4113 et
2322 4060 2664 4128 pertinaciam
2696 4062 2931 4116 nondum
2964 4065 3180 4132 vicerit,
3206 4067 3332 4119 alius
3358 4076 3467 4116 vero
3487 4060 3619 4111 adhuc

2114 4152 2331 4220 loquax,
2380 4154 2471 4207 scd
2508 4155 2614 4222 jam
2648 4156 2883 4224 pertinax
2918 4175 3021 4212 non
3073 4162 3141 4213 sit
3174 4177 3185 4213 :
3219 4158 3363 4213 debet
3399 4156 3474 4209 ille
3500 4151 3619 4218 hujus

2114 4247 2514 4315 loquacitatem,
2543 4260 2597 4303 et
2627 4250 2727 4303 iste
2760 4251 2899 4303 illius
2941 4253 3311 4321 pertinaciam,
3349 4250 3496 4305 donec
3522 4243 3620 4297 illud

2117 4340 2168 4393 in
2199 4342 2309 4403 illo,
2339 4353 2390 4394 et
2415 4341 2514 4396 hoc
2539 4343 2590 4395 in
2620 4345 2721 4397 isto
2744 4358 2979 4410 sanetur,
3002 4349 3117 4402 chai
3135 4348 3255 4401 itate
3279 4357 3480 4415 portare.
3503 4338 3623 4392 Etsic

2116 4430 2450 4499 adimplcbitis
2490 4434 2645 4501 lcgcut
2696 4434 2901 4491 Christi.
2936 4437 3039 4490 Lex
3082 4438 3270 4491 Christi
3311 4435 3513 4490 chari'as
3538 4438 3622 4487 est.

450 4509 709 4563 eltaritate
752 4520 805 4564 et
848 4512 1032 4579 spiritu
1080 4516 1535 4569 mansuetudinis?
1580 4518 1633 4571 Si
1672 4519 1811 4572 enim
1844 4520 1913 4571 ibi
1948 4520 2009 4572 ad
2044 4515 2092 4573 D
2118 4517 2246 4574 dicit
2271 4521 2410 4573 enim
2446 4539 2456 4575 :
2492 4524 2789 4576 Mamlatum
2815 4542 3009 4579 novum
3043 4528 3110 4581 du
3134 4528 3297 4592 vobis,
3335 4536 3386 4579 ut
3416 4538 3493 4576 vos
3517 4519 3620 4573 iuvi-

454 4610 758 4669 peccatores
800 4619 902 4656 non
950 4606 999 4657 in
1059 4606 1242 4672 Spiritu
1304 4610 1757 4676 mansuetudinis,
1817 4612 1907 4665 sed
1964 4612 2016 4664 in

452 4709 593 4761 virga
643 4693 822 4747 venire
868 4712 926 4749 se
970 4696 1133 4763 dicit,
1177 4699 1442 4766 quomodo
1492 4715 1628 4753 nunc
1674 4702 1776 4754 illis
1829 4704 1915 4770 qni
1966 4702 2015 4754 in

449 4786 625 4853 aliquo
657 4796 870 4855 peccato
899 4790 1146 4855 praeventi
1179 4790 1390 4853 fuerint,
1423 4806 1525 4843 non
1558 4792 1753 4859 virgam
1785 4793 2013 4849 adhibet.

450 4878 543 4930 Sed
587 4878 826 4943 spiritum
875 4881 1339 4935 mansuetudinis?
1370 4881 1561 4935 Verum
1609 4880 1673 4934 ad
1706 4897 1796 4934 eos
1828 4883 2020 4935 dicitur

455 4968 544 5034 qui
589 4977 705 5035 post
745 4980 1014 5036 peccatum
1069 4988 1172 5024 non
1222 4973 1511 5027 sentientes
1557 4986 1790 5027 errorem
1842 4989 2016 5038 suum,

455 5057 703 5113 nolebant
729 5077 777 5113 m
810 5062 1016 5129 juribus
1046 5065 1155 5116 suis
1191 5062 1345 5117 sobdi
1375 5073 1428 5117 et
1465 5063 1774 5131 ptenitent'a
1806 5064 2015 5130 corrigi.

461 5155 555 5209 Ubi
588 5168 716 5208 vero
745 5165 985 5220 peccator
1016 5154 1310 5223 intelligens
1344 5153 1535 5207 vulnus
1563 5168 1716 5208 suum
1736 5195 1748 5215 ,
1781 5153 1935 5206 tradit
1962 5169 2020 5208 se

457 5244 664 5299 medico
690 5243 1010 5307 curandum,
1047 5244 1115 5295 ibi
1147 5258 1249 5296 nou
1281 5253 1363 5298 est
1390 5245 1535 5311 virga
1567 5256 1671 5297 neci
1695 5242 1892 5307 ssaria,
1925 5244 2018 5295 sed

454 5336 672 5405 spiritus
704 5332 953 5388 lenitatis.
984 5333 1086 5386 Sed
1116 5343 1167 5386 et
1209 5334 1335 5387 illud
1380 5335 1512 5388 forte
1538 5335 1790 5403 quaeritur
1823 5352 1836 5388 :
1867 5334 2017 5399 Q'tt:d

453 5429 497 5484 si
546 5436 826 5496 propterea
873 5425 1136 5477 instruere
1184 5424 1298 5488 quis
1344 5426 1531 5479 debeat
1583 5434 1910 5493 peccatorem
1967 5426 2016 5477 in

452 5519 641 5585 spiritu
674 5516 916 5572 leuitatis,
947 5513 1065 5582 quia
1098 5511 1397 5566 consideret
1423 5529 1502 5579 se,
1538 5531 1603 5567 ne
1649 5523 1701 5567 et
1747 5516 1856 5581 ipse
1905 5524 2020 5566 ten-

453 5618 627 5674 tetur,
666 5623 791 5675 ergo
816 5607 1019 5674 justus,
1051 5606 1136 5673 qui
1170 5603 1235 5658 de
1263 5618 1355 5657 sua
1387 5615 1562 5658 certus
1593 5617 1673 5659 est
1702 5612 1899 5667 tuente,
1932 5607 2018 5674 qui

453 5696 556 5749 scit
584 5710 687 5749 non
720 5711 872 5763 posse
902 5710 958 5749 se
988 5695 1090 5749 labi
1118 5736 1131 5762 ,
1165 5710 1268 5748 non
1317 5692 1545 5748 instruet
1591 5710 1712 5764 pecc
1753 5707 1918 5750 torem
1970 5699 2017 5752 in

2118 4625 2232 4664 ctim
2262 4612 2494 4680 diligatis
2524 4613 2661 4665 sicut
2697 4629 2793 4682 ego
2841 4616 2996 4668 dilexi
3043 4634 3153 4671 vos.
3201 4617 3332 4670 Nam
3366 4616 3406 4667 si
3430 4612 3524 4682 quis
3545 4608 3625 4661 eri-

2118 4702 2285 4754 stimat
2320 4718 2371 4753 se
2398 4702 2593 4770 aliquid
2634 4720 2768 4764 esse,
2800 4720 2913 4755 Cum
2963 4707 3086 4757 nihil
3133 4708 3232 4772 sit,
3264 4707 3361 4772 ipse
3387 4720 3433 4755 se
3456 4698 3623 4753 seducit.

2119 4792 2217 4854 Qui
2248 4807 2305 4843 se
2343 4799 2489 4857 putat
2528 4807 2629 4843 non
2664 4807 2818 4858 posse
2861 4795 3072 4858 tentati,
3106 4795 3216 4847 sive
3257 4794 3365 4862 plus
3391 4792 3448 4843 de
3472 4804 3519 4840 se
3541 4787 3626 4839 lau-

2120 4882 2264 4935 danti
2293 4896 2381 4937 se.
2416 4896 2571 4949 quam
2606 4898 2716 4935 sua}
2741 4884 3080 4939 conscientiae
3109 4884 3306 4949 credit,
3336 4881 3537 4948 seipsum
3562 4887 3627 4925 se-

2122 4973 2286 5027 ducit.
2319 4972 2372 5025 Si
2404 4971 2521 5040 quis
2550 4988 2652 5025 non
2683 4973 2793 5025 vult
2820 4988 2979 5027 out-ra
3008 4976 3176 5029 aliena
3215 4980 3411 5043 portare
3431 5014 3443 5037 ,
3486 4973 3533 5021 et
3554 4964 3628 5016 iut-

2124 5061 2422 5115 miserieors
2449 5074 2546 5114 suo
2570 5070 2768 5114 tantum
2795 5078 2957 5131 opere
2983 5072 3038 5118 et
3064 5063 3253 5117 virtute
3273 5065 3520 5114 Contentus
3545 5060 3624 5107 est.

2123 5169 2226 5205 non
2256 5134 2498 5219 quaerens
2527 5167 2644 5221 qua:
2675 5149 2844 5207 aliena
2873 5162 3015 5220 sunt,
3042 5154 3131 5207 sed
3157 5169 3267 5222 quae
3294 5166 3378 5204 sua
3409 5167 3419 5200 :
3448 5151 3530 5199 hoc
3546 5150 3623 5201 cal.

2123 5243 2205 5298 sui
2233 5251 2433 5296 tantum
2457 5249 2664 5295 amator
2693 5251 2747 5296 et
2774 5259 2877 5297 non
2909 5244 3065 5297 etiam
3092 5244 3204 5309 Dei,
3240 5243 3343 5310 ipse
3371 5254 3421 5292 se
3446 5235 3623 5287 selluwl.

2127 5334 2265 5402 Opus
2295 5344 2460 5386 autem
2484 5350 2631 5386 suum
2672 5335 2840 5399 probet
2884 5335 3236 5404 unusquisque.
3273 5332 3362 5396 Qui
3403 5322 3624 5380 conscien-

2125 5427 2247 5479 tiam
2274 5426 2433 5479 habet
2452 5426 2627 5493 operis
2655 5425 2798 5490 boni,
2831 5434 2884 5479 et
2911 5427 3141 5495 s-ipsum
3170 5424 3500 5478 causiderans.
3524 5428 3625 5478 υΡιιδ

2123 5532 2274 5570 suum
2301 5531 2403 5569 non
2431 5515 2769 5584 reprehendit
2790 5556 2803 5579 ,
2834 5531 2935 5569 uo.i
2967 5517 3121 5570 debet
3149 5515 3210 5567 de
3239 5514 3327 5565 hoc
3357 5507 3475 5577 apud
3498 5502 3623 5597 aliut-ll

2124 5608 2357 5676 gloriari,
2383 5615 2437 5662 et
2468 5606 2672 5661 laudem
2703 5622 2855 5660 suam
2885 5610 3023 5661 foras
3052 5604 3283 5668 fundere,
3309 5611 3356 5656 et
3381 5607 3625 5689 commutti-

2125 5714 2245 5753 cate
2272 5714 2389 5753 cum
2422 5697 2641 5765 cunctis,
2672 5705 2726 5751 et
2746 5711 2809 5751 ex
2839 5698 3101 5752 hominum
3135 5705 3359 5767 qua-rere
3387 5691 3536 5741 lavere
3558 5696 3619 5745 ta-
