3910 6174
271 309 382 366 605

1120 306 1183 363 IN
1223 307 1603 365 EPISTOLAM
1642 310 1732 365 AD
1771 309 2087 367 GALATAS
2125 308 2642 368 COMMENTARIA.

3419 318 3523 375 606

265 422 523 476 ctantiam
550 437 563 473 :
591 420 685 476 sed
709 419 760 474 in
783 417 1071 488 semetipso
1096 419 1286 476 habeat
1312 421 1554 489 gloriam,
1576 430 1631 475 et
1657 422 1800 476 dicat
1830 440 1841 474 :
1875 424 1923 484 Α
1952 434 2156 477 merces
2182 421 2276 478 Dei
2325 424 2379 477 in
2424 433 2683 479 internum
2734 436 2928 481 manet.
2976 428 3368 484 ludcllcientem
3397 447 3525 501 ergo

266 512 392 565 Mihi
419 511 562 565 absit
584 511 827 579 gloriari,
874 511 971 565 nisi
1005 512 1054 564 in
1086 526 1244 565 cruce
1283 511 1490 565 Domini
1522 513 1688 566 nostri
1717 514 1843 569 Jesu

261 600 488 666 Christi,
516 616 610 671 per
634 616 790 667 quem
820 600 1046 655 mundus
1077 590 1202 653 mihi
1229 602 1515 656 crucifixus
1542 611 1641 666 est,
1665 610 1721 657 et
1746 619 1846 673 ego

264 695 484 753 mundo.
514 694 611 758 Qtti
644 693 864 762 gloriam
893 694 1090 761 quaerit
1118 694 1180 745 ab
1207 694 1397 750 altero.
1423 696 1543 747 huic
1573 709 1667 748 nec
1694 710 1845 763 mun-

264 788 367 841 dus
388 788 672 840 crue’ttixus
692 793 794 848 est,
815 801 910 839 nec
927 786 1210 840 crucilixus
1233 794 1316 839 est
1342 788 1454 854 ipse
1468 803 1588 840 eum
1611 788 1843 842 Christo.

268 877 489 944 llecepit
518 879 712 945 quippe
738 877 878 947 quod
916 878 1189 945 qurerebat
1214 878 1281 930 ah
1317 877 1619 933 hominibus
1646 894 1846 935 merce-

265 967 390 1021 dem
419 983 590 1021 suam.
617 968 679 1020 Et
706 969 778 1021 sic
806 968 859 1021 in
879 969 1147 1036 semetipso
1169 978 1363 1022 tantum
1388 969 1605 1040 gloriam
1627 968 1845 1035 habebit,

264 1071 313 1112 ct
341 1076 438 1111 non
469 1060 520 1111 in
549 1060 729 1113 altera.
760 1058 816 1113 lu
847 1073 940 1113 sua
984 1060 1310 1113 conscientia
1334 1097 1353 1125 ,
1399 1077 1502 1114 non
1546 1061 1599 1115 itt
1628 1061 1846 1115 alterius

265 1149 591 1204 adulatione.
626 1149 751 1203 Item
784 1149 939 1203 aliter
970 1166 985 1205 :
1015 1148 1125 1204 Hoc
1168 1157 1252 1205 est
1300 1160 1506 1218 portare
1547 1154 1719 1206 oleum
1757 1167 1845 1207 se-

265 1255 393 1293 cum
429 1260 442 1292 :
475 1256 578 1293 non
610 1256 673 1292 cx
702 1240 875 1293 aliena
917 1239 1071 1294 laude
1103 1241 1333 1307 pendere
1374 1259 1385 1292 :
1420 1242 1514 1296 sed
1549 1234 1704 1311 quam
1736 1243 1848 1310 glo-

265 1330 405 1382 riam
434 1329 483 1381 in
510 1344 568 1383 se
597 1330 832 1395 habebit,
860 1330 959 1382 nisi
1008 1330 1058 1382 in
1107 1346 1226 1382 eum
1271 1331 1354 1384 cui
1400 1331 1592 1386 dicitur
1620 1349 1635 1384 :
1668 1332 1845 1387 Gloria
1888 1316 1893 1321 ’

269 1434 413 1483 met,
444 1426 497 1473 et
535 1420 775 1473 exaltans
815 1426 973 1485 caput
1019 1420 1232 1473 meum?
1261 1421 1347 1489 qui
1386 1422 1449 1489 gl:
1474 1421 1642 1475 riatur
1672 1422 1721 1475 iu
1752 1436 1847 1476 sua

269 1510 507 1578 iustitia,
552 1526 656 1563 non
709 1510 760 1562 in
805 1509 976 1563 alieno
1019 1520 1256 1578 peccato.
1286 1511 1424 1564 Nihil
1456 1511 1595 1564 enim
1640 1512 1849 1580 prolicit

270 1616 370 1668 per
398 1601 615 1653 alterius
644 1599 1041 1665 detrimen'uut,
1076 1617 1174 1656 nec
1201 1618 1268 1655 ex
1299 1602 1436 1656 illius
1462 1603 1655 1658 delicto
1686 1606 1737 1656 in
1761 1604 1848 1659 die

264 1690 456 1760 judicii
482 1705 551 1757 qu
571 1697 678 1742 into
706 1700 785 1745 est
809 1690 1001 1757 justinr
1028 1692 1323 1760 apparebit.
1347 1692 1696 1761 Unusquisque
1713 1696 1848 1748 enim

1942 511 2199 579 justitiam
2227 514 2535 570 indeiiciens
2559 517 2832 584 praemium
2855 518 3206 587 subsequetur
3230 538 3243 574 :
3268 523 3355 591 qui
3384 523 3524 577 enim

1947 608 2366 671 perseveraverit
2396 622 2561 677 usque
2579 609 2629 662 in
2658 610 2835 671 linem,
2870 611 2953 663 hic
2978 612 3154 665 salvus
3181 616 3303 667 erit.
3326 614 3527 668 Cohor-

1947 699 2092 747 tatur
2138 709 2231 749 eos
2260 696 2324 749 ad
2347 698 2579 751 studiqu
2613 701 3044 767 perseverantiae,
3078 700 3167 767 qui
3208 704 3257 755 in
3290 706 3389 757 hac
3419 706 3525 757 vita

1947 783 2249 837 mercedem
2291 785 2419 839 boni
2458 788 2636 855 operis
2675 796 3031 854 eXSpectant:
3077 790 3374 844 nescientes
3401 793 3522 860 quia

1946 872 2085 925 sicut
2110 874 2161 926 iu
2189 877 2392 929 semine
2418 877 2562 930 aliud
2591 878 2814 931 sationis
2834 918 2849 943 ,
2888 879 3030 932 aliud
3063 881 3252 933 messis
3278 890 3359 934 est
3394 890 3527 934 tem-

1949 976 2068 1029 pus,
2086 963 2164 1017 sic
2188 971 2245 1018 et
2269 965 2322 1018 itt
2348 968 2592 1034 pra-senti
2616 968 2720 1020 vita
2746 970 2999 1025 sementis
3022 979 3103 1023 est
3130 983 3288 1036 opera
3306 984 3424 1037 quae
3445 970 3527 1021 vel

1947 1050 2001 1106 in
2022 1054 2211 1122 Spiritu
2232 1056 2316 1110 vel
2340 1057 2394 1109 in
2419 1071 2581 1111 carne
2602 1067 2891 1112 metuntur.
2919 1059 3105 1113 Messis
3136 1075 3259 1113 vero
3290 1058 3525 1113 futurum

1942 1142 2232 1212 judicitm;
2276 1153 2341 1205 et
2373 1161 2468 1212 pro
2508 1147 2764 1215 qualitate
2801 1148 2884 1201 vel
2915 1148 3227 1202 diversitate
3275 1151 3531 1204 sementis

1948 1230 2184 1284 diversas
2214 1247 2317 1284 non
2356 1231 2531 1287 facere
2577 1250 2872 1300 messuras,
2901 1236 3281 1299 centesimum,
3308 1252 3529 1305 sexage-

1948 1322 2163 1385 simum,
2195 1333 2247 1377 ct
2274 1324 2599 1392 trigesimum
2631 1325 2858 1380 iructum
2887 1344 2899 1379 :
2924 1344 3079 1397 quam
3102 1337 3337 1398 segetem
3369 1345 3527 1382 nemo

1950 1421 2123 1481 potest
2153 1422 2354 1467 metere
2384 1415 2502 1468 detit
2523 1416 2660 1470 iens.
2691 1417 2791 1489 Qui
2818 1420 2957 1471 enim
2992 1422 3425 1487 perseveraverit,
3471 1431 3528 1473 ut

1948 1517 2105 1571 supra
2150 1504 2349 1557 dictum
2389 1513 2491 1571 est,
2533 1522 2701 1574 usque
2751 1510 2802 1561 in
2851 1510 3030 1573 linem,
3074 1509 3159 1563 hic
3200 1510 3378 1563 salvus
3403 1514 3526 1565 erit.

1954 1594 2119 1659 Quale
2147 1605 2228 1648 est
2252 1604 2448 1660 autem,
2482 1606 2537 1649 ut
2558 1614 2675 1650 cum
2715 1610 3019 1668 peceatores
3041 1600 3275 1668 quotidie
3296 1603 3347 1652 itt
3378 1603 3530 1655 matis

1950 1686 2205 1750 nperlhus
2244 1699 2536 1756 augeantur
2562 1729 2577 1753 ,
2627 1704 2725 1743 nos
2774 1690 2825 1741 in
2866 1690 3004 1742 bona
3052 1704 3214 1757 opere
3248 1692 3529 1746 lassemur.

268 1796 402 1833 onus
429 1796 576 1833 suum
608 1780 844 1847 portabit.
875 1782 930 1835 Si
961 1798 1065 1835 untt
1099 1783 1322 1851 quisque
1367 1800 1502 1839 onus
1547 1801 1697 1836 suum
1728 1801 1844 1853 por-
1880 1792 1922 1849 Β
1955 1774 2198 1843 Tempore
2218 1779 2351 1831 enim
2380 1795 2472 1831 suo
2499 1788 2734 1831 metemus
2757 1797 2855 1831 non
2884 1780 3190 1844 deﬁcientes.
3221 1779 3365 1832 Nunt:
3397 1792 3529 1833 teut-

269 1870 427 1932 tabit,
458 1869 592 1923 alter
630 1869 844 1923 alterius
872 1885 1033 1923 onera
1076 1878 1287 1937 portare
1334 1888 1445 1927 non.
1482 1874 1694 1941 poterit.
1744 1874 1848 1926 Sed

269 1958 560 2012 videndum
603 1961 739 2026 quod
789 1959 858 2012 ibi
898 1961 1234 2030 praeceperit,
1263 1969 1321 2015 ut
1350 1971 1631 2031 peccantes
1671 1963 1720 2015 in
1752 1965 1851 2016 hac

270 2048 383 2103 vita
415 2064 510 2102 nos
540 2049 764 2103 invicem
796 2058 1159 2106 sustentemus
1179 2093 1193 2118 ,
1223 2054 1349 2105 etin
1384 2055 1627 2120 praesenti
1655 2056 1851 2107 samulo

270 2139 589 2192 alterutrum
621 2140 822 2192 auxil;o
848 2140 1033 2193 simus.
1059 2140 1151 2193 llic
1174 2151 1352 2194 autem
1383 2142 1449 2194 de
1479 2142 1682 2195 Domini
1711 2144 1851 2197 dicat

272 2230 331 2285 iu
355 2230 744 2285 resurrectione
761 2230 981 2297 judicio,
998 2232 1137 2299 quod
1162 2246 1265 2285 non
1288 2248 1351 2285 ex
1373 2234 1591 2286 alterius
1615 2245 1846 2299 tecrato,

272 2336 303 2376 s
339 2321 371 2375 d
393 2322 548 2391 juxta
574 2328 814 2375 nostrum
844 2339 979 2391 opus
1004 2325 1174 2381 simus
1201 2326 1488 2392 reuepturi,
1522 2327 1569 2377 in
1594 2326 1679 2381 die
1705 2325 1847 2393 judi-

272 2417 343 2469 cii
375 2416 473 2470 hoc
499 2431 529 2470 e
560 2416 616 2469 it.
648 2415 777 2468 Nam
815 2415 900 2469 hic
929 2425 1208 2484 peccantes
1257 2418 1308 2470 in
1358 2418 1453 2470 hac
1494 2418 1597 2470 vita
1628 2420 1850 2471 invicem

274 2521 376 2561 nos
403 2517 757 2561 sustentemus
782 2524 794 2560 :
823 2517 877 2561 et
898 2507 1013 2561 ideo
1044 2508 1175 2561 dixit
1202 2525 1216 2562 :
1248 2509 1474 2562 lnvit‘cm
1493 2524 1653 2563 onera
1679 2517 1850 2561 vestra

274 2606 515 2668 portate,
555 2604 659 2652 etc.
709 2597 855 2652 Onus
903 2614 1056 2652 suum
1106 2600 1357 2668 portabit.
1406 2600 1518 2653 Non
1550 2601 1690 2653 enim
1720 2615 1852 2654 onus

273 2695 394 2763 ejus
420 2694 532 2747 laus
558 2694 762 2748 auferet
782 2693 1078 2747 seducenti.
1106 2693 1447 2748 Communicet
1490 2705 1659 2747 autem
1700 2695 1742 2746 is
1767 2694 1852 2760 qui

273 2786 621 2840 catecltizatur
648 2784 794 2840 verba
818 2787 864 2839 ei
889 2787 975 2855 qui
998 2787 1342 2845 secutae/iisut
1360 2788 1411 2841 in
1439 2789 1665 2841 onmibus
1687 2789 1851 2841 bonis.

276 2878 645 2932 Communicet
670 2876 782 2931 sive
805 2877 1106 2931 obedientia
1124 2923 1136 2944 ,
1162 2879 1325 2933 verbo
1342 2917 1357 2941 ,
1384 2886 1440 2933 et
1464 2879 1668 2932 actibus
1688 2923 1702 2946 ,
1736 2879 1853 2932 imi-

278 2968 501 3033 tatione,
524 2966 636 3022 sive
657 2966 946 3021 substantia
970 2968 1170 3033 vietus;
1198 2969 1335 3036 quia
1358 2969 1623 3037 magistris
1644 2969 1853 3035 spirita-

276 3061 348 3115 lia
374 3060 631 3128 accipitis,
686 3061 952 3129 magistris
988 3063 1218 3115 carnalia
1258 3063 1508 3131 praebete.
1559 3062 1732 3116 Nolite
1773 3080 1852 3116 er-

1956 1882 2049 1934 pus
2076 1868 2374 1921 seminandi
2402 1880 2503 1936 est,
2536 1886 2640 1922 non
2670 1871 2899 1923 metendi
2930 1887 2943 1922 :
2977 1884 3079 1921 nou
3110 1885 3236 1937 ergo
3268 1870 3352 1923 hic
3393 1885 3531 1922 mer-

1952 1959 2136 2012 cedem
2182 1972 2417 2014 nostram
2448 1977 2749 2030 qumramus
2789 1961 3057 2029 accipere;
3104 1978 3202 2015 nec
3246 1964 3418 2016 hieme
3450 1972 3530 2015 te-

1957 2064 2080 2100 nera
2124 2049 2283 2117 herba
2325 2050 2543 2105 dimissa
2590 2058 2642 2104 tu
2689 2052 2956 2119 praesenti,
2988 2061 3043 2104 ttt
3073 2052 3183 2104 hinc
3234 2054 3393 2107 herba
3426 2068 3530 2104 non

1957 2148 2242 2203 prematur,
2268 2147 2321 2192 et
2353 2156 2455 2192 non
2485 2140 2553 2193 sit
2590 2156 2709 2209 qua:
2749 2140 2799 2192 in
2828 2143 3002 2193 futuro
3040 2151 3285 2193 metatur.
3322 2141 3533 2193 Dicetur

1955 2228 2095 2280 enim
2121 2230 2273 2281 nobis
2300 2246 2312 2282 :
2345 2231 2641 2297 ltecepistis
2666 2231 2801 2283 bona
2832 2240 3006 2283 vestra
3039 2232 3088 2282 itt
3123 2231 3223 2282 vi:a
3256 2239 3445 2281 Vestra.
3468 2229 3535 2281 Et

1957 2321 2142 2374 iterum
2166 2340 2178 2373 :
2201 2322 2493 2388 Recepistis
2511 2323 2806 2376 mercedem
2831 2333 3077 2376 vestram.
3108 2322 3243 2390 Ergo
3266 2322 3386 2373 dum
3408 2331 3535 2372 tem-

1956 2429 2048 2479 pus
2097 2412 2353 2475 habemus,
2406 2430 2673 2480 operemur
2717 2412 2901 2465 bonum
2946 2414 3013 2464 ad
3060 2429 3247 2465 omnes.
3302 2411 3534 2481 Tempus

1955 2504 2233 2567 sementis,
2270 2512 2327 2556 ut
2371 2503 2627 2569 diximus,
2671 2512 2876 2571 tempus
2920 2513 3002 2557 est
3050 2518 3309 2584 prmseus,
3341 2514 3394 2555 et
3428 2504 3533 2557 vita

1957 2607 2114 2660 quam
2158 2596 2423 2647 currimus
2456 2610 2469 2647 :
2506 2595 2557 2647 itt
2607 2594 2704 2647 hac
2740 2594 2865 2648 licet
2910 2594 3063 2648 nobis
3109 2592 3248 2662 quod
3292 2594 3534 2647 volumus

1957 2685 2244 2738 seminare.
2279 2684 2412 2738 Cum
2442 2686 2542 2740 ista
2574 2684 2675 2738 vita
2706 2685 3011 2750 transierit,
3041 2682 3294 2753 Operandi
3327 2693 3537 2750 tempus

1956 2778 2242 2838 auferetur,
2270 2776 2387 2828 sive
2413 2786 2753 2843 :vgrotemus,
2774 2777 2886 2829 sive
2914 2777 3029 2829 sani
3049 2778 3216 2829 simus
3242 2790 3255 2826 ε
3285 2773 3531 2840 humiles,

1956 2866 2036 2917 ve'.
2067 2873 2338 2933 potentes;
2373 2864 2663 2933 ignobiles,
2689 2865 2775 2919 vel
2804 2864 3079 2925 honorati;
3109 2869 3425 2929 esurientes,
3454 2871 3535 2915 at;-

1957 2970 2061 3024 que
2102 2967 2419 3021 vescentes,
2464 2956 2640 3009 omnia
2683 2956 2735 3008 in
2775 2957 2989 3009 nomine
3038 2955 3243 3008 Domini
3284 2971 3403 3007 cum
3445 2970 3533 3020 pa-

1958 3048 2144 3101 tientia
2184 3058 2238 3101 et
2278 3048 2672 3121 mquanimitate
2713 3048 2997 3115 faciamus,
3038 3058 3089 3101 et
3136 3048 3435 3116 implebitur
3480 3047 3533 3101 in

276 3166 415 3203 rare.
447 3149 585 3204 Deus
604 3168 707 3203 non
732 3151 991 3205 irridetur.
1027 3152 1193 3207 liotuo
1228 3163 1401 3220 pOIt'Sl
1436 3169 1465 3206 a
1493 3166 1737 3221 serpente
1762 3155 1851 3210 Dei

1959 3138 2109 3193 nobis
2135 3139 2263 3193 illud
2307 3139 2448 3208 quod
2490 3141 2743 3207 scriptum
2782 3147 2867 3194 est
2906 3157 2917 3191 :
2963 3138 3311 3208 Diligentibus
3355 3148 3531 3191 autem

278 3243 565 3296 vindictam
617 3242 1132 3312 negante,irtideri,
1182 3244 1319 3299 sicut
1364 3244 1493 3297 Eva.
1543 3245 1671 3299 Nam
1715 3247 1855 3301 Deus

279 3334 496 3388 exhibet
525 3334 662 3402 quod
694 3335 975 3403 promittit.
1011 3334 1137 3388 Nam
1168 3346 1225 3389 ut
1251 3352 1460 3390 omnem
1488 3337 1683 3391 diaboli
1709 3345 1856 3392 astu-

281 3426 409 3479 tiam
434 3426 731 3481 excluderet
759 3471 772 3495 ,
796 3428 1025 3495 amplius
1051 3427 1177 3481 Adae
1199 3436 1254 3482 et
1286 3429 1409 3482 Eva:
1442 3428 1667 3483 reddidit
1696 3444 1852 3498 quam

280 3520 542 3588 promisit.
578 3520 641 3573 Et
662 3520 812 3574 uxori
841 3520 995 3583 Loth,
1026 3518 1182 3574 etiam
1213 3519 1349 3589 quod
1378 3534 1481 3573 non
1513 3520 1853 3588 prardixerat,

283 3611 426 3663 fecit.
456 3610 581 3676 Qua:
609 3612 743 3664 enim
785 3612 1101 3665 seminaverit
1144 3611 1321 3675 homo,
1350 3612 1459 3665 Iure
1500 3624 1547 3665 et
1594 3622 1758 3665 metet.
1795 3614 1857 3666 Et

281 3711 536 3767 quantum
572 3701 934 3755 seminaverit.
969 3699 1221 3764 Quoniam
1254 3702 1336 3770 qui
1365 3700 1579 3753 seminat
1615 3701 1667 3754 in
1708 3717 1858 3754 carne

277 3806 408 3855 sua,
436 3792 498 3841 de
527 3807 676 3844 carne
702 3799 851 3844 metet
879 3791 1273 3858 corruptionem.
1310 3791 1411 3857 Qui
1441 3804 1588 3860 spem
1618 3790 1765 3860 ponit
1803 3792 1857 3845 in

279 3882 685 3935 circumcisione
715 3880 940 3946 carnali,
972 3881 1053 3935 vel
1089 3882 1174 3950 qui
1208 3882 1331 3935 vitia
1361 3883 1586 3935 seminat
1621 3882 1672 3934 in
1703 3881 1858 3948 Spiri-

284 3973 371 4024 tali
400 3973 805 4025 conversatione
825 4013 839 4035 ,
873 3971 956 4026 vel
1000 3973 1051 4025 in
1083 3972 1203 4025 tide.
1242 3974 1337 4037 Qui
1367 3983 1533 4026 autem
1560 3972 1773 4025 seminat
1805 3971 1856 4023 in

279 4064 494 4133 spiritu,
524 4066 584 4117 de
611 4065 793 4130 spiritu
839 4073 989 4117 metet
1027 4066 1177 4115 vitam
1213 4073 1472 4117 a‘ternam.
1521 4064 1687 4115 Omne
1717 4062 1855 4131 quod

282 4155 296 4205 Ι
333 4156 563 4221 quimur,
612 4169 676 4222 ag
700 4169 838 4219 mus,
880 4153 1190 4221 cogitamus,
1238 4154 1287 4206 in
1320 4154 1524 4207 duobus
1566 4152 1859 4206 seminatur

278 4246 454 4314 agris,
486 4261 644 4300 carne
675 4254 728 4300 et
755 4246 940 4314 spiritu
971 4246 1061 4301 :‘si
1093 4247 1226 4301 bona
1273 4257 1391 4299 sunt
1426 4261 1474 4314 q'
1498 4261 1542 4298 ω
1573 4246 1636 4297 de
1665 4261 1820 4297 manu
1842 4284 1857 4311 ,

278 4337 464 4403 eorde,
478 4353 571 4393 ore
587 4349 914 4407 promuntur,
932 4339 1187 4393 seminata
1207 4338 1255 4390 in
1280 4337 1490 4405 Spiritu,
1510 4336 1626 4389 vita:
1645 4350 1858 4391 te'erna:

280 4431 540 4483 i'uctibus
586 4429 952 4484 redundabant
986 4447 999 4483 :
1032 4430 1075 4482 si
1108 4429 1240 4482 mala
1291 4430 1357 4481 ab
1395 4444 1521 4498 agro
1562 4429 1735 4482 carnis
1765 4444 1859 4482 ex-

1961 3232 2121 3285 Deutn
2163 3231 2341 3285 omnia
2392 3238 2748 3299 c00perantur
2788 3230 2840 3283 in
2883 3231 3099 3285 bonum.
3146 3228 3295 3295 Quod
3344 3228 3388 3281 si
3439 3244 3535 3282 nos

1956 3331 2168 3391 Oportet
2216 3323 2268 3376 in
2321 3331 2543 3376 cunctos
2591 3320 2957 3375 indiﬂ'erenter
3005 3321 3337 3374 liberalitatis
3389 3318 3535 3373 frena

1958 3414 2164 3477 laxare,
2195 3422 2393 3481 quanto
2427 3414 2592 3481 magis
2622 3412 2675 3466 in
2708 3412 3028 3468 domesticos
3058 3411 3198 3475 tidei,
3223 3421 3276 3464 et
3307 3412 3357 3463 in
3383 3409 3534 3463 Chri-

1957 3504 2179 3570 stianos,
2204 3502 2294 3570 qui
2323 3501 2567 3555 eumdem
2598 3502 2795 3555 habent
2823 3512 3046 3571 patrem,
3072 3512 3127 3556 et
3151 3500 3389 3571 ejusdem
3422 3515 3533 3552 ma-

1957 3593 2107 3662 gistri
2138 3592 2495 3661 appellatione
2516 3592 2837 3647 censentur?
2863 3591 3083 3646 Videtur
3113 3591 3239 3644 mihi
3268 3590 3413 3643 locus
3434 3589 3534 3643 iste

1959 3700 2115 3755 posse
2142 3683 2509 3752 superioribus
2534 3683 2826 3747 cobmrere,
2858 3692 2912 3736 ut
2935 3682 3194 3735 domestic
3220 3697 3256 3734 is
3281 3679 3400 3732 lidei
3423 3695 3531 3731 ma-

1959 3780 2155 3848 gistros
2183 3777 2450 3840 nominet;
2485 3776 2677 3844 quibus
2707 3788 2869 3843 supra
2909 3776 3087 3829 Omnia
3129 3790 3245 3842 qua:
3286 3779 3529 3841 putantur

1961 3869 2095 3921 bona
2118 3868 2185 3920 ab
2205 3866 2532 3919 auditoribus
2556 3866 2664 3918 suis
2684 3865 2917 3934 jusserat
2942 3864 3252 3918 ministrari.
3282 3865 3530 3919 Ultimum

1957 3960 2214 4013 sementis
2251 3956 2352 4011 hoc
2394 3969 2599 4026 tempus
2637 3966 2749 4021 est,
2787 3955 3105 4010 festinemus
3144 3970 3269 4025 ergo
3319 3971 3531 4023 campos

1958 4063 2145 4102 mnues
2175 4063 2392 4113 serere,
2425 4058 2477 4101 et
2509 4048 2737 4102 maxime
2768 4062 2861 4101 eos
2890 4047 2975 4116 qui
3009 4054 3133 4101 sunt
3163 4048 3413 4101 uberrimi
3445 4064 3531 4101 rc-

1963 4140 2200 4209 pleamus
2229 4157 2244 4197 :
2282 4156 2347 4193 ne
2372 4140 2683 4206 incipiamus
2713 4149 2950 4207 tempore
2980 4140 3229 4193 messium
3262 4141 3377 4193 aliis
3404 4158 3532 4209 epu-

1963 4231 2190 4284 lautibus
2223 4231 2449 4285 esurire.
2494 4229 2719 4284 Maxime
2754 4240 2921 4284 autent
2952 4231 3019 4283 ad
3048 4233 3345 4286 domestirov
3389 4236 3530 4302 ﬁdei.

1964 4322 2024 4375 Et
2047 4321 2265 4389 Judtcis,
2294 4329 2350 4376 et
2376 4323 2614 4390 paganis,
2644 4331 2803 4391 atque
2829 4322 3165 4390 Christianis,
3190 4332 3247 4379 et
3276 4326 3446 4392 bouis,
3479 4339 3532 4379 et

1963 4415 2115 4467 malis
2138 4414 2558 4468 misericordiam
2590 4413 2864 4482 Lciamus,
2898 4430 2962 4469 ne
2986 4416 3059 4469 eis
3091 4416 3227 4485 quod
3259 4416 3398 4470 Deus
3429 4435 3531 4473 non

278 4538 319 4575 c-
345 4534 453 4591 pta,
486 4522 839 4589 corruptionis
889 4522 1039 4575 nobis
1079 4534 1310 4589 segetem
1345 4520 1695 4589 pullulabunt.
1726 4520 1852 4574 Item

1961 4516 2115 4575 negat
2141 4505 2466 4573 denrgemus
2496 4522 2509 4558 :
2540 4505 2768 4558 maxime
2796 4516 2969 4559 tamen
3000 4507 3060 4559 iis
3089 4508 3174 4576 qui
3208 4509 3527 4575 peculiarem

279 4617 435 4668 aliter
461 4633 472 4666 :
497 4615 595 4682 Qui
626 4616 793 4684 legem
815 4615 1103 4669 carnaliter
1125 4614 1387 4683 intelligit,
1415 4613 1852 4681 repromissiones

279 4721 492 4773 quoque
518 4707 776 4769 carnales,
802 4712 855 4758 et
884 4721 999 4774 qua:
1029 4705 1079 4758 itt
1111 4705 1356 4773 praesenti
1388 4705 1585 4758 smculo
1615 4718 1854 4757 corrum-

281 4791 496 4857 pu'ntur,
525 4795 944 4862 ex-pettat;qui
985 4804 1160 4846 autem
1204 4793 1459 4861 Spiritalis
1498 4792 1708 4860 adjutor
1734 4803 1853 4856 est,

279 4887 504 4938 seminat
531 4887 582 4937 in
605 4889 812 4953 spiritu,
840 4894 892 4938 et
914 4885 977 4937 de
1000 4884 1188 4953 spiritu
1216 4893 1374 4938 metet
1399 4885 1555 4936 vitam
1580 4894 1852 4937 teternam.

274 4974 413 5027 Illud
438 4975 600 5027 e.iam
630 4974 1044 5037 obsetvandum,
1072 4972 1209 5042 quod
1241 4974 1328 5042 qui
1356 4974 1582 5026 seminat
1601 4973 1652 5025 in
1678 4987 1857 5035 carne,

281 5083 402 5121 :tttn
448 5067 826 5128 additamenta,
860 5083 977 5133 sua,
1018 5068 1254 5133 ponitur;
1296 5067 1384 5135 qui
1414 5075 1589 5119 autem
1628 5066 1859 5119 seminat

273 5162 334 5213 in
364 5157 578 5224 Spiritu,
603 5173 703 5208 non
731 5158 938 5223 uiuitur,
973 5157 1023 5209 in
1055 5157 1241 5225 spiritu
1266 5173 1383 5223 sue,
1410 5157 1501 5211 sed
1524 5156 1854 5226 simpliciter,

304 5264 335 5299 n
368 5248 557 5313 spiritu
593 5263 607 5299 :
637 5248 723 5315 qui
760 5247 900 5300 enim
930 5249 1062 5300 bona
1089 5248 1335 5313 seminat,
1383 5263 1484 5300 non
1526 5248 1577 5300 in
1626 5263 1722 5301 suo
1749 5250 1857 5316 spi-

281 5339 413 5404 ritu,
458 5341 550 5392 sed
593 5342 643 5393 in
684 5340 777 5393 Dei
816 5342 1043 5408 Spiritu;
1078 5351 1129 5395 et
1160 5342 1277 5395 ideo
1310 5356 1465 5394 nemo
1513 5341 1610 5395 sibi
1660 5341 1854 5407 aliquid

280 5428 512 5492 tribuat,
546 5429 663 5494 quia
686 5428 779 5489 Dei
816 5428 954 5482 dona
986 5437 1146 5492 Sunt,
1180 5445 1506 5497 qni-cunque
1545 5431 1681 5482 bona
1711 5440 1851 5482 sunt.

283 5519 485 5571 limum
523 5530 687 5572 autem
732 5522 966 5588 facientes
1011 5538 1111 5573 non
1140 5523 1453 5588 deﬁciamus.
1500 5521 1648 5573 Sicut
1680 5521 1731 5572 in
1765 5521 1854 5574 lic-

276 5609 583 5663 clesiaStico
623 5610 907 5663 scribitur:
940 5610 1051 5664 Non
1082 5610 1387 5677 iznpediaris
1429 5625 1584 5664 orare
1623 5624 1854 5678 semper,

275 5713 329 5755 et
366 5716 471 5753 nou
497 5702 727 5754 verearis
753 5716 914 5769 usque
938 5701 1001 5755 ad
1027 5713 1245 5755 mortem
1272 5700 1325 5768 ju
1366 5700 1547 5755 ιτίέωιή
1577 5702 1853 5769 :quouiam

1959 4600 2079 4654 ﬁdei
2140 4601 2397 4654 exhibent
2448 4598 2780 4655 famulatum.
2836 4600 3011 4655 Videte
3066 4601 3295 4670 qualibus
3353 4604 3532 4655 litteris

1956 4691 2135 4761 scripsi
2164 4691 2299 4744 vobis
2330 4708 2437 4743 mea
2475 4709 2647 4744 manu.
2692 4691 2969 4760 lntelligite
3010 4709 3166 4760 quam
3219 4693 3531 4747 liducialiicr

1959 4783 2285 4851 scripserim,
2310 4791 2365 4837 et
2386 4785 2650 4837 neminem
2678 4784 3057 4851 pertizuoerim,
3079 4784 3165 4852 qui
3188 4783 3389 4836 litteras
3414 4800 3531 4837 mea

1963 4890 2117 4928 manu
2152 4876 2459 4944 perscripsi.
2508 4876 2799 4941 Quicunque
2848 4876 2980 4927 enim
3028 4875 3200 4925 volunt
3238 4873 3434 4941 placere
3480 4878 3532 4926 in

1962 4984 2136 5020 cerne.
2188 4969 2286 5034 Qui
2336 4967 2534 5021 Juda'is
2578 4966 2879 5021 carnalibus
2934 4966 3140 5034 placere
3189 4965 3528 5033 desiderant,

1962 5060 2134 5114 crucis
2164 5061 2361 5115 Christi
2396 5061 2817 5130 persecutionem
2843 5060 3107 5112 sustinere
3132 5059 3398 5126 timentes,
3427 5079 3529 5115 nott

1964 5150 2381 5218 vcstrte'aliquitl
2411 5150 2563 5203 saluti
2594 5148 2947 5217 providentes.
2988 5147 3059 5201 Ili
3089 5161 3268 5220 cogunt
3309 5166 3391 5204 vos
3434 5154 3533 5204 cir-

1963 5240 2197 5306 cumcidi,
2244 5249 2440 5292 tantum
2486 5250 2540 5292 ut
2584 5240 2746 5291 crucis
2776 5236 2961 5292 Christi
3005 5242 3394 5306 persecutionem
3433 5258 3532 5293 non

1965 5333 2245 5399 patiantur.
2269 5330 2457 5397 Caius,
2488 5331 2574 5399 qui
2611 5338 2665 5385 et
2694 5329 2860 5385 Julius
2899 5329 3108 5395 Caesar,
3138 5344 3187 5384 et
3218 5331 3532 5384 Octavianus

1963 5423 2258 5488 Augustus,
2294 5430 2347 5473 et
2381 5420 2628 5474 Tiberius
2663 5434 2940 5474 successor
2974 5421 3194 5489 Augusti
3227 5422 3368 5488 leges
3414 5436 3531 5488 pro-

1945 5500 2351 5581 .mulgavcrant,
2382 5520 2439 5565 ut
2465 5510 2634 5565 Judazi
2658 5552 2672 5577 ,
2704 5512 2792 5579 qui
2825 5520 2977 5565 erant
3015 5512 3063 5562 in
3099 5518 3207 5562 toto
3251 5511 3381 5563 orbe
3429 5509 3534 5562 lio-

1960 5621 2114 5666 mano
2145 5588 2407 5670 dispersi,
2426 5602 2638 5671 proprio
2668 5604 2769 5656 ritu
2795 5602 3051 5664 viverent,
3076 5612 3129 5654 et
3158 5601 3339 5666 patriis
3368 5615 3529 5657 cuneo

1963 5696 2151 5749 muniis
2185 5698 2439 5749 viverent.
2465 5693 2773 5761 Quicunque
2801 5692 2959 5763 igitur
2998 5691 3342 5749 circumcisus
3388 5704 3528 5762 erat,
