3884 6172
372 344 474 399 CO7

1463 346 1759 402 PRIMASII
1801 346 2250 401 ADRUMETANI
2292 347 2499 404 EPISC.

3511 348 3619 400 603

371 456 499 509 licet
522 456 575 509 in
606 456 872 510 Christum
895 456 1158 523 crederet,
1185 471 1214 509 a
1243 458 1528 525 gentilibus
1552 458 1700 527 quasi
1729 457 1940 510 Judqu
1970 461 2012 516 Α
2046 457 2168 511 cisio
2190 459 2381 529 aliquid
2404 462 2549 524 rotet,
2576 474 2731 529 neque
2754 461 3079 531 pra’pulium,
3102 459 3187 512 sed
3208 475 3335 512 nona
3358 469 3622 512 creatura.

372 545 704 610 trahebatur,
732 556 785 598 et
821 560 976 600 nemo
1015 561 1135 600 eum
1176 548 1592 616 persequebatur
1621 564 1633 599 :
1660 562 1816 615 quam
1847 548 1945 599 cir-

371 634 747 688 cutncisiouem
781 650 920 688 nunc
948 631 1232 701 Apostolus
1259 637 1630 689 ciuilidentiasn
1673 639 1941 699 nom'nat;

372 733 424 775 et
453 722 571 775 ideo
596 724 725 777 dicit
751 742 764 777 :
798 724 1108 793 Quicunque
1138 726 1320 778 volunt
1352 728 1561 793 placere
1593 727 1644 779 in
1670 741 1857 789 carne,
1891 726 1944 779 lii

370 823 566 880 cogunt
591 828 685 868 vos
709 815 1041 879 circumcidi,
1090 822 1289 868 tantum
1320 826 1375 869 ut
1405 817 1575 871 crucis
1599 816 1796 870 Christi
1827 831 1945 884 per-

371 902 700 956 secutionem
733 918 835 956 non
860 904 1144 972 patiantur.
1174 903 1355 970 Neque
1382 908 1514 958 enim
1553 907 1640 975 qui
1678 906 1944 958 circumci-

374 993 565 1044 duntur
596 993 755 1064 legem
798 997 1114 1062 custodiunt,
1156 999 1243 1051 sed
1286 1001 1459 1051 volunt
1508 1014 1593 1051 vos
1629 998 1945 1050 circumcidi.

379 1081 530 1136 Velut
564 1086 608 1137 si
636 1087 966 1141 circumcisio
999 1088 1165 1157 legem
1197 1088 1399 1143 laceret
1434 1090 1725 1153 custodiri,
1750 1089 1946 1156 aliquid

374 1170 643 1241 vidi-retur
666 1162 864 1229 hab'ere
902 1178 1125 1232 rationis
1154 1179 1252 1233 ista
1280 1181 1585 1249 persuasio;
1613 1181 1704 1235 sed
1735 1186 1952 1250 propter

373 1270 639 1318 terrenam
665 1264 995 1336 felicitatem,
1027 1271 1111 1325 vel
1139 1273 1480 1340 cupiditatem
1498 1274 1842 1341 adipiscendi,
1870 1274 1950 1327 vel

379 1353 570 1407 timore
595 1357 901 1418 amittendi;
926 1369 980 1413 et
1016 1360 1134 1413 ideo
1162 1375 1269 1415 non
1304 1376 1430 1415 vere
1471 1362 1799 1427 custodiunt,
1831 1377 1952 1431 quo-

375 1444 517 1496 niam
548 1447 775 1501 carnalis
796 1450 1059 1517 cupiditas
1088 1467 1189 1520 qua
1221 1464 1488 1519 peccatur,
1513 1462 1750 1507 mutatur
1775 1453 1953 1522 potius

373 1551 532 1605 quam
561 1547 802 1606 augetur,
827 1543 1114 1611 cupidi‘ate
1144 1547 1242 1599 alia
1273 1561 1377 1601 non
1405 1556 1622 1602 sanatur
1642 1564 1657 1606 ε
1676 1547 1800 1617 quia
1828 1544 1956 1601 iacit

377 1642 471 1682 eos
490 1630 718 1684 carnalis
740 1633 901 1687 timor
921 1643 975 1687 et
999 1638 1152 1704 caput
1180 1644 1259 1691 tas
1289 1653 1473 1693 servos
1492 1654 1508 1693 :
1526 1638 1645 1709 quia
1670 1638 1954 1693 carnaliter

376 1729 564 1773 cuneta
592 1720 879 1777 observare
902 1740 962 1779 se
1003 1727 1242 1780 credunt.
1281 1728 1347 1782 Ut
1376 1729 1427 1782 in
1466 1745 1617 1783 carne
1653 1737 1816 1783 vestra
1842 1731 1953 1799 glo-

2049 548 2158 603 llnc
2186 559 2422 617 tempore
2451 562 2618 618 neque
2647 549 2976 602 circumcisio
3008 549 3249 616 prodest,
3281 562 3455 615 neque
3485 564 3630 615 prm—

2046 640 2247 705 putium
2273 647 2447 692 nocet.
2477 639 2579 693 Sed
2607 638 2706 692 hoc
2729 640 2901 693 solum
2926 639 3159 708 prodest,
3184 640 3225 693 si
3253 640 3373 709 quis
3400 650 3633 693 renatus

2047 742 2181 781 nora
2205 728 2618 782 conversatione
2644 738 2839 790 utatur,
2868 728 3008 781 sicut
3033 729 3105 781 ait
3134 731 3386 797 propheta
3424 748 3438 783 :
3470 730 3635 783 Inno-

2046 829 2166 874 vate
2202 818 2353 873 vobis
2385 820 2597 873 noralia
2633 836 2645 873 :
2678 830 2733 875 et
2769 834 2837 874 ne
2874 819 3266 875 seminaveritis
3312 823 3364 874 in
3402 821 3582 889 Spinis
3620 841 3631 871 :

2046 909 2409 965 circumcidito
2438 925 2532 964 vos
2558 911 2663 965 Deo
2704 912 2913 977 vestro,
2947 920 3001 965 et
3029 911 3387 973 circumcidito
3414 927 3639 981 prtepu-

2049 1000 2176 1055 tium
2207 1000 2382 1055 cordis
2407 1000 2589 1056 vestri.
2624 999 2688 1054 Et
2717 1000 3002 1071 quicunque
3038 1000 3170 1054 hanc
3197 1002 3425 1071 regulam
3463 1003 3638 1056 secuti

2050 1091 2258 1160 fuerint.
2290 1091 2433 1145 Hanc
2462 1091 2700 1159 regulam
2730 1106 2832 1159 qua
2862 1091 2912 1143 in
2948 1090 3060 1144 sola
3094 1090 3195 1145 [ide
3223 1105 3343 1160 spes
3375 1093 3635 1158 poni-uda

2049 1190 2149 1235 est.
2172 1180 2289 1233 Pax
2310 1197 2461 1251 super
2479 1182 2594 1234 illos
2618 1193 2663 1234 et
2688 1183 3048 1235 misericordia.
3068 1182 3239 1251 Super
3254 1182 3598 1236 Christianos
3621 1197 3634 1236 :

2012 1327 2025 1339 ,
2052 1286 2171 1325 nam
2200 1270 2367 1325 .luda-i
2397 1272 2691 1325 secundum
2733 1287 2945 1326 carnem
2988 1282 3114 1325 sunt
3152 1270 3330 1328 lsrael.
3366 1270 3432 1324 Et
3471 1289 3641 1342 super

2053 1361 2219 1417 Israel
2252 1363 2366 1415 Dei.
2402 1362 2494 1415 Est
2515 1362 2655 1417 enim
2686 1362 2867 1427 Israel,
2893 1372 2950 1418 et
2976 1377 3079 1418 non
3107 1362 3222 1427 Dei,
3252 1363 3300 1416 id
3328 1374 3411 1417 eSt
3434 1378 3641 1417 carna-

2052 1452 2146 1518 lis;
2174 1466 2278 1507 non
2301 1452 2442 1507 enim
2483 1466 2671 1507 omnes
2698 1452 2788 1523 qui
2829 1468 2894 1506 ex
2937 1452 3128 1520 Israel,
3161 1452 3212 1506 hi
3248 1451 3527 1507 lsraeiitaz.
3562 1451 3644 1505 De

2053 1550 2230 1597 cancro
2256 1558 2403 1595 nemo
2433 1542 2557 1594 mihi
2587 1544 2825 1595 molestus
2854 1542 2939 1595 sit.
2978 1542 3145 1596 Nemo
3180 1556 3265 1597 me
3294 1543 3531 1610 amplius
3565 1543 3643 1595 in-

2055 1641 2289 1700 terroget
2318 1635 2467 1701 quasi
2497 1632 2763 1687 dubitans.
2800 1633 3022 1687 Omnem
3053 1633 3193 1687 enim
3236 1635 3517 1687 veritatem
3551 1650 3643 1687 (ιιι

2057 1723 2230 1793 posui.
2278 1723 2387 1794 Ego
2424 1725 2557 1776 enim
2587 1725 2824 1794 stigmata
2856 1721 3056 1776 Domini
3086 1725 3246 1777 nostri
3282 1725 3405 1777 Jesu
3436 1724 3642 1777 Christi

377 1812 589 1863 rientur.
635 1812 758 1868 Sive
806 1816 945 1884 quod
988 1817 1277 1887 discipulos
1326 1821 1391 1875 ad
1431 1835 1489 1876 se
1538 1822 1950 1875 ιιιειηεάυχει-ῑητ,
1987 1807 2030 1866 Β
2056 1814 2108 1866 in
2137 1829 2349 1880 corpore
2379 1829 2485 1866 meo
2516 1823 2683 1882 porto.
2712 1813 2822 1880 Ego
2846 1814 2987 1865 enim
3018 1815 3163 1882 signa
3195 1824 3246 1867 et
3289 1814 3644 1869 characteres

379 1901 513 1956 Mihi
541 1915 703 1958 autent
730 1908 857 1961 absit
886 1910 1114 1976 gloriari.
1146 1913 1245 1964 nisi
1274 1914 1323 1964 in
1355 1929 1521 1966 cruce.
1556 1913 1700 1981 Apud
1719 1913 1951 1969 Μόψος.

380 1990 591 2046 Domini
620 1996 782 2048 nostri
803 1995 926 2050 lein
951 1999 1162 2053 Christi.
1193 2003 1306 2055 Non
1332 2003 1382 2055 in
1412 2004 1621 2072 propria
1642 2006 1845 2071 justitia
1874 2007 1954 2060 vel

378 2078 642 2147 doctrina,
670 2085 761 2138 sed
795 2086 846 2139 in
879 2087 980 2140 lide
1007 2090 1201 2154 crucis,
1234 2106 1336 2158 qua
1369 2092 1495 2146 mihi
1527 2094 1702 2146 omnia
1738 2105 1951 2160 peccata

378 2167 593 2222 dimissa
625 2182 778 2239 sunt,
815 2183 872 2227 ut
900 2190 999 2243 ego
1040 2178 1235 2231 mundo
1277 2196 1558 2237 morerer:
1606 2194 1656 2236 et
1705 2183 1791 2235 ille
1827 2183 1954 2237 mihi

380 2258 526 2311 solus
550 2267 719 2327 potest
752 2264 801 2315 in
824 2277 982 2318 cruce
1008 2264 1205 2319 Christi
1236 2267 1449 2338 gloriari
1474 2310 1487 2333 ,
1515 2270 1603 2339 qui
1637 2270 1769 2325 toilit
1799 2286 1915 2325 eam
1936 2313 1952 2338 ,

379 2349 698 2415 ctsequitur
719 2346 1050 2407 Salvatorem
1074 2396 1088 2419 ,
1122 2355 1210 2423 qui
1249 2359 1513 2413 Crucilixit
1552 2375 1767 2414 Carnem
1807 2377 1952 2415 suam

378 2451 498 2492 cum
523 2438 663 2494 vitiis
684 2450 740 2496 et
759 2446 1231 2514 concupiscentiis;
1261 2449 1618 2517 qni'murtuus
1639 2461 1719 2505 est
1736 2454 1954 2520 mundo,

380 2538 437 2583 ct
473 2544 580 2584 non
617 2535 1005 2603 cantemplatur
1033 2552 1095 2590 ea
1124 2553 1241 2607 que
1272 2541 1515 2595 videntur
1537 2583 1549 2604 ,
1581 2544 1672 2598 sed
1700 2560 1817 2611 qua:
1847 2560 1952 2597 non

380 2619 645 2675 videntur.
678 2621 778 2677 Per
796 2642 941 2695 quem
973 2627 1095 2680 mihi
1118 2631 1335 2684 mundus
1363 2634 1635 2700 cruci/itus
1662 2645 1756 2699 est,
1788 2643 1832 2688 et
1863 2650 1955 2705 ego

382 2711 596 2768 mundo.
629 2714 886 2771 Mortuus.
919 2715 985 2771 In
1017 2718 1216 2773 Christo
1242 2724 1374 2774 enim
1405 2722 1527 2776 Jesu
1556 2740 1712 2791 neque
1742 2727 1954 2777 circum-

396 2817 1313 2858 Μ

1272 2852 1313 2871 'a.‘

1316 2836 1639 2859 mm

865 2849 1265 2858 ,_e_-___________

2057 1919 2161 1957 non
2194 1903 2637 1972 circumcisionis,
2660 1905 2753 1959 sed
2780 1919 2890 1959 erui
2909 1905 2953 1958 is
2977 1921 3071 1972 per
3094 1906 3393 1973 passionem
3424 1907 3476 1960 in
3507 1923 3645 1963 cor—

2056 2008 2186 2065 pore
2208 2009 2326 2049 meo
2346 1994 2665 2049 circumfero
2684 2037 2697 2061 ,
2722 2006 2772 2049 et
2793 1996 2972 2065 plagas
2999 1997 3079 2050 vel
3109 1996 3329 2063 ﬂagella,
3360 2014 3478 2065 quae
3507 2013 3644 2068 pro-

2060 2094 2176 2153 pter
2225 2085 2494 2139 Christum
2544 2086 2789 2139 sustinui.
2822 2086 2999 2139 Gratia
3049 2085 3255 2141 Domini
3302 2089 3465 2142 nostri
3510 2088 3646 2142 Iesu

2022 2172 2247 2231 ’Christi
2274 2192 2386 2230 cum
2417 2177 2598 2247 spiritu
2626 2185 2805 2241 vestro,
2839 2183 3039 2244 fra'res.
3078 2180 3251 2231 Amen.
3299 2180 3486 2233 Snbsc:
3507 2180 3648 2248 iptio

2059 2268 2205 2322 Pauli
2240 2267 2355 2322 talis
2376 2275 2477 2322 est.
2503 2268 2658 2337 Optat
2678 2276 2851 2321 autem
2880 2278 2932 2321 ut
2957 2270 3126 2336 gratia
3151 2285 3270 2323 cum
3297 2270 3374 2325 eis
3402 2272 3646 2336 Domini,

2059 2374 2161 2413 noo
2194 2359 2324 2428 legis
2346 2374 2526 2427 opera,
2553 2359 2837 2413 comitetur
2866 2374 2880 2412 :
2908 2358 3037 2413 Cum
3070 2360 3277 2428 spiritu,
3307 2362 3495 2431 inquit,
3536 2380 3648 2414 non

2059 2452 2112 2504 in
2141 2465 2317 2516 carne,
2353 2450 2404 2503 in
2444 2449 2593 2517 cujus
2622 2450 3026 2506 circumcisione
3051 2453 3344 2519 gloriantur
3371 2469 3399 2507 c
3420 2455 3647 2515 urnales,

2058 2555 2153 2594 vos
2178 2549 2352 2593 autem
2382 2540 2730 2607 Spiritualiter
2752 2541 3047 2596 circumcisi
3077 2542 3231 2605 estis,
3263 2553 3318 2598 ct
3353 2544 3649 2613 Spiritoali-

2062 2639 2144 2684 ter
2169 2629 2575 2684 cuni-ersamini.

1014 2930 1500 3010 EPISTOLA
1573 2932 1866 3010 BEATI
1940 2932 2239 3009 PAULI
2315 2932 2444 3008 AD
2520 2932 3027 3016 EPHESIOS.

881 3095 1433 3188 .ARGUMENTUM.

386 3213 596 3284 Ephesii
619 3218 967 3292 stitit/bidui.
1003 3221 1088 3283 lli,
1119 3235 1320 3292 accepto
1343 3226 1485 3276 vcrbo
1514 3228 1752 3288 raritatis,
1784 3229 1959 3292 persti-

459 3295 623 3360 terunt
652 3288 703 3338 in
729 3288 849 3360 ﬁde.
881 3287 986 3341 llos
1013 3287 1267 3344 collaudat
1306 3295 1597 3360 Apo‘tulus,
1628 3287 1847 3348 scribens
1890 3300 1959 3350 eis

459 3373 493 3436 ξ
522 3357 680 3436 Iloma
714 3358 778 3410 de
819 3375 1035 3436 carcere.
1084 3361 1289 3436 Ephesii
1318 3357 1380 3417 ra:
1414 3357 1610 3417 Judwis
1642 3377 1686 3418 ct
1730 3369 1958 3436 gentibus

458 3425 699 3503 Apostolo
749 3430 1055 3503 mendicante
1106 3425 1462 3503 crediderunt,
1514 3438 1690 3502 quibus
1730 3425 1961 3503 "ﬁrmiter

459 3508 570 3576 stan
597 3498 707 3550 ibus
729 3500 920 3551 scribit.
948 3498 1015 3576 ιιΔ
1034 3502 1280 3576 principio
1299 3498 1761 3576 Epistolailitdwos
1783 3510 1961 3576 appel-

458 3568 570 3644 lans
604 3580 918 3622 sacramenta
953 3569 1141 3644 Christi
1171 3568 1548 3644 incarnationis
1573 3568 1959 3644 c.13p0nit.'l’ost

457 3637 525 3712 ad
553 3647 719 3712 gentes
749 3642 1069 3712 convenitur,
1100 3651 1145 3694 et
1177 3642 1407 3696 hortatur
1434 3655 1484 3695 ut
1525 3637 1680 3698 tantis
1708 3648 1960 3712 lieneﬁciis

460 3707 647 3784 ingrati
669 3724 768 3759 non
797 3710 917 3784 sint.
958 3709 1151 3764 Deinde
1172 3716 1502 3767 communiter
1524 3731 1680 3782 usque
1710 3718 1777 3767 ad
1806 3707 1959 3784 finem

461 3778 674 3829 moralia
700 3780 929 3849 principii
959 3791 1168 3835 statuta.

458 3865 634 3919 CAPUT
665 3882 878 3921 ruinosi.
915 3857 1115 3922 Paulus
1144 3872 1404 3938 apostolus
1439 3873 1622 3927 tihristi
1642 3871 1784 3926 Jcsu.
1815 3874 1961 3929 Sicut

391 3956 638 4008 oninilius
682 3957 934 4026 Epistolis
960 3963 1244 4014 auctoritas
1277 3966 1599 4029 ιιιωιυιιὶιυν
1643 3966 1955 4032 apostolica.

394 4043 496 4097 Per
518 4046 818 4105 voluntatem
845 4050 957 4102 Dei.
987 4050 1308 4106 Subauditur
1339 4054 1504 4105 l‘atris
1530 4071 1541 4104 :
1564 4068 1667 4106 non
1691 4054 1823 4107 meis
1852 4072 1960 4108 mc-

393 4135 528 4188 ritis.
561 4136 760 4189 Sanctis
782 4154 811 4189 ο
832 4157 842 4188 ;
867 4141 1012 4192 nibus
1034 4142 1117 4203 qui
1143 4153 1259 4193 sunt
1285 4141 1492 4209 Ephesi.
1518 4143 1698 4197 Omnis
1726 4156 1958 4209 sanctus,

395 4222 584 4286 lideiis,
621 4240 721 4275 non
767 4227 939 4279 omnis
971 4229 1135 4280 lidelis
1165 4232 1588 4299 sanctus,baptiz
1609 4232 1693 4283 itis
1726 4233 1962 4287 lidelibus

394 4312 508 4363 sive
530 4310 753 4364 tideliter
783 4317 1120 4367 servantibus
1160 4317 1494 4383 sai‘iiiatem
1530 4335 1541 4368 :
1568 4319 1963 4374 eatrcliumcuis

391 4399 481 4465 qui
517 4399 711 4450 habent
742 4400 917 4461 ﬁdem,
954 4403 1074 4468 quia
1100 4406 1341 4467 credunt,
1374 4407 1463 4458 sed
1496 4422 1596 4459 non
1624 4408 1817 4461 habent
1838 4425 1963 4461 sau-

1981 3140 2023 3197 C
2056 3137 2191 3191 dixit
2238 3144 2293 3189 ct
2318 3136 2497 3203 elegit,
2530 3142 2585 3187 ut
2612 3149 2707 3187 nos
2750 3136 2943 3193 facere:
2973 3143 3187 3190 sancto;
3217 3144 3272 3190 ct
3320 3135 3649 3189 immacula-

2062 3236 2144 3281 tos
2176 3246 2189 3280 :
2224 3243 2325 3280 non
2356 3226 2478 3295 quia
2512 3225 2669 3278 futuri
2706 3241 2935 3288 eramus,
2968 3226 3057 3280 sed
3087 3235 3144 3279 ut
3185 3241 3445 3279 essemus.
3483 3226 3651 3280 Sicut

2060 3317 2208 3388 elegit
2238 3332 2327 3368 nos
2350 3318 2397 3367 in
2424 3318 2551 3383 ipso.
2577 3314 2628 3368 In
2656 3316 2864 3367 Christo
2887 3315 3298 3381 prmdcstirrnit.
3332 3317 3462 3368 Ante
3490 3334 3652 3370 mun-

2059 3407 2110 3459 tli
2162 3406 2590 3472 constitutionem,
2635 3416 2687 3456 ut
2740 3422 2959 3458 essemus
3007 3406 3170 3458 sancti
3213 3415 3260 3459 et
3291 3406 3646 3461 inmaculati.

2059 3497 2193 3562 Quia
2222 3496 2337 3550 Deo
2366 3495 2497 3548 nihil
2539 3503 2623 3549 est
2669 3510 2882 3559 novum,
2914 3496 3050 3564 apud
3078 3510 3235 3564 quem
3263 3496 3439 3548 omnia
3483 3510 3653 3552 erant

2061 3594 2340 3654 antequam
2367 3586 2553 3638 tierent
2589 3603 2600 3637 :
2636 3595 2817 3639 nonut
2844 3586 3055 3655 quidam
3098 3588 3382 3651 somniant,
3426 3589 3650 3642 animas

2059 3685 2184 3729 ante
2233 3675 2482 3728 mundum
2525 3676 2575 3727 iu
2613 3666 2948 3730 curloiufsse
2985 3677 3182 3732 electas
3213 3694 3228 3732 :
3260 3681 3350 3732 sed
3395 3679 3648 3733 Ecclesia

2061 3781 2155 3821 sua
2188 3767 2303 3820 sine
2331 3766 2533 3819 muenia
2564 3778 2617 3821 et
2645 3782 2771 3836 ruga
2815 3767 2864 3821 in
2894 3768 2995 3821 illis
3019 3778 3096 3820 est
3129 3769 3456 3835 prarscientia
3488 3784 3643 3837 pne-

2060 3855 2319 3907 destinata
2363 3864 2414 3907 at
2439 3872 2518 3919 ,ue
2547 3855 2734 3921 clecm,
2770 3858 2890 3924 quia
2937 3858 3050 3925 ipse
3080 3859 3287 3922 scitqui
3319 3868 3439 3912 sunt
3488 3859 3644 3929 ejus.

2061 3944 2174 3998 Non
2222 3946 2357 3998 sicut
2401 3944 2668 4013 Pelagiani
2698 3945 2763 3999 de
2795 3947 2893 3999 hoc
2924 3948 3043 4001 loco
3092 3949 3345 4013 sentiunt,
3372 3951 3512 4017 quid
3550 3968 3645 4005 ae-

2062 4034 2226 4103 ceptis
2257 4036 2530 4101 pra-copiis
2562 4035 2760 4102 possint
2791 4035 2905 4087 solo
2938 4038 3103 4093 libero
3129 4038 3348 4091 arbitrio
3375 4053 3494 4092 esse
3528 4042 3641 4093 itu-

2065 4125 2265 4178 macula
2295 4125 2330 4191 i,
2350 4125 2586 4179 dcentes
2613 4142 2626 4178 :
2651 4127 2910 4190 Quoniam
2937 4128 3355 4195 pimseivitDcus
3381 4144 3477 4184 nos
3500 4133 3649 4185 tales

2065 4216 2289 4281 futuros,
2335 4216 2454 4270 ideo
2485 4232 2577 4270 nos
2608 4230 2729 4271 ante
2760 4221 2941 4272 mundi
2971 4221 3400 4291 constitutiouen
3448 4224 3646 4293 elegit,

2066 4320 2115 4363 ct
2149 4308 2541 4373 prmdcstiuzivit
2564 4310 2611 4360 in
2634 4309 2867 4363 Christo.
2904 4311 3005 4365 Sed
3036 4328 3138 4364 non
3166 4314 3235 4364 ita
3259 4321 3360 4378 est,
3393 4328 3491 4367 nec
3512 4319 3646 4381 quia

2067 4400 2271 4452 l‘uturOs
2292 4398 2421 4451 tales
2453 4415 2545 4451 no~
2574 4414 2689 4452 esse
2712 4401 2992 4467 pra‘schit,
3020 4403 3111 4455 sed
3134 4414 3186 4453 ut
3213 4418 3452 4456 essemus
3477 4406 3645 4463 tales.

391 4484 654 4537 ctitatem.
684 4485 749 4538 Et
773 4489 1013 4552 ﬂuctibus
1034 4490 1083 4540 in
1116 4490 1313 4543 Christo
1340 4490 1484 4545 .Icsu.
1510 4494 1606 4559 Qui
1632 4498 1785 4549 licitis
1809 4505 1953 4548 utun»
1993 4501 2041 4558 ι)
2071 4505 2161 4557 per
2192 4490 2357 4557 ipsam
2383 4488 2692 4543 electionem
2717 4494 2899 4558 gratia:
2923 4506 3033 4543 sine
3059 4506 3156 4543 nos
3180 4493 3309 4544 tales
3338 4492 3447 4559 ipse
3474 4496 3648 4546 lactu-

397 4580 503 4625 tur.
534 4570 709 4627 Gratia
742 4580 894 4627 vobis.
928 4577 1127 4631 Subsit.
1162 4578 1224 4631 Et
1264 4598 1365 4643 pax
1388 4600 1416 4632 ω
1461 4582 1563 4634 Ι)εο
1594 4583 1746 4651 l’utre
1790 4595 1962 4637 nostra

394 4674 439 4715 et
470 4660 687 4716 Dot'niuo
717 4664 840 4718 Jesu
869 4665 1088 4720 Christo.
1125 4670 1271 4723 Tunc
1298 4672 1443 4725 Vultis
1486 4675 1585 4726 erit
1622 4676 1809 4741 gratia,
1843 4677 1885 4727 si
1915 4679 1961 4730 ei

397 4769 501 4808 non
527 4748 642 4809 sitis
673 4757 881 4826 ingrati,
916 4768 971 4812 c‘.
999 4760 1223 4814 salutem
1250 4771 1475 4814 vestiam
1504 4780 1604 4816 non
1639 4767 1827 4819 vestris
1856 4784 1963 4822 me.

394 4847 533 4911 iitis,
562 4853 652 4902 si-d
683 4850 797 4918 ejus
827 4852 1011 4918 gratim
1039 4852 1368 4920 deputantes.
1408 4853 1592 4905 l'acem
1626 4871 1748 4908 vero
1777 4871 1962 4909 recon-

396 4940 675 4997 CiilmiOttiS
701 4943 1052 5008 servavimus,
1076 4944 1119 4998 si
1143 4945 1269 4997 nihil
1301 4947 1413 5013 cjns
1450 4948 1669 4998 bonitati
1701 4947 1779 5002 vel
1806 4948 1963 5017 justi-

400 5032 484 5080 tia!
513 5030 761 5101 deinceps
788 5035 1107 5087 contrarium
1142 5036 1416 5089 faciamus.
1452 5033 1715 5091 Consueta
1753 5042 1865 5106 ejus
1887 5048 1970 5094 est

399 5120 647 5174 salutatio
673 5140 685 5175 :
716 5141 835 5177 cum
870 5125 935 5179 ab
962 5135 1184 5195 utroque
1212 5125 1377 5195 gratia
1402 5134 1627 5194 optatur,
1662 5143 1821 5182 unum
1850 5144 1969 5184 esse

401 5218 783 5267 monstrantur.
819 5214 1113 5270 Benedictus
1144 5217 1278 5271 Deus
1300 5228 1345 5271 et
1377 5218 1534 5271 Pater
1567 5220 1770 5272 Domini
1807 5222 1967 5274 nostri

398 5298 521 5353 Jesu
550 5301 757 5354 Christi.
789 5303 832 5355 Λ
863 5304 1104 5360 laudibus
1137 5308 1230 5361 Dei
1256 5308 1456 5376 incipit,
1490 5308 1577 5377 qui
1609 5309 1730 5362 talia
1761 5311 1838 5362 cis
1862 5309 1962 5363 d0-

399 5393 628 5457 naverit,
660 5408 776 5461 qua:
812 5392 1031 5446 inferius
1061 5396 1417 5451 continentur.
1452 5398 1553 5464 Qui
1585 5384 1833 5452 benedixit
1873 5415 1961 5451 nos

399 5485 451 5537 in
475 5485 613 5537 omni
638 5485 998 5538 benedictione.
1033 5485 1143 5538 Non
1174 5485 1225 5539 in
1248 5488 1417 5555 aliqua
1436 5504 1449 5541 :
1467 5490 1538 5541 ita
1556 5489 1758 5543 utnihil
1787 5489 1837 5541 in
1861 5489 1963 5542 ulla
1990 5516 1993 5521 λ

402 5574 566 5640 gratia
590 5575 746 5628 disit.
782 5574 1036 5644 Spiritali.
1081 5574 1195 5628 Non
1225 5578 1423 5630 carnali
1467 5580 1838 5648 prosperitate,
1867 5594 1966 5633 nec

402 5670 610 5717 terrena
641 5665 980 5718 abundantia.
1011 5664 1073 5717 In
1095 5665 1392 5718 caz'eStibus.
1421 5666 1617 5732 Rebus,
1651 5684 1753 5721 non
1785 5668 1833 5721 itt
1861 5675 1967 5722 ter-

406 5757 571 5804 renis.
619 5752 681 5805 In
732 5756 946 5807 Christo.
1004 5756 1056 5809 In
1090 5755 1257 5824 capite
1305 5760 1478 5810 omnia
1522 5758 1753 5811 membra
1804 5758 1965 5813 bene-

2071 4593 2179 4640 rus,
2212 4595 2313 4647 qua
2352 4578 2664 4646 gratilicavit
2693 4579 2745 4631 in
2790 4579 2980 4631 dilecto
3016 4580 3148 4632 Filio
3197 4597 3311 4633 tuo.
3345 4582 3477 4632 (Inui
3505 4599 3651 4651 ergo

2070 4685 2165 4720 tius
2218 4667 2622 4735 pra'ilestinavit,
2674 4682 2806 4735 opus
2852 4685 3004 4721 suum
3059 4672 3341 4738 pra‘s‘ririt,
3390 4688 3495 4739 quo
3538 4691 3651 4729 nos

2068 4768 2279 4812 sanctos
2314 4767 2367 4812 et
2406 4758 2769 4811 iuuuaculatos
2799 4759 2937 4812 facit.
2977 4758 3039 4811 In
3072 4772 3339 4827 conspectu
3365 4764 3475 4830 (ἠως
3504 4774 3554 4815 et
3588 4766 3645 4817 in

2069 4849 2336 4902 charitate.
2370 4850 2479 4901 Non
2521 4849 2810 4902 hominum.
2848 4852 2947 4911 Qui
2980 4852 3351 4918 prcidestinacit
3381 4869 3494 4906 nos.
3530 4855 3651 4909 lioc

2070 4940 2481 5010 prindestinavit,
2519 4953 2571 4994 ut
2604 4941 2930 4996 infundendo
2964 4943 3115 4997 (idem
3150 4944 3286 4997 ﬁlius
3320 4945 3408 4998 Dei
3439 4950 3651 5001 laceret

2071 5048 2256 5088 omnes
2280 5032 2576 5093 credentes.
2617 5034 2986 5103 Loquebantur
3035 5035 3246 5104 quidem
3280 5039 3497 5091 verbum
3548 5040 3647 5094 Dei

2070 5137 2190 5177 cum
2222 5120 2407 5176 tiducia
2431 5121 2572 5176 omni
2602 5123 2797 5177 volenti
2838 5126 3098 5189 credere;
3129 5126 3219 5182 sed
3252 5134 3306 5179 ut
3333 5129 3646 5193 crederent,

2066 5214 2176 5282 jam
2204 5214 2339 5266 Deus
2370 5228 2464 5267 cor
2492 5228 2676 5268 eorum
2710 5214 2977 5284 tetigerat,
3003 5215 3141 5271 sicut
3170 5219 3222 5271 in
3257 5219 3384 5286 ipsis
3413 5219 3647 5299 {ictibus

2071 5303 2295 5372 legimus
2329 5319 2341 5355 :
2379 5302 2443 5355 Et
2480 5302 2705 5357 credidit
2744 5303 2906 5374 Lydia
2937 5308 3272 5377 purpuraria,
3308 5308 3459 5376 cujus
3501 5310 3645 5364 Dens

2067 5392 2272 5461 aperuit
2314 5407 2427 5457 cor,
2458 5402 2513 5446 ut
2544 5394 2857 5463 intelligeret
2882 5411 3001 5464 qua:
3028 5412 3055 5449 a
3099 5396 3258 5450 Paulo
3297 5397 3641 5452 dicebantur.

2070 5483 2133 5537 Et
2163 5500 2176 5536 :
2209 5483 2317 5539 Scit
2342 5484 2590 5538 Dominus
2621 5488 2708 5551 qui
2739 5497 2859 5538 sum
2888 5487 3002 5553 ejus
3023 5497 3115 5551 ;ct
3140 5504 3154 5540 ς
3183 5486 3519 5556 l’rcharatur
3541 5505 3645 5541 vo-

2067 5575 2243 5629 lunias
2272 5590 2300 5628 a
2331 5576 2568 5630 Domino.
2603 5574 2667 5627 In
2705 5578 3026 5645 adoptionem
3066 5579 3306 5644 ﬁliorum.
3338 5579 3451 5633 Non
3479 5590 3643 5632 natu-

2068 5683 2203 5721 ram.
2238 5667 2337 5722 Per
2357 5667 2531 5721 .Iesum
2570 5666 2822 5721 Christum
2851 5670 2903 5721 in
2940 5670 3127 5737 ipsum.
3163 5670 3227 5724 Ut
3256 5673 3492 5725 membra
3523 5675 3646 5741 ejus

2071 5761 2256 5814 simu-5.
2293 5760 2582 5815 Secundum
2609 5743 2918 5830 propositum
2941 5764 3215 5815 voluntatis
3255 5779 3377 5814 stur.
3406 5763 3518 5817 Non
3548 5780 3643 5817 sco
