3910 6174
236 287 331 340 (id!)

1075 289 1137 342 iN‘
1180 289 1556 343 EPISTOLAM
1603 289 1686 341 ,1ῐῖ
1731 282 2056 346 ΕΡΠΕΞῚΟΞ
2097 291 2615 347 (ῚΟΜΜΙἿΝΤΛΜΛ.

3357 289 3458 342 Ci)

236 403 454 455 rumlum
489 403 675 456 merita
700 412 895 456 nostra.
935 403 995 454 In
1018 403 1222 456 tandem
1259 403 1435 473 gloria?
1464 406 1641 474 gt‘at’a'
1671 420 1788 456 surc-
1826 409 1867 462 Α
1901 420 2020 474 pars
2042 407 2329 461 crediderit
2364 407 2686 462 intimorum.
2724 407 2821 471 Qui
2853 407 3016 459 omnia
3049 419 3304 474 operatur.
3335 407 3457 458 (hu-

239 495 298 547 lit
343 493 615 548 laudemus
657 495 874 563 gloriam
912 495 1131 563 j'tslitim
1161 504 1214 547 et
1254 496 1624 550 misericordia:
1657 496 1793 565 ejus,

235 601 386 648 quam
412 585 631 640 eontnlit
654 599 758 638 non
782 584 1122 640 merentibus.
1153 584 1214 638 In
1234 602 1335 654 qua
1359 586 1660 654 grattﬁrav't
1681 603 1794 641 nos.

233 678 406 731 Gratia
436 677 517 730 vel
547 677 817 731 voluntate
858 691 950 730 sua
991 661 1168 745 gratos
1198 691 1294 730 nos
1323 677 1419 730 sibi
1463 676 1586 731 fecit
1621 677 1672 730 in
1709 693 1793 732 eo.

233 769 318 823 Sic
344 770 556 831 dicitur,
596 766 927 836 gratiﬁcavit,
959 784 986 820 a
1017 768 1207 839 gratia,
1247 769 1382 822 sicut
1411 768 1733 834 jnsnlicuvit,
1767 783 1796 821 a

233 859 449 922 iustitia.
477 855 540 909 In
561 858 742 910 dilecto
775 874 792 911 :
825 859 876 909 in
900 874 996 924 quo
1031 856 1270 910 habemus
1294 859 1684 924 redemptionem
1710 875 1798 925 per

233 950 525 1019 sanguinem
564 951 694 1018 ejus,
735 949 1083 1012 remissionem
1131 957 1467 1017 peccatorum.
1499 949 1550 1002 In
1584 951 1794 1012 dilet‘to,

231 1040 505 1099 subaudis,
553 1039 684 1092 Filio
711 1055 829 1094 suo.
864 1039 976 1092 Non
1001 1053 1121 1107 quia
1157 1038 1360 1094 futuros
1391 1055 1486 1092 nos
1520 1040 1651 1093 tales
1680 1056 1798 1095 esse

235 1131 530 1196 prteseivit:
561 1129 653 1184 sed
679 1140 734 1183 ut
750 1145 983 1183 essemus.
1008 1130 1164 1192 tales,
1181 1144 1276 1195 per
1296 1130 1462 1199 ipsam
1484 1129 1796 1186 electionem

233 1223 415 1286 gratia:
444 1235 554 1274 sum
585 1221 725 1284 tales
773 1219 912 1274 fecit.
948 1220 1061 1273 Non
1092 1221 1262 1273 solum
1293 1235 1387 1273 nos
1416 1218 1659 1284 redemit,
1705 1225 1797 1274 sed

231 1313 390 1364 etiam
422 1318 630 1378 peccata
662 1308 884 1372 remisit,
911 1317 968 1361 nt
995 1309 1107 1361 sine
1136 1315 1318 1362 nostro
1355 1307 1536 1361 labore
1563 1309 1686 1376 justi
1715 1324 1798 1361 es-

230 1415 431 1455 semus.
484 1399 773 1455 Secundum
818 1400 1022 1452 divitias
1063 1398 1242 1468 gratia:
1277 1404 1407 1470 ejus.
1455 1399 1799 1464 Subauditur,

230 1493 486 1545 habemus
512 1503 608 1542 nos
635 1489 1053 1558 redemptionem
1086 1503 1099 1540 :
1131 1503 1233 1540 non
1275 1488 1562 1542 secundum
1611 1492 1798 1544 merita

233 1591 438 1638 nostra.
469 1581 564 1636 L‘hi
592 1587 718 1634 sunt
756 1580 842 1648 qui
872 1579 1050 1632 dicunt
1079 1591 1173 1633 sua
1217 1578 1472 1632 industria
1502 1593 1658 1648 posse
1695 1581 1799 1634 sal~

235 1675 393 1728 vari?
422 1675 545 1738 Qua:
575 1671 1002 1742 superabundavit
1028 1671 1078 1723 in
1129 1669 1272 1724 nobis
1303 1671 1354 1724 in
1381 1671 1518 1724 omni
1547 1671 1800 1740 sapientia

1899 494 2042 548 nium
2069 511 2224 551 causa
2249 497 2489 549 voluntas
2511 507 2590 550 est
2622 495 2733 555 Dei.
2768 511 2922 562 quam
2953 496 3317 549 rationabilem
3343 510 3462 548 esse

1898 583 2130 640 {idolium
2164 586 2338 640 nullus
2363 587 2585 656 ignorat,
2611 585 2724 640 sine
2763 586 2922 640 dubio
2946 588 3100 640 bona.
3128 587 3181 643 Si
3210 588 3244 656 i;
3266 605 3321 642 se
3344 604 3460 642 om-

1899 677 2006 745 nia,
2040 679 2125 732 ubi
2151 688 2232 734 est
2258 679 2501 746 superbia
2543 679 2858 748 Pelagiana?
2889 680 3001 748 ipse
3028 695 3150 748 ergo
3171 691 3223 734 et
3266 692 3318 734 ut
3349 698 3463 735 trc-

1898 772 2024 824 tiete.
2065 771 2397 840 incipiamus,
2432 781 2700 839 operatur,
2733 773 2819 840 qui
2862 774 3037 824 Omnia
3065 781 3334 840 opt-ratur.
3368 772 3464 827 Se.-

1897 863 2122 913 c.-iudum
2183 861 2452 913 consilium
2513 862 2779 913 t'oittntatis
2830 877 2955 914 sna‘.
3012 861 3124 914 an
3177 861 3462 914 Secundum

1901 951 2085 1004 Iret-ita
2134 961 2332 1003 nostra.
2369 931 2466 1013 (ξιιί
2492 951 2674 1003 dicunt
2705 968 2715 1001 :
2749 950 2999 1003 Voluntas
3031 964 3143 1003 mea
3178 950 3313 1002 bona
3347 949 3468 1002 fecit

1901 1056 1985 1094 tne
2016 1041 2411 1095 Christianum?
2438 1057 2558 1094 cum
2589 1042 2786 1093 auditi!
2813 1059 2825 1093 :
2859 1019 3464 1094 Secnluitutucousilium

1903 1131 2189 1186 voluntatis
2211 1147 2341 1195 sum,
2365 1141 2571 1186 taceant
2593 1131 2657 1185 de
2677 1133 2898 1186 meritis.
2926 1132 2990 1184 Ut
3011 1134 3165 1185 simus
3190 1134 3241 1184 in
3265 1133 3468 1183 tandem

1899 1224 2076 1292 gloria?
2094 1225 2223 1292 ejus.
2253 1222 2317 1278 Ut
2351 1238 2442 1291 per
2465 1223 2610 1291 signa
2633 1239 2748 1290 qua:
2772 1223 3007 1284 furimus,
3038 1225 3276 1276 laudetur
3298 1225 3466 1293 gloria

1909 1312 2020 1365 Dei.
2057 1311 2166 1365 Nos
2203 1314 2291 1381 qui
2331 1295 2448 1366 an'te
2474 1315 2785 1380 speravimus
2820 1315 2871 1366 iu
2900 1313 3113 1367 Christo.
3149 1314 3251 1367 Nos
3279 1329 3343 1366 (ιιι
3376 1314 3469 1365 .in-

1901 1402 2055 1466 dacis,
2087 1404 2174 1472 qni
2205 1405 2407 1470 priores
2437 1404 2778 1468 credidimus,
2808 1404 2921 1458 sive
2951 1419 3012 1458 ex
3047 1406 3161 1473 lege
3203 1420 3320 1457 cum
3348 1419 3469 1470 spe-

1904 1495 2155 1548 ravimus.
2176 1493 2239 1548 In
2265 1513 2385 1563 quo.
2408 1497 2460 1548 In
2488 1511 2592 1566 quo
2618 1499 2774 1571 etiam
2791 1498 2938 1551 vobis
2962 1496 3266 1549 annuntiata
3294 1505 3470 1550 estsa—

1905 1585 2005 1638 ius.
2029 1584 2092 1637 Et
2118 1603 2200 1638 ros
2223 1602 2334 1638 cum
2361 1588 2627 1640 audissetis
2655 1586 2855 1640 rerbum
2878 1587 3119 1650 veritatis,
3139 1585 3471 1655 Erangeiium

1903 1676 2079 1728 sa’utis
2103 1688 2299 1729 oestrce.
2316 1675 2512 1730 Gentes
2528 1676 2966 1734 subaudiendum.
2986 1676 3048 1730 In
3069 1693 3168 1744 quo
3190 1687 3234 1728 et
3256 1678 3470 1729 credat--

231 1777 278 1820 et
299 1767 564 1833 prudentia
590 1780 606 1818 :
629 1773 682 1818 ut
719 1773 891 1816 notum
920 1766 1108 1829 faceret
1145 1761 1287 1816 nobis
1316 1772 1679 1815 sacramentum
1715 1778 1798 1815 vo-
1833 1762 1874 1820 Β
1905 1777 1974 1818 tes
1996 1767 2180 1834 signati
2198 1766 2338 1820 estis.
2365 1765 2416 1817 in
2446 1782 2552 1835 quo
2575 1766 2879 1835 Evangelia,
2916 1767 2995 1821 vel
3027 1767 3078 1821 in
3101 1765 3331 1832 Christo,
3361 1782 3468 1820 uno

233 1859 450 1912 inritatis
466 1872 591 1919 sure,
615 1856 888 1910 secundum
905 1855 1092 1907 bonum
1113 1854 1352 1920 placitum
1368 1857 1496 1925 ejus.
1517 1853 1799 1921 Piusquant
1833 1885 1836 1888 ‹

233 1944 542 2009 abundavit,
581 1954 636 1999 ut
664 1959 770 1999 non
800 1943 970 1998 solum
1005 1958 1034 1996 a
1065 1950 1238 1998 morte
1269 1942 1556 2012 redemptis
1585 1953 1800 2012 peccata

234 2038 483 2112 diutittert
508 2045 546 2098 t,
574 2035 663 2090 scd
685 2033 843 2091 etiam
884 2042 1084 2088 tantam
1115 2035 1264 2088 nobis
1295 2034 1605 2103 sapientiam
1639 2036 1802 2088 dona-

235 2142 336 2192 εει,
371 2113 425 2182 ut
453 2129 738 2182 voluntats
767 2126 880 2197 ejus
907 2126 1109 2182 occulta
1142 2127 1389 2198 mysteria
1411 2141 1797 2188 .noscerenms;

235 2221 351 2286 ipso
383 2235 474 2288 pro
517 2235 611 2276 sua
635 2219 914 2273 clementia
960 2219 1226 2271 revolantc
1258 2219 1309 2270 in
1341 2217 1440 2272 hoc
1471 2231 1804 2271 sacramento

234 2310 518 2364 voluntatis
547 2323 657 2362 sua:
688 2311 861 2378 posuit
898 2308 1110 2361 divitias
1140 2307 1320 2377 gratia:
1361 2322 1472 2362 suto
1511 2310 1801 2362 secundum

235 2402 432 2456 bonum
465 2401 713 2470 placitum
736 2401 873 2468 ejus,
906 2416 1010 2452 non
1033 2399 1320 2454 secundum
1353 2411 1615 2453 nostrum.
1655 2399 1805 2464 Quod

233 2492 501 2563 proposuit
521 2493 575 2545 in
603 2507 678 2545 eo.
713 2489 767 2544 in
795 2489 1029 2554 Christo,
1055 2489 1107 2542 in
1131 2505 1233 2556 quo
1261 2488 1418 2542 electi
1457 2497 1508 2542 et
1531 2488 1805 2556 pr:edesti-

237 2589 349 2643 nati
396 2601 601 2654 sumus,
655 2595 709 2640 ut
743 2601 838 2639 nos
873 2585 985 2652 ipse
1021 2583 1216 2638 faceret
1253 2591 1463 2637 sanctos
1492 2600 1504 2634 :
1533 2597 1635 2635 non
1666 2583 1804 2650 quod

237 2676 544 2745 prrcviderit
591 2683 820 2728 sanctos.
882 2671 945 2726 In
999 2673 1424 2740 dispensationem
1477 2671 1807 2737 planitudinis

238 2779 541 2836 temporum.
599 2763 654 2818 In
706 2762 1008 2818 novissimis
1058 2761 1406 2832 temporibus,
1441 2762 1651 2832 quando
1698 2762 1805 2830 jam

233 2857 410 2909 «tuuis
437 2853 760 2923 dispensatio
787 2862 1082 2922 temporum
1126 2852 1258 2920 legis
1304 2863 1358 2906 et
1401 2862 1601 2905 natura:
1632 2862 1808 2906 trans-

235 2961 355 3006 arta
385 2959 465 3004 est
494 2994 508 3010 ,
539 2959 696 3017 atque
725 2946 1097 3016 prophetarum
1123 2986 1138 3012 ,
1171 2945 1306 2999 sient
1329 2945 1448 2998 alibi
1473 2945 1600 2999 dicit
1633 2963 1644 2996 :
1675 2945 1806 2998 Cum

232 3045 472 3097 venisset
498 3041 768 3110 plenitudo
797 3049 1115 3105 temporum,
1158 3039 1302 3091 misit
1333 3037 1585 3092 Dotttinns
1619 3038 1805 3092 Filium

1901 1859 2208 1913 charm-tere
2245 1860 2458 1928 signati,
2499 1870 2551 1913 et
2594 1858 2717 1914 hinc
2754 1860 3146 1929 cognoscemini
3187 1876 3321 1914 unus
3351 1876 3470 1914 esse

1902 1966 2051 2018 gtcx,
2079 1951 2198 2018 quia
2223 1961 2275 2004 ct
2295 1966 2389 2005 vos
2407 1952 2652 2004 similiter
2671 1962 2724 2003 ut
2743 1965 2836 2004 nos
2865 1951 3082 2005 virtutes
3111 1967 3203 2020 per
3225 1951 3466 2018 Spirilttm

1904 2039 2221 2107 Opi-ramini,
2260 2056 2378 2108 quae
2406 2043 2624 2095 virtutes
2646 2041 2799 2093 arrba
2829 2051 2952 2095 sunt
2978 2043 3158 2094 futura:
3191 2042 3470 2096 haeredita-

1907 2131 1992 2182 tis.
2036 2130 2090 2182 Si
2123 2144 2249 2198 ergo
2279 2139 2515 2183 mortuos
2543 2129 2800 2183 suscitare
2827 2130 2982 2183 arrita
3012 2139 3108 2194 est,
3140 2142 3331 2198 quanta
3367 2133 3470 2185 erit

1905 2221 2015 2289 ipsa
2053 2221 2356 2290 possessio?
2383 2220 2584 2291 Spiritu
2614 2221 2963 2291 promissionis
2991 2231 3184 2300 sancto.
3218 2212 3316 2289 Qui
3351 2238 3471 2290 pro-

1907 2309 2099 2364 missus
2127 2318 2208 2362 est
2231 2325 2321 2380 per
2345 2309 2544 2364 Joelcm
2571 2309 2902 2378 prophetam.
2926 2309 3026 2376 Qui
3057 2320 3132 2364 est
3153 2311 3337 2382 pignus
3361 2311 3469 2365 lue-

1907 2403 2130 2455 nditatis
2154 2411 2360 2454 uottrte.
2395 2400 2587 2468 Pignus
2619 2401 2793 2466 datur,
2823 2409 2878 2452 ut
2906 2400 3177 2467 promissis
3200 2401 3469 2455 credatur.

1908 2493 1971 2548 In
1995 2497 2385 2560 redemptionem
2410 2495 2774 2564 arquisitiouis.
2809 2493 2950 2559 Quos
2979 2492 3078 2546 sibi
3108 2492 3360 2560 sanguine
3387 2507 3474 2546 ac-

1907 2587 2140 2655 quisivit.
2192 2585 2254 2638 In
2285 2585 2488 2639 tandem
2535 2587 2712 2655 gloria:
2758 2583 2934 2653 ipsius.
2967 2580 3037 2637 Ut
3073 2585 3229 2636 etiam
3274 2581 3324 2634 iu
3375 2582 3476 2636 hoc

1910 2695 2100 2733 nomen
2131 2677 2246 2745 ej'tts
2273 2677 2594 2747 gloriﬁt-ctur
2622 2691 2649 2728 ιι
2685 2675 2858 2728 nobis.
2892 2675 3163 2740 Propterea
3195 2682 3238 2726 et
3267 2689 3359 2744 ego
3385 2690 3478 2724 au-

1910 2773 2050 2824 diens
2073 2771 2224 2839 [idem
2253 2778 2492 2833 vestram,
2525 2783 2639 2836 qua:
2663 2775 2732 2820 est
2771 2768 2822 2820 in
2861 2766 3074 2818 Domino
3099 2763 3245 2833 Jrsn,
3278 2778 3322 2817 rt
3351 2766 3478 2816 ditc-

1911 2866 2126 2918 ctionem
2154 2865 2204 2916 in
2234 2878 2405 2916 omnes
2434 2869 2657 2915 sanctos.
2681 2861 2847 2925 Quam
2878 2858 3098 2914 ﬁrmiter
3119 2857 3345 2912 credatis
3373 2857 3476 2912 Do—

1914 2957 2057 3009 mino
2070 2954 2214 3017 .iesn,
2235 2964 2285 3006 et
2303 2968 2487 3007 omnes
2508 2963 2741 3014 sanctos,
2760 2953 2874 3006 sine
2889 2962 3070 3019 except
3083 2957 3197 3004 ’one
3215 2966 3476 3016 tiersonm,

1915 3045 1994 3097 vel
2025 3047 2223 3096 notitia:
2263 3042 2510 3110 diligatis.
2542 3041 2740 3096 Cavere
2783 3042 2924 3096 enim
2953 3058 2980 3094 a
3011 3041 3154 3096 falsis
3185 3042 3475 3110 prophetis,

235 3153 413 3192 Suum.
469 3134 762 3190 Instaurate
803 3135 970 3188 omnia
1013 3133 1068 3186 in
1109 3132 1324 3187 Christo.
1360 3133 1469 3188 iioc
1509 3135 1802 3202 proposuit.
1837 3135 1878 3194 (ἶ
1911 3142 1965 3186 et
1993 3148 2095 3184 non
2127 3133 2270 3185 omni
2294 3132 2504 3198 spiritui
2532 3133 2750 3186 credere
2783 3147 2797 3188 :
2827 3147 2930 3184 non
2959 3143 3082 3184 ante
3112 3130 3475 3200 probationem

237 3229 370 3294 Quen
398 3226 451 3280 in
481 3227 640 3288 cwlis,
664 3234 710 3281 et
737 3242 847 3294 qua:
871 3227 918 3277 in
939 3237 1070 3278 terra
1095 3233 1234 3286 sunt,
1253 3226 1303 3276 in
1327 3225 1453 3293 ipso.
1479 3225 1625 3279 Multi
1649 3241 1809 3294 super

238 3321 340 3376 hac
367 3335 425 3374 re
453 3319 656 3374 diversa
705 3321 1016 3373 senserunt?
1051 3317 1266 3384 quidam
1307 3318 1456 3369 aiunt
1495 3317 1660 3371 cmlos
1689 3319 1806 3371 ani-

236 3405 380 3479 mas:
394 3422 586 3466 terram
601 3425 822 3480 corpora
848 3409 1236 3477 accipiendum.
1266 3407 1364 3461 Alii
1388 3409 1553 3462 caalos
1570 3409 1809 3476 Judros,

235 3506 327 3576 qui
351 3504 586 3560 etelestia
631 3510 888 3572 przecepta
920 3500 1230 3565 imbuerant,
1263 3509 1454 3553 terram
1483 3514 1601 3554 esse
1641 3501 1810 3569 genti-

233 3601 337 3654 lcs.
381 3599 481 3654 Alii
521 3613 648 3653 vero
677 3605 924 3652 asserunt
957 3596 1009 3648 in
1041 3595 1190 3649 caelis
1218 3610 1320 3647 non
1356 3593 1574 3664 angelos
1600 3603 1808 3648 restan-

235 3701 408 3759 ratos,
441 3689 534 3747 scd
575 3705 758 3746 eorum
789 3687 1062 3744 scientiam
1091 3703 1154 3741 ex
1184 3684 1380 3741 Christi
1421 3695 1659 3754 tempore
1690 3701 1810 3754 pro-

236 3781 453 3846 iecisse,
499 3781 588 3850 qui
621 3786 866 3847 ttnquam
906 3776 1073 3848 ignari
1103 3777 1500 3844 interrogabant
1527 3792 1541 3830 :
1564 3776 1693 3843 Quis
1731 3784 1814 3831 est

237 3874 344 3928 iste
374 3889 464 3928 rex
487 3871 707 3944 gio'itni
733 3881 784 3926 et
806 3871 1067 3926 docentur
1097 3869 1380 3923 Dominum
1405 3883 1528 3924 eum
1557 3884 1675 3924 esse
1704 3871 1810 3924 vir-

236 3973 435 4019 tutum.
467 3963 571 4019 Sed
616 3963 862 4032 quoniam
895 3959 1183 4016 restaurari
1210 3975 1314 4014 non
1342 3958 1558 4028 dicitur,
1592 3961 1690 4014 nisi
1736 3960 1812 4014 la-

235 4071 418 4125 psum,
449 4054 636 4112 melius
650 4065 752 4119 est,
785 4057 826 4110 si
854 4070 1036 4110 eorum
1059 4053 1306 4124 gaudium
1335 4067 1430 4122 per
1458 4056 1677 4108 salutem
1710 4055 1808 4111 ho-

233 4148 445 4203 minum
481 4155 832 4202 restauratum
857 4160 974 4199 esse
1003 4145 1260 4218 dicamus,
1289 4143 1427 4214 quod
1457 4151 1577 4198 ante
1607 4143 1810 4200 habue-

231 4251 362 4296 rant
387 4253 543 4308 quam
575 4237 817 4294 homines
842 4252 870 4290 a
896 4237 1096 4305 justitia
1144 4236 1352 4304 penitus
1379 4234 1724 4291 declinari-nt.
1757 4235 1810 4290 in

231 4343 382 4386 terra
432 4343 561 4384 vero
606 4343 774 4397 genus
812 4327 1098 4381 humanum
1144 4335 1494 4380 restauratum
1535 4341 1654 4381 esse
1691 4326 1812 4395 quis

226 4419 508 4490 ambigat?
553 4418 680 4474 item
711 4420 865 4474 aliter
910 4437 924 4471 :
967 4419 1255 4488 iit-paratur
1301 4417 1352 4471 in
1396 4419 1534 4473 curio
1577 4418 1664 4487 illa
1693 4433 1810 4488 qnte

1908 3222 2149 3292 judicare
2181 3223 2532 3292 praecipimur.
2564 3221 2680 3277 Non
2708 3239 2846 3277 cesso
2875 3225 3067 3293 gratias
3095 3239 3248 3292 agens
3275 3240 3366 3294 pro
3396 3240 3482 3276 ro-

1913 3316 2006 3367 bis.
2040 3315 2148 3368 iioc
2173 3322 2274 3378 est,
2304 3313 2459 3367 iidem
2499 3313 2746 3381 operibus
2769 3313 3119 3381 comprobare
3143 3332 3154 3366 :
3182 3314 3302 3384 quia
3331 3314 3482 3368 vobis

1913 3405 2053 3459 dono
2081 3405 2457 3459 misericordia:
2483 3419 2591 3458 sua:
2623 3405 2814 3460 infudit
2835 3404 3011 3471 iidem,
3039 3421 3138 3474 qtta
3168 3406 3479 3469 crederetis,

1913 3508 1963 3551 et
1981 3497 2316 3562 charitalem,
2339 3511 2440 3566 qua
2457 3495 2768 3566 diiigeretis.
2795 3494 3094 3548 Memoriam
3117 3497 3266 3548 vestri
3290 3497 3483 3562 faciens

1913 3588 1966 3640 in
2013 3588 2325 3641 orationibus
2368 3588 2511 3641 meis.
2556 3588 2610 3641 In
2643 3586 2991 3648 oratiOnibus,
3031 3602 3132 3640 non
3164 3595 3219 3638 ιιι
3247 3585 3484 3654 quidam,

1913 3680 2244 3750 iucunditate
2275 3679 2532 3744 convivii;
2585 3679 2712 3732 tnihi
2759 3687 2933 3730 autem
2964 3675 3092 3730 nihil
3120 3677 3357 3729 oratione
3393 3675 3482 3745 ju-

1913 3777 2155 3830 cundius.
2211 3773 2279 3828 Ut
2328 3773 2465 3826 Deus
2497 3772 2702 3825 Domini
2745 3771 2907 3823 nostri
2944 3770 3068 3823 Jesu
3111 3767 3300 3821 Christi
3335 3767 3486 3820 l‘ater

1915 3867 2112 3937 giariw.
2143 3865 2298 3919 Pater
2334 3863 2515 3933 glorim
2546 3863 2751 3918 Domini
2785 3861 2949 3915 nostri
2977 3861 3103 3917 Jesu
3128 3860 3340 3912 Christi.
3389 3859 3484 3914 Det

1916 3956 2051 4006 vobis
2071 3954 2310 4024 spiritum
2326 3953 2588 4022 sapientia
2599 3963 2641 4005 et
2671 3951 3006 4004 reuelationis.-
3021 3949 3296 4016 Quomodo
3310 3949 3485 4018 Ephe-

1919 4046 2018 4100 siis
2039 4061 2068 4100 a
2097 4046 2207 4100 Deo
2237 4043 2546 4112 sapientiam
2576 4043 2828 4113 postulat,
2851 4057 2968 4096 cum
2999 4040 3274 4094 scientiam
3298 4040 3484 4094 inﬂare

1914 4134 2107 4192 dixerit
2127 4137 2191 4190 ad
2221 4136 2569 4192 Corinthios?
2598 4135 2691 4190 sed
2711 4134 2871 4188 distat
2893 4133 2943 4187 in
2971 4132 3182 4196 eil‘eetu,
3211 4131 3350 4201 quod
3375 4147 3480 4185 non

1915 4229 2073 4284 distat
2103 4227 2158 4282 in
2189 4228 2404 4282 nomine
2433 4245 2445 4280 :
2479 4243 2599 4280 nam
2623 4226 2691 4280 ibi
2718 4224 2938 4280 scientia
2958 4223 3200 4278 saeculari
3225 4223 3482 4290 loquitur,

1913 4335 2038 4390 qua:
2081 4319 2306 4374 stultitia
2348 4329 2429 4374 est
2474 4317 2616 4387 apud
2673 4317 2840 4372 Deum
2873 4334 2889 4372 :
2920 4314 3006 4370 hic
3039 4329 3166 4368 vero
3210 4314 3483 4372 cmlestem

1913 4411 2254 4480 divinumque
2281 4409 2596 4480 sapientiam
2621 4407 2770 4477 petit,
2802 4421 2959 4476 quam
2979 4405 3069 4472 qui
3093 4404 3358 4468 habuerit,
3389 4403 3486 4456 lm-

227 4527 362 4565 cum
389 4488 625 4580 principe
651 4526 750 4566 suo
775 4511 968 4566 cecidit
1007 4513 1311 4580 angelorum
1345 4510 1542 4579 portio,
1569 4525 1662 4578 per
1686 4525 1817 4580 aug-
1846 4488 1894 4548 ι)
1921 4500 2113 4555 ntiliari
2147 4499 2314 4570 magis
2337 4499 2523 4566 poterit
2543 4513 2698 4566 quam
2731 4494 2898 4550 inﬂari
2923 4501 3008 4548 :et
3039 4509 3132 4563 per
3158 4509 3315 4565 quam
3346 4492 3489 4548 dono

227 4611 480 4655 mentum
499 4610 548 4656 et
571 4601 878 4660 societatem
898 4609 1221 4666 sanctorum,
1235 4601 1302 4655 de
1319 4601 1511 4670 quibus
1531 4601 1809 4657 scribitur:

225 4689 343 4745 Sed
395 4698 514 4744 sunt
546 4688 684 4744 sicut
732 4689 902 4760 angeli
935 4692 987 4746 in
1037 4692 1195 4746 coelo.
1229 4691 1560 4758 Reparantur
1601 4708 1812 4761 quoque

223 4781 421 4835 ornnia
450 4781 502 4834 in
531 4790 694 4847 terra,
719 4796 839 4836 cum
867 4783 1024 4837 etiam
1051 4783 1176 4854 ioco
1214 4783 1568 4838 ἀυίίρίοιιιὶιιιιι
1598 4782 1806 4838 ludatu-

225 4889 360 4927 rnm
408 4872 755 4928 admittentur
800 4875 1080 4938 credentes
1110 4891 1172 4930 ex
1217 4875 1482 4945 gentibus.
1532 4875 1595 4929 Et
1619 4874 1810 4930 aliter:

226 4967 628 5021 Restaurantur
655 4983 772 5036 qua:
795 4948 920 5022 sunt
946 4969 998 5022 in
1032 4977 1193 5032 terra,
1223 4971 1342 5022 dum
1369 4983 1465 5021 nos
1485 4983 1579 5037 per
1607 4964 1809 5020 media-

223 5058 374 5113 toris
415 5059 582 5114 nostri
619 5061 928 5127 sanguinem
973 5061 1562 5129 reconciliationemque
1593 5072 1810 5128 repara-

223 5163 386 5202 mur.
442 5146 774 5217 iteparantur
828 5149 1084 5212 cmlesda,
1132 5164 1249 5202 cum
1302 5149 1369 5203 de
1417 5150 1584 5204 salut»:
1631 5157 1812 5202 nostra

221 5237 491 5308 gaudium
531 5239 762 5293 nas-citur
783 5229 1112 5308 angelorum.
1152 5237 1209 5291 In
1233 5256 1331 5308 qua
1367 5239 1518 5291 etiant
1557 5254 1646 5292 nos
1679 5249 1813 5290 sorte

215 5330 410 5383 vocati
430 5345 621 5384 sumus.
659 5329 761 5383 Nos
789 5330 875 5402 qui
905 5344 968 5383 ex
998 5327 1193 5382 .inda:is
1229 5329 1567 5383 credidimus.
1607 5327 1814 5380 Praede-

218 5419 442 5475 stinati.
474 5420 609 5475 Ante
637 5420 907 5484 destinati,
940 5421 1050 5473 sive
1093 5419 1402 5488 [ιι-ωροεηίιί
1440 5430 1492 5474 et
1538 5417 1765 5488 prtesciti
1797 5435 1810 5472 :

213 5526 346 5566 non
377 5510 500 5583 quia
541 5526 774 5576 eramus,
812 5512 902 5573 sed
934 5510 1070 5578 quia
1115 5509 1181 5564 ab
1213 5512 1328 5584 ipso
1359 5509 1424 5565 de
1453 5509 1605 5564 malis
1653 5509 1811 5564 futuri

212 5616 456 5657 eramus
485 5601 626 5656 boni.
662 5600 954 5657 Secundum
977 5603 1287 5672 propositum
1311 5604 1436 5674 ejus.
1471 5603 1599 5672 Quia
1633 5617 1812 5670 prapo-

207 5695 344 5750 suit
396 5693 608 5749 Judreos
653 5696 823 5764 primo
855 5702 1176 5762 restaurare,
1227 5705 1280 5749 et
1324 5695 1400 5748 sic
1435 5701 1618 5762 gentes
1654 5694 1813 5746 :iiCL‘t

1921 4592 2013 4648 Dei
2066 4607 2252 4646 Otnttt‘s
2305 4601 2525 4661 possunt
2573 4588 2776 4659 acquiri
2807 4587 3217 4656 virtuteszquia
3265 4585 3486 4640 scientia

1919 4685 2057 4740 sicut
2085 4686 2202 4740 sine
2229 4684 2490 4739 charitate
2513 4682 2683 4748 inllat,
2714 4682 2787 4737 ita
2815 4695 2934 4734 cum
2959 4678 3217 4733 cbaritate
3243 4677 3486 4731 aediﬁcat.

1919 4777 1988 4832 1η
2013 4779 2270 4849 agnitione
2293 4779 2424 4849 t'jtts.
2449 4775 2728 4844 Quomodo
2746 4781 2894 4841 optat
2913 4779 2968 4825 ut
2990 4780 3276 4839 agnoscant
3297 4767 3486 4830 Deum,

1919 4882 2078 4937 quem
2130 4881 2298 4936 usque
2345 4867 2479 4920 adeo
2523 4865 2784 4926 sciebant,
2833 4871 2890 4916 ut
2915 4863 2962 4915 ei
2993 4859 3272 4914 credentes
3303 4870 3396 4924 pro
3425 4870 3494 4909 eo

1923 4973 2114 5014 omnes
2161 4958 2446 5028 diligerent
2499 4953 2748 5011 sanctos?
2778 4952 2880 5008 Sed
2911 4961 2970 5007 ut
3008 4951 3244 5020 perfecte
3293 4962 3492 5017 cogno-

1921 5057 2074 5105 scant
2109 5050 2231 5119 quia
2266 5049 2359 5104 Dei
2407 5047 2598 5116 gratia,
2630 5059 2734 5100 nou
2761 5059 2857 5098 suo
2885 5043 3074 5097 merito
3102 5046 3228 5094 sunt
3254 5039 3439 5093 saivati
3475 5057 3490 5092 :

1922 5150 1978 5196 et
2001 5149 2194 5208 quanta
2226 5139 2296 5194 sit
2325 5139 2494 5192 virtus
2531 5145 2586 5191 et
2623 5133 2928 5204 magnitudo
2959 5132 3096 5200 eius.
3124 5130 3322 5196 Virtus,
3371 5132 3493 5199 qttia

1894 5233 2098 5298 'potest
2131 5229 2384 5297 promissa
2409 5227 2624 5296 praemia
2657 5227 2736 5280 vel
2765 5239 2946 5291 pte-nas
2977 5224 3235 5292 implere;
3286 5220 3490 5288 magm-

1926 5321 2073 5384 tudo,
2105 5319 2227 5389 quia
2250 5319 2444 5389 ubique
2473 5328 2577 5382 est,
2607 5328 2658 5372 et
2679 5315 2810 5370 nihil
2832 5331 2952 5370 eum
2986 5321 3156 5382 potest
3184 5313 3368 5365 lati-re.
3394 5308 3494 5374 Qui

1919 5412 2064 5467 enim
2090 5411 2200 5466 luec
2229 5409 2562 5479 cognoverit,
2590 5417 2644 5464 ct
2674 5423 2768 5476 pro
2798 5417 2941 5462 certo
2973 5405 3231 5466 habuerit,
3273 5415 3495 5470 peccare

1916 5503 2159 5573 capitalia
2190 5501 2535 5572 pertimescit.
2571 5499 2701 5554 Nam
2731 5500 2816 5568 qni
2841 5499 3122 5552 humanam
3153 5490 3496 5561 pra-sentiam

1917 5597 2202 5658 erubescit,
2237 5581 2404 5660 multo
2432 5594 2600 5662 magis
2628 5593 2878 5646 divinam.
2907 5587 3032 5642 huic
3064 5585 3155 5639 ﬁlii
3191 5583 3271 5637 Eii
3305 5597 3487 5636 sacer-

1916 5690 2054 5741 dot's
2088 5687 2250 5740 Deum
2297 5687 2531 5741 nescisse
2560 5685 2830 5748 dicuntur,
2860 5681 2980 5750 quia
3005 5680 3114 5748 ejus
3160 5675 3496 5746 przrscntiatn
