3884 6172
382 361 478 416 (ill

1479 357 1772 412 PRlTilASll
1813 359 1850 410 A
1863 354 2253 410 DRUMETANl
2295 352 2500 408 EPISC.

3517 351 3624 408 Gl!

387 491 439 533 et
482 475 763 546 potentiam
807 473 1020 526 minime
1067 472 1377 526 timuerunt.
1421 470 1746 524 Illumiuatos
1774 471 1947 522 oculos
1980 473 2024 531 Α
2052 486 2156 538 quo
2187 470 2376 537 dignus
2407 478 2486 522 est
2521 487 2532 521 :
2562 467 2826 536 quomodo
2871 467 2960 520 ﬁlii
2984 468 3097 532 ἰιιιι,
3141 477 3192 522 et
3214 471 3423 534 mortis,
3451 479 3509 524 et
3538 487 3622 537 ge-

378 583 406 619 c
427 569 546 619 n-dis
566 565 735 618 vestri.
767 563 1034 630 Spiritalia
1065 563 1321 630 promissa
1358 576 1461 615 non
1491 563 1588 614 nisi
1619 561 1948 631 spiritalibus

373 656 548 711 oculis
579 654 953 721 pra-videnlur.
990 651 1055 705 Ut
1093 653 1260 704 sciatis
1287 667 1401 720 qua?
1437 651 1500 704 sit
1530 668 1640 716 spes
1675 649 1949 702 vocationis

375 764 514 816 ejus,
545 761 656 814 qua:
695 744 883 796 divitiis
913 741 1091 813 gloria:
1122 742 1429 795 Ita'reditatis
1468 745 1597 812 ejus.
1639 741 1694 795 Si
1725 740 1951 792 scieritis

376 838 449 893 ad
479 851 635 906 quam
664 850 808 902 spem
848 835 1016 887 vocati
1053 834 1203 898 estis,
1245 848 1456 887 omnem
1493 847 1640 897 Spem
1672 832 1848 884 szeculi
1879 833 1953 882 la-

376 931 488 983 cile
517 925 886 981 eonteninetis.
924 925 986 977 Et
1012 924 1053 976 si
1099 924 1308 976 divitias
1336 922 1656 976 hatreditatis
1682 922 1772 976 Dei
1803 921 1955 974 vide-

387 1022 523 1086 ntis,
555 1018 728 1074 omnis
759 1027 966 1072 terrena
995 1016 1148 1070 vobis
1189 1015 1426 1071 sordchit
1451 1015 1752 1068 h:rreditas.
1791 1011 1958 1067 Nemo

395 1116 532 1168 enim
589 1127 808 1181 regnum
855 1126 974 1163 cmn
1025 1109 1214 1175 Opibus
1258 1108 1368 1162 suis
1419 1122 1638 1176 sperans
1675 1147 1690 1171 ,
1760 1119 1834 1158 trs
1871 1113 1961 1158 aut

390 1203 662 1276 p‘umbum
702 1199 972 1271 possidere
1003 1199 1265 1267 dignatur.
1301 1195 1366 1250 In
1402 1197 1606 1250 sanctis.
1637 1197 1694 1250 1ιι
1720 1195 1881 1267 justis
1909 1203 1963 1248 et

391 1296 590 1350 sanctis
624 1310 638 1348 :
673 1309 777 1346 non
824 1291 1070 1344 omnibus
1099 1290 1418 1343 hominibus.
1451 1288 1514 1340 Et
1542 1303 1655 1355 qua:
1683 1289 1748 1341 sit
1793 1303 1964 1354 super-

398 1387 611 1439 eminens
637 1381 932 1453 magnitudo
964 1381 1159 1433 virtutis
1189 1382 1302 1449 ejus
1333 1380 1383 1431 in
1409 1395 1499 1430 nos
1529 1379 1614 1446 qui
1631 1377 1960 1430 credidimus.

397 1477 521 1544 Quis
573 1486 746 1543 potest
793 1473 1254 1542 comprehendere
1299 1469 1716 1540 magnitudinem
1759 1467 1966 1521 virtutis

399 1569 534 1634 ejus,
567 1576 622 1621 et.
651 1565 972 1620 inelTahilcm
1016 1565 1326 1625 bonitatem,
1359 1578 1518 1632 quam
1550 1561 1633 1616 vel
1666 1561 1717 1614 in
1748 1574 1840 1614 eos
1877 1559 1966 1625 qui

399 1675 462 1714 ex
491 1657 916 1719 circumcisione,
945 1655 1022 1708 vel
1053 1656 1103 1708 in
1135 1670 1227 1708 eos
1251 1655 1336 1723 qui
1364 1670 1426 1707 ex
1456 1653 1699 1722 gentibus
1729 1649 1971 1706 credide-

407 1758 532 1802 runt
571 1748 813 1812 contulit,
859 1757 914 1801 ut
944 1761 1035 1801 eos
1075 1745 1271 1799 faceret
1298 1743 1600 1806 credentes.
1627 1752 1681 1797 et
1714 1742 1846 1796 Filio
1872 1755 1970 1792 suo

2053 563 2259 616 bonum.
2297 561 2360 614 lu
2391 561 2571 630 quibus
2603 569 2647 612 ct
2673 577 2781 612 nos.
2827 559 2938 612 Non
2969 560 3138 613 solum
3165 574 3281 614 vos.
3319 561 3514 615 Omnes
3537 564 3631 613 uli-

2051 669 2082 720 q
2119 653 2255 704 audo
2285 652 2561 704 cortttcrsati
2582 666 2775 703 sumus.
2795 648 2994 703 Gentes
3018 649 3308 704 Deum-non
3330 650 3632 712 credendo,

2052 740 2220 795 ,ιιιιίπί
2254 740 2390 794 male
2423 739 2649 792 vivendo
2683 755 2693 789 :
2728 753 2914 792 omnes
2944 739 3182 807 originali
3231 748 3456 808 peccato
3510 740 3638 792 deli-

2056 831 2333 884 ncbamur.
2368 828 2430 882 In
2457 829 2720 884 desideriis
2749 829 2918 882 cat-uis
2946 839 3151 894 nostra,
3182 831 3422 900 facientes
3453 832 3638 883 uolun-

2058 935 2181 978 ta'es
2232 925 2399 977 carnis
2444 933 2491 976 et
2532 924 2912 994 cegjitationum.
2970 923 3190 989 Quando
3239 924 3418 977 anima
3451 941 3490 978 η
3523 935 3641 979 :stra

2059 1015 2218 1070 robus
2251 1015 2476 1069 terrenis
2521 1025 2575 1069 et
2614 1007 2917 1068 carnalibus
2955 1014 3247 1069 inhzrrebat
3275 1033 3288 1068 :
3319 1032 3425 1069 non
3454 1015 3641 1070 solum

2059 1103 2394 1169 desiderans,
2430 1105 2521 1157 sed
2555 1113 2608 1158 et
2635 1105 2832 1159 faciens
2858 1120 2974 1173 qua:
3004 1105 3254 1176 cogitatio
3291 1108 3646 1176 suggerebat.

2066 1195 2128 1250 Et
2151 1211 2352 1248 eramus
2385 1206 2584 1248 natura.
2618 1195 2687 1249 lta
2721 1209 2817 1248 nos
2847 1203 3079 1264 paternae
3101 1197 3318 1266 Originis
3344 1198 3494 1250 mala
3524 1212 3648 1250 con-

2062 1286 2287 1340 Sllellld')
2337 1285 2588 1350 possedit.
2621 1296 2675 1337 nt
2704 1301 2890 1340 omnes
2930 1287 2993 1339 ad
3024 1286 3420 1341 damnationem
3455 1302 3654 1343 nasce-

2065 1392 2263 1429 rt-mur.
2297 1375 2422 1429 Filii
2449 1379 2554 1434 ἔγω.
2583 1379 2710 1430 sicut
2731 1386 2778 1430 et
2799 1378 2984 1433 cwtcri.
3021 1377 3136 1431 Filii
3167 1378 3281 1444 irte,
3311 1381 3452 1432 sicut
3492 1393 3652 1448 supra

2065 1469 2395 1532 difﬁdentia),
2430 1466 2521 1524 ﬁlii
2563 1468 2714 1532 Adm,
2751 1467 2838 1520 ﬁlii
2884 1468 3148 1522 vindictae.
3179 1469 3301 1522 llzcc
3338 1469 3657 1523 audiantot

2066 1559 2404 1622 erubescant,
2443 1558 2532 1626 qui
2568 1569 2769 1611 tantum
2811 1560 3009 1612 vitiatae
3043 1567 3246 1613 natura:
3290 1560 3574 1622 tribuunt,
3605 1570 3656 1614 ut

2067 1653 2324 1720 Apostolo
2353 1651 2740 1718 contradicant,
2765 1661 2818 1706 et
2843 1667 2870 1704 a
2897 1651 2997 1705 fide
3021 1652 3340 1706 exorbitent.
3375 1651 3536 1706 Deus
3571 1669 3658 1706 ait

2065 1748 2187 1804 ‘tem,
2219 1742 2304 1809 qui
2327 1741 2464 1795 dices
2487 1742 2634 1796 estin
2663 1743 3032 1796 misericordia.
3062 1742 3176 1796 Non
3199 1743 3369 1796 Solum
3398 1743 3456 1797 in
3489 1757 3661 1798 virtu-

402 1841 604 1894 faceret
634 1839 890 1900 membra,
922 1838 1009 1906 qui
1057 1845 1139 1890 est
1185 1845 1342 1904 caput
1369 1834 1619 1888 Ecclesiae
1659 1847 1791 1895 sate.
1821 1840 1874 1885 et
1905 1831 1967 1883 ad
2005 1853 2048 1912 Β
2074 1841 2144 1898 te,
2177 1831 2270 1884 sed
2295 1833 2453 1886 etiam
2482 1833 2532 1886 in
2566 1832 2952 1887 misericordia.
3005 1833 3272 1887 Misereris
3297 1842 3525 1901 autem,
3569 1835 3659 1896 ait,

401 1946 552 1985 sitam
583 1929 854 1983 dexteram
884 1928 934 1980 in
974 1926 1280 1980 cmlestibus
1323 1926 1646 1979 collocaret?
1677 1921 1971 1977 Secundum

359 2010 364 2012 ’
403 2022 742 2093 apvt-ationem
767 2019 1017 2088 potentitr.
1049 2017 1162 2070 Non
1191 2015 1480 2070 secundum
1513 2016 1684 2082 legem
1717 2014 1798 2067 vel
1824 2020 1974 2067 natu-

402 2125 539 2163 ram.
579 2108 793 2163 Virtutis
820 2110 952 2178 ejus,
977 2123 1128 2173 quam
1149 2115 1386 2170 operatus
1412 2115 1484 2158 est
1511 2106 1561 2157 in
1587 2104 1804 2158 Christo.
1848 2102 1974 2156 Haec

409 2210 490 2253 cst
518 2199 920 2267 supereminens
951 2196 1255 2264 magnitudo
1278 2195 1488 2249 virtutis
1513 2196 1628 2263 ejus
1652 2208 1812 2262 super
1853 2205 1972 2245 nos.

408 2290 671 2342 Sttsrilaus
699 2289 844 2340 illum
875 2303 905 2338 a
927 2287 1159 2340 mortuis.
1187 2285 1391 2338 Nostra:
1425 2293 1626 2337 natum
1655 2282 1976 2348 assumptio-

409 2395 494 2434 ne.
543 2380 605 2434 Et
651 2379 956 2432 constituens
1009 2376 1076 2428 ad
1115 2376 1375 2429 dexteram
1419 2391 1564 2429 suam
1608 2375 1658 2427 in
1697 2371 1978 2427 cazlestibtts

409 2487 560 2536 super
585 2486 780 2524 onmem
817 2469 1178 2537 principatum,
1209 2476 1256 2520 et
1283 2473 1597 2534 potestatem,
1637 2473 1687 2518 et
1723 2463 1975 2516 uirtutem.

414 2564 634 2617 Dextera
672 2576 766 2629 pro
795 2560 996 2614 honore
1049 2558 1260 2628 ponitur
1285 2571 1348 2610 ac
1379 2555 1735 2618 beatitudine;
1767 2568 1870 2607 non
1921 2559 1981 2605 ut

403 2641 550 2707 'lteus
570 2665 857 2720 corporeus
877 2665 996 2706 es~e
1022 2650 1268 2704 credatur
1291 2665 1305 2701 :
1333 2662 1452 2701 nam
1471 2656 1524 2700 et
1547 2646 1699 2699 Pater
1720 2659 1749 2698 a
1779 2643 1981 2698 dextris

416 2747 535 2801 Filii
583 2761 702 2801 esse
757 2745 966 2810 dicitur,
1023 2745 1160 2797 sicut
1205 2741 1461 2809 scriptum
1511 2747 1633 2792 est:
1671 2737 1923 2790 Dominus
1951 2749 1979 2787 a

414 2839 614 2894 dextris
643 2839 744 2892 tu’s
769 2835 1047 2905 confregit.
1082 2833 1248 2888 Ambo
1271 2847 1396 2900 ergo
1418 2845 1444 2882 a
1465 2829 1666 2883 dextris
1689 2837 1832 2892 sunt,
1862 2827 1980 2894 quia

416 2935 546 2988 nihil
585 2942 665 2987 est
709 2934 757 2986 in
805 2930 1088 2984 Divinitate
1126 2927 1418 2981 sinistrum.
1475 2923 1700 2976 Dn-xlera
1730 2935 1858 2991 ergo
1890 2919 1982 2972 Dei

418 3019 720 3086 beatitudo;
755 3019 946 3082 sessio,
981 3017 1232 3070 habitatio
1269 3016 1298 3067 it
1325 3013 1603 3081 telligcnda
1645 3021 1747 3065 est.
1788 3009 1852 3063 Et
1892 3011 1986 3061 do-

418 3111 760 3163 minationem.
796 3109 925 3174 Quia
958 3121 1117 3160 unum
1148 3121 1264 3157 cum
1290 3105 1419 3166 Deo,
1453 3104 1533 3156 vel
1565 3102 1616 3155 in
1651 3103 1758 3155 Deo
1785 3109 1884 3156 est.
1917 3098 1984 3152 Et

2077 1923 2335 1986 omnium,
2361 1926 2480 1994 quia
2503 1924 2676 1978 omnia
2710 1935 2881 1992 potes,
2911 1935 2960 1980 et
2981 1923 3160 1993 diligis
3181 1939 3242 1978 ea
3269 1941 3390 1994 quae
3412 1926 3658 1981 creasti:

2076 2031 2176 2070 nec
2194 2015 2335 2071 enim
2363 2016 2551 2070 odtens
2581 2015 2779 2085 aliquid
2810 2016 3156 2071 cons‘itnisti.
3191 2016 3411 2086 Prop'cr
3444 2019 3662 2071 nimam

2027 2177 2036 2185 _
2073 2111 2561 2162 charitatem-suam.
2592 2107 2760 2162 Nimia
2793 2108 3023 2163 charitas
3049 2119 3150 2172 ρει,
3184 2110 3418 2190 rebelles
3445 2125 3536 2163 sci
3551 2125 3658 2177 vos,

2076 2207 2131 2252 et
2159 2199 2373 2265 impios,
2409 2199 2548 2254 velut
2581 2198 2714 2254 lilios
2736 2199 2976 2268 diligere.
3021 2199 3172 2255 Unde
3199 2201 3661 2256 considerandum

2075 2299 2159 2346 est
2185 2299 2442 2360 quantum
2467 2291 2538 2345 dil
2564 2301 2650 2362 gat
2679 2292 2780 2360 iam
2809 2303 3023 2348 sanctos
3051 2291 3290 2359 effectos,
3321 2295 3417 2362 qui
3451 2303 3664 2348 tantum

2080 2380 2276 2434 amavit
2307 2389 2610 2449 peccatores
2636 2391 2689 2435 et
2711 2381 2920 2450 impios.
2957 2383 3071 2448 Qua
3096 2384 3276 2438 dilexit
3315 2399 3439 2438 nos.
3481 2387 3504 2435 ι
3532 2393 3555 2438 ι
3584 2384 3666 2437 mi-

2079 2482 2252 2526 sertus
2273 2480 2356 2526 est
2381 2473 2570 2526 nostri.
2602 2469 2664 2526 E'
2686 2490 2802 2526 cum
2823 2490 3042 2528 essemus
3070 2475 3254 2527 mortui
3282 2476 3546 2544 peccatis.
3578 2476 3666 2530 ltei

2082 2561 2268 2616 mortis
2301 2560 2413 2629 jam
2459 2563 2607 2630 quasi
2645 2562 2838 2616 mortui
2875 2563 3202 2625 vivebamus,
3237 2577 3338 2617 non
3387 2565 3578 2618 solum
3619 2563 3669 2617 in

2081 2651 2324 2718 originali
2353 2661 2590 2718 peccato,
2622 2652 2718 2707 sed
2742 2653 2898 2706 etiam
2922 2651 3135 2706 actuali.
3163 2651 3559 2721 Comini/ﬁcari:
3585 2669 3673 2706 nos

2081 2740 2303 2795 Christo.
2334 2741 2459 2796 Sine
2484 2751 2700 2811 peccato
2729 2757 2822 2810 per
2839 2741 3164 2810 .bartismum
3194 2743 3466 2808 faciendo,
3499 2757 3560 2800 et
3591 2761 3675 2800 re-

2084 2831 2434 2885 suscitando:
2473 2846 2569 2885 nec
2619 2832 2876 2886 debemus
2923 2831 3209 2900 desperare
3255 2832 3306 2885 in
3344 2832 3517 2886 vobis
3559 2833 3675 2888 ﬁeri

2085 2921 2222 2988 quod
2272 2930 2450 2974 nostra
2499 2929 2686 2974 natura
2714 2922 2823 2990 jam
2857 2922 3091 2990 possidet
3138 2923 3191 2976 in
3219 2923 3454 2977 Christo.
3513 2924 3678 2996 Cujs

2086 3011 2247 3078 gratia
2278 3012 2393 3064 estis
2411 3011 2614 3064 saluati.
2649 3013 2845 3078 Gratis,
2881 3027 2986 3066 non
3014 3014 3204 3066 merito
3233 3020 3439 3076 nostro,
3477 3025 3544 3068 ut
3589 3015 3684 3070 bu-

2089 3100 2321 3154 milietur
2348 3101 2577 3153 humana
2606 3101 2875 3170 superbia,
2905 3116 3024 3170 qua:
3059 3117 3116 3157 se
3147 3103 3212 3156 de
3243 3104 3449 3156 meritis
3475 3105 3678 3171 jactat,

420 3199 772 3254 omue‘nomen
801 3197 935 3266 quod
965 3185 1272 3249 nominatur.
1303 3193 1356 3248 Si
1397 3192 1534 3258 quod
1563 3203 1642 3245 est
1675 3191 1815 3244 aliud
1841 3191 1979 3259 quod
2013 3207 2056 3267 ο
2089 3197 2142 3242 et
2178 3190 2310 3243 sciat
2349 3189 2570 3257 gratiam
2606 3191 2770 3257 gratis
2810 3191 3006 3245 datam.
3042 3187 3109 3242 Et
3148 3193 3606 3258 conresuscitarit,
3635 3204 3683 3247 et

422 3289 709 3344 nescimus.
746 3285 863 3339 Non
891 3285 1054 3338 solum
1093 3283 1144 3337 in
1167 3283 1260 3334 hoc
1285 3283 1495 3346 swculo,
1524 3281 1613 3333 sed
1633 3291 1681 3333 et
1705 3282 1758 3333 in
1789 3281 1981 3349 futuro.

425 3380 486 3433 Et
518 3379 688 3431 omnia
711 3377 922 3448 subjecit
951 3375 1040 3427 sub
1064 3373 1273 3442 pedibus
1303 3373 1431 3443 ejus.
1466 3371 1519 3426 In
1554 3371 1748 3434 futuro,
1779 3371 1879 3426 hoc
1905 3383 1980 3423 ιέι

419 3471 472 3523 in
523 3467 748 3535 caelesti,
798 3464 935 3536 quod
978 3464 1128 3518 nobis
1176 3463 1405 3516 futurum
1446 3471 1546 3526 est,
1580 3477 1684 3538 non
1714 3461 1844 3524 Deo,
1889 3475 1987 3514 nec

420 3560 542 3614 sibi.
584 3557 645 3610 Et
676 3557 844 3626 ipsum
891 3556 1031 3609 dedit
1061 3562 1228 3624 .caput
1273 3554 1412 3607 omni
1457 3552 1715 3606 Ecclesiae.
1748 3553 1986 3606 Chri~tus

421 3660 580 3719 caput
607 3649 858 3704 Ecclesia:
897 3657 1000 3710 est,
1029 3646 1262 3702 omnium
1299 3643 1571 3712 plenitudo
1601 3630 1983 3697 membrdruin.

425 3742 553 3806 Qua:
577 3748 650 3793 est
680 3754 863 3805 corpus
891 3738 1050 3807 ipsius
1079 3746 1125 3789 et
1153 3737 1416 3806 plenitudo
1446 3738 1575 3806 ejus.
1619 3733 1836 3801 Capitis.
1890 3734 1988 3798 Qui

419 3832 588 3884 omnia
616 3831 669 3883 in
708 3829 938 3882 omnibus
978 3827 1303 3897 adimpletur.
1339 3825 1436 3892 Qui
1471 3834 1610 3879 totus
1654 3824 1705 3878 in
1737 3823 1988 3879 membris

417 3922 665 3994 omnibus
703 3919 1041 3988 adimpletur,
1092 3933 1194 3971 non
1226 3917 1276 3969 in
1309 3915 1554 3995 singulis,
1585 3930 1651 3968 ne
1678 3914 1781 3967 ulla
1812 3914 1989 3968 diver-

419 4018 548 4066 sitas
595 4013 903 4066 meritorum
937 4011 1004 4064 sit
1037 4028 1051 4064 :
1081 4011 1294 4079 quando
1322 4026 1508 4064 omnes
1535 4009 1880 4073 crediderint,
1933 4017 1990 4063 ct

421 4105 638 4174 pet-fecti
673 4103 887 4166 fuerint.
915 4111 985 4156 tui
1008 4117 1039 4156 c
1065 4105 1166 4157 erit
1196 4117 1391 4170 Corpus
1419 4100 1712 4170 perlectum
1739 4099 1790 4154 in
1822 4100 1987 4156 omni-

420 4196 517 4249 bus
539 4193 809 4248 membris.

488 4284 613 4336 Car.
647 4297 707 4337 ιι.
740 4280 803 4332 Et
825 4295 910 4333 ros
929 4294 1042 4332 cum
1071 4280 1260 4332 essetis.
1283 4276 1420 4332 lline
1442 4279 1546 4330 illis
1576 4278 1683 4332 vult
1705 4277 1988 4332 ostendere

420 4381 674 4441 quantum
697 4370 776 4423 eis
807 4369 1048 4424 beneﬁcii
1081 4371 1149 4422 sit
1174 4369 1445 4422 collatum.
1482 4367 1672 4422 Hor-tui
1700 4368 1898 4421 delictis
1943 4379 1988 4421 et

423 4463 639 4528 peccatis
667 4463 862 4514 vestris.
891 4461 1058 4514 Morte
1084 4462 1306 4530 peccati.
1325 4471 1508 4515 contra
1539 4461 1868 4530 Pelagianos.
1899 4463 1986 4529 qui

2090 3285 2360 3336 consedere
2389 3285 2509 3353 fecit
2531 3285 2582 3336 iu
2603 3285 2880 3337 eiulatibus
2914 3285 2966 3337 in
2989 3283 3192 3339 Christo
3221 3285 3367 3341 Jesu.
3408 3289 3559 3354 Quia
3594 3290 3702 3356 ubi,

2089 3383 2246 3441 caput
2282 3383 2383 3436 est,
2416 3374 2485 3428 ibi
2512 3375 2614 3428 erit
2639 3384 2692 3428 et
2719 3388 2932 3444 corpus,
2967 3376 3101 3428 sicut
3129 3385 3182 3429 et
3219 3376 3330 3444 ipse
3367 3379 3444 3431 ait
3483 3395 3530 3433 :.
3548 3381 3687 3434 Volo

2091 3476 2146 3520 ut
2175 3467 2262 3520 ubi
2292 3482 2389 3534 ego
2421 3481 2535 3520 sum
2555 3507 2568 3530 ,
2607 3477 2660 3521 et
2687 3467 2784 3535 ipsi
2819 3466 2943 3520 sint.
2981 3465 3047 3518 Ut
3077 3467 3354 3521 ostenderet
3386 3469 3442 3520 in
3464 3473 3690 3525 sarculis

2089 3565 2572 3632 supervenientibus.
2607 3565 2743 3620 Ante
2766 3565 3160 3635 przcdcstinavit
3190 3564 3328 3633 quod
3360 3571 3483 3617 erat
3518 3561 3689 3618 modo

2092 3654 2344 3710 facturus.
2384 3655 2711 3708 Abundantes
2754 3657 2958 3709 divitias
2997 3658 3174 3726 gratia:
3209 3671 3312 3708 sua:
3337 3655 3389 3707 in
3419 3654 3684 3708 bonitate.

2090 3743 2228 3798 Vere
2249 3746 2522 3799 abundans
2549 3746 2739 3815 gratia,
2763 3755 2817 3799 ut
2841 3761 2944 3800 non
2977 3747 3145 3800 solum
3177 3755 3391 3814 peccata
3412 3743 3686 3809 donaret,

2090 3832 2182 3886 sed
2213 3834 2373 3886 etiam
2405 3849 2524 3887 cum
2555 3834 2764 3890 Christo
2790 3836 3131 3890 resuscitaret
3162 3851 3177 3888 :
3208 3843 3260 3890 et
3288 3849 3386 3889 nec
3422 3834 3538 3911 hoc
3566 3834 3690 3889 suf-

2090 3921 2234 3988 fecit,
2279 3924 2378 3978 nisi
2417 3926 2573 3978 etiam
2615 3938 2710 3979 nos
2738 3925 2802 3980 ad
2842 3925 3111 3980 dexteram
3151 3925 3242 3982 Dei
3269 3927 3320 3979 in
3357 3926 3690 3981 cmlestibus

2089 4011 2379 4068 collocaret
2409 4017 2459 4068 in
2489 4025 2766 4081 assumpto
2794 4017 3027 4072 homine.
3061 4017 3226 4086 Super
3253 4033 3346 4070 nos
3380 4018 3432 4070 in
3467 4017 3692 4071 Christo

2087 4099 2234 4156 Iesu.
2273 4103 2325 4157 ln
2353 4119 2546 4170 corpus
2561 4101 2781 4170 Christi,
2807 4107 3148 4172 velexemplo
3165 4107 3300 4174 ejus.
3326 4105 3517 4159 Gratia
3542 4110 3686 4161 enim

2089 4195 2206 4246 estis
2243 4196 2441 4248 saluati.
2493 4194 2607 4248 Non
2653 4195 2853 4250 meritis
2893 4198 3105 4262 vestris,
3153 4198 3245 4252 sed
3288 4198 3454 4267 gratia
3499 4199 3690 4269 gratis

2089 4283 2232 4338 data.
2267 4284 2375 4338 lloc
2405 4296 2588 4338 contra
2637 4299 2729 4340 eos
2759 4286 2848 4354 qui
2891 4285 3074 4340 dicunt
3125 4287 3265 4354 quod
3306 4288 3417 4340 suis
3456 4290 3690 4343 merit's

2089 4372 2381 4426 salventur.
2416 4369 2516 4426 Ριι·
2535 4375 2706 4442 ﬁdem.
2733 4374 2834 4428 Per
2855 4378 3018 4428 so'am
3051 4375 3230 4441 ﬁdem,
3266 4393 3421 4445 quam
3449 4388 3694 4433 sanctus

2089 4459 2315 4527 Spiritus
2340 4462 2482 4516 dono
2517 4477 2612 4516 suo
2639 4462 2888 4516 infundit.
2923 4463 2985 4515 Et
3021 4464 3114 4516 hoc
3143 4481 3244 4517 non
3275 4481 3336 4518 ea:
3369 4465 3536 4531 vobis,
3585 4467 3692 4520 Dei

422 4565 662 4607 naturam
686 4559 887 4605 tantum
914 4550 1205 4604 defendunt
1229 4559 1480 4619 quantum
1510 4551 1647 4605 ratio
1670 4566 1774 4604 non
1801 4537 1984 4604 habet:
2021 4571 2069 4632 υ
2092 4553 2222 4602 enim
2246 4553 2434 4605 donum
2475 4561 2564 4604 est.
2600 4551 2704 4606 Sed
2737 4554 2876 4606 dono
2914 4553 3122 4622 gratite.
3163 4570 3228 4607 ne
3256 4555 3500 4610 dicerent
3529 4559 3694 4624 quod

421 4653 476 4699 et
500 4642 680 4698 dicunt
717 4641 872 4696 ﬁdem
905 4656 968 4695 ex
997 4649 1182 4694 natura
1213 4655 1351 4696 esse.
1398 4641 1535 4708 Quid
1565 4642 1704 4695 enim
1733 4641 1857 4695 boni
1890 4657 1982 4708 po-

423 4744 528 4790 test
555 4741 794 4790 mortuus
821 4732 1029 4786 lacere?
1062 4729 1126 4785 In
1149 4732 1326 4801 quibus
1361 4732 1636 4801 aliquando
1665 4733 1984 4786 ambulastis.

421 4829 536 4885 lam
565 4843 695 4884 vero
738 4840 844 4881 non
883 4825 1187 4880 ambulatis.
1229 4823 1516 4878 Secundum
1545 4824 1784 4876 sa'culum
1813 4825 1988 4876 mundi

423 4922 596 4991 hujus.
631 4918 755 4974 Ideo
801 4916 1052 4970 smculum
1083 4915 1321 4968 homines
1349 4915 1528 4967 szeculi
1559 4913 1810 4976 dicimus.
1856 4916 1991 4968 sicut

353 5071 358 5076 _
424 5009 646 5061 dicimus
666 5008 881 5061 domum
904 5005 988 5078 vel
1015 5005 1232 5071 bonam,
1257 5006 1338 5060 vel
1362 5005 1575 5067 malam.
1600 5003 1724 5058 dum
1751 5004 1991 5058 habitan-

428 5110 506 5152 tes
536 5099 588 5150 in
615 5114 677 5151 ea
707 5099 1048 5167 intelligimus
1077 5097 1325 5151 homines
1352 5095 1551 5150 saeculi.
1580 5095 1723 5149 ldola
1751 5097 1989 5152 colentes

429 5190 665 5243 nominat
693 5189 964 5254 szcculum,
993 5189 1128 5243 sicut
1153 5197 1205 5243 et
1227 5197 1763 5256 scrpentes,quorum
1790 5188 1992 5242 similes

427 5293 640 5335 eramus
665 5289 946 5348 sequentes
967 5279 1161 5333 diaboli
1181 5279 1522 5334 voluntatem.
1543 5277 1831 5333 Secundum
1855 5279 1992 5348 prin.

426 5375 586 5438 cipcm
638 5369 896 5442 potestatis
939 5370 1070 5421 aeris
1126 5368 1302 5440 hujus.
1356 5369 1655 5424 Secundum
1706 5369 1993 5438 principem

429 5466 568 5518 illius
596 5460 894 5532 potestatis,
929 5460 1014 5530 qui
1046 5460 1098 5514 in
1132 5460 1230 5514 hoc
1251 5474 1376 5516 aere
1401 5471 1622 5516 ventoso
1649 5473 1728 5515 est
1757 5461 1824 5513 de
1845 5463 1995 5516 caelis

431 5557 689 5623 dejectus.
729 5555 950 5623 Spiritus
979 5553 1061 5622 qui
1090 5569 1228 5605 nunc
1269 5564 1551 5621 operatur..
1578 5555 1855 5616 Suasiooe,
1890 5569 1993 5606 non

434 5646 508 5696 vi.
559 5644 622 5698 In
663 5645 796 5711 ﬁlios
837 5643 1148 5712 diﬁidentite.
1206 5641 1260 5695 ln
1304 5660 1395 5698 eos
1440 5645 1524 5712 qui
1577 5659 1682 5697 non
1732 5645 1994 5700 credunt:

440 5738 802 5804 unusquisque
827 5734 970 5788 illius
993 5734 1131 5788 ﬁlius
1153 5732 1400 5800 efﬁcitur,
1425 5749 1582 5805 quem
1610 5734 1864 5800 imitatur,
1887 5734 1998 5788 sive

2097 4642 2226 4695 ﬁdes
2251 4657 2314 4696 ex
2350 4641 2479 4708 ipsis
2507 4652 2668 4708 esset,
2699 4653 2751 4694 et
2791 4659 2894 4696 non
2925 4659 2991 4697 ex
3028 4643 3154 4698 Deo.
3203 4643 3318 4698 Non
3346 4661 3409 4698 ea:
3435 4649 3696 4715 operibus

2095 4733 2290 4795 vestris,
2322 4741 2377 4785 ut
2406 4747 2468 4785 ne
2494 4733 2605 4800 quis
2635 4732 2895 4802 glorietur.
2929 4732 3004 4788 Ne
3029 4733 3147 4802 quis
3184 4736 3438 4804 glorietur
3459 4750 3518 4790 se
3563 4739 3693 4792 suis

2097 4829 2297 4881 meritis
2331 4827 2620 4894 accepisse.
2661 4824 2833 4895 Ipsius
2870 4828 3002 4879 enim
3048 4845 3220 4880 sumus
3267 4833 3486 4893 factura.
3534 4829 3692 4895 Quia

2099 4932 2264 4982 nuper
2303 4932 2488 4970 sumus
2518 4917 2568 4970 in
2595 4914 2809 4969 Christo
2855 4917 3046 4978 renati,
3075 4927 3130 4969 ut
3159 4920 3208 4970 in
3240 4919 3390 4972 bonis
3417 4920 3694 4986 operibus

2101 5006 2192 5060 Dei
2223 5005 2486 5070 adjutorio
2509 5005 2866 5070 ambulemus,
2897 5020 3014 5072 qua:
3042 5006 3093 5059 in
3116 5007 3406 5074 Evangelio
3432 5018 3562 5062 sunt
3595 5025 3698 5062 os-

2099 5107 2267 5151 lensa.
2297 5095 2463 5150 Creati
2483 5100 2534 5150 in
2561 5097 2780 5161 Christo,
2823 5100 2874 5150 in
2897 5099 3127 5166 operibus
3157 5100 3321 5154 bonis.
3348 5099 3460 5154 Non
3488 5100 3562 5153 de
3592 5102 3696 5153 illa

2095 5189 2365 5243 creatione
2391 5190 2535 5248 dicit.
2567 5206 2671 5259 qua
2702 5192 2754 5244 in
2777 5189 2944 5244 Atiam
2979 5191 3060 5244 vel
3091 5207 3155 5244 ex
3181 5191 3346 5267 Adam
3376 5191 3696 5255 nascimur,

2096 5280 2188 5334 Sed
2215 5295 2316 5348 qna
2348 5280 2397 5332 in
2431 5281 2692 5348 baptismo
2723 5297 2817 5349 per
2847 5283 3070 5349 gratiam
3104 5281 3474 5346 refer-utamur,
3505 5291 3572 5334 ut
3611 5283 3700 5350 ip-

2096 5370 2208 5424 sius
2239 5369 2521 5438 'adjutorio
2562 5370 2613 5423 in
2658 5371 2812 5425 b0nis
2861 5371 3112 5440 operibus
3158 5373 3506 5426 ambulemus.
3537 5369 3702 5426 [hoc

2098 5457 2272 5512 omnia
2289 5473 2352 5512 ex
2381 5459 2546 5528 gratia
2569 5461 2840 5530 eveniunt,
2866 5462 2946 5513 vel
2972 5474 3336 5530 prteparantur
3359 5478 3500 5524 :nam
3520 5464 3700 5527 quod

2100 5551 2354 5616 sequitur,
2414 5552 2542 5614 Quze
2599 5551 2914 5619 prcrparavit
2971 5553 3140 5617 Deus,
3186 5555 3236 5606 id
3259 5543 3344 5607 est
3395 5553 3700 5620 pmdesli-

2103 5639 2264 5691 navit.
2315 5639 2443 5702 Qttte
2484 5641 2786 5710 pra‘paravit
2821 5639 2975 5706 Deus,
3008 5651 3063 5694 ut
3108 5643 3160 5695 in
3193 5644 3300 5696 illis
3338 5645 3698 5696 (turbulentus.

2105 5728 2422 5799 Praeparavit
2449 5732 2584 5786 Deus
2607 5731 2656 5785 in
2683 5736 2961 5801 przesentia
2990 5748 3086 5788 sua
3111 5751 3127 5788 :
3161 5745 3213 5789 et
3237 5751 3378 5792 nunc
3402 5733 3532 5790 dedit
3581 5749 3700 5800 per
