3884 6172
227 392 316 444 til5
1071 384 1131 437 IN
1177 382 1557 436 EPlSTOl.Ail
1602 380 1686 434 Al)
1730 360 2609 435 Ei‘llESltlS.COMMENTARM.

3296 390 3300 394 ’
3363 386 3468 442 614

228 504 439 571 ςτηιῑςιιιι
474 515 647 562 suam,
699 499 989 552 secundum
1041 512 1234 551 novum
1290 497 1557 549 hominem
1604 496 1788 548 ambn-
1821 493 1865 551 Α
1898 492 2052 560 longe
2083 507 2108 544 a
2146 493 2253 545 Deo
2282 493 2679 545 discesserant:
2714 505 2815 543 non
2855 490 2991 553 loco,
3042 492 3131 545 sel
3187 494 3323 549 idola
3371 512 3466 549 cn-

230 592 415 646 1ιῚΙιιιςῖ
446 593 495 645 id
518 602 617 653 est,
640 591 1060 660 prin-destinarit;
1092 589 1489 656 prtedestinatio
1514 589 1628 642 sine
1658 601 1791 655 prte-

228 685 438 739 scieutia
494 698 612 738 esse
670 700 772 751 non
829 691 1021 750 potest.
1088 683 1304 748 Propter
1349 681 1488 751 quod
1539 698 1787 735 memores

226 787 402 837 estote,
431 777 567 843 quod
594 775 871 843 aliquando
898 790 982 827 vos
1009 783 1195 841 gent-cs.
1243 775 1637 828 Commemorat
1674 774 1790 827 illos

226 870 280 921 de
319 878 523 935 quanta
565 865 893 933 ignobilitate
934 865 998 915 ad
1042 880 1301 915 summam
1354 863 1501 931 regni
1551 864 1791 932 perducti

225 966 364 1022 sunt,
395 965 454 1009 ut
484 971 587 1008 non
617 955 721 1007 rilll
755 956 942 1022 ingrati
984 954 1033 1006 ei
1073 953 1161 1021 qui
1205 954 1302 1005 hoc
1345 954 1447 1006 ills
1487 957 1653 1021 gratia
1696 970 1789 1009 sua

227 1059 475 1117 praestare
504 1047 746 1115 dignatus
776 1057 877 1099 est.
927 1045 984 1097 lu
1016 1062 1186 1105 carne,
1218 1047 1304 1113 qui
1333 1045 1632 1098 dicebamini
1660 1061 1792 1115 pra:-

226 1143 440 1207 putiztm.
485 1137 682 1192 Gentes
716 1138 1053 1205 prchutium,
1086 1136 1252 1189 .lnda-i
1285 1134 1619 1189 circunuisio
1649 1137 1794 1189 dice-

228 1233 434 1284 bantur.
485 1229 558 1280 Ab
590 1244 647 1279 ea
674 1242 787 1293 quae
811 1226 997 1279 dicitur
1022 1226 1355 1278 circumcisio.
1411 1225 1523 1277 Non
1553 1225 1601 1277 in
1630 1227 1792 1281 Corde

228 1339 309 1391 pcr
339 1323 607 1392 spiritum.
663 1322 725 1376 In
757 1339 908 1376 carne
943 1339 1099 1374 unum
1134 1322 1292 1391 facta.
1345 1320 1603 1374 Humana.
1658 1321 1792 1385 Quia

228 1418 373 1468 iratis
398 1419 449 1468 in
478 1416 568 1467 illo
599 1426 819 1481 (conpare
844 1415 953 1468 sine
980 1412 1199 1471 Christo.
1232 1413 1443 1466 alienati
1472 1431 1503 1466 a
1526 1430 1793 1468 conturm-

230 1511 352 1562 tione
372 1505 559 1560 Israel.
593 1507 725 1573 Quia
758 1506 833 1560 ilii
857 1505 1127 1559 Christum
1162 1506 1214 1557 in
1242 1504 1422 1559 multis
1450 1507 1715 1575 mysteriis
1738 1519 1792 1560 et

232 1600 569 1654 sacramentis
610 1598 879 1652 habebant
915 1597 1269 1667 promissum:
1303 1612 1397 1652 vos
1434 1607 1611 1654 autem
1654 1600 1792 1652 idola

235 1708 358 1746 nera
385 1701 441 1746 et
469 1702 611 1744 muta
642 1700 929 1759 sequentes
958 1733 974 1757 ,
1030 1705 1130 1743 nrc
1180 1691 1230 1743 in
1275 1690 1491 1745 nomine
1520 1690 1788 1745 Christum

236 1782 490 1843 sci-:batis,
538 1781 628 1849 qui
679 1780 769 1835 Dei
822 1780 1051 1849 populus
1093 1781 1404 1835 habebatur.
1458 1780 1521 1833 Et
1573 1784 1789 1852 hospites

1895 582 2071 635 lentio.
2109 580 2173 635 Et
2194 579 2371 649 pacem
2399 581 2477 633 his
2507 582 2593 648 qui
2620 596 2793 649 prope.
2848 581 3063 635 .ludzcis.
3098 583 3349 647 Quoniam
3380 602 3468 653 per

1894 675 2058 743 ipsum
2091 656 2347 727 liabemus.
2399 675 2566 727 Nemo
2591 672 2729 725 venit
2763 672 2826 724 ad
2866 671 3071 726 Patrem
3105 677 3201 728 nisi
3234 692 3327 743 per
3357 692 3461 730 me.

1895 764 2051 817 Ambo
2084 769 2359 819 accessum.
2416 764 2619 832 Populi.
2672 762 2733 814 In
2779 778 2879 815 uno
2924 764 3107 831 spiritu
3140 767 3205 817 ad
3241 765 3462 820 Putrem.

1899 851 2068 906 Unum
2096 867 2289 919 Corpus
2334 869 2493 907 unum
2532 856 2774 921 spiritum
2808 852 2987 905 habet.
3042 853 3176 924 Ergo
3221 857 3333 923 jam
3362 872 3461 909 non

1893 944 2009 995 cst's
2038 945 2277 1012 hospites,
2308 954 2352 995 et
2383 946 2623 1005 adt-enat;
2663 946 2750 995 set!
2779 945 2894 996 estis
2921 946 3049 997 cives
3087 956 3380 997 sanctorum
3418 957 3464 1001 et

1895 1034 2151 1087 domestici
2185 1036 2294 1087 Dei.
2345 1039 2457 1088 tam
2492 1052 2593 1088 non
2624 1035 2889 1095 extranei,
2922 1050 3019 1088 nec
3052 1035 3335 1106 proselyti:
3367 1049 3467 1091 nec

1894 1125 2035 1177 enim
2087 1129 2352 1193 separavit
2391 1140 2483 1178 vos
2530 1140 2557 1178 a
2609 1126 2799 1194 populo
2847 1141 2975 1189 suo,
3030 1128 3166 1179 sicut
3220 1128 3467 1195 [ιτςιτιιίιιίι

1896 1215 2084 1270 Isaias:
2118 1217 2258 1270 cives
2286 1216 2522 1285 (‘jltSlit'm
2549 1228 2667 1269 sunt
2696 1226 2747 1270 ct
2781 1219 2997 1285 originis
3022 1229 3072 1271 et
3101 1218 3464 1273 habitationis.

1897 1304 2310 1375 Supcrtvdt'ﬁcati
2363 1325 2513 1374 super
2564 1309 2786 1377 fundam.
2808 1319 2966 1361 nium.
3040 1310 3461 1364 Fundamentum

1895 1397 2254 1463 apostolorum
2291 1405 2346 1451 et
2372 1397 2744 1466 prophetarum
2776 1397 3018 1451 Christus
3046 1409 3156 1465 est,
3183 1403 3269 1469 qui
3301 1401 3461 1455 etiam

1897 1486 2030 1553 lapis
2077 1488 2271 1540 dicitur
2310 1488 2606 1556 angularb;
2651 1500 2707 1541 ιιι
2746 1491 2999 1557 scriptum
3045 1499 3162 1543 cst:
3213 1490 3460 1560 Lapidem

1894 1592 2051 1643 quem
2086 1578 2499 1645 reprobaverunt
2539 1580 2879 1643 a‘diﬁcantes,
2909 1580 3042 1633 duos
3073 1581 3299 1649 parietes
3330 1596 3463 1636 cono

1891 1671 2118 1740 jungeus
2166 1682 2217 1726 et
2258 1674 2559 1727 continens.
2613 1675 2671 1727 Et
2717 1674 3114 1728 ittodamcutum
3152 1685 3358 1741 autem,
3411 1684 3465 1730 ct

1895 1778 2153 1828 summus,
2187 1765 2303 1833 quia
2346 1766 2396 1818 in
2441 1766 2555 1833 ipso
2592 1774 2647 1819 et
2687 1767 2936 1819 ftuulatur
2974 1777 3026 1821 et
3067 1778 3465 1821 consummatur

238 1880 648 1925 testamentorum.
704 1869 924 1924 Etiamsi
964 1871 1124 1938 aliqui
1155 1872 1461 1937 credebant,
1498 1874 1782 1944 proselyti,

1897 1854 2149 1909 Eccles'a.
2194 1858 2547 1926 Apostolorum
2594 1866 2641 1910 et
2684 1858 3065 1927 prophetarum,
3113 1860 3220 1928 ipso
3267 1876 3465 1913 summa

236 1971 324 2016 hoc
348 1970 449 2027 est,
491 1960 755 2030 peregrini
790 1960 1153 2015 habebantur:
1187 1963 1307 2031 quia
1342 1975 1541 2017 estrani
1564 1980 1607 2018 te
1637 1976 1789 2020 erant

230 2061 405 2113 gentes
427 2052 496 2106 ab
524 2053 683 2105 lsrael
716 2060 769 2106 et
799 2067 828 2105 a
857 2050 1087 2107 Christo.
1136 2050 1495 2109 Promissioni:
1522 2072 1660 2123 spem
1690 2075 1787 2111 non

235 2142 474 2195 habentes.
509 2141 655 2196 Sicut
684 2141 755 2197 illi
787 2142 978 2205 srcrab
998 2153 1071 2196 ~nt
1102 2144 1364 2212 promissa
1401 2144 1493 2198 Dei
1524 2163 1640 2215 qua:
1670 2164 1789 2214 pto—

234 2236 436 2291 tniserat
466 2228 713 2299 Abra’hr,
761 2233 811 2289 in
841 2235 1054 2290 Christo
1083 2235 1307 2291 salutem
1336 2252 1456 2292 esse
1486 2249 1782 2294 venturam.

236 2326 292 2379 Et
319 2329 423 2379 sine
457 2324 563 2379 Deo
592 2328 645 2378 in
677 2327 772 2379 hoc
814 2326 1025 2380 mundo.
1074 2326 1265 2381 Multos
1294 2329 1435 2382 enim
1467 2329 1627 2386 falsus
1658 2331 1788 2386 deos

233 2426 520 2484 sequenti-3,
568 2431 727 2469 unum
759 2426 813 2470 et
842 2430 1023 2471 verum
1055 2416 1365 2471 amiserant.
1414 2418 1572 2473 Nunc
1616 2433 1786 2474 autem

232 2508 277 2558 in
305 2506 497 2560 Christo
523 2505 667 2559 Jcsu.
716 2506 887 2562 Unum
919 2507 1048 2562 estis
1080 2507 1131 2561 in
1161 2521 1386 2576 corpore
1413 2510 1549 2578 ejus,
1593 2512 1642 2564 id
1676 2525 1749 2564 est
1769 2554 1783 2575 ,

232 2600 471 2653 lirclcsia.
512 2598 617 2652 Vos
645 2600 732 2666 qui
759 2600 1032 2667 aliquando
1070 2602 1224 2654 eratis
1263 2600 1410 2674 longe
1439 2619 1471 2654 α
1508 2603 1613 2655 Deo
1641 2606 1783 2674 farti,

234 2692 344 2741 estis
377 2706 546 2755 prope.
602 2690 673 2744 Ita
704 2700 758 2744 ut
783 2689 979 2746 iudicis
1018 2692 1385 2762 teqnarctniui.
1436 2692 1500 2748 In
1542 2698 1787 2765 sanguine

232 2777 424 2831 Ch.isti.
458 2780 671 2834 Credite
700 2796 791 2833 vos
822 2781 936 2849 ejus
966 2783 1221 2851 sanguine
1252 2783 1529 2850 liberatos,
1560 2790 1645 2854 qui
1694 2803 1785 2842 vos

232 2871 327 2923 illis
351 2874 591 2941 atquavit.
635 2870 659 2927 I
698 2890 752 2927 se
782 2874 911 2926 enim
939 2885 1012 2928 est
1042 2892 1145 2945 part:
1172 2887 1362 2931 nostra.
1396 2878 1785 2936 Reconciliatio

233 2965 394 3029 populi
422 2964 697 3032 utriusque
728 2966 790 3016 ad
823 2966 1069 3029 invicem,
1111 2982 1161 3022 et
1190 2969 1253 3021 ad
1297 2969 1483 3024 Deum.
1535 2970 1635 3035 Qui
1666 2976 1782 3041 fecit

230 3063 423 3122 utraque
447 3072 620 3109 unum.
654 3056 823 3121 Grcge
848 3077 898 3107 ιν.
933 3056 998 3108 Et
1022 3059 1240 3110 medium
1266 3061 1505 3129 parietem
1532 3078 1656 3115 mari
1673 3065 1782 3118 ria’.

230 3146 417 3201 Medius
462 3148 608 3210 quasi
664 3148 834 3213 paries
880 3159 933 3201 et
987 3151 1216 3202 maceria
1264 3161 1584 3217 sepserant:
1640 3153 1782 3209 inter

1893 1946 2125 2016 angulari
2156 1948 2324 2015 lapide
2355 1947 2556 2001 Christo
2571 1947 2714 2002 lem.
2741 1950 3143 2017 l‘rqiltetarutn,
3179 1952 3331 2017 Noti,
3359 1970 3462 2008 non

1894 2034 2101 2089 Veteris
2132 2036 2459 2092 Testamenti
2486 2055 2499 2089 :
2548 2040 2780 2104 alioquin
2822 2043 3024 2109 priores
3054 2042 3337 2111 prophetas
3364 2060 3462 2096 nn-

1891 2125 2121 2181 minasse
2145 2126 2420 2183 debuerat.
2462 2127 2530 2181 In
2558 2145 2657 2195 quo
2689 2133 2851 2182 omnis
2882 2133 3153 2200 mdiﬁcatio
3178 2143 3464 2187 constructa

1887 2217 2083 2269 crescit.
2135 2215 2216 2268 Ad
2257 2218 2707 2285 comparationem
2755 2220 2935 2285 templi
2986 2222 3290 2277 Salomonis
3335 2223 3463 2278 dicit

1890 2308 2076 2361 insmti
2107 2323 2300 2377 corpus
2330 2308 2560 2377 (linisti,
2604 2311 2654 2363 id
2685 2322 2799 2376 est,
2835 2313 3125 2367 Ecclesiam
3152 2331 3164 2366 :
3208 2324 3263 2368 ut
3296 2316 3463 2368 multo

1891 2398 2144 2467 majorem
2186 2399 2376 2453 habeat
2431 2400 2740 2455 munditiam
2783 2412 2836 2456 ct
2874 2404 3211 2458 sanctitatem
3267 2404 3462 2460 veritas

1889 2505 2043 2558 quam
2086 2492 2278 2558 imago.
2337 2490 2397 2544 In
2448 2493 2692 2560 templum
2734 2504 2964 2546 sanctum
3012 2496 3064 2548 in
3116 2495 3351 2550 Domino.
3407 2500 3461 2555 1η

1890 2586 2084 2652 templo
2110 2594 2294 2638 Sancto
2323 2598 2424 2636 ιιοιι
2461 2595 2678 2653 possunt
2709 2586 2827 2653 poni
2865 2585 3062 2653 lapides
3095 2604 3198 2642 non
3226 2593 3461 2645 sanctiﬁ-

1888 2678 2009 2731 cati.
2047 2674 2108 2729 In
2139 2693 2235 2747 quo
2261 2686 2305 2731 ct
2330 2692 2433 2731 vos.
2487 2677 2548 2732 Ut
2596 2685 2780 2741 (νικος
2816 2680 2930 2733 sitis
2968 2681 3058 2735 Dei
3107 2683 3459 2739 habitaculum

1874 2752 2147 2835 spiritale,
2186 2770 2234 2822 id
2267 2779 2376 2833 est,
2410 2785 2513 2823 non
2547 2786 2702 2824 manu
2735 2771 2949 2826 factum.
2983 2770 3381 2842 Comdi/icamini
3408 2778 3461 2831 in

1890 2858 2229 2911 habitacuium
2258 2859 2350 2914 Dei
2377 2861 2427 2912 in
2454 2861 2657 2930 spiritu.
2693 2864 2962 2931 Apostolis
2988 2874 3039 2919 et
3067 2867 3358 2935 prophetis.

1957 2949 2083 3005 CAP.
2103 2967 2175 3005 ιιι.
2198 2951 2368 3021 Hujus
2390 2954 2481 3007 rei.
2510 2952 2693 3021 Hujus,
2712 2970 2865 3022 quam
2884 2957 3128 3024 superius
3147 2936 3337 3032 memoi
3353 2960 3456 3027 avi,

1889 3044 2026 3111 quod
2048 3042 2135 3096 Fil‘
2149 3058 2209 3095 us
2224 3042 2324 3097 'Dei
2344 3044 2673 3099 descendens
2688 3046 2752 3099 de
2770 3045 2938 3109 caelis,
2953 3047 3226 3103 cttutlzeos
3251 3060 3303 3105 et
3327 3067 3461 3119 gen-

1890 3141 1968 3187 tes
1996 3135 2308 3199 salvaverit,
2354 3145 2406 3190 et
2437 3153 2595 3189 untnn
2624 3138 2806 3192 fecerit
2833 3155 3066 3208 gregem.
3085 3140 3284 3196 Gratia.
3312 3142 3461 3199 Dono

229 3242 491 3303 utrumque
522 3235 771 3302 pupulum
805 3251 965 3289 (mch
998 3237 1150 3305 ﬁngis,
1184 3254 1299 3306 qun
1327 3250 1511 3309 genus
1541 3242 1777 3299 dum-rc,
1811 3219 1853 3280 C
1892 3226 2002 3279 Dei.
2041 3225 2147 3297 Ego
2176 3225 2370 3280 Paulus
2395 3229 2585 3281 vinctus
2611 3229 2797 3283 Christi
2820 3230 2962 3285 Jesu.
2996 3233 3121 3288 Sive
3143 3234 3349 3290 VillClllS
3370 3252 3462 3291 ca-

227 3324 373 3393 bant,
406 3343 468 3380 ne
498 3326 791 3381 lsraelitico
822 3326 1014 3395 populo
1038 3328 1407 3398 iungerentur.
1455 3332 1571 3401 Ipse
1607 3336 1780 3402 paries

226 3414 485 3469 inimicitia
510 3417 831 3470 nominatur.
867 3418 959 3471 V’cl
984 3427 1128 3473 certe
1152 3428 1362 3486 peccata
1395 3432 1501 3474 tam
1529 3428 1777 3488 aetua'ta,

223 3521 374 3570 quam
419 3507 718 3577 originalia,
766 3522 885 3575 quae
930 3522 961 3562 a
1010 3508 1117 3564 Dco
1166 3523 1416 3580 separare
1465 3525 1777 3577 noscuntur,

224 3602 406 3652 merito
449 3599 740 3653 inimicitia:
788 3600 1056 3654 dicuntur.
1117 3599 1330 3656 Sotvens
1384 3604 1674 3657 inimicitias
1728 3606 1777 3659 in

225 3702 369 3740 carne
388 3704 502 3753 sua,
522 3690 685 3759 legem
714 3688 1094 3743 mandatorum.
1126 3690 1234 3743 lloc
1257 3699 1339 3745 cst
1362 3694 1782 3750 circmucisiouis

224 3788 273 3831 et
299 3791 636 3842 cteterormn,
687 3796 804 3850 qua:
850 3797 954 3833 non
1009 3781 1097 3835 Dei
1132 3782 1401 3850 voluntas,
1449 3786 1546 3837 sed
1599 3785 1777 3853 populi

227 3870 406 3925 duritia
436 3874 697 3940 exigebat.
754 3874 858 3927 llas
897 3874 1200 3928 inimicitias
1244 3875 1365 3928 tulit
1402 3876 1681 3942 Dozninus,
1730 3888 1783 3933 et

230 3976 400 4024 pacem
431 3965 638 4031 retudit,
672 3964 946 4035 legemque
968 3979 1258 4029 ev.~cuans,
1293 3975 1347 4019 ut
1370 3967 1501 4021 duos
1526 3970 1782 4023 conderet

234 4053 279 4103 in
312 4069 408 4105 uno
435 4069 572 4107 novo
605 4055 819 4108 homine
851 4072 865 4108 :
917 4056 966 4107 in
998 4070 1102 4123 quo
1133 4070 1235 4110 non
1265 4056 1437 4109 Solum
1470 4056 1778 4112 interiorem

231 4152 277 4191 et
304 4145 637 4209 exteriorem,
667 4144 758 4197 sed
788 4144 946 4198 etiam
977 4144 1214 4198 iudicum
1246 4146 1525 4215 signiﬁcat,
1560 4156 1612 4201 et
1636 4148 1785 4201 Grae-

232 4246 363 4297 cum.
415 4246 469 4290 ιιι
511 4246 656 4290 esset
706 4236 880 4289 omnia
928 4237 979 4290 in
1021 4236 1285 4290 omnibus.
1347 4238 1599 4292 Dominus
1636 4240 1781 4293 enim

233 4324 446 4389 sabbati,
491 4326 922 4393 superstitionem
956 4328 1072 4380 tulit
1111 4327 1317 4381 sabbtti
1348 4331 1685 4395 Corporalis,
1731 4338 1785 4384 et

233 4416 369 4477 quasi
410 4416 637 4468 medium
677 4416 832 4469 solvit
873 4416 1000 4484 legis
1042 4417 1317 4483 parietem,
1347 4418 1433 4486 qui
1477 4434 1571 4471 nos
1612 4422 1677 4471 ab
1718 4436 1778 4474 ea

233 4504 429 4567 pietate,
456 4522 572 4574 qua:
605 4506 893 4560 secundum
929 4505 1091 4559 Deum
1122 4517 1227 4569 est,
1262 4508 1602 4563 decretorum
1642 4507 1784 4561 ditii-

1888 3317 2042 3380 tcnis,
2071 3319 2184 3371 sive
2209 3318 2414 3371 vinctus
2437 3334 2618 3373 amore
2648 3319 2866 3387 Christi,
2891 3338 2992 3376 non
3024 3339 3236 3392 possum
3264 3343 3455 3393 meam,

1886 3406 1988 3459 nisi
2022 3407 2275 3463 Dominus
2305 3411 2530 3476 ἀμάειν,
2566 3411 2740 3466 facere
2773 3415 3117 3469 voluntatem.
3150 3414 3460 3485 Quando'se

1886 3499 2116 3553 vinctum
2146 3503 2401 3567 nominat,
2434 3505 2711 3558 conlirmat
2759 3507 2987 3577 Evangel
3014 3524 3129 3574 um,
3176 3513 3459 3567 ostendens

1884 3602 2076 3658 quanta
2109 3594 2176 3646 sit
2202 3608 2323 3662 Spes
2352 3596 2496 3662 ejus,
2541 3611 2636 3664 pro
2663 3614 2761 3666 qua
2800 3600 2921 3653 talia
2958 3604 3060 3668 pati
3096 3603 3324 3659 libenter
3347 3623 3461 3661 am-

1884 3685 2159 3751 plectitur,
2188 3700 2307 3737 cum
2338 3687 2503 3754 possit
2534 3691 2667 3755 apud
2697 3690 2908 3744 Judaeos
2936 3701 2991 3744 ut
3021 3692 3151 3763 legis
3180 3695 3385 3764 doctor,
3408 3707 3462 3753 et

1885 3775 2090 3842 magnis
2122 3775 2319 3829 divitiis
2349 3776 2641 3839 abundare,
2683 3788 2734 3831 et
2776 3794 2985 3833 srnnmo
3020 3782 3221 3838 honore
3251 3784 3454 3841 haberi.

1891 3862 1991 3916 Pro
2035 3865 2171 3917 vobis
2216 3866 2463 3934 gentibus.
2516 3868 2816 3923 Secundum
2864 3872 3205 3938 Evangelium
3256 3875 3460 3931 inimici

1886 3967 2100 4024 propter
2127 3972 2240 4021 vos,
2274 3957 2389 4025 quia
2419 3972 2512 4011 eos
2542 3974 2702 4011 unum
2751 3976 2871 4015 csse
2920 3962 3151 4017 dicebat.
3206 3965 3265 4019 Si
3294 3978 3461 4022 tamen

1885 4049 2116 4101 audistis.
2169 4046 2223 4101 Si
2255 4047 2475 4101 ﬁrmiter
2505 4048 2760 4104 retinetis.
2816 4051 3249 4121 Dispensationem
3278 4058 3461 4123 gratia:

1886 4136 2003 4202 Dei,
2031 4152 2142 4202 qua:
2168 4138 2288 4188 data
2315 4146 2383 4189 est
2416 4138 2539 4189 mihi
2566 4138 2617 4190 in
2646 4140 2804 4192 voiis.
2837 4141 2967 4208 Quis
3000 4142 3172 4197 ﬁdelis
3200 4159 3386 4199 servus
3408 4158 3463 4202 et

1887 4228 2148 4293 prudens,
2192 4242 2348 4295 quem
2395 4228 2669 4281 constituit
2709 4229 2964 4284 Dominus
3004 4247 3167 4301 super
3207 4235 3461 4291 familiam

1885 4335 2058 4385 suam,
2090 4328 2147 4373 ut
2169 4321 2257 4374 det
2288 4319 2360 4372 illi
2387 4335 2563 4374 escam
2594 4323 2643 4374 in
2675 4327 2958 4389 tempore?
2990 4327 3109 4379 llaec
3137 4340 3218 4381 est
3242 4328 3462 4396 dispen-

1886 4413 2021 4465 satio
2052 4412 2461 4480 przcdicationis.
2506 4413 2797 4482 Diligenter
2821 4417 3062 4479 adverte,
3103 4421 3241 4487 quod
3278 4423 3464 4491 gratia:

1890 4501 1981 4554 Dei
2012 4501 2193 4554 tribuit
2220 4503 2358 4569 quod
2383 4513 2482 4565 est,
2513 4520 2577 4557 ne
2605 4505 2795 4572 aliquis
2818 4505 2884 4560 de
2910 4508 3112 4562 meritis
3143 4511 3461 4578 extollatur;

233 4594 412 4649 coitate
449 4596 797 4664 prohibebat:
842 4598 962 4665 quia
1004 4597 1336 4663 impossibile
1375 4606 1489 4652 erat
1526 4600 1781 4668 gentibus
1814 4592 1863 4651 D
1889 4600 1943 4645 et
1974 4592 2097 4645 dum
2130 4594 2231 4645 sibi
2279 4592 2493 4660 tribuit,
2545 4595 2683 4662 quod
2737 4597 2926 4660 habet,
2977 4601 3119 4653 dono
3149 4600 3238 4655 Dei
3269 4603 3408 4657 exist
3445 4613 3465 4657 t

230 4680 366 4748 juxta
396 4687 562 4755 legem
596 4687 757 4756 Moysi
802 4688 1030 4740 militare
1059 4687 1189 4742 Deo.
1243 4687 1468 4743 Decretis
1509 4705 1780 4755 evacuaus,

233 4785 281 4826 nt
300 4776 417 4831 duos
436 4779 619 4831 condat
643 4781 695 4831 in
715 4780 1035 4849 semetipsum
1057 4781 1107 4833 in
1130 4797 1285 4834 unum
1307 4798 1490 4834 novum
1507 4782 1776 4839 hominem.

234 4863 324 4918 Per
354 4868 499 4921 {idem
531 4869 697 4922 solam
732 4869 1065 4938 justdicans:
1111 4882 1162 4925 et
1201 4871 1325 4925 dum
1363 4872 1635 4935 decernit,
1674 4875 1784 4928 sola

236 4964 434 5014 moralia
464 4964 565 5016 ista
593 4961 874 5026 destruxit,
898 4978 1002 5031 quo
1030 4979 1135 5017 non
1170 4965 1340 5017 solum
1374 4966 1701 5020 estcriorem
1728 4977 1783 5020 et

235 5052 545 5121 interiorem,
574 5053 668 5108 sed
698 5054 857 5107 etiam
889 5055 1132 5117 iuunnm
1164 5055 1414 5124 populum
1440 5056 1562 5109 cltri:
1583 5055 1784 5109 tianum

233 5158 289 5196 ex
318 5146 511 5200 duobus
540 5147 749 5215 populis
782 5145 995 5200 factum.
1052 5146 1269 5201 Faciens
1301 5164 1496 5218 pacem.
1530 5158 1578 5204 et
1611 5165 1782 5202 recon-

232 5239 353 5291 ciliet
385 5241 554 5293 ambos
586 5241 638 5292 in
670 5255 769 5291 uno
801 5256 1008 5309 corpore
1042 5240 1165 5293 Deo.
1219 5242 1348 5307 Quia
1380 5244 1536 5297 ambo
1568 5242 1785 5297 fuerant

234 5344 317 5392 per
344 5344 611 5398 peccatum
644 5332 832 5385 avcrsi.
890 5332 986 5384 Per
1013 5350 1229 5386 crucem.
1283 5334 1383 5388 Per
1419 5336 1582 5388 solam
1626 5337 1785 5390 ﬁdem

231 5422 402 5483 crucis,
431 5438 551 5490 qua:
578 5423 844 5476 nemiuem
874 5424 1129 5478 deterret.
1165 5424 1276 5478 Non
1307 5426 1447 5479 enim
1481 5427 1659 5495 gravis
1683 5438 1782 5493 est,

232 5527 370 5577 quam
400 5515 573 5566 subito
602 5514 848 5580 accipere
879 5517 1035 5567 etiam
1080 5514 1215 5568 latro
1265 5516 1432 5584 potuit
1480 5516 1785 5583 cruciﬁxus,

234 5603 532 5670 luterﬁdens
573 5604 913 5657 inimicitiam.
962 5606 1350 5674 Separationis.
1402 5604 1466 5658 In
1496 5608 1785 5673 semetipso.

234 5692 280 5743 1η
302 5709 452 5750 carne
483 5712 599 5749 sua.
649 5696 709 5748 Et
740 5698 937 5749 veniens
965 5699 1342 5767 cvanqelizarit.
1381 5699 1457 5751 Ad
1494 5701 1592 5752 hoc
1622 5701 1781 5753 venit.

237 5778 401 5837 Pacem
426 5788 581 5852 vobis,
616 5788 702 5855 qui
732 5789 878 5857 longe
902 5789 1089 5857 (iisiis.
1122 5788 1376 5842 (ieuiihus
1399 5789 1644 5858 loqu'tur,
1672 5806 1789 5858 quae

1892 4690 2146 4761 ingratus.
2184 4690 2434 4755 Quoniam
2459 4692 2733 4745 secundum
2764 4696 3115 4750 revelat'onem
3146 4709 3317 4753 natum
3343 4703 3465 4754 mihi

1895 4787 2085 4853 factum
2114 4794 2185 4837 est
2210 4794 2598 4838 sacramentum.
2632 4783 2843 4839 Judteos
2868 4796 2920 4840 et
2943 4799 3128 4855 gentes
3156 4805 3314 4842 unum
3346 4806 3466 4845 esse

1895 4876 1947 4929 in
1974 4876 2205 4942 Christo,
2251 4877 2540 4931 secundum
2586 4877 2987 4940 revelationem,
3035 4894 3137 4931 non
3170 4880 3461 4934 secundant

1898 4969 2179 5031 humanam
2235 4968 2552 5022 doctrinam.
2609 4966 2753 5021 Sicut
2801 4983 2953 5036 supra
2998 4969 3256 5034 scripsiin
3306 4970 3461 5037 brevi,

1896 5058 2043 5126 prout
2082 5062 2291 5128 potestis
2329 5062 2545 5128 legentes
2583 5059 2881 5127 intelligere.
2936 5059 3047 5113 Non
3078 5071 3331 5129 quantum
3364 5079 3462 5135 ego

1889 5152 2123 5206 scribere
2153 5162 2411 5220 poteram,
2444 5151 2535 5204 Sed
2566 5160 2817 5219 quantum
2862 5151 3154 5222 intelligere
3184 5156 3460 5213 Valebatis.

1895 5240 2221 5293 Prudentium
2236 5257 2395 5294 meam
2419 5241 2468 5294 in
2488 5240 2723 5309 mysterio
2739 5239 2947 5298 Christi.
2960 5243 3070 5298 Non
3087 5246 3136 5299 in
3162 5246 3462 5317 eloquentia

1891 5332 2151 5385 εωειιιςιτί.
2205 5329 2353 5393 Quod
2379 5330 2494 5383 aliis
2524 5331 2927 5401 generationibus
2973 5352 3072 5389 non
3118 5347 3193 5390 est
3236 5340 3375 5407 agnit
3413 5356 3463 5390 m

1896 5421 2019 5490 ﬁliis
2059 5422 2335 5475 hominum.
2398 5421 2646 5475 Sciebant
2682 5422 2894 5491 quidem
2945 5426 3141 5495 antiqui
3192 5428 3462 5495 propheta:

1896 5521 2079 5581 gentes
2107 5524 2225 5566 esse
2253 5512 2543 5577 vocandas;
2578 5513 2670 5568 sed
2702 5516 3007 5571 nesciebant
3038 5518 3235 5571 nullam
3260 5520 3460 5572 distan-

1894 5607 2016 5659 tiam
2059 5606 2283 5659 l'uturam
2326 5606 2462 5659 inter
2501 5606 2743 5661 Judteum
2783 5617 2836 5663 ct
2872 5610 3163 5678 gentilem:
3206 5611 3316 5664 sive
3356 5629 3385 5665 ιι
3426 5630 3458 5667 n

1892 5707 1944 5749 ut
1971 5698 2210 5751 homines
2231 5699 2499 5765 propheta:
2527 5699 2893 5766 loquebantur.
2923 5699 3088 5753 Sicuti
3111 5717 3244 5753 nunc
3267 5703 3457 5756 revela-

1895 5798 1996 5840 tum
2027 5798 2096 5842 est
2126 5791 2311 5843 sanctis
2344 5792 2581 5858 apostolis
2619 5792 2729 5861 ejus
2768 5801 2809 5843 et
2854 5794 3012 5861 proph
3046 5794 3129 5847 tis.
3184 5795 3459 5866 Pmphetis
