3910 6174
229 277 320 330 Gi‘l
1081 276 1144 330 IN
1187 274 1564 330 EPISTOLAM
1605 276 1696 328 AD
1738 271 2065 328 EPIIESIOS
2105 268 2618 327 COMMENTANA.

3367 268 3469 321 7l3

219 398 448 462 spiritus,
476 392 606 445 sicut
635 392 796 445 trocati
822 392 938 443 estis
968 390 1020 442 in
1053 407 1150 442 una
1175 407 1264 457 spe
1292 390 1566 443 vocationis
1591 398 1785 441 vestrm.
1823 396 1866 448 Α
1900 386 2063 439 [erudit
2096 387 2231 439 mala
2261 400 2384 448 sua;
2411 383 2549 451 quod
2582 394 2703 435 tunc
2732 382 2837 443 lict,
2864 380 3075 448 quando
3107 381 3266 436 fuerit
3294 389 3472 437 nntuia

221 483 389 537 Unum
446 496 764 535 consensum
819 480 980 535 debet
1036 481 1233 534 habere
1298 481 1347 533 iu
1408 497 1512 532 tum
1570 495 1793 543 entpnt'e

216 575 450 627 omnium
494 587 754 642 compago
786 572 1180 629 membrorum,
1213 587 1331 636 qua:
1359 573 1421 622 ad
1455 586 1610 623 unum
1643 586 1791 636 spem

213 675 340 718 sunt
372 674 581 717 vocata.
635 664 818 717 Putest
850 671 1033 729 contra
1066 664 1185 715 iltns
1213 664 1346 725 dici,
1378 662 1465 730 qui
1498 662 1596 715 sibi
1632 662 1792 714 licere

215 766 400 822 [utaut
434 770 674 820 peccare,
714 767 766 807 et
808 756 924 807 aliis
965 771 1068 807 non
1113 755 1303 807 licere:
1346 769 1466 807 cum
1508 765 1561 807 et
1601 742 1698 821 ipsi
1742 755 1791 807 in

214 860 321 898 rno
348 860 573 913 corpore
602 847 868 912 haptizati,
898 847 1141 899 eumdem
1162 844 1416 911 Spiritum
1447 849 1751 912 acceperint
1779 864 1790 897 :

214 948 266 991 et
295 949 491 991 cretera
522 954 640 1003 qua:
670 947 979 1006 sequuntur.
1037 937 1180 991 Uni-3
1211 937 1477 1000 Dominus,
1514 954 1614 989 una
1645 936 1790 1001 ﬁdes.

216 1026 331 1080 Una
361 1028 597 1079 omnium
624 1026 777 1085 ﬁdes.
811 1030 862 1080 in
896 1044 996 1095 qtta
1027 1042 1214 1081 omnes
1244 1027 1569 1081 crcdidist's.
1624 1026 1795 1080 Unum

213 1120 489 1186 baptisma,
539 1136 671 1171 unus
705 1118 861 1172 Deus.
914 1120 1255 1187 Cuguo~cant
1301 1120 1534 1171 lneretici
1568 1120 1656 1183 qui
1707 1135 1793 1172 re-

214 1211 505 1278 baptizant.
540 1208 605 1261 Et
638 1207 794 1261 Pater
818 1210 1062 1264 omnium.
1098 1208 1344 1262 Omnium
1372 1209 1532 1262 etiam
1561 1208 1794 1277 gentium

210 1301 571 1375 credentium,
597 1315 700 1352 non
726 1300 900 1353 Sulum
931 1299 1258 1352 Judzeorum.
1296 1299 1396 1364 Qui
1421 1316 1576 1369 super
1599 1316 1793 1364 attines,

210 1399 254 1441 et
292 1406 390 1457 per
422 1391 591 1443 omnia
631 1401 676 1443 et
713 1392 761 1441 in
793 1391 1024 1443 omnibus
1055 1392 1217 1444 nobis.
1272 1390 1445 1457 Super
1471 1406 1659 1445 omnes
1692 1394 1797 1443 vir-

210 1492 384 1546 tutes,
414 1483 533 1549 quia
567 1483 906 1546 onuiipotens
951 1495 1045 1549 per
1070 1481 1248 1534 ouuia
1292 1496 1452 1550 opera
1503 1497 1631 1545 sua,
1674 1481 1793 1551 quia

212 1573 511 1624 immensus
542 1571 593 1624 iu
624 1574 874 1625 omnibus
900 1572 1220 1626 Christianis
1244 1573 1535 1626 secundum
1562 1574 1796 1627 sanctiti-

210 1665 482 1717 cationem
512 1663 751 1718 habitare
780 1665 1042 1730 dignatur.
1072 1663 1357 1730 Unicuique
1376 1674 1545 1717 autem
1568 1676 1793 1719 nostrum

1900 476 1950 527 iu
1981 476 2230 528 omnibus
2265 474 2553 530 Christus:
2608 482 2663 525 et
2709 486 2867 524 omne
2918 469 3175 535 schisma,
3218 471 3304 525 vel
3346 488 3474 527 cou-

1898 567 2065 621 teutio
2103 569 2291 619 mortis
2333 566 2615 629 carnisque
2656 562 2995 628 disiesseril,
3040 573 3095 616 ut
3134 579 3270 619 voce
3310 566 3470 619 libera

1896 659 2074 712 dicant
2102 660 2229 725 justi
2256 677 2267 711 :
2294 660 2392 714 Ubi
2426 668 2529 725 eet,
2568 672 2732 719 mors,
2762 656 3033 710 cententio
3080 658 3213 709 tua?
3253 666 3307 709 et
3346 658 3471 709 reli-

1895 764 2018 817 qua.
2058 748 2124 801 In
2155 751 2318 802 virum
2357 750 2653 818 perfectum.
2699 748 2847 803 Sicut
2871 747 3135 801 Christus.
3187 747 3287 812 Qui
3329 750 3471 802 enim

1896 841 2023 895 dicit
2059 857 2117 896 se
2157 842 2207 894 itt
2247 841 2460 896 Christo
2503 856 2748 908 manere,
2790 842 2950 894 debet
2988 842 3123 895 sicut
3163 844 3251 894 ille
3291 842 3476 895 ambu-

1897 932 2024 984 lavit
2061 941 2116 985 et
2155 933 2269 999 ipse
2309 933 2581 985 ambulare
2664 931 2727 984 In
2769 948 3057 983 mensuram
3096 934 3260 984 atatis
3312 933 3476 1000 pieni-

1896 1022 2090 1073 tudinis
2131 1021 2336 1076 Christi.
2392 1022 2457 1076 Ut
2495 1038 2598 1075 non
2639 1036 2897 1075 annomm
2938 1024 3052 1090 ejus
3092 1033 3336 1085 aetatem,
3379 1022 3472 1076 sed

1901 1114 2245 1178 plenitudinis
2288 1117 2575 1177 imitemur,
2628 1115 2747 1169 ﬁdei
2797 1114 2913 1181 ejus
2962 1114 3345 1182 perfectionem
3397 1124 3479 1169 te-

1899 1220 2139 1258 neamus.
2175 1205 2242 1259 Ut
2263 1208 2378 1275 jam
2405 1222 2504 1259 non
2531 1207 2689 1258 simus
2719 1204 2915 1271 parvuli
2942 1206 3269 1271 ﬂuctuantes,
3300 1215 3346 1257 et
3374 1205 3476 1257 cir-

1898 1301 2243 1366 cumferamur
2270 1300 2407 1351 omni
2434 1309 2577 1350 vento
2602 1297 2865 1349 doctrinm.
2901 1294 2967 1349 Ut
2999 1311 3100 1347 non
3130 1297 3295 1348 simus
3326 1296 3474 1363 igno-

1900 1396 2113 1449 rantes,
2170 1401 2342 1454 neque
2379 1386 2555 1452 dubii,
2614 1399 2786 1453 neque
2826 1386 3169 1446 vacillantes,
3226 1394 3275 1437 et
3326 1398 3471 1438 more

1901 1476 2134 1543 imperiti
2160 1475 2556 1544 gubernatoris,
2588 1475 2730 1526 omni
2750 1485 2910 1527 vento
2930 1483 3122 1527 nostra:
3144 1474 3335 1525 uentis
3357 1473 3473 1526 vela

1900 1564 2217 1634 pandemus,
2252 1574 2307 1618 ut
2337 1564 2492 1617 facile
2517 1562 2910 1631 naufragemus,
2929 1570 3015 1613 aut
3044 1562 3107 1614 ad
3140 1571 3347 1628 portum
3377 1560 3478 1614 mi-

1900 1658 2042 1707 nime
2071 1653 2364 1707 veniamus.
2397 1651 2461 1705 In
2498 1654 2719 1717 nequitia
2766 1652 3050 1703 hominum.
3105 1650 3346 1720 Nequitia
3375 1650 3475 1703 hu-

211 1752 343 1804 data
370 1763 443 1805 est
467 1754 653 1824 gratia.
683 1753 795 1805 Non
823 1753 986 1805 multa
1014 1764 1131 1805 sunt
1162 1764 1405 1821 corpora,
1436 1754 1529 1807 sed
1558 1754 1792 1808 membra
1826 1749 1871 1806 Β
1901 1758 2052 1795 mana
2076 1755 2129 1797 el
2151 1741 2358 1796 θδιυίῖέΐ
2377 1758 2405 1795 3
2441 1742 2562 1796 ﬁdei
2595 1752 2741 1795 Γετειο
2778 1756 2938 1795 Cursu
2992 1742 3311 1809 ἀειυτιιυειιι
3339 1754 3476 1809 quos

212 1844 429 1896 diversa
474 1859 568 1910 per
598 1843 907 1896 varietatem
950 1842 1257 1911 gratiarmu.
1313 1843 1605 1898 Secundum
1653 1860 1792 1897 men-

204 1934 419 1988 ’snram.
451 1934 753 1988 Secundum
784 1949 1089 1993 mensuram
1118 1948 1231 1986 sua:
1258 1935 1582 1999 donationis,
1613 1944 1665 1988 et
1690 1936 1799 1988 dis.

214 2027 512 2078 rretionem
546 2023 803 2093 largitatis
841 2039 949 2078 suae
976 2042 988 2076 :
1018 2040 1347 2090 mensuram,
1396 2026 1574 2080 ﬁdem.
1621 2026 1795 2079 Dona-

217 2116 376 2168 tionis
404 2115 634 2168 Christi:
668 2126 874 2185 prapter
899 2116 1034 2183 quod
1077 2116 1220 2169 dicit.
1277 2117 1421 2171 Dona
1468 2116 1610 2170 illius
1644 2127 1797 2180 sunt,

217 2216 272 2260 ιιι
308 2220 364 2260 et
394 2208 755 2275 prmparémur
778 2208 1066 2276 unicuique
1090 2210 1297 2276 gratiae,
1324 2217 1378 2260 et
1402 2208 1668 2275 quontndo
1690 2208 1799 2261 vult

219 2299 389 2367 φάει]
414 2298 1065 2369 spensat.Cognoscamus
1094 2300 1253 2365 dona,
1285 2315 1388 2351 non
1421 2313 1801 2366 praesumamus

214 2392 281 2441 de
324 2389 548 2441 meritis.
590 2382 874 2441 Ascendens
903 2388 957 2441 in
987 2389 1148 2441 ultum
1180 2389 1429 2453 captivam
1466 2389 1612 2441 duxit
1640 2391 1804 2456 capti-

215 2481 447 2546 oi:atem,
476 2482 612 2533 dona
637 2482 774 2533 dedit
801 2480 1107 2533 hominibus.
1137 2480 1279 2545 Quos
1305 2479 1547 2534 diabolus
1567 2482 1803 2546 captivos

219 2572 441 2626 tenebat
481 2573 532 2625 in
573 2582 834 2638 mortem,
881 2569 1127 2625 Christus
1172 2571 1458 2638 captivavit
1503 2571 1569 2625 ad
1618 2571 1802 2636 vitam,

220 2672 385 2731 caput
416 2675 613 2715 nasute
660 2670 866 2715 natura:
893 2675 1103 2714 sursum
1131 2659 1398 2714 vehendo.
1452 2660 1604 2725 Quod
1631 2669 1804 2712 autem

220 2755 484 2818 ascendit,
530 2755 655 2822 quid
699 2763 794 2817 est,
848 2752 946 2806 nisi
993 2752 1110 2819 quia
1157 2761 1204 2805 et
1252 2752 1510 2805 descendit
1562 2754 1803 2819 primum.

223 2845 457 2914 Exponit
488 2861 583 2899 cur
607 2845 809 2899 dicatur
843 2843 1157 2908 ascende.e,
1210 2842 1295 2910 qtti
1344 2843 1538 2911 ubique
1585 2855 1685 2908 est,
1719 2858 1802 2895 se-

222 2938 461 2991 cundum
497 2926 717 2989 fortnam
746 2937 945 2991 scilicet
974 2934 1139 2997 servi,
1183 2931 1250 2985 ad
1298 2946 1454 3000 quam
1491 2949 1595 2985 non
1628 2934 1803 2986 lUCcIll'

227 3038 309 3081 tt-r
328 3027 660 3082 descendere
685 3037 785 3091 est,
816 3025 909 3080 sed
934 3026 1232 3093 dignanter.
1252 3026 1380 3081 Nam
1403 3025 1489 3094 qui
1508 3026 1799 3078 secundum

225 3117 483 3172 deita'etn
523 3118 718 3185 ubique
757 3127 870 3181 est,
910 3092 1016 3185 quo
1053 3119 1322 3183 ascendit,
1364 3092 1444 3171 vel
1486 3116 1761 3169 destseudit
1786 3114 1806 3167 ?
1834 3092 1878 3153 ο

192 3208 440 3277 ’Corpus
493 3212 635 3262 en’m
686 3208 919 3273 Domini,
971 3209 1021 3262 itt
1069 3225 1176 3278 quo
1206 3223 1393 3279 passus
1423 3220 1505 3262 est
1542 3217 1597 3263 et
1628 3223 1807 3262 resur-

226 3302 402 3365 rexit,
452 3315 558 3355 uno
605 3300 721 3353 loco
778 3314 897 3355 05:6
947 3312 1157 3368 pntest:
1204 3302 1398 3356 veritas
1442 3300 1557 3366 ejus
1586 3309 1639 3355 et
1668 3299 1805 3352 divi-

224 3394 369 3444 nitas
416 3391 607 3457 ubiguc
635 3402 738 3444 εει.
790 3389 858 3443 1η
904 3392 1168 3460 inferiores
1212 3403 1378 3460 partes
1427 3392 1620 3444 terra?
1670 3391 1806 3458 Ergo

220 3484 325 3537 sub
356 3493 498 3536 terra
525 3492 607 3535 est
632 3481 890 3536 infernus.
934 3483 1035 3546 Qui
1072 3484 1361 3546 descendit,
1394 3485 1500 3552 ipse
1525 3492 1595 3535 est
1635 3496 1682 3535 et
1720 3481 1807 3550 qui

222 3574 460 3627 ascendit
508 3590 657 3627 suoer
701 3589 875 3627 omnes
919 3576 1069 3628 caelos
1098 3614 1114 3640 ,
1168 3584 1223 3627 ut
1267 3574 1567 3638 adimpleret
1614 3575 1803 3627 omnia.

222 3666 323 3732 Qui
370 3665 650 3720 descendit
691 3680 812 3719 cum
860 3666 1039 3719 anima
1082 3666 1136 3719 in
1179 3664 1485 3729 internum,
1528 3665 1641 3730 ipse
1684 3679 1805 3717 cum

227 3759 411 3810 anima
458 3765 514 3809 et
559 3771 782 3825 corpore
812 3756 1055 3811 ascendit
1102 3756 1167 3809 ad
1216 3756 1425 3820 caelos,
1468 3764 1525 3807 ut
1564 3755 1809 3823 impleret

224 3848 408 3902 omnia
439 3864 556 3917 qua:
586 3850 784 3917 strip:a
816 3858 959 3902 sunt.
1013 3847 1076 3900 Et
1117 3849 1225 3919 ipse
1261 3849 1399 3901 dedit
1425 3848 1672 3915 quosdam
1698 3849 1810 3916 qui-

222 3940 343 3991 dem
375 3938 657 4002 αμυειοιοε.
708 3938 907 3993 Contra
938 3936 1185 4000 Arianos,
1214 3938 1353 4003 quod
1404 3952 1509 3991 una
1557 3946 1640 3991 est
1688 3935 1811 3992 Filii

222 4043 349 4082 cum
396 4029 553 4082 Patre
586 4029 859 4096 operatio;
912 4041 1034 4081 nam
1081 4028 1146 4080 ad
1178 4014 1482 4081 Corinthios
1514 4026 1677 4079 Deum
1710 4025 1809 4079 Pa-

224 4128 365 4172 trem
395 4118 523 4172 dicit
568 4119 808 4185 posuisse
849 4118 1023 4187 primo
1066 4119 1359 4187 apostolos,
1406 4117 1641 4171 secundo
1682 4131 1806 4184 pro-

226 4206 441 4276 phetas.
475 4208 568 4261 llic
594 4224 720 4262 κει-ο
745 4207 1014 4261 Christum
1042 4224 1137 4262 eos
1162 4207 1377 4262 dedisse
1397 4216 1806 4262 commemorat.

229 4296 500 4363 Quosdam
540 4308 712 4350 autem
755 4298 1052 4367 prophetas.
1104 4296 1239 4351 Novi
1270 4296 1622 4351 Testameuti.
1671 4298 1810 4350 Alios

1901 1836 2191 1901 decipiunt.
2220 1836 2285 1889 In
2310 1838 2496 1889 astutia
2524 1837 2593 1888 ad
2622 1836 3095 1890 circumventionem
3134 1837 3337 1891 erroris.
3375 1836 3477 1890 Er—

1902 1928 2140 1983 rartibus
2196 1929 2490 1983 remedium
2525 1927 2679 1983 faciie
2712 1929 3108 1995 promittentes,
3155 1943 3477 1998 permanere

1903 2019 2107 2071 faciunt
2137 2018 2189 2070 in
2220 2034 2428 2083 terrore,
2460 2018 2573 2072 sive
2597 2018 2777 2072 retued
2807 2035 2891 2071 um
2915 2019 3116 2073 erroris
3154 2020 3235 2073 sui
3269 2030 3473 2088 putant,

1902 2111 1945 2162 si
1983 2109 2157 2175 plures
2192 2110 2387 2163 faciant
2416 2125 2597 2163 secum
2629 2126 2833 2164 errare.
2889 2109 3163 2163 Veritatem
3204 2123 3372 2165 autent
3396 2118 3480 2181 fa»

1904 2212 2089 2254 mentes
2118 2204 2168 2254 in
2191 2203 2466 2263 cliatitate,
2500 2219 2784 2255 crcsranms
2813 2204 2862 2254 in
2896 2204 3005 2255 illo.
3040 2203 3228 2260 Omnia
3258 2204 3311 2257 in
3339 2205 3481 2258 veri-

1907 2304 1925 2347 t
1963 2304 2013 2347 te
2039 2304 2255 2363 propter
2281 2292 2595 2347 charitatem
2621 2293 2841 2357 Christi,
2870 2304 2923 2349 et
2952 2295 3081 2348 nihil
3111 2295 3164 2349 in
3204 2296 3478 2365 hypocrisi

1907 2386 2178 2437 facientes.
2219 2382 2318 2435 Ptr
2346 2386 2515 2435 omnia
2538 2385 2625 2450 qui
2649 2394 2723 2436 est
2751 2394 2906 2449 caput
2940 2382 3190 2438 Christus.
3220 2385 3273 2438 In
3307 2386 3477 2455 ipsius

1908 2474 2236 2540 perfectione
2265 2490 2328 2527 ex
2369 2475 2512 2528 omni
2545 2483 2694 2542 parte
2722 2489 3048 2528 e'escamus.
3083 2475 3164 2529 Ex
3190 2493 3291 2547 quo
3321 2488 3481 2530 totum

1905 2580 2091 2629 corpus
2115 2573 2433 2633 compactum
2463 2572 2508 2616 et
2534 2580 2817 2617 connexum
2844 2580 2932 2632 per
2963 2581 3156 2618 omnem
3182 2567 3483 2633 juncturam

1905 2654 2387 2708 submittistrationis
2440 2655 2720 2707 secundum
2768 2656 3134 2725 operationem.
3191 2658 3267 2712 Ex
3308 2659 3486 2727 capite

1907 2762 2063 2814 comp
2099 2758 2142 2800 c:
2154 2762 2237 2800 um
2256 2757 2309 2801 et
2329 2762 2627 2800 connexum
2643 2762 2836 2816 corpus
2862 2762 2955 2813 per
2971 2761 3187 2802 omnem
3204 2749 3487 2819 sulijectio-

1908 2856 2027 2893 nem
2058 2841 2383 2905 Operationis
2407 2841 2623 2909 crescit,
2648 2840 2773 2894 dum
2802 2855 2860 2896 se
2882 2841 3194 2896 alterutrum
3220 2844 3488 2898 aediﬁcant

1908 2928 2210 3001 diligendo;
2263 2933 2334 2983 ita
2387 2941 2443 2983 ut
2490 2933 2907 3000 unumquodque
2953 2932 3250 2987 membrum
3296 2933 3347 2987 in
3386 2948 3486 2988 sua

1911 3034 2163 3075 mensuta
2194 3032 2470 3089 augeatur,
2504 3021 2605 3075 hoc
2635 3031 2734 3084 est,
2763 3034 2817 3075 ut
2846 3023 2934 3091 qui
2965 3031 3047 3076 est
3074 3023 3284 3087 oculus,
3317 3022 3369 3076 in
3396 3038 3490 3078 eoa

1911 3127 2027 3165 rum
2055 3127 2275 3167 numero
2302 3123 2509 3166 crescat
2536 3158 2549 3179 ,
2584 3096 2677 3181 qui
2704 3114 2842 3167 oculi
2875 3113 3106 3167 ofticiutn
3158 3125 3393 3185 gerunt,
3426 3127 3485 3171 et

1910 3192 2117 3272 singula
2154 3220 2251 3259 suo
2290 3206 2408 3259 loco
2454 3207 2692 3258 membra
2737 3206 3031 3271 proficiant.
3078 3204 3144 3259 In
3189 3200 3485 3261 mensuram

1910 3300 2313 3369 uniuscujusque
2355 3299 2585 3366 membri,
2619 3309 2944 3369 augmentum
2991 3302 3220 3368 corporis
3266 3302 3391 3371 facit
3433 3300 3492 3355 in

1910 3391 1992 3443 ted
2014 3391 2302 3458 ﬁcationem
2327 3391 2409 3443 sui
2438 3391 2489 3442 in
2532 3392 2800 3443 charitate.
2835 3389 2968 3442 Dum
3006 3381 3214 3459 'singula
3246 3391 3488 3445 membra

1911 3492 2184 3544 crescunt,
2208 3481 2380 3547 majus
2411 3482 2641 3535 efﬁcitur
2671 3496 2890 3551 COlpllS,
2924 3482 3049 3534 dum
3085 3498 3143 3535 se
3172 3482 3488 3538 alterutrum

1914 3573 2155 3627 membra
2188 3574 2239 3625 in
2268 3574 2529 3627 charitate
2561 3587 2607 3626 ω
2630 3572 2848 3625 fiﬁcant.
2877 3570 2993 3625 Hoc
3019 3573 3173 3641 igitur
3202 3574 3316 3627 dico
3346 3584 3394 3627 et
3416 3583 3494 3628 te-

1911 3663 2103 3733 stiﬁcor
2123 3665 2173 3715 in
2194 3663 2429 3716 Domino.
2448 3663 2595 3729 Quod
2613 3663 2857 3727 superius
2874 3663 3138 3729 obsecrat,
3166 3663 3252 3717 hic
3276 3664 3492 3720 Domini

1912 3755 2275 3807 obtestatione
2318 3754 2657 3821 constringit.
2696 3752 2764 3808 Ut
2786 3755 2898 3824 jam
2939 3770 3037 3807 non
3067 3755 3333 3808 ambuletis
3362 3756 3494 3810 sicut

1912 3853 2083 3910 gentes
2111 3842 2393 3895 ambulant.
2439 3843 2570 3895 Nolo
2594 3883 2607 3906 ,
2646 3844 2720 3896 ait
2748 3885 2763 3907 ,
2816 3845 2931 3898 solo
2976 3858 3074 3897 vos
3114 3858 3237 3899 esse
3277 3845 3496 3900 nomine

1918 3932 2254 3986 Christianos
2274 3974 2289 3995 ,
2338 3932 2499 3984 Deum
2533 3948 2626 3984 ore
2657 3933 3007 4001 conﬁtentes,
3051 3934 3301 4002 operibus
3328 3935 3496 3992 dene-

1916 4038 2075 4092 gare;
2109 4023 2201 4076 sed
2230 4030 2488 4092 quantum
2519 4023 2658 4076 inter
2686 4022 2959 4077 diabolum
3006 4022 3169 4077 distat
3210 4034 3263 4079 et
3303 4026 3492 4095 Deum,

1916 4126 2059 4168 tanta
2103 4114 2398 4170 diﬂ‘erentia
2431 4114 2626 4168 debent
2658 4116 2748 4168 filii
2788 4115 2877 4170 Dei
2908 4132 2935 4168 a
2966 4115 3087 4170 [iliis
3115 4116 3331 4181 diaboli,
3385 4134 3493 4173 nun

1913 4206 2087 4259 solum
2114 4207 2348 4272 nomine,
2365 4207 2456 4260 sed
2482 4208 2641 4259 etiam
2666 4208 2916 4276 operibus
2940 4210 3206 4276 separari;
3234 4224 3302 4264 ne
3325 4210 3492 4266 Deum

1916 4297 2071 4351 labiis
2118 4299 2444 4353 honorantes
2471 4339 2487 4363 ,
2519 4300 2683 4353 corde
2709 4344 2723 4368 ,
2758 4300 2860 4354 hoc
2885 4314 2965 4355 e5t
2999 4300 3190 4357 affectu
3223 4316 3275 4357 et
3303 4306 3496 4361 timore

226 4405 347 4442 ζετο
378 4390 724 4455 evangelium.
777 4388 964 4442 Omnis
1001 4391 1272 4457 apostolus
1307 4389 1628 4459 evangelista
1650 4429 1666 4455 ,
1708 4405 1810 4444 non
1844 4431 1893 4491 Β
1920 4390 2135 4459 longius
2165 4392 2510 4454 absistamus,
2543 4403 2595 4447 et
2625 4393 2833 4447 dicatur
2862 4394 2928 4448 de
2959 4395 3110 4449 nobis
3138 4410 3152 4449 :
3179 4396 3309 4452 Sine
3338 4412 3499 4453 causa

228 4490 413 4559 tamen
440 4484 618 4536 omnis
645 4484 973 4551 evangelista
1000 4484 1273 4550 apostolus
1296 4500 1308 4534 :
1350 4483 1487 4536 sicut
1514 4482 1810 4550 Philippus,

226 4573 319 4639 qui
382 4586 498 4627 erat
556 4591 692 4627 unus
745 4588 811 4628 ex
879 4584 1110 4641 septem.
1165 4574 1307 4628 Alios
1362 4585 1531 4629 autent
1584 4586 1813 4642 pastores

227 4676 282 4718 et
347 4668 600 4719 doctores.
665 4667 916 4722 Pastores
969 4676 1092 4721 sunt
1144 4668 1455 4721 sacerdotes
1486 4709 1499 4730 ,
1565 4668 1814 4720 doctores

227 4770 425 4809 Omnes
478 4764 778 4825 qucunqtm
832 4768 954 4811 sunt
1008 4757 1183 4811 idonei
1242 4758 1305 4810 ad
1347 4759 1482 4811 alios
1530 4760 1811 4823 instruen-

226 4848 355 4903 dos.
395 4848 594 4902 Omnes
642 4863 771 4917 ergo
821 4857 1061 4915 pastores
1091 4851 1251 4904 etiam
1299 4849 1549 4903 doctores
1598 4847 1812 4920 [Supp.,

228 4957 338 4993 non
390 4950 560 4993 autem
607 4954 794 4993 omnes
848 4938 1136 5009 doctores]
1192 4941 1357 4994 etiam
1416 4951 1674 5008 pastores.
1730 4936 1811 4989 Ad

226 5035 720 5085 consummationem
765 5040 1090 5096 sanctorum,
1140 5035 1194 5086 in
1241 5050 1365 5102 apus
1412 5031 1712 5092 m'nisterii,
1760 5029 1814 5081 in

231 5121 630 5187 rdiﬁcationem
683 5123 915 5190 corporis
968 5120 1177 5175 Christi.
1240 5122 1346 5175 llos
1398 5136 1585 5175 omnes
1640 5120 1817 5187 posuit

230 5212 303 5264 ad
360 5215 460 5267 hoc
512 5222 570 5267 ut
622 5214 889 5267 a-diheent
930 5215 1223 5269 Ecclesiatn
1252 5256 1268 5280 ,
1328 5230 1448 5284 qua:
1493 5228 1690 5280 corpus
1737 5222 1819 5266 est

231 5300 458 5364 Christi,
496 5312 553 5355 et
590 5318 779 5357 omnes
818 5303 882 5356 ad
925 5303 1045 5357 ﬁdei
1087 5306 1486 5373 perceptionem
1525 5303 1815 5358 adducant.

237 5389 418 5444 Donec
456 5407 777 5445 occurramus
817 5409 988 5449 omnes
1024 5395 1077 5447 in
1118 5397 1364 5448 unitatem
1416 5395 1535 5460 fidei
1583 5402 1631 5447 et
1668 5396 1819 5465 agni-

233 5482 393 5534 tionis
422 5479 549 5535 Filii
584 5482 694 5536 Dei.
729 5482 866 5537 Volo
891 5499 1011 5539 esse
1040 5501 1227 5539 omnes
1257 5486 1499 5539 homines
1528 5485 1659 5538 sicut
1695 5499 1779 5537 me
1806 5502 1818 5536 :

236 5571 336 5627 il‘e
376 5566 717 5643 qui'agnmit
758 5574 948 5630 Filium
991 5575 1124 5641 Dei,
1178 5592 1284 5630 non
1334 5584 1595 5645 repugnat
1632 5585 1819 5629 contra

237 5675 507 5734 praet-cpta
565 5666 692 5728 Dei.
748 5682 847 5719 nec
900 5669 1184 5721 committit
1237 5668 1518 5738 capitalia,
1577 5682 1678 5721 nec
1729 5667 1822 5721 de—

570 5778 837 5855 Parnqa.
888 5778 1168 5839 LXVlil.

1916 4482 2100 4534 enluut
2129 4498 2248 4544 mc,
2292 4484 2391 4535 hoc
2419 4494 2496 4536 est
2522 4524 2535 4546 ,
2580 4484 2757 4536 nulli-ws
2788 4501 2849 4538 ex
2886 4502 2950 4538 mi
2973 4501 2999 4537 a
3034 4488 3239 4545 cu'tura
3278 4490 3494 4555 capiunt

1916 4574 2137 4626 fructus.
2167 4570 2235 4623 In
2260 4573 2480 4625 vanitate
2521 4591 2699 4627 sensus
2728 4576 2827 4627 sui.
2862 4574 2994 4628 Vani
3028 4586 3151 4630 sunt
3182 4594 3371 4633 omnes
3398 4580 3496 4631 bu-

1920 4665 2110 4726 tnittes,
2141 4665 2336 4732 quibus
2366 4680 2469 4717 non
2513 4676 2593 4717 est
2623 4666 2845 4720 scientia
2891 4665 3001 4718 Dei.
3042 4665 3278 4720 Tenebris
3318 4670 3497 4722 obscu-

1918 4762 2085 4806 ratum
2113 4755 2350 4807 linbentes
2379 4756 2711 4811 intellectum.
2750 4757 3020 4809 Habentes
3043 4758 3255 4823 quidem
3285 4773 3491 4810 natura-

1920 4847 2021 4900 lem
2052 4848 2397 4908 inteitartum,
2420 4849 2510 4900 sed
2537 4849 2849 4915 ignorantiae
2870 4850 3056 4900 tenehr
3077 4862 3103 4900 s
3124 4850 3494 4918 obscuratum,

1923 4941 1991 4995 ita
2027 4952 2081 4992 ιιι
2114 4955 2208 5005 pro
2233 4940 2340 4993 Deo
2366 4940 2503 4992 idola
2532 4950 2883 5003 venerentur;
2917 4954 3013 4991 μηδ
3038 4955 3163 4992 vero
3187 4925 3497 4995 econtrarm

1922 5032 2157 5084 scicntia:
2190 5032 2384 5084 lumine
2411 5031 2773 5101 dunu‘gratite
2819 5031 3155 5085 i'lustratum.
3200 5033 3427 5085 Alienati
3461 5053 3492 5087 a

1924 5126 2027 5177 vita
2057 5122 2171 5177 Det.
2208 5123 2287 5179 Illi
2318 5124 2438 5177 ideo
2467 5139 2495 5177 a
2528 5126 2629 5176 Vita
2658 5123 2747 5177 Dei
2779 5124 2995 5177 alienat
3027 5137 3168 5189 sunt,
3196 5130 3315 5195 quia
3347 5129 3397 5197 ig
3441 5148 3504 5179 «ι.

1928 5224 2044 5267 rant
2073 5214 2259 5269 Deum.
2293 5214 2395 5266 Vos
2426 5222 2601 5267 autem
2635 5216 2722 5281 qui
2750 5217 3074 5280 cognttvistis
3104 5218 3265 5271 Deum
3294 5262 3307 5277 .
3342 5225 3497 5288 sequi

1927 5304 2151 5359 debetis.
2192 5305 2290 5357 Per
2314 5307 2662 5376 ignarantiam
2690 5325 2803 5375 quae
2836 5316 2911 5361 est
2939 5310 2988 5361 in
3022 5312 3144 5364 illis.
3176 5312 3498 5377 Nt'lttutlttm,

1924 5398 2045 5462 quia
2079 5396 2432 5452 itlololatiiam
2481 5399 2775 5460 iguuratt'ia
2824 5401 3117 5467 generavit.
3156 5400 3373 5464 Propter
3403 5418 3503 5453 ca-

1925 5490 2025 5539 rita
2052 5504 2128 5539 em
2160 5488 2328 5539 cordis
2359 5489 2611 5549 ipsarum.
2646 5488 2833 5542 Eteme
2853 5503 2979 5541 dum
3008 5502 3084 5542 est
3124 5493 3377 5549 insipiens
3408 5509 3501 5545 Νη·

1925 5593 2106 5629 eorum
2148 5577 2480 5631 dicentium:
2517 5579 2631 5631 Non
2682 5592 2763 5631 est
2809 5580 2969 5632 Deus.
3025 5582 3123 5646 Qui
3157 5584 3218 5633 I’e
3248 5595 3506 5649 rorantes.

1930 5666 2282 5737 Desperantes
2311 5686 2519 5740 pteurim
2553 5670 2857 5739 impiorum,
2885 5682 2938 5724 et
2969 5675 3242 5738 ptzctnium
3270 5691 3387 5728 εςδυ
3420 5692 3513 5743 ju-

3010 5782 3090 5842 20
