3910 6174
510 303 610 348 lii'J

1615 290 1896 367 “{thle]
1940 291 2383 348 ADRU‘METAM
2426 290 2635 345 H’lb'tl.
2736 320 2742 327 -
3595 298 3675 349 εἰς

509 422 730 473 ciorum,
756 410 835 463 vel
863 409 928 463 de
955 408 1126 463 futura
1151 406 1273 459 vita.
1301 406 1606 472 Semetipsos
1631 404 1949 457 tradiderunt
1977 417 2070 452 im-
2102 401 2147 454 Δ
2181 404 2255 452 ius
2284 416 2342 452 ra:
2369 415 2455 453 ore
2477 409 2636 453 uestro
2685 416 2783 451 non
2818 401 3073 465 procedat.
3125 397 3236 452 Non
3260 416 3383 457 unus
3404 446 3416 470 ,
3455 423 3542 463 non
3571 414 3665 477 duo,

512 504 789 567 pulicitiw.
835 502 1065 555 Necesse
1096 510 1198 562 est,
1230 509 1281 552 ut
1312 498 1398 566 qui
1426 497 1492 551 de
1537 497 1709 549 futura
1740 495 2028 561 deSperant
2062 530 2076 554 ,

513 592 864 659 praesentibus
893 596 1130 647 barreant
1158 589 1537 657 voluptatibus,
1570 589 1708 641 sicut
1733 587 1784 639 in
1816 584 1954 639 libro
1983 584 2080 636 Sa-

509 684 728 749 pientia:
775 683 968 734 dicitur
1022 697 1084 734 ex
1133 692 1352 747 persona
1399 692 1585 733 eorum
1626 677 1714 744 qui
1763 675 1994 728 animam
2028 673 2078 727 in

511 788 635 829 aere
661 773 793 824 solvi
826 778 1274 839 praesumpserant
1306 787 1315 820 :
1363 769 1546 823 Venite
1574 776 1626 820 et
1659 766 1900 819 fruamur
1928 765 2081 818 bonis

511 877 627 927 quae
658 870 802 926 sunt,
834 842 888 913 et
916 871 1129 914 caetera.
1156 858 1218 911 In
1241 864 1583 927 operationem
1606 856 1943 909 immunditiis
1970 870 2081 906 om-

515 956 590 1005 nis
616 996 630 1020 ,
663 954 716 1005 in
759 953 1043 1003 avaritiam.
1092 950 1282 1003 Omnia
1327 949 1549 1002 crimina
1579 946 1817 999 avaritiae
1865 946 2081 997 nomine

512 1042 932 1111 comprehendit.
963 1041 1065 1097 Vos
1095 1051 1258 1094 autem
1283 1057 1383 1092 non
1412 1040 1483 1092 ita
1514 1038 1769 1091 didicistis
1794 1024 2078 1089 Christum.

518 1138 580 1189 L't
612 1138 747 1189 sicut
777 1135 851 1187 illi
880 1174 893 1195 ,
929 1132 978 1186 id
1019 1142 1099 1185 est
1128 1133 1353 1200 gentiles
1374 1174 1386 1197 ,
1416 1130 1627 1183 vivatis.
1667 1128 1759 1182 llle
1786 1127 1927 1180 enim
1958 1138 2082 1178 vere

513 1227 780 1279 Christum
812 1225 1033 1287 audivit,
1068 1232 1120 1275 et
1150 1222 1217 1274 ab
1249 1224 1363 1289 ipso
1395 1220 1602 1283 didicit,
1636 1220 1722 1286 qui
1767 1217 1912 1270 nullo
1951 1214 2082 1267 vitio

512 1318 755 1381 gentibus
785 1315 969 1368 similis
995 1313 1283 1366 invenitur.
1318 1311 1377 1366 Si
1408 1322 1575 1364 tamen
1601 1312 1749 1363 illum
1781 1307 1998 1361 audistis
2034 1315 2081 1357 et

513 1408 565 1458 in
591 1407 698 1474 ipso
727 1404 888 1456 cdocti
914 1404 1051 1464 estis,
1085 1402 1215 1453 sicut
1243 1411 1314 1454 est
1346 1403 1526 1454 veritas
1559 1402 1607 1450 in
1632 1398 1775 1453 Jesu.
1809 1398 1961 1455 Sicut
1990 1395 2077 1449 ille

514 1508 640 1548 vere
678 1502 759 1546 est
786 1502 1051 1552 mortuus,
1082 1499 1135 1544 ct
1160 1505 1283 1545 vere
1315 1492 1626 1553 resurrexit,
1655 1500 1709 1543 ut
1743 1504 1838 1542 nos
1867 1502 1992 1541 vere
2025 1487 2075 1539 in

517 1584 754 1637 novitate
778 1582 901 1635 vitae
928 1581 1288 1645 ambulemus,
1320 1590 1376 1635 ut
1402 1582 1475 1634 ait
1506 1581 1570 1634 ad
1597 1580 1863 1635 Romanos
1897 1597 1909 1632 :
1936 1578 2082 1633 Sicut

518 1676 574 1727 in
597 1674 684 1729 die
710 1673 934 1728 honeste
964 1672 1295 1727 ambulemus
1319 1715 1333 1737 ,
1368 1680 1421 1726 et
1461 1681 1676 1727 cwtera.
1708 1670 1971 1736 Deponere
2000 1682 2082 1723 vos

2183 492 2274 545 sed
2300 506 2508 545 omnes.
2538 491 2641 546 Sed
2671 492 2713 544 si
2742 493 2854 559 quis
2898 491 3060 544 bonus
3095 492 3161 543 ad
3189 491 3542 556 testiﬁcati-onem
3572 499 3677 564 ﬁdei.

2182 587 2482 641 Notandum
2527 588 2669 654 quia,
2716 586 2835 641 licet
2867 588 3010 639 omni
3044 585 3288 645 Ecclesia:
3328 573 3583 654 praeripiat,
3608 600 3675 644 sed

2183 679 2445 746 praecipue
2468 679 2792 731 sacerdotali
2820 676 3001 731 ofﬁcio
3034 695 3044 727 :
3071 686 3123 730 et
3152 692 3251 727 non
3279 691 3304 728 s
3326 678 3522 729 lentium
3550 680 3678 744 intpn.

2182 768 2308 830 suit,
2336 768 2429 823 sed
2459 767 2677 837 qualitat
2716 783 2766 819 m
2799 766 3048 835 loquendi
3079 766 3318 829 mutavit,
3348 776 3401 818 ut
3422 767 3572 818 omnis
3597 781 3679 820 ser-

2183 875 2270 913 mo
2300 858 2457 914 fidem
2494 858 2726 913 aedificet
2754 857 3115 912 Christianam
3137 898 3151 920 ,
3204 865 3257 909 et
3299 871 3356 909 os
3391 865 3599 908 nostrum
3635 872 3680 906 ar

2182 951 2353 1005 solum
2386 958 2564 1019 pateat
2595 950 2687 1005 Dei
2715 949 2954 1003 verbum.
2978 948 3047 1002 Ut
3071 948 3153 1000 dit
3178 947 3385 1016 gratiam
3403 948 3681 1001 audientibus.

2187 1042 2251 1096 Ut
2296 1057 2361 1096 ex
2391 1056 2640 1094 sermone
2687 1048 2871 1093 nostro
2897 1037 3122 1106 gratiam
3148 1037 3399 1103 accipiant
3423 1036 3678 1094 audientes.

2136 1176 2139 1181 ι
2183 1136 2322 1189 sicut
2343 1134 2468 1188 alibi
2493 1133 2618 1186 dicit
2659 1150 2672 1184 :
2711 1133 2899 1186 Sermo
2928 1140 3109 1185 vester
3135 1144 3341 1194 semper
3368 1128 3414 1180 in
3437 1127 3578 1196 gratia
3599 1128 3680 1182 sale

2185 1222 2255 1276 sit
2279 1222 2546 1277 conditus.
2597 1218 2664 1272 Et
2703 1220 2859 1273 nofite
2906 1218 3207 1273 contristare
3235 1215 3468 1284 Spiritum
3503 1225 3683 1267 sanctum

2189 1311 2305 1366 Dei.
2364 1312 2436 1366 Ex
2472 1312 2701 1365 humna
2730 1309 3132 1375 comparatimie
3179 1307 3404 1375 loquitur
3427 1316 3478 1360 ut
3501 1306 3678 1359 homini.

2186 1400 2303 1465 bus,
2340 1410 2397 1459 ut
2425 1416 2491 1453 ex
2522 1400 2674 1454 nobis
2703 1398 3063 1465 intelligamus
3091 1405 3332 1464 quantam
3375 1395 3566 1462 Spiritui
3591 1410 3681 1448 san.

2186 1501 2272 1546 cto
2316 1490 2564 1559 iniuriam
2606 1489 2883 1553 faciamus,
2911 1502 3033 1541 cum
3064 1485 3273 1539 domum
3315 1484 3485 1553 (Alias,
3508 1485 3678 1548 donum)

2186 1581 2302 1649 eju‘s
2326 1582 2378 1633 in
2408 1579 2561 1633 nobis
2586 1572 2758 1647 aliqua
2785 1575 2989 1643 peccati
3010 1575 3170 1629 sorde
3200 1572 3464 1643 polluimus
3491 1589 3503 1625 :
3526 1583 3569 1627 et
3592 1575 3680 1639 quia

2187 1670 2256 1724 de
2279 1668 2511 1737 hospitio
2533 1681 2634 1722 suo
2662 1666 2813 1720 nobis
2835 1665 3111 1729 condolet,
3142 1664 3259 1716 ideo
3279 1662 3351 1716 sic
3376 1662 3540 1719 dolens
3558 1664 3681 1716 tristis

517 1762 795 1816 secundum
824 1760 1089 1829 pristinam
1119 1760 1540 1813 conversatione»:
1564 1767 1774 1813 veterem
1804 1756 2077 1811 hominem.
2113 1747 2162 1807 B
2188 1761 2445 1813 abscedit.
2472 1760 2731 1813 (laterum
2765 1754 3008 1819 tristitia,
3040 1762 3098 1809 et
3126 1755 3198 1808 ira
3220 1794 3234 1818 ,
3266 1763 3318 1807 et
3349 1764 3520 1807 cetera
3545 1752 3681 1819 hujus-

523 1853 779 1919 Exposuit
798 1851 923 1920 quid
937 1852 1007 1906 sit
1027 1858 1178 1905 vetus
1201 1850 1450 1916 homo,et
1468 1850 1736 1918 quomodo
1759 1849 2079 1916 deponatur,

522 1941 727 1995 scilicet
750 1940 840 2010 qui
868 1940 1121 2006 pristinos
1154 1953 1367 1992 errores
1395 1938 1671 2007 repudiat,
1706 1948 1760 1992 et
1790 1936 2081 1997 secundum

518 2031 976 2084 conversationem
998 2029 1195 2083 Christi
1221 2038 1470 2083 mutatur.
1506 2028 1607 2094 Qui
1636 2027 1983 2093 corrumpitur
2004 2040 2097 2078 se-.

518 2122 738 2176 cundum
755 2121 1003 2174 desideria
1018 2120 1221 2173 erroris.
1237 2118 1457 2174 Faciens
1482 2121 1807 2174 voluntatem
1829 2116 2003 2170 carnis
2032 2125 2085 2170 et

519 2214 917 2281 cogitationum.
944 2210 1275 2264 Renovamini
1292 2221 1460 2264 autem
1486 2211 1671 2280 spiritu
1689 2208 1869 2262 mentis
1885 2216 2076 2261 vestraz.

517 2306 660 2359 Sicut
690 2304 761 2358 ait
788 2303 1042 2359 Jeremias
1075 2302 1291 2356 :Facite
1319 2302 1468 2355 vobis
1507 2315 1600 2354 cor
1640 2314 1832 2355 novum
1882 2299 2079 2366 et'spi-

519 2398 674 2448 ritum
700 2409 915 2447 novum.
943 2394 1005 2447 Et
1032 2404 1208 2457 mente
1232 2406 1511 2459 possumus
1533 2391 1774 2460 accipere
1797 2390 2076 2458 spiritum:

519 2486 848 2541 renovamini
880 2486 933 2540 in
961 2487 1158 2539 anima.
1191 2485 1250 2538 Et
1278 2486 1471 2539 induite
1500 2500 1681 2537 norum
1703 2485 1977 2537 hominem.
2002 2480 2078 2535 Ex

520 2587 701 2631 vetere
730 2592 924 2629 novum
956 2575 1215 2645 intelligo.
1250 2574 1351 2639 Qui
1380 2575 1658 2628 secundum
1693 2573 1853 2627 Deum
1883 2586 2080 2625 creatus

517 2677 588 2719 est
612 2668 661 2718 in
676 2668 887 2737 justitia
911 2675 954 2719 et
984 2668 1270 2720 sanctitate.
1293 2667 1552 2736 Exposuit
1571 2666 1693 2734 quid
1719 2666 1789 2720 sit
1810 2666 2078 2718 hominem

517 2759 579 2809 ad
615 2758 894 2825 imaginem
930 2757 1021 2810 Dei
1049 2772 1164 2810 esse
1187 2766 1447 2820 creatum,
1473 2766 1528 2808 ut
1557 2756 1626 2811 sit
1654 2756 1854 2810 scilicet
1882 2757 2076 2822 justus,

518 2865 569 2921 et
600 2863 839 2916 δτιηειυε,
871 2860 923 2902 ct
954 2865 1113 2902 verax
1148 2849 1285 2907 sicut
1316 2847 1476 2903 Deus.
1507 2847 1767 2903 Veritatis.
1797 2847 1908 2903 Non
1935 2848 2079 2899 vani-

522 2942 664 3002 talis,
700 2956 817 3009 qnze
849 2954 1035 2993 Vanam
1073 2940 1342 2993 hominum
1367 2937 1587 3006 gloriam
1616 2946 1929 3005 aucupatur,
1959 2950 2078 2991 cum

520 3030 778 3095 scriptum
805 3027 873 3078 sit
906 3044 915 3077 :
947 3028 1095 3079 iuste
1131 3026 1269 3095 quod
1294 3024 1494 3091 justum
1526 3034 1606 3078 est
1634 3025 1992 3092 persequeris,
2025 3033 2081 3078 et

2190 1851 2331 1905 modi
2357 1851 2407 1903 iu
2434 1851 2588 1903 nobis
2614 1850 2887 1917 passiones
2914 1855 3061 1908 sunt,
3086 1847 3213 1914 quia
3238 1843 3495 1912 passibiles
3518 1856 3679 1901 senats;

2188 1943 2240 1996 iu
2275 1942 2384 1995 Deo
2413 1955 2537 1994 vero
2591 1938 3051 2007 dispensationes;
3085 1950 3181 1991 nos
3220 1935 3355 1989 enim
3381 1950 3437 1989 ea
3465 1934 3586 1987 invlti
3620 1948 3680 2001 pa-

2190 2036 2351 2086 timur
2379 2049 2393 2098 ;
2426 2012 2514 2086 ilfe
2552 2031 2823 2089 voluntate
2853 2028 2917 2082 ad
2949 2038 3189 2085 nosu'am
3218 2024 3594 2083 emendationem
3616 2036 3676 2075 as-

2186 2124 2371 2177 sumit.
2405 2123 2527 2177 Hzec
2558 2131 2639 2176 est
2671 2121 2809 2173 inter
2835 2119 3003 2174 Deum
3036 2128 3089 2173 et
3121 2116 3380 2172 hominem
3408 2116 3564 2170 barum
3585 2128 3678 2167 con-

2187 2214 2446 2267 ditionum
2495 2212 2814 2275 diversitas,
2864 2226 2979 2278 qua:
3029 2218 3082 2263 et
3128 2220 3342 2261 natura.
3373 2207 3488 2261 rem
3526 2205 3674 2257 aliter;

2189 2302 2369 2371 Neque
2411 2302 2554 2356 enim
2586 2301 2697 2368 ipsa
2726 2300 2951 2365 Spiritus
2995 2298 3205 2365 sancti,
3246 2313 3357 2365 qua:
3393 2305 3466 2351 est
3490 2294 3676 2363 quidquid

2188 2396 2303 2464 ipse
2324 2386 2438 2458 est,
2477 2393 2776 2449 substantia
2819 2391 3129 2447 contristari
3174 2396 3342 2460 porest
3366 2429 3381 2453 ,
3405 2403 3510 2442 cum
3542 2388 3618 2441 hab
3642 2398 3677 2436 αι

2188 2497 2447 2542 aeternam
2479 2497 2637 2555 atque
2668 2483 3166 2538 incommutabilem
3207 2482 3577 2541 beatitudinem,
3603 2494 3680 2533 nn-

2183 2580 2368 2648 gisque
2395 2577 2466 2633 sit
2505 2576 2615 2645 ipsa
2648 2585 2845 2631 aeterna
2874 2585 2928 2629 et
2958 2572 3403 2629 incommutabilis
3439 2571 3680 2657 beatitudo;

2183 2672 2276 2727 sed
2300 2671 2421 2739 quia
2449 2669 2502 2724 in
2533 2669 2731 2724 sanctis
2754 2668 2979 2736 habitat,
3016 2674 3078 2722 ut
3105 2682 3200 2723 eos
3229 2667 3433 2735 impleat
3453 2664 3679 2723 citat-iuta,

2188 2777 2291 2832 qua
2320 2775 2541 2817 necesse
2569 2768 2654 2816 est
2681 2769 2737 2815 ut
2785 2759 3058 2827 spiritales
3086 2758 3321 2817 homines
3344 2758 3567 2826 gaudeant
3586 2770 3673 2821 pro-

2191 2854 2332 2908 fectu
2362 2852 2595 2906 fidelium
2625 2859 2679 2905 et
2715 2850 2870 2905 bonis
2915 2850 3204 2917 operibus,
3260 2848 3371 2903 ideo
3414 2860 3591 2900 nece-se
3618 2852 3677 2897 est

2184 2945 2345 2999 etiam
2366 2941 2751 2997 contristentur
2772 2940 2922 3008 lapsu
2948 2940 3037 2994 vel
3061 2940 3288 3008 peccatis
3318 2952 3485 2992 eorum
3516 2935 3568 2989 de
3583 2949 3677 2995 auo-

2188 3051 2303 3088 rum
2335 3032 2439 3086 fide
2468 3040 2625 3098 atque
2648 3030 2888 3100 profectu
2917 3030 3246 3099 gaudebant.
3274 3029 3525 3096 Pr0pterca
3557 3022 3681 3091 Spiri-

512 3120 737 3177 iternm:
768 3116 865 3183 Qui
898 3114 1246 3169 custodierint
1270 3104 1409 3180 jus‘le
1433 3117 1595 3182 iusta,
1625 3114 2078 3183 justificabuntur,

2191 3136 2272 3180 tus
2298 3133 2511 3179 sanctus
2538 3122 2733 3176 dicitur
2756 3122 3068 3177 contristari
3099 3121 3177 3187 ab,
3206 3120 3282 3174 eis
3317 3120 3400 3188 qui
3427 3119 3491 3173 sic
3531 3125 3678 3185 amitti.

519 3223 621 3258 non
654 3207 740 3272 qui
775 3204 969 3273 injuste
989 3200 1497 3268 servaverintjusta.
1521 3202 1738 3272 Propter
1773 3205 1905 3272 quod
1930 3206 2084 3273 depo-

518 3305 690 3346 nmitrs
741 3295 1081 3354 ntrnducium,
1124 3292 1387 3359 loquimini
1439 3294 1701 3345 ueritatem
1747 3294 2086 3360 unusquisque

519 3402 633 3437 cum
665 3389 898 3452 proximo
922 3400 1035 3437 suo.
1069 3384 1404 3451 llet'nitietttes
1432 3385 1763 3437 mendacium
1792 3385 2083 3438 litterarum

517 3459 718 3542 stimuli,
749 3475 879 3543 legis
911 3474 999 3527 Dei
1026 3473 1297 3544 loquimini
1325 3475 1626 3528 veritatem.
1663 3474 1808 3542 Ipsas
1835 3476 2086 3530 describit

424 3612 427 3614 _
516 3567 721 3634 species
770 3567 1092 3630 sanctitatis,
1123 3566 1315 3634 quibus
1344 3567 1502 3621 homo
1540 3582 1708 3621 novus
1736 3570 2085 3637 agnoscitur;

516 3660 608 3713 sed
653 3670 706 3713 et
746 3660 1072 3719 mendacium
1105 3675 1201 3713 nos
1240 3659 1421 3729 fugere
1450 3660 1650 3716 doetiit.
1710 3663 1961 3729 Quoniam
2002 3681 2088 3717 su-

515 3770 625 3804 mus
650 3752 857 3806 invicem
887 3753 1126 3805 membra.
1159 3751 1326 3806 Nemo
1356 3769 1509 3808 suum
1543 3755 1757 3811 fratrem
1792 3757 2083 3813 circumve—

516 3846 646 3905 hiat,
678 3845 799 3913 quia
834 3859 994 3896 unum
1025 3859 1219 3912 corpus
1246 3859 1426 3899 sumus
1454 3887 1468 3911 ,
1494 3857 1552 3900 et
1596 3862 1698 3901 non
1748 3859 1972 3917 possunt
2009 3852 2085 3903 al-

520 3946 783 3991 ter..trum
808 3936 1046 3987 membra
1077 3949 1135 3989 se
1162 3934 1377 4002 fallere,
1408 3938 1488 3992 vel
1521 3938 1791 4002 lacerare;
1819 3954 1919 3994 nec
1944 3943 2083 3995 enim

515 4041 705 4079 manus
736 4026 816 4078 ori
845 4028 1118 4089 mentitur,
1149 4043 1248 4082 nec
1277 4028 1463 4083 dentes
1488 4029 1688 4083 laniant
1726 4044 1941 4099 corpus,
1974 4012 2084 4087 nisi

516 4116 604 4169 tibi
637 4116 856 4183 spiritus
879 4117 1182 4171 immundus
1206 4119 1489 4173 inhabitat.
1516 4117 1829 4184 lrascimini,
1862 4131 1909 4174 et
1935 4124 2090 4175 nolite

514 4223 742 4273 peccare.
775 4207 886 4260 Non
920 4218 1149 4262 mentem
1182 4210 1257 4265 ira
1290 4210 1532 4275 inebriet,
1567 4211 1660 4265 sed
1690 4214 1953 4267 severitas
1981 4212 2087 4266 dis-
2127 4231 2133 4239 ·

517 4307 802 4362 pensatur:
831 4313 928 4353 nec
952 4309 1093 4351 tuam
1120 4300 1388 4367 injuriatn,
1408 4302 1497 4354 sed
1526 4301 1702 4357 fratris
1725 4304 2089 4359 animadverte

518 4397 824 4453 peccatum;
851 4389 931 4441 vel
958 4389 1243 4442 irascimini
1274 4389 1570 4458 vobiscum,
1589 4393 1861 4461 inaliquod
1888 4409 2089 4462 praeve-

2193 3224 2249 3268 ut
2290 3230 2473 3269 eorum
2505 3213 2657 3267 factis
2686 3214 3075 3267 contristentur
3104 3211 3271 3267 sancti
3296 3249 3310 3275 ,
3350 3225 3443 3263 non
3468 3207 3526 3262 ob
3545 3204 3680 3265 aliud.

2192 3305 2289 3358 nisi
2321 3304 2440 3373 (una
2471 3302 2727 3371 Spiritum
2754 3310 2995 3356 sanctum
3041 3301 3240 3356 habent
3260 3342 3276 3367 ,
3304 3298 3442 3367 cujus
3466 3297 3583 3353 dono
3605 3305 3680 3347 tua

2191 3398 2313 3451 boni
2340 3386 2566 3462 sunt,‘ut
2589 3409 2682 3450 cos
2719 3394 2841 3448 mali
2873 3392 3219 3449 mmstiﬁcent
3244 3409 3257 3447 :
3280 3392 3409 3448 sicut
3431 3390 3565 3445 etiam
3586 3386 3680 3440 dic-

2195 3495 2279 3540 tur
2312 3486 2449 3540 Deus
2474 3488 2647 3541 facere
2670 3483 2927 3553 quidquid
2981 3484 3101 3553 ipso
3140 3484 3411 3541 ordinante
3447 3479 3679 3535 fecerimus.

2194 3574 2264 3627 ita
2296 3583 2439 3628 recte
2471 3573 2665 3629 dicitur
2687 3573 2826 3629 Deus
2866 3573 3224 3643 requiescere,
3256 3588 3369 3629 eum
3397 3572 3497 3639 ejus
3518 3580 3685 3622 munere

2192 3665 2573 3735 requiescimus
2594 3682 2607 3730 ;
2632 3665 2770 3718 sicut
2789 3664 2981 3721 dicitur
3000 3679 3223 3734 cognost
3235 3679 3341 3731 ere,
3359 3677 3466 3717 cum
3497 3658 3628 3714 efficit
3647 3662 3687 3707 ut

2192 3772 2288 3812 nos
2305 3772 2689 3827 cognoscamus
2705 3772 2721 3823 ;
2739 3756 2877 3813 sicut
2891 3769 2939 3813 et
2957 3772 3196 3826 gemere,
3214 3772 3327 3812 cum
3345 3769 3434 3808 nos
3446 3764 3621 3822 gemere
3633 3746 3688 3800 la-

2190 3847 2284 3901 cit.
2302 3846 2365 3900 In
2380 3864 2481 3916 quo
2498 3848 2685 3917 signati
2700 3851 2839 3901 estis.
2853 3847 3057 3903 Novum
3076 3848 3280 3917 signum
3298 3845 3476 3901 habere
3486 3837 3686 3908 cepistis.

2193 3940 2256 3994 In
2286 3941 2367 3993 die
2391 3941 2770 4015 redemptionis.
2796 3941 2850 3996 In
2874 3941 2963 3996 die
2981 3940 3230 4009 baptismi
3250 3937 3544 4008 signaculum
3563 3929 3687 3998 Spri-

2193 4042 2277 4089 tus
2297 4033 2463 4087 sancti
2485 4032 2782 4100 accepistis.
2802 4032 2982 4087 Omnis
3002 4033 3309 4088 amaritudo.
3322 4027 3538 4084 Ostendit
3556 4024 3596 4077 in
3613 4035 3690 4089 illi"

2192 4126 2535 4178 contristetur
2566 4122 2796 4190 Spiritus
2824 4133 3066 4193 sanctus,
3091 4126 3290 4179 scilicet
3316 4117 3632 4177 amaritudine,
3652 4111 3687 4162 id

2192 4226 2275 4271 est
2306 4220 2701 4285 provocatione.
2727 4216 2794 4271 Et
2822 4220 2922 4272 ira.
2952 4219 3179 4273 Omnem
3205 4216 3511 4271 occasionem
3533 4207 3630 4261 tulit
3645 4217 3690 4255 ne

2193 4309 2504 4367 irascantur.
2542 4307 2605 4362 Et
2627 4309 2931 4379 indignatio,
2959 4318 3005 4362 et
3031 4310 3246 4364 clamor.
3280 4302 3544 4373 Indignatio
3560 4313 3609 4352 ex
3626 4309 3689 4346 su-

2195 4400 2373 4467 perbia
2405 4408 2507 4463 est,
2531 4415 2650 4454 cum
2673 4403 2902 4469 aliquem
2921 4401 3221 4467 judicamus
3250 4398 3514 4466 indignum,
3537 4402 3582 4444 et
3601 4386 3685 4440 ideo

520 4478 702 4529 nintini
727 4477 863 4545 (sic).
892 4478 983 4530 Sol
1006 4494 1104 4530 non
1127 4480 1488 4549 occidatsuper
1510 4484 1829 4536 iracundiam
1853 4495 2086 4538 vestram.
2121 4475 2173 4534 D
2197 4508 2319 4545 eum
2351 4507 2458 4545 ηοιι
2490 4494 2834 4551 sustinemus,
2858 4492 2974 4548 Non
3006 4492 3254 4547 clamabit
3282 4502 3442 4556 neque
3465 4476 3684 4555 contendit
3756 4546 3757 4549 η

522 4566 695 4621 Nolite
717 4567 884 4619 lorum
911 4568 1033 4620 dare
1071 4569 1293 4622 diabolo.
1328 4572 1401 4623 Ne
1433 4572 1553 4625 fidei
1605 4575 1686 4629 vel
1736 4577 1975 4639 scientiae
2002 4577 2082 4631 lu-

521 4675 636 4713 men
668 4658 718 4712 iu
745 4666 830 4712 tua
851 4658 1212 4727 indignatione
1240 4660 1469 4717 deficiat.
1490 4664 1551 4717 Et
1573 4665 1744 4717 locum
1770 4666 1957 4719 damus
1975 4667 2086 4720 dia-

521 4751 638 4802 lolu
669 4749 994 4803 iracundiam
1024 4751 1321 4815 retinendo,
1348 4752 1425 4804 vel
1450 4754 1491 4805 si
1521 4755 1807 4823 indignatio
1832 4758 1881 4806 in
1912 4755 2086 4810 odium

514 4853 873 4898 routeitutur.
906 4842 1005 4909 Qui
1027 4844 1315 4914 fundatur,
1341 4845 1453 4914 jam
1484 4862 1582 4898 non
1606 4846 1829 4915 furatur.
1853 4846 2088 4901 Irascen~

517 4943 584 4989 ilo
626 4941 704 4992 \el
757 4938 977 4992 iurando
1025 4938 1196 4992 locmn
1230 4939 1419 4992 damus
1463 4942 1676 4995 dialnlo
1701 4982 1715 5005 ,
1745 4943 1825 4996 vel
1856 4945 2093 5010 quolibet

518 5040 760 5091 peccato;
800 5039 947 5095 porta
978 5031 1119 5083 enim
1144 5031 1338 5083 diaboli
1364 5042 1443 5083 est
1476 5033 1680 5099 rapina,
1703 5034 1832 5087 sic”!
1864 5034 2092 5102 Spiritus

517 5121 685 5171 sancti
714 5130 856 5185 porta
881 5128 961 5172 est
983 5120 1395 5189 justitizrndlagis
1418 5133 1579 5175 autem
1602 5124 1811 5186 luberet,
1833 5128 2091 5193 operando

520 5210 767 5260 omnibus.
798 5210 1012 5283 Alienus
1037 5210 1245 5267 labores
1276 5214 1487 5267 invasos
1508 5230 1603 5267 suo
1633 5215 1815 5269 labore
1842 5234 2092 5287 compen-

516 5314 594 5353 ειτι
626 5343 639 5365 ,
674 5312 726 5354 et
766 5302 1036 5369 operando
1065 5304 1264 5357 tribuat
1307 5306 1665 5375 indigentibus
1694 5351 1704 5365 .
1733 5313 1827 5376 qtti
1896 5312 2091 5366 multos

519 5393 744 5445 iurando
773 5394 894 5447 fecit
924 5376 1329 5463 egenteSiQuod
1362 5396 1542 5449 bonum
1565 5408 1655 5463 est,
1685 5410 1734 5449 ut
1759 5399 1934 5453 habeat
1957 5403 2091 5455 unde

521 5487 700 5535 tribttttl
735 5488 1074 5538 nrccssitutem
1101 5487 1421 5553 paiientibus.
1458 5487 1568 5540 Non
1594 5490 1730 5555 quod
1765 5490 1957 5543 malum
1990 5502 2091 5544 est.

522 5580 655 5626 bunt
684 5578 822 5629 rttiin
863 5581 1040 5632 multa:
1073 5581 1152 5633 vel
1200 5578 1514 5641 inhonesta),
1550 5583 1628 5634 vel
1664 5584 1812 5635 malm
1845 5595 2008 5649 artes,
2040 5596 2095 5640 ιιι

526 5667 776 5719 ttzaleliria
802 5682 847 5723 Ct
876 5688 991 5740 qttze
1008 5672 1263 5741 voluptati
1291 5672 1587 5740 p'olicitttit.
1612 5673 1786 5726 Gratiis
1811 5692 1973 5727 sermo
1995 5694 2093 5730 τηε-

2199 4584 2275 4633 vir
2304 4581 2493 4635 bonus.
2517 4583 2728 4637 Clamor
2752 4583 2840 4651 qui
2861 4598 2925 4636 ex
2957 4582 3138 4636 furore
3162 4576 3442 4643 descendit,
3462 4584 3593 4641 quem
3612 4581 3635 4618 η
3662 4576 3684 4619 li

2199 4672 2382 4727 habuit
2410 4673 2675 4728 Christus.
2703 4673 2971 4729 Caeterum
2997 4680 3054 4729 et
3091 4674 3251 4729 Isaias
3274 4671 3487 4735 clamare
3505 4662 3690 4731 iubetur.

2196 4774 2249 4818 et
2279 4767 2531 4819 Dominus
2558 4766 2807 4821 clamavit
2839 4770 2888 4821 in
2920 4769 3117 4838 templo
3147 4785 3159 4819 :
3186 4767 3239 4821 Si
3268 4766 3377 4835 quis
3413 4760 3528 4824 sitit,
3554 4751 3689 4821 veniat

2197 4869 2250 4917 et
2280 4859 2443 4913 bibat.
2471 4857 2539 4911 Et
2577 4858 2907 4928 blasphemia.
2952 4859 3021 4914 Ut
3054 4861 3318 4913 neminem
3361 4846 3689 4918 blasphemetis.

2200 4948 2435 5007 Tollatur
2465 4966 2497 5002 a
2529 4949 2665 5002 vobis
2695 4965 2809 5003 cum
2839 4951 2977 5003 omni
3016 4951 3229 5005 malitia.
3274 4950 3392 5014 Qua!
3428 4942 3501 4997 vel
3526 4935 3686 4991 ἑηὶιιιίεο

2200 5044 2368 5103 vicem
2402 5043 2604 5096 referre
2633 5052 2824 5110 potest.
2881 5024 3259 5098 Estote'aatem
3285 5041 3477 5094 invicem
3500 5026 3684 5097 benigni.

2202 5134 2570 5189 misericordes.
2592 5134 2782 5191 Set-rat
2810 5135 3220 5205 ordinemlegis,
3244 5145 3297 5188 ut
3326 5146 3418 5186 non
3436 5127 3580 5182 solum
3603 5132 3681 5171 ma-

2202 5226 2309 5279 l:tia
2343 5226 2574 5291 tollatur,
2609 5227 2703 5281 scd
2725 5227 2883 5281 etiam
2917 5229 3208 5298 benignitas
3238 5229 3492 5279 inseratur.
3518 5214 3680 5267 Donati-

2200 5328 2270 5371 trs
2293 5318 2523 5372 invicem.
2559 5318 2633 5375 Ne
2662 5319 2817 5374 nobis
2846 5320 3055 5375 dicatur
3085 5339 3097 5372 :
3131 5320 3293 5374 Serve
3328 5323 3541 5379 nequam,
3563 5312 3679 5355 nume

2199 5407 2437 5463 debitum
2465 5409 2644 5465 remisi
2672 5411 2789 5474 tibi,
2813 5419 2869 5465 et
2894 5422 3105 5467 caztera.
3138 5410 3275 5464 Sicut
3298 5416 3341 5462 et
3366 5405 3483 5458 Dius
3508 5401 3549 5450 in
3569 5390 3677 5447 Chri-

2196 5507 2294 5550 sto.
2326 5498 2431 5553 Per
2452 5497 2747 5554 Christum.
2780 5503 3000 5557 Donauit
3030 5503 3186 5556 nobis.
3210 5500 3384 5554 Omnia
3405 5498 3597 5563 peccata.

2246 5588 2373 5642 ΟΑΡ.
2391 5605 2440 5643 v.
2464 5589 2636 5645 Estote
2650 5608 2769 5661 ergo
2782 5594 3060 5649 imitatores
3075 5594 3186 5657 Dei,
3199 5594 3316 5647 sicut
3334 5588 3421 5657 ﬁlii
3433 5573 3668 5638 charissimi.

2199 5678 2494 5734 imitatione
2512 5682 2655 5735 enim
2679 5684 2760 5737 vel
2787 5686 3071 5748 adoptione
3094 5684 3216 5741 cstis
3239 5684 3321 5736 Dei
3343 5679 3438 5734 lilii.
3454 5688 3537 5727 non
3556 5677 3664 5718 nam-
