3910 6174
442 328 559 381 4:23

1564 332 1861 388 PRIMASH
1902 328 2349 385 ADRUMETANI
2393 332 2601 387 EPISC.
3016 382 3031 391 κ
3546 347 3618 400 ετ,

456 443 779 512 semetipsum
805 440 1029 493 tradidit
1054 456 1148 510 pro
1190 456 1268 494 ea.
1303 440 1371 494 ita
1405 451 1453 495 et
1487 457 1581 495 vos
1610 458 1703 510 pro
1749 441 2031 494 sanctitate
2066 440 2106 496 Λ
2141 447 2244 490 tur.
2294 438 2400 492 Scd
2433 440 2641 493 educato
2681 439 2793 492 ills
2823 442 2872 494 in
2901 442 3169 510 disciplina
3196 456 3240 497 et
3265 450 3525 503 correctione
3548 456 3625 507 llo-

452 544 682 587 uxorum
714 545 811 584 nec
839 530 996 594 mori,
1018 530 1061 584 si
1095 546 1312 585 neccrse
1348 531 1526 597 [ιιοτίί.
1560 533 1837 586 recusetis.
1878 532 1942 584 Ut
1971 532 2032 583 il-

366 636 389 655 ν
454 623 563 673 lam
591 620 961 688 sanctiﬁcaret,
994 620 1250 673 inundans
1278 638 1387 674 eam
1435 620 1637 675 lauacro
1680 639 1846 689 aqum.
1885 623 2031 690 Aqua

452 712 825 777 taviteorpus.
871 710 1100 762 animam
1154 710 1573 766 tantuli-alioue
1604 712 1771 770 verbi.
1807 712 1889 765 vel
1938 711 2033 763 do-

459 802 800 867 ctrina,sisut
822 800 885 853 ad
912 801 1163 855 Hebrteos
1190 800 1291 854 ait:
1316 802 1492 855 Altluti
1515 816 1711 870 corpus
1730 818 1861 871 aqua
1888 818 2033 856 mun-

460 894 544 945 da.
581 889 645 943 In
679 890 825 943 verba
852 930 865 953 ,
908 900 961 943 ut
1002 892 1250 945 exhiberet
1280 891 1387 961 ipse
1425 892 1522 946 sibi
1552 892 1825 961 gloriosam
1856 891 2034 948 Eccle-

455 982 608 1032 aiunt.
635 979 707 1033 lta
733 989 784 1032 et
810 994 903 1032 vos
930 993 1151 1047 corpora
1174 995 1397 1034 uxorum
1425 982 1773 1046 continentia,
1796 983 2030 1036 animam

463 1070 710 1124 untndate
748 1069 1015 1123 doctrina.
1053 1068 1173 1123 Non
1204 1070 1466 1124 habentem
1513 1072 1795 1137 maculam,
1827 1085 1912 1126 aut
1947 1089 2031 1127 ru-

461 1178 596 1227 qam,
625 1170 712 1214 aut
736 1161 933 1229 aliquid
958 1161 1230 1231 ejusmodi.
1256 1162 1329 1215 Ita
1357 1161 1457 1215 sibi
1486 1158 1731 1217 Christus
1762 1164 2035 1218 mundavit

463 1252 753 1307 Ecclesiam
780 1294 796 1319 ,
838 1262 893 1305 ut
919 1263 972 1306 et
1002 1262 1182 1305 vetera
1227 1253 1448 1306 crimina
1498 1254 1748 1319 tolleret,
1790 1265 1841 1308 et
1868 1268 2034 1309 novas

460 1344 716 1398 maculas.
750 1344 853 1397 Sed
886 1354 941 1395 ut
987 1344 1052 1396 sit
1095 1353 1270 1397 sancta
1304 1354 1351 1396 et
1394 1345 1742 1399 immaculata.
1776 1347 1833 1399 Si
1865 1350 2035 1401 omni-

462 1441 558 1494 bus
581 1438 834 1493 membris
861 1438 1199 1490 immarulata
1224 1448 1326 1503 est,
1350 1440 1596 1493 maculati
1622 1441 1672 1493 in
1696 1455 1759 1495 ea
1786 1455 1904 1495 esse
1927 1457 2031 1495 non

460 1540 781 1595 censentur,
813 1530 914 1583 nisi
945 1544 1156 1582 rursum
1191 1530 1360 1596 poenis
1389 1531 1707 1600 purgatoriis
1736 1546 2034 1602 expurgen-

459 1634 573 1685 tur;
607 1619 700 1674 sed
746 1620 865 1673 sine
911 1620 1114 1674 macula
1146 1630 1198 1673 et
1228 1636 1353 1689 rogi
1402 1622 1452 1673 in
1500 1621 1675 1675 futuro
1715 1623 1815 1676 erit
1855 1639 1867 1674 :
1912 1637 2032 1676 nam

464 1711 622 1765 modo
646 1710 905 1780 permixta
935 1720 1035 1775 est,
1071 1720 1127 1764 ut
1155 1711 1303 1779 palea
1334 1723 1387 1765 et
1420 1712 1655 1766 triticum
1688 1714 1738 1766 in
1765 1728 1891 1769 area
1912 1725 2035 1768 ante

460 1800 882 1873 ventjlationem.
918 1798 1002 1853 Ita
1029 1810 1076 1853 et
1111 1802 1209 1857 viri
1252 1803 1429 1855 debent
1460 1804 1670 1872 diligere
1700 1820 1881 1858 uxores
1916 1820 2034 1859 suas
2065 1781 2110 1837 Β

463 1905 514 1946 ut
539 1909 751 1963 corpora
779 1910 893 1947 sua.
930 1893 997 1949 Ut
1027 1895 1209 1961 quales
1243 1895 1340 1962 ipsi
1371 1896 1595 1961 Cupiunt
1623 1895 1869 1962 inveniri,
1904 1897 2033 1950 tales

461 1995 513 2038 rt
532 2000 724 2039 uxores
746 1985 1056 2040 exhibeant.
1084 1984 1185 2049 Qui
1204 2001 1347 2038 suam
1363 2001 1420 2036 ua
1435 2000 1572 2039 orem
1594 1984 1782 2054 diligit,
1805 1986 2036 2055 semetip-

460 2093 572 2128 sum
596 2066 786 2144 diligit.
816 2075 949 2141 Quia
982 2076 1089 2129 duo
1119 2075 1169 2127 in
1203 2090 1363 2127 carne
1394 2084 1517 2128 sunt
1543 2090 1666 2129 una.
1704 2076 1872 2129 Nemo
1902 2078 2032 2129 enim

461 2181 683 2231 unqmm
724 2179 927 2217 carnrm
963 2180 1107 2216 surm
1144 2164 1261 2216 odio
1292 2166 1498 2228 habuit;
1527 2166 1616 2218 sed
1643 2167 1802 2218 nutrit
1830 2178 1875 2219 et
1904 2170 2033 2237 fovet

458 2270 589 2315 eam,
616 2254 746 2306 sicut
774 2262 821 2306 et
846 2251 1075 2306 Christus
1102 2251 1398 2307 Ecclesiam.
1429 2256 1541 2308 Non
1584 2263 1641 2308 ut
1666 2257 1712 2310 ei
1744 2255 1952 2311 labores
1980 2268 2034 2312 et

458 2344 670 2397 dolores
707 2343 933 2411 inlligat,
976 2344 1067 2399 sed
1100 2355 1153 2397 ut
1198 2358 1439 2400 securam
1494 2347 1645 2401 iaciat
1679 2358 1732 2402 et
1771 2350 2030 2417 quietam.

458 2434 569 2488 Non
603 2434 809 2502 nuptias
830 2417 1083 2497 damnat:
1118 2436 1208 2490 sed
1252 2437 1315 2489 ad
1347 2439 1622 2491 continent
1646 2454 1730 2493 am
1764 2439 2030 2496 hortatur.

459 2524 592 2590 Quia
626 2524 847 2577 membra
889 2541 1063 2578 sumtis
1090 2527 1317 2592 rorporis
1346 2530 1479 2596 ejus.
1532 2527 1764 2581 Membra
1795 2529 1910 2596 ejus
1939 2530 2032 2583 de-

455 2614 719 2669 benteum
748 2615 799 2668 in
830 2616 1076 2670 omnibus
1106 2617 1325 2670 imitari.
1362 2615 1438 2671 De
1464 2626 1616 2672 carne
1646 2623 1755 2688 ejus
1784 2630 1831 2674 et
1863 2623 1923 2673 de
1951 2638 2031 2675 os-

455 2706 594 2759 sibus
621 2707 751 2776 ejus.
783 2705 861 2759 Ex
892 2707 1032 2759 omni
1074 2707 1365 2760 substantia
1412 2722 1595 2761 sumus
1623 2711 1864 2778 ccurporis
1893 2712 2028 2777 eius.

424 2796 437 2811 ‘
458 2797 676 2867 Propter
699 2798 792 2849 hoc
818 2798 1066 2866 relinquet
1094 2797 1243 2850 homo
1272 2808 1469 2868 patrem
1514 2810 1562 2852 ct
1616 2810 1829 2852 matrem
1858 2818 2025 2865 suam,

453 2901 498 2941 et
531 2889 805 2943 aolttrrebit
830 2889 976 2942 uxori
998 2906 1103 2942 sua:
1128 2906 1146 2942 :
1176 2900 1219 2942 ct
1245 2901 1389 2943 erunt
1410 2892 1512 2943 duo
1541 2894 1591 2944 in
1615 2909 1765 2947 carne
1786 2909 1905 2945 una.
1932 2894 2023 2947 Sa.
2055 2941 2058 2945 .

454 2989 763 3045 (rguit-utam
791 2980 886 3033 hoc
916 2998 1154 3051 mugitum
1185 2993 1273 3034 est.
1306 2985 1522 3045 Amore,
1558 2997 1660 3036 non
1692 2983 1809 3037 loco
1833 2985 2025 3038 solum.

458 3073 567 3145 Ego
596 3084 763 3127 autem
793 3075 905 3126 dico
951 3074 1003 3123 iu
1064 3072 1162 3123 Chr
1185 3083 1261 3123 sto
1289 3081 1336 3122 et
1375 3073 1426 3123 in
1470 3070 1716 3126 Ecclesia.
1752 3072 2024 3126 Verumta-

2137 537 2283 589 mini.
2304 537 2378 592 Ne
2405 537 2527 590 dum
2555 538 2690 590 male
2716 538 2890 591 vivitis
2921 549 3011 591 aut
3030 556 3145 592 cum
3173 544 3421 607 uxoribus,
3442 556 3517 600 aut
3540 565 3627 616 post

2139 640 2350 687 uxores,
2388 626 2528 679 malo
2559 635 2737 680 vestro
2769 641 2860 681 eos
2900 629 3149 695 perdatis.
3183 631 3338 698 Servi,
3372 635 3537 690 obedits
3557 641 3627 690 dt.

2137 714 2286 766 minis
2320 715 2632 768 carnalibus.
2682 717 2971 772 Servitium
3017 735 3116 772 non
3172 733 3341 791 natura
3384 726 3523 791 dedit,
3560 732 3631 782 sed

2138 804 2418 869 captivitas
2444 804 2748 869 ad‘nvenit;
2784 823 2954 876 neque
2983 823 3045 861 ex
3081 790 3346 864 mali-dicto
3370 814 3512 868 (Ibam
3547 833 3623 874 rte-

2138 895 2235 962 pit,
2270 903 2324 948 ut
2355 895 2564 962 quidam
2617 904 2824 961 putant,
2873 913 2993 950 cum
3041 912 3254 966 exrcges
3305 904 3508 971 legamus
3545 921 3623 960 est

2136 985 2559 1051 generatoszsed
2587 987 2637 1039 in
2661 987 2980 1041 Chananmis
3008 988 3269 1057 impletum
3291 1000 3381 1044 est
3408 994 3483 1062 qui
3510 994 3631 1051 Israel

2139 1080 2262 1124 sunt
2294 1073 2414 1125 [iliis
2438 1074 2723 1144 subjugati.
2756 1075 2995 1130 Providit
3023 1078 3298 1146 Apostoius
3342 1097 3401 1135 ne
3443 1083 3629 1138 doctrina

2141 1161 2231 1214 Dei
2265 1161 2316 1214 in
2344 1162 2522 1229 aliquo
2553 1164 2974 1231 blasphematur,
3005 1166 3051 1219 si
3081 1166 3345 1221 creden'es
3372 1172 3489 1224 servi
3509 1172 3632 1227 inuti-

2139 1252 2215 1303 les
2244 1250 2354 1305 suis
2381 1251 2609 1306 domtnis
2643 1254 2768 1306 ﬁant
2797 1270 2811 1305 ι
2841 1264 2896 1305 et
2926 1254 3015 1321 qui
3050 1253 3183 1308 forte
3210 1259 3526 1324 pe:missurus
3549 1274 3631 1315 erat

2138 1340 2298 1393 etiam
2328 1341 2461 1393 alios
2483 1356 2665 1395 servos
2694 1342 2804 1394 ﬁcri
2829 1342 3181 1407 Christianos,
3201 1344 3262 1398 de
3282 1345 3397 1412 ipsis
3414 1347 3508 1415 jam
3521 1348 3634 1411 lactis

2142 1431 2362 1497 incipiet
2396 1432 2655 1497 paenitere
2685 1450 2699 1485 :
2732 1434 2775 1485 si
2803 1448 2934 1486 vero
2963 1434 3155 1487 viderit
3182 1449 3269 1489 eos
3293 1439 3337 1488 in
3360 1439 3523 1492 melius
3547 1455 3632 1507 pro.

2140 1521 2349 1585 fecisse,
2397 1531 2453 1576 et
2500 1524 2686 1577 ﬁdeles
2731 1524 2976 1588 eﬁ‘ectos,
3007 1541 3111 1579 non
3141 1526 3304 1580 solum
3341 1528 3459 1582 alios
3481 1534 3634 1599 optabit

2138 1610 2384 1676 credere,
2413 1613 2507 1667 sed
2546 1614 2704 1667 etiam
2737 1616 2849 1683 ipse
2878 1616 3168 1669 salvabitur
3198 1633 3214 1671 ι
3245 1631 3343 1671 non
3376 1620 3496 1671 enim
3530 1622 3632 1673 venit

2137 1702 2382 1757 Christus
2409 1712 2614 1758 mutare
2636 1707 3002 1768 conditiones,
3034 1707 3124 1758 sed
3158 1721 3324 1760 mores
3371 1708 3478 1759 Cum
3499 1710 3630 1764 timori

2138 1806 2184 1848 et
2208 1808 2443 1859 tremore,
2476 1799 2527 1849 in
2553 1799 2874 1866 simplicitate
2917 1800 3086 1853 cordis
3116 1800 3275 1853 vestri.
3305 1800 3403 1853 Hoc
3428 1809 3513 1865 est,
3545 1817 3630 1855 ctus

2139 1888 2281 1940 omni
2336 1888 2666 1951 humilitate,
2728 1891 2972 1959 exposita
3031 1906 3091 1955 pr
3113 1889 3190 1942 ori
3236 1891 3477 1956 superbia.
3526 1891 3629 1947 δαί

2139 1978 2354 2032 Christo.
2389 1980 2602 2033 Christo
2652 1982 2843 2045 facitis,
2876 1983 3133 2051 quidquid
3181 1990 3383 2051 propter
3422 1980 3630 2035 Christum

2141 2071 2437 2125 hominibus
2469 2073 2751 2128 exhihctis.
2782 2073 2905 2127 Non
2933 2076 3004 2138 ad
3036 2075 3233 2127 oculum
3259 2073 3631 2139 serrientes,qwi

2136 2160 2419 2216 hominibus
2457 2166 2756 2233 placentes;
2798 2168 2887 2220 sed
2939 2176 2993 2220 ut
3039 2168 3166 2220 servi
3203 2167 3395 2221 Christi.
3433 2168 3522 2219 Hoc
3555 2174 3629 2227 est,

2139 2255 2303 2308 nolite
2349 2266 2639 2323 prmsentes
2683 2267 2889 2311 tantum
2928 2259 3152 2313 Domfno
3180 2259 3392 2327 operari.
3428 2256 3631 2310 Faciatur

2135 2346 2445 2399 voluntatem
2474 2346 2571 2401 Dei
2603 2364 2663 2401 ex
2691 2350 2884 2409 animo,
2919 2366 3032 2402 cum
3064 2349 3192 2402 bona
3217 2349 3448 2401 voluntate
3466 2348 3629 2399 se’rrieta

2137 2447 2224 2503 tes,
2258 2439 2387 2492 sicut
2438 2438 2678 2504 Domino,
2708 2451 2754 2494 et
2797 2457 2896 2494 non
2939 2442 3243 2494 hominibus.
3273 2440 3325 2494 lu
3356 2438 3427 2493 his
3451 2454 3541 2505 qua:
3565 2437 3629 2489 Dei

2135 2543 2238 2580 non
2285 2537 2412 2582 sunt
2446 2531 2714 2585 contraria
2745 2531 3006 2585 voluntati
3034 2547 3050 2596 ;
3096 2531 3150 2586 in
3195 2529 3364 2585 multis
3387 2529 3506 2583 enim
3539 2542 3629 2581 ωηο

2132 2626 2353 2671 currunt
2380 2633 2502 2673 cum
2522 2620 2635 2687 lege
2663 2621 2985 2676 naturaliter
3004 2622 3167 2676 animi
3185 2622 3488 2676 dominorum
3507 2659 3519 2681 ,
3541 2617 3626 2687 quia

2134 2723 2318 2764 servos
2350 2719 2401 2763 et
2447 2710 2651 2777 ﬁdeles,
2690 2720 2747 2766 et
2774 2712 3009 2778 sobrios,
3044 2724 3099 2768 et
3126 2721 3315 2776 castos,
3352 2720 3402 2765 et
3438 2711 3630 2778 benignos

2134 2799 2331 2857 habere
2355 2802 2680 2858 desiderant.
2702 2803 2917 2875 {Servite
2950 2806 3168 2867 domino
3201 2818 3301 2858 non
3327 2818 3433 2857 eum
3452 2817 3629 2855 mortuu-

2132 2889 2359 2945 razione.
2388 2889 2617 2946 Scientes
2648 2894 2885 2959 quoniam
2911 2895 3251 2963 unusquisque
3272 2893 3556 2962 quodme
3576 2890 3629 2959 fc-

2129 2979 2254 3031 cerit
2307 2979 2525 3045 bonum,
2579 2982 2674 3033 hoc
2728 2983 2973 3052 percipiet
3030 3000 3062 3035 a
3119 2982 3345 3036 Domino.
3391 2981 3629 3047 Cuicuuque

2133 3079 2347 3139 propter
2388 3072 2550 3125 Deum
2598 3070 2953 3133 huneleceris,
2983 3090 3013 3127 a
3052 3074 3160 3129 Deo
3199 3079 3426 3139 exspecta
3475 3083 3628 3123 nterce-

454 3181 565 3217 mcn
590 3173 635 3217 et
658 3181 741 3218 vos
768 3164 956 3233 singuli
981 3162 1318 3230 unusquisque
1342 3177 1483 3213 suam
1509 3177 1717 3214 uxorum
1736 3162 1865 3215 sicut
1896 3165 2022 3230 seip-
2052 3135 2096 3194 C
2128 3161 2274 3218 dem.
2310 3162 2430 3218 Sive
2454 3165 2789 3228 servushsive
2808 3166 2844 3219 li
2854 3168 2955 3219 ler.
2983 3166 3099 3220 Non
3128 3181 3221 3220 vos
3238 3166 3489 3232 desperaro
3513 3161 3628 3214 facili

450 3273 566 3310 sum
596 3254 799 3325 diligat.
826 3254 937 3324 Ego
970 3254 1102 3318 hoc,
1140 3252 1344 3322 inquit,
1375 3252 1428 3305 in
1474 3250 1685 3306 Christo
1713 3252 1946 3321 intelligo
1971 3265 2026 3308 et

452 3348 506 3402 in
534 3346 803 3411 Ecclesia;
835 3346 929 3401 sed
964 3353 1141 3399 tamen
1174 3356 1278 3396 non
1308 3340 1429 3398 ideo
1457 3356 1551 3396 vos
1582 3356 1687 3396 non
1718 3357 1899 3396 amare
1934 3344 2024 3396 (le-

454 3439 612 3507 hetis,
644 3438 750 3491 imo
777 3435 1031 3503 amplius,
1056 3441 1114 3488 ut
1137 3431 1384 3488 Christus
1416 3430 1732 3487 Ecclesiam.
1762 3431 1932 3497 Quoui
1972 3446 2020 3484 in

449 3528 694 3582 Christus
725 3525 939 3593 reliquit
966 3534 1216 3587 matrem,
1250 3522 1302 3577 id
1333 3529 1436 3588 est,
1473 3520 1824 3589 relinquendo
1852 3520 2024 3588 Syna-

450 3634 640 3689 gogam
670 3617 1009 3683 Judzeorum,
1041 3615 1109 3670 de
1149 3628 1250 3684 qua
1281 3613 1578 3669 secundum
1625 3628 1838 3668 carnem
1870 3622 2023 3667 natus

447 3719 559 3774 est,
591 3715 645 3761 et
675 3705 984 3761 inhtrrendo
1032 3704 1288 3758 Ecclesia:
1332 3717 1465 3767 suae,
1496 3718 1653 3773 quam
1685 3718 1748 3756 ex
1778 3704 2023 3756 omnibus

447 3798 693 3868 gentibus
724 3795 1085 3865 congregavit.
1108 3794 1384 3862 Quomodo
1407 3794 1619 3863 reliquit
1642 3793 1891 3848 Patrem?
1919 3809 2020 3847 non

448 3890 572 3960 quia
602 3887 827 3943 recessit
856 3902 883 3939 a
916 3885 1092 3950 Patre,
1126 3885 1219 3939 sed
1261 3884 1380 3954 quia
1409 3884 1462 3939 in
1489 3899 1551 3940 ea
1585 3884 1749 3939 forma
1780 3885 2023 3952 apparuit

450 3984 500 4035 iu
529 3994 631 4050 qua
662 3977 881 4048 aequalis
918 3985 1002 4031 est
1030 3977 1194 4031 Patri.
1241 3976 1384 4031 Uxor
1410 3986 1579 4030 autem
1622 3978 1791 4031 timeat
1839 3977 2018 4031 virum.

446 4072 695 4141 Sulijeeta
725 4071 797 4125 sit
818 4081 1066 4139 tanquam
1099 4067 1391 4132 inﬁrmior,
1422 4076 1482 4123 ut
1507 4077 1740 4138 regatur.

514 4164 640 4220 CAP.
672 4178 743 4217 Vt.
777 4159 922 4226 Filii,
954 4160 1145 4212 obrdite
1174 4156 1465 4227 parentibus
1490 4175 1517 4212 υ
1540 4159 1662 4212 stris
1687 4158 1740 4210 in
1785 4156 2019 4212 Domino.

406 4254 415 4261 ’
444 4255 635 4309 Parate
652 4267 745 4308 eos
764 4251 1067 4319 disciplina,
1098 4265 1219 4317 quaa
1239 4265 1332 4305 eos
1348 4264 1375 4302 a
1394 4249 1705 4318 parentibus
1727 4249 2019 4302 secundum

445 4346 608 4399 Deum
634 4342 869 4412 praecipit
889 4340 1107 4396 erudiri.
1137 4339 1249 4393 Hoc
1277 4340 1407 4393 enim
1429 4343 1729 4409 cstjustunt.
1755 4339 2020 4393 Utmutua

441 4434 613 4488 ofﬁcia
632 4431 958 4501 rependatis.
977 4428 1192 4483 Honora
1208 4439 1405 4497 patrem
1413 4438 1554 4481 tuum
1570 4439 1613 4482 et
1632 4438 1840 4483 matrem
1856 4439 2015 4481 tuam.

2127 3252 2361 3307 conditio
2391 3254 2680 3308 servitutis.
2711 3253 2781 3307 Et
2806 3271 2913 3323 ros,
2947 3257 3161 3316 domini.
3196 3257 3374 3311 Audite
3400 3269 3497 3307 nte:
3522 3250 3557 3304 si
3588 3258 3627 3303 et

2126 3344 2245 3398 illos
2275 3345 2431 3399 vultis
2456 3347 2660 3411 audire,
2690 3347 2812 3402 date
2840 3348 2948 3402 illis
2979 3348 3298 3417 exemplum.
3327 3345 3492 3400 Eadem
3515 3341 3628 3411 tacite

2125 3435 2247 3488 illis.
2277 3434 2352 3490 Ne
2389 3436 2431 3488 si
2482 3435 2727 3504 ltigerint,
2773 3452 2876 3490 non
2923 3437 3186 3507 religioni,
3220 3437 3307 3492 sed
3334 3447 3426 3488 ture
3457 3428 3626 3488 incipies

2127 3525 2341 3578 malitiae
2367 3526 2646 3595 imputare.
2683 3526 3013 3582 Remittentes
3045 3529 3208 3581 minas
3231 3544 3249 3581 :
3273 3526 3462 3580 scientes
3482 3519 3575 3586 σιτία
3593 3525 3628 3569 ιι

2123 3615 2331 3668 illorum
2353 3628 2400 3671 et
2418 3627 2577 3671 vester
2595 3616 2840 3670 Dominus
2854 3628 2928 3670 est
2953 3620 3007 3672 in
3028 3619 3183 3673 catis.
3201 3612 3446 3672 Minamini
3462 3616 3627 3677 propter

2125 3703 2477 3773 disciplinam.
2510 3705 2602 3761 sed
2634 3706 2892 3760 remittite
2927 3714 3145 3772 proi=ter
3173 3698 3564 3758 misericordiam,
3585 3703 3627 3744 ut

2125 3807 2175 3850 et
2203 3797 2353 3852 vobis
2383 3814 2407 3847 τι
2442 3808 2622 3852 vestro
2658 3798 2882 3852 Domino
2910 3799 3232 3853 remittatur.
3278 3792 3625 3861 Euersam!!!

2123 3888 2345 3958 acceptio
2385 3903 2483 3941 non
2509 3898 2582 3942 es'
2608 3889 2750 3954 apud
2790 3887 2975 3943 Deum.
3017 3885 3169 3955 Apud
3206 3882 3459 3940 Dominum
3497 3886 3626 3942 ttqu

2124 3977 2256 4030 adeo
2288 3992 2449 4031 unum
2490 3979 2643 4041 estis,
2673 3985 2731 4031 ut
2758 3977 3038 4047 aequaliter
3067 3976 3226 4046 empti
3248 3972 3379 4037 sitis,
3409 3981 3495 4022 una
3511 3963 3624 4017 vobis

2124 4066 2193 4118 sit
2222 4064 2505 4120 haereditas
2535 4066 2881 4133 repromissa.
2909 4065 2987 4120 De
3014 4075 3214 4128 stetere,
3248 4052 3625 4132 fratres.con{or-

2126 4156 2302 4207 tamini
2329 4156 2379 4207 in
2413 4154 2650 4216 Domino,
2683 4166 2729 4209 et
2759 4157 2808 4209 in
2832 4159 3056 4224 potentia
3086 4153 3275 4208 virtutis
3300 4152 3418 4220 ejus.
3459 4143 3623 4212 ΕΡ⁵⁵²⁰⁹

2127 4243 2228 4297 lam
2252 4259 2353 4311 gen
2390 4245 2485 4298 rali
2513 4244 2884 4299 exhortatione
2911 4244 3201 4306 concludit,
3231 4242 3281 4296 in
3308 4234 3521 4303 exemplo
3547 4230 3624 4283 00-

2122 4334 2253 4388 mini
2278 4342 2332 4389 et
2360 4338 2574 4388 virtute.
2610 4333 2818 4388 lnduite
2844 4351 2929 4388 uos
2962 4345 3271 4389 armaturam
3303 4329 3404 4388 Dei,
3430 4334 3475 4377 ut
3500 4318 3622 4387 possi-

2126 4430 2190 4481 tis
2230 4436 2364 4481 stare
2400 4427 2641 4481 adversus
2676 4426 2892 4480 insidias
2937 4426 3146 4479 diaboli.
3196 4420 3375 4477 Contra
3412 4409 3622 4483 spiritales

354 4556 361 4565 ~
440 4522 545 4576 Sed
568 4488 767 4574 bonos:
789 4532 909 4571 nam
932 4517 1047 4586 ipse
1074 4488 1282 4586 Moyses
1303 4488 1705 4582 docuit,l:ontra
1734 4518 1897 4571 Deum
1920 4531 2014 4570 ve-
2051 4488 2098 4546 θ
2125 4515 2305 4570 hostes
2326 4515 2585 4585 spiritalia
2614 4530 2758 4595 arma
2786 4514 3042 4569 sumenda
3079 4523 3219 4575 sunt,
3242 4502 3489 4563 utilissimi
3511 4497 3621 4552 ίιυιίο

441 4611 649 4664 uientes
677 4621 780 4661 non
803 4603 1122 4677 sequendos,
1157 4604 1411 4673 honorem
1445 4612 1619 4660 tamen
1650 4607 1731 4660 eis
1757 4606 2013 4661 exhibere

439 4714 538 4771 pro
565 4700 653 4755 Dei
687 4698 876 4753 timOre
902 4695 1174 4752 debemus.
1207 4694 1357 4761 Quod
1386 4705 1457 4749 est
1478 4696 1770 4749 mandatum
1791 4696 2013 4767 primum

340 4794 341 4797 “
434 4813 488 4848 in
517 4791 869 4863 promissione.
922 4789 1295 4843 Promissionis
1324 4788 1549 4856 primum
1579 4788 1631 4841 in
1660 4788 1890 4842 secunda
1929 4799 2008 4840 ta-

436 4887 557 4941 bula
581 4925 597 4954 ,
629 4900 745 4954 qua:
774 4882 840 4938 ad
862 4882 1246 4937 humanitatem
1270 4878 1587 4951 pertinentia
1616 4888 1877 4948 praecepta
1910 4894 2007 4934 sex

434 4997 658 5037 numero
675 4978 1001 5037 continebat.
1022 4978 1194 5033 Prima
1222 4975 1365 5053 enim
1387 4975 1561 5031 tabula
1592 4977 1800 5045 pr0pria
1832 4974 2009 5030 divina

432 5083 608 5136 ofﬁcia
635 5084 902 5153 exigebat.
929 5080 998 5136 Ut
1029 5080 1232 5153 beas-sit
1266 5079 1376 5145 tibi,
1405 5088 1453 5132 et
1474 5078 1543 5133 sis
1576 5079 1831 5149 longuriis
1860 5090 2013 5146 super

433 5185 642 5227 terram.
672 5170 786 5225 Non
824 5171 877 5224 in
908 5172 1007 5225 hac
1038 5178 1200 5234 terra,
1228 5172 1278 5225 in
1305 5184 1405 5240 qua
1437 5169 1595 5224 etitm
1628 5168 1773 5238 impii
1809 5179 1863 5224 et
1890 5184 2009 5224 sce-

432 5261 551 5318 lesti
591 5274 747 5315 senes
777 5267 932 5325 sunt,
986 5259 1079 5314 sed
1134 5274 1293 5328 super
1329 5258 1475 5313 illam
1532 5267 1727 5313 tetram
1755 5274 1910 5326 quam
1956 5266 2011 5310 et

430 5354 693 5409 Dominus
720 5348 935 5405 mitibus
963 5350 1306 5415 repromittit,
1338 5357 1394 5402 et
1434 5350 1482 5403 in
1522 5364 1619 5416 qua
1646 5347 1774 5417 justi
1808 5348 2008 5400 inhabi-

431 5450 717 5511 tabunt;et
742 5457 901 5514 quam
918 5441 1197 5496 Psalmista
1226 5442 1458 5496 visurum
1488 5455 1607 5496 esse
1632 5456 1688 5495 se
1724 5441 1909 5495 credit.
1943 5438 2007 5493 Et

428 5554 621 5609 patres,
649 5538 807 5593 nolite
845 5537 912 5591 ad
947 5534 1265 5589 iracundiam
1304 5524 1575 5603 provocare
1614 5534 1745 5599 ﬁlios
1791 5540 2000 5585 vestros.

428 5636 549 5686 Sive
595 5630 921 5699 simpliciter.
957 5624 1369 5696 accip'endum,
1426 5639 1494 5678 ne
1546 5622 1895 5678 immoderate
1952 5631 2006 5675 et

428 5726 545 5778 sine
588 5735 746 5774 causa
775 5720 1008 5788 correpti
1039 5717 1207 5788 magis
1251 5716 1316 5770 ad
1350 5711 1672 5768 iracundiam
1705 5726 1997 5777 provocen-

2123 4616 2326 4661 natura:
2354 4622 2624 4661 armorum
2657 4606 3012 4676 spiritualium
3044 4602 3339 4659 fortitudine
3357 4598 3619 4666 protegat"!-

2123 4698 2256 4761 Quia
2278 4713 2376 4750 non
2399 4705 2470 4752 est
2500 4696 2640 4752 nobis
2668 4695 2961 4750 colluctatio
2998 4699 3235 4748 adversus
3259 4700 3441 4744 carnem
3464 4695 3501 4736 et
3530 4692 3617 4731 m'

2119 4797 2341 4866 guinem.
2372 4792 2510 4848 Caro
2552 4804 2609 4850 et
2635 4794 2849 4862 sanguis
2882 4795 3039 4846 homo
3065 4790 3274 4845 dicitur.
3312 4782 3406 4838 Sed
3429 4780 3620 4853 adversus

2118 4896 2369 4965 principes
2403 4902 2449 4946 et
2481 4901 2768 4960 potestates.
2802 4891 2900 4957 Qui
2929 4905 2957 4943 ε
2979 4890 3029 4944 bi
3061 4887 3386 4957 principatum
3424 4880 3466 4930 in
3498 4870 3618 4938 huius

2118 4984 2298 5038 mundi
2328 4982 2633 5036 hominibus
2662 4988 3004 5051 usurparunt,
3035 4987 3092 5033 ct
3120 4978 3205 5046 qui
3244 4970 3461 5027 homines
3496 4965 3617 5059 ignit-

2117 5081 2317 5141 rantes,
2345 5081 2401 5127 et
2431 5070 2622 5141 impios
2663 5072 2731 5124 ad
2775 5079 2995 5141 peccata
3033 5060 3391 5123 committenda
3419 5065 3464 5113 et
3496 5054 3613 5108 insti-

2114 5176 2258 5233 glint,
2284 5174 2335 5216 et
2361 5163 2665 5232 gubernare
2693 5162 2960 5217 videntur.
2987 5161 3234 5213 Adversus
3266 5149 3426 5207 mundi
3447 5152 3613 5199 νεεεοτα

2116 5255 2436 5309 tenebrarum
2462 5254 2666 5307 harum.
2692 5253 2777 5307 Ne.
2792 5254 2911 5322 quis
2934 5251 3152 5321 spiritus
3163 5244 3403 5302 'nel'andos
3427 5249 3525 5291 cum
3543 5246 3610 5284 au-

2113 5356 2263 5400 ctore
2312 5354 2364 5398 et
2412 5343 2652 5412 principe
2693 5357 2792 5397 suo
2820 5342 3032 5397 diabolo
3059 5353 3239 5409 regere
3263 5333 3435 5390 caelum
3456 5335 3505 5419 et
3530 5333 3612 5419 ter:

2117 5450 2230 5489 ram
2259 5444 2311 5488 ct
2339 5411 2484 5487 mare
2512 5433 2891 5499 arbitraretur,
2917 5430 3139 5501 subjecit
3177 5434 3228 5482 et
3255 5418 3483 5493 expressit
3515 5411 3609 5480 ll“id

2114 5526 2350 5589 deceret,
2383 5523 2586 5580 mundi.
2635 5525 3016 5587 Tenebrarum,
3046 5522 3232 5589 inquit,
3264 5516 3453 5572 harum,
3482 5504 3521 5559 id
3546 5507 3608 5555 est

2116 5620 2452 5675 tenebrarum
2499 5619 2709 5686 harum,
2741 5619 2923 5688 utique
2967 5612 3253 5670 inﬁdelium
3287 5600 3607 5697 etimpiorulll.

2117 5711 2361 5781 qualibus
2404 5711 2512 5777 jam
2558 5680 2901 5765 credentibus
2929 5707 3133 5763 dictum
3172 5708 3251 5755 est
3289 5714 3304 5750 -.
3344 5689 3511 5748 Fontis
3539 5680 3617 5735 ali-
