3910 6174
399 237 501 291 6‘27

1512 247 1804 303 PRIMASII
1843 242 2294 313 ADltliMETANl
2338 246 2553 303 El'lSC.

3502 257 3582 313 σε

398 354 604 406 artiore
631 354 951 409 celebratur.
978 354 1186 411 Gratias
1216 373 1315 429 ago
1350 358 1454 413 Deo
1478 377 1587 413 meo
1609 362 1660 413 ia
1694 363 1832 414 omni
1875 378 1979 415 me-
2008 362 2061 419 A
2087 361 2216 413 mihi
2248 361 2506 415 vindicem
2539 362 2813 415 scientiam
2847 362 3186 430 pradicandi.
3216 364 3310 417 Alii
3330 365 3469 419 etiam
3486 374 3589 423 altus

400 449 583 507 mor-ta,
608 444 757 496 vestri
804 461 1002 515 semper
1031 447 1081 499 in
1128 448 1321 501 cunctis
1350 450 1662 503 orationibus
1691 451 1834 514 meis,
1885 468 1977 518 pro

400 532 628 586 omnibus
655 534 811 587 vobis.
850 534 1094 589 Ostendit
1139 536 1279 591 circa
1320 553 1412 593 eos
1440 538 1776 595 dilectimiem
1801 556 1975 606 suam,

390 638 497 690 pro
521 625 712 692 quibus
733 640 945 697 semper
973 637 1178 683 exarat.
1216 627 1342 681 Cum
1362 631 1554 699 gaudio
1578 634 1979 703 deprecationem

401 716 613 784 faciens.
675 717 787 772 Non
836 734 955 774 cum
1005 704 1253 786 mmrorc,
1287 723 1425 777 sicut
1467 738 1562 792 pro
1594 726 1976 789 peccatoribus.

406 806 573 876 Super
602 810 1056 864 communicatione
1076 820 1240 864 vestra
1266 813 1319 865 in
1352 811 1650 884 Evangelia.
1682 813 1817 881 Quia
1836 830 1981 869 com-

405 901 688 957 municatis
711 902 762 955 in
789 902 1071 970 Evangelia
1098 904 1453 972 prtedicando.
1480 908 1523 958 Α
1541 907 1706 975 prima
1729 907 1810 960 die
1831 924 1984 976 usque

406 1011 560 1048 nunc.
590 994 671 1050 Ab
691 994 841 1049 initio
861 996 980 1049 fidei
1012 1004 1203 1050 vestra:
1232 997 1506 1064 deprecor,
1532 1008 1587 1049 ut
1610 1002 1980 1065 perseveretis.

406 1083 679 1154 Conﬁdens
725 1086 821 1138 hoc
863 1085 1050 1155 ipsum.
1106 1084 1327 1139 Confido
1365 1090 1448 1141 me
1490 1088 1797 1154 impetrare.
1852 1075 1995 1153 Quid

405 1175 495 1241 qui
522 1174 666 1244 ta’pll
714 1175 766 1229 in
814 1175 952 1231 vobis
996 1191 1124 1244 opus
1170 1178 1375 1241 bonum,
1419 1178 1660 1246 perﬁciet.
1690 1178 1983 1232 Notandum

409 1264 555 1331 quia,
589 1272 646 1316 ut
676 1264 1011 1332 incipiamus,
1062 1264 1228 1334 ipsius
1268 1269 1433 1335 gratia
1482 1277 1586 1331 e~t,
1619 1282 1683 1320 ne
1711 1268 1835 1336 quid
1884 1268 1985 1322 sibi

411 1354 637 1407 humana
666 1354 911 1425 superbia
942 1365 1155 1424 arroget
1185 1372 1200 1421 ;
1233 1357 1351 1425 quia
1382 1368 1431 1411 et
1465 1356 1615 1421 fides,
1648 1367 1702 1414 et
1724 1359 1984 1424 doctrina,

413 1454 466 1496 et
494 1444 714 1497 scientia
741 1443 807 1497 ab
838 1444 926 1499 illo
956 1445 1204 1511 donatur,
1228 1454 1282 1501 rt
1309 1448 1423 1515 ipse
1456 1449 1504 1500 in
1533 1448 1685 1502 nobis
1709 1448 1903 1518 incipit
1937 1458 1991 1505 et

410 1544 763 1589 consummat.
815 1532 986 1605 Usque
1016 1537 1069 1589 in
1113 1537 1249 1591 diem
1295 1536 1482 1592 Christi
1521 1538 1665 1592 Iesu.
1717 1538 1891 1608 Usque
1924 1540 1989 1594 ad

409 1625 547 1680 diem
591 1627 797 1682 mortis.
848 1626 996 1683 Sicut
1041 1638 1114 1683 est
1139 1630 1264 1682 mihi
1300 1632 1503 1699 justum
1550 1632 1644 1685 hoc
1684 1632 1872 1687 sentire
1897 1649 1991 1700 pro

411 1717 642 1771 omnibus
664 1716 823 1772 vobis.
851 1716 1094 1775 Charitas
1123 1722 1263 1774 enim
1293 1722 1467 1776 omnia
1495 1730 1694 1790 sperat.
1739 1720 1817 1775 Eo
1854 1725 1989 1791 quod

412 1806 624 1861 habeam
650 1825 735 1863 vos
768 1811 821 1865 in
848 1812 1022 1877 corde,
1051 1823 1098 1867 et
1133 1814 1185 1867 in
1214 1814 1427 1868 vincula
1457 1816 1599 1868 meis.
1644 1814 1992 1870 Tantunrvos

413 1898 602 1968 diligo,
619 1910 676 1953 ut
693 1902 820 1959 mihi
842 1904 1150 1959 memoriam
1175 1896 1336 1961 vesti-i
1359 1920 1457 1959 nec
1476 1905 1557 1965 vis
1570 1905 1986 1971 tribulationum,

413 2004 514 2045 nec
541 1991 844 2045 Sollicitudo
880 1992 1207 2049 defensionis
1242 1992 1471 2049 autem.
1498 1994 1565 2048 Et
1593 1996 1647 2049 in
1675 1996 1987 2065 defensione,

412 2090 459 2133 et
482 2082 868 2150 conﬁrmatione
900 2083 1189 2154 Evangelii.
1218 2084 1564 2143 Confirmatio
1588 2086 1856 2156 Evangelii
1885 2095 1989 2150 est,

418 2172 526 2225 Deo
554 2175 923 2239 conlirmante,
951 2176 1248 2251 conatantia
1275 2175 1626 2244 pradicantis.
1664 2175 1841 2231 Socios
1865 2193 1992 2248 gau-

414 2262 488 2314 dii
515 2264 611 2315 mei
639 2279 811 2319 omnes
834 2280 917 2318 vos
948 2282 1075 2321 esse.
1124 2265 1236 2322 Hoc
1253 2267 1430 2321 sentio
1450 2266 1519 2319 de
1546 2267 1712 2327 vobis.
1745 2276 1799 2321 et
1826 2267 1990 2322 credo

416 2368 485 2420 qu
510 2368 538 2405 a
570 2354 705 2408 sicut
739 2355 1091 2411 tribulationis
1122 2372 1256 2410 mea:
1284 2357 1413 2411 socii
1439 2357 1593 2423 estis,
1633 2357 1702 2412 ita
1748 2358 1902 2413 eritis
1937 2368 1993 2413 ut

419 2444 615 2510 gaudii.
647 2444 810 2500 Testis
848 2448 981 2503 enim
1026 2448 1148 2503 mihi
1187 2458 1259 2502 est
1300 2446 1461 2512 Deus,
1503 2449 1756 2518 quomodo
1787 2452 1994 2518 cupiant

417 2555 589 2592 omnes
623 2555 709 2591 ros
743 2541 796 2593 in
836 2541 1107 2595 visceribus
1129 2541 1316 2595 Christi
1341 2540 1486 2597 Iesu.
1517 2542 1640 2597 Sive
1676 2544 1790 2611 ejus
1820 2543 1994 2599 inesse

420 2630 739 2697 visceribus,
767 2631 879 2687 sive
922 2632 992 2686 ita
1039 2646 1152 2694 vos,
1200 2634 1679 2705 tanquam'viscera
1709 2633 1821 2703 ejus
1852 2633 1994 2689 desi-

419 2719 564 2783 dero.
624 2719 690 2775 Et
716 2722 809 2776 hor
832 2738 941 2791 oro,
971 2730 1023 2774 ut
1070 2721 1292 2776 eharitas
1333 2734 1494 2778 uestra
1536 2725 1696 2795 magis
1739 2739 1799 2778 ac
1831 2725 1993 2793 magis

420 2812 661 2868 abundet.
705 2813 1000 2868 Notandum
1030 2816 1169 2880 quod
1200 2830 1304 2868 non
1336 2815 1507 2869 solum
1535 2814 1771 2883 pra-cipit
1817 2824 1872 2868 ut
1917 2816 1993 2868 fa-

420 2905 581 2973 ciant,
611 2905 704 2960 sed
727 2914 780 2961 et
798 2916 911 2961 orat
940 2920 1033 2973 pro
1054 2905 1131 2960 eis
1156 2922 1170 2971 ;
1204 2919 1259 2960 ιιι
1284 2907 1518 2961 sciamus
1537 2907 1657 2974 quia
1676 2922 1777 2961 non
1801 2909 1996 2963 sumcit

422 2994 505 3049 lex
528 2995 782 3064 jubendu,
819 2995 917 3052 nisi
944 2996 1110 3067 gratia
1133 2998 1437 3052 subvenerit
1452 2997 1712 3066 juvando.
1748 2996 1809 3052 In
1836 3001 1995 3053 scien-

422 3084 493 3137 tia
518 3095 566 3137 et
590 3088 725 3138 omni
750 3101 922 3149 sensu,
954 3096 1007 3139 ut
1029 3085 1250 3155 probetis
1279 3088 1499 3156 potiora.
1534 3086 1834 3143 Notandum
1876 3091 1997 3158 quia

422 3175 713 3231 scientibus
742 3176 996 3245 majorem
1041 3175 1212 3231 adhuc
1257 3176 1533 3235 scientiam
1574 3178 1907 3249 deprecatur,
1943 3191 1999 3237 ut

422 3262 616 3318 sinceri
654 3280 770 3320 esse
812 3264 1131 3335 praevalrant
1159 3283 1170 3317 :
1207 3280 1322 3335 qua:
1347 3266 1567 3321 scientia
1594 3280 1712 3322 cum
1743 3267 1998 3324 charitate

422 3353 668 3409 aedificat.
698 3353 763 3410 Ut
789 3356 900 3409 sitis
939 3357 1120 3410 sinceri
1149 3366 1195 3410 et
1218 3358 1325 3412 sine
1345 3356 1542 3424 oﬂ'ensa
1565 3358 1615 3411 in
1644 3344 1995 3425 diemChristi.

424 3444 649 3511 Sinceri,
672 3445 808 3500 sicut
837 3446 1082 3516 baptismi
1118 3457 1238 3518 grat
1258 3464 1285 3502 a
1329 3454 1610 3521 reparavit.
1661 3452 1859 3522 Repleti
1887 3458 1997 3523 fru-

421 3547 505 3590 ctu
521 3538 743 3608 jusiitiar
766 3555 855 3609 per
877 3538 1055 3597 Iesum
1081 3541 1358 3599 Christum.
1393 3544 1458 3601 Ut
1480 3562 1582 3598 n::n
1609 3546 1782 3621 solum
1804 3546 1997 3601 sinceri

421 3642 450 3681 a
480 3630 817 3700 corruptione
841 3631 979 3698 sitis,
1004 3635 1096 3690 sed
1118 3635 1277 3690 etiam
1304 3636 1562 3692 fructibus
1583 3638 1803 3707 iustitia:
1824 3639 1994 3694 abun-

420 3718 557 3775 detis
580 3719 718 3775 dttllu
734 3721 933 3778 Christi
958 3764 976 3790 ,
995 3724 1085 3795 qui
1101 3741 1206 3781 non
1228 3727 1384 3783 modo
1405 3728 1658 3783 malitiam
1682 3746 1787 3786 non
1816 3731 1992 3797 habet,

420 3810 514 3864 sed
565 3813 725 3866 etiam
769 3814 1003 3868 bonitate
1032 3818 1311 3871 redundat.
1365 3818 1431 3871 In
1472 3820 1688 3890 gloriam
1715 3831 1762 3873 et
1793 3820 1997 3875 laudem

422 3899 537 3955 Dei.
566 3900 634 3957 Ut
658 3902 982 3972 glorificetur
1008 3906 1144 3959 Drus
1167 3908 1218 3961 in
1248 3908 1400 3962 nubis
1424 3925 1436 3961 :
1473 3924 1575 3961 nun
1609 3908 1836 3962 humana
1858 3926 1996 3978 pra:-

423 3994 676 4061 sumptin,
697 4004 751 4050 et
783 4012 915 4050 vana
939 3998 1129 4066 gloria,
1157 3998 1259 4053 sibi
1306 3999 1544 4055 tribuens
1574 4000 1619 4055 si
1655 4001 1852 4071 aliquid
1874 4004 1995 4057 boni

426 4084 528 4136 hab
552 4101 620 4139 re
651 4090 874 4141 videtur.
899 4090 1004 4165 sed
1040 4101 1093 4143 ut
1127 4091 1339 4144 vidvant
1370 4092 1609 4145 homines
1639 4107 1798 4161 opera
1838 4094 1994 4160 bona,

422 4184 472 4228 et
504 4176 800 4245 glorificent
829 4180 1015 4242 Deum,
1044 4181 1194 4250 cujus
1219 4182 1416 4237 donum
1438 4194 1520 4237 est
1547 4184 1687 4252 quod
1720 4184 1993 4240 habemus.

425 4265 573 4322 Scire
598 4277 763 4322 autem
790 4287 873 4324 vos
902 4270 1033 4336 volo,
1066 4276 1269 4341 fratres,
1295 4275 1416 4340 quia
1442 4290 1555 4344 qua:
1577 4276 1712 4327 circa
1751 4292 1829 4328 me
1856 4287 1994 4328 sunt.

422 4358 745 4412 Consolatur
771 4375 864 4413 eos
892 4362 959 4415 de
1001 4361 1341 4417 tribulatione
1387 4379 1503 4430 sua,
1554 4367 1675 4434 quia
1725 4363 2001 4418 audierant

425 4464 548 4504 eum
587 4450 820 4505 vinctum
851 4453 905 4505 in
943 4457 1011 4507 do
1034 4468 1100 4503 uo
1136 4452 1361 4508 Cresaris
1401 4453 1676 4507 custodiri.
1727 4452 1895 4523 Magis
1931 4455 1999 4506 ad

427 4544 711 4610 profectum
738 4558 971 4595 venerunt
1007 4543 1288 4615 Evangelii.
1321 4544 1431 4598 Non
1454 4546 1624 4600 solum
1649 4560 1749 4598 non
1782 4546 1993 4609 obsunt,

427 4631 522 4683 scd
570 4631 730 4685 etiam
766 4643 1003 4699 prosunt,
1051 4634 1173 4687 dum
1223 4636 1603 4700 manifestatur,
1637 4650 1723 4687 me
1769 4650 1870 4688 non
1904 4651 1999 4704 pro

426 4721 602 4792 aliquo
630 4724 872 4783 crimine.
908 4724 999 4777 sed
1029 4740 1123 4788 pro
1152 4723 1361 4779 Christo
1392 4723 1570 4776 omnia
1597 4726 1878 4778 sustinere.
1916 4721 1999 4776 Ita

425 4824 482 4867 ut
523 4814 724 4869 uincula
769 4829 879 4868 mea
909 4813 1187 4884 rnanifeatd
1221 4815 1400 4883 ﬁerent
1444 4813 1496 4866 in
1523 4812 1722 4866 Christo
1767 4813 1820 4865 in
1862 4816 1997 4867 omni

424 4905 683 4975 praetorio.
726 4904 876 4974 Apud
906 4920 1116 4960 onmem
1143 4903 1398 4973 judicent.
1437 4902 1499 4956 Et
1536 4904 1587 4957 in
1612 4904 1804 4957 ca'teris
1834 4907 1996 4957 omni.

424 4994 536 5047 bus.
569 4994 895 5049 Subauditur
926 4994 1076 5049 locis.
1122 4993 1186 5047 Ut
1223 4993 1389 5063 plures
1426 5010 1487 5046 ea:
1526 4992 1774 5064 fratribus
1803 4993 1855 5045 in
1895 4992 2000 5047 Do-

425 5087 562 5139 mino
590 5089 917 5153 conﬁdentes,
966 5092 1179 5145 vinculis
1223 5092 1343 5145 meis
1380 5090 1723 5144 abundantius
1754 5090 1997 5144 auderent

424 5176 534 5229 sine
573 5176 753 5228 timore
782 5177 986 5230 verbun
1039 5179 1130 5233 Dei
1176 5180 1333 5246 loqui.
1382 5179 1720 5235 Vineulorutn
1758 5194 1996 5233 meorum

426 5265 672 5333 exemplo
719 5265 949 5328 incitati,
985 5267 1108 5320 dum
1157 5283 1241 5321 me
1271 5268 1451 5321 vident
1496 5270 1608 5323 lucc
1660 5283 1753 5331 pro
1789 5268 2000 5322 Christo

426 5356 780 5411 libenti~sitne
812 5356 938 5426 pati.
973 5357 1194 5421 Quidam
1218 5359 1418 5420 quidem
1449 5370 1494 5412 ct
1521 5370 1725 5428 propter
1751 5361 1997 5412 invidiam

425 5458 471 5498 et
496 5449 868 5503 contentionem
892 5488 907 5509 ,
935 5448 1143 5516 quidam
1172 5461 1339 5501 autem
1381 5458 1428 5501 et
1467 5458 1670 5516 propter
1706 5450 1883 5500 bonam
1916 5464 1997 5500 vo-

428 5540 674 5592 luntatem
716 5536 973 5593 Christum
1017 5539 1314 5605 prazdicaut.
1366 5540 1497 5590 υιιιιι
1531 5537 1655 5590 mihi
1702 5539 1839 5605 apud
1886 5552 2002 5589 crc-

356 5618 367 5623 “
433 5625 619 5679 dentes
648 5628 867 5695 gloriam
910 5630 1116 5683 auferre
1156 5626 1480 5692 desiderant,
1538 5626 1686 5695 quasi
1726 5626 1815 5697 qui
1858 5628 2002 5681 solus

2080 450 2274 505 salvari
2315 452 2574 516 volentes,
2614 452 2838 507 fideliter
2878 454 3187 507 annnntiant
3220 454 3477 521 Christum,
3501 464 3589 528 qui~

2082 540 2202 594 dam
2226 554 2403 597 autem
2432 559 2492 596 ex
2520 545 2781 597 cltaritate
2803 543 3054 612 adjuvant
3083 560 3169 599 me
3196 546 3501 615 Evangelium
3523 552 3585 604 de

2086 629 2315 685 fensare.
2362 632 2465 688 Alii
2501 642 2683 687 autem
2713 633 2906 688 dolose
2927 636 3212 701 prardicant
3231 646 3286 687 nt
3312 651 3388 690 me
3413 642 3596 706 amplis

2084 732 2324 790 gravent,
2369 723 2520 791 quasi
2565 725 2741 792 plures
2789 720 3083 789 discipulos
3122 724 3406 790 facientem,
3433 738 3479 781 ct
3521 731 3597 785 do-

2086 814 2255 868 etrina
2282 828 2396 868 mea
2425 825 2590 868 totum
2621 815 2804 871 orbem
2837 814 3062 882 implere
3086 826 3352 869 conantem
3383 835 3394 868 :
3424 828 3473 870 ut
3496 819 3596 874 mihi

2087 909 2341 974 majorem
2374 908 2625 961 invidiam
2654 907 3011 960 cumularen'.
3059 906 3275 969 Quidam
3301 922 3359 961 ea:
3378 907 3598 973 chariton,

2086 999 2297 1051 scientes
2319 1000 2560 1066 quoniam
2589 998 2642 1049 in
2668 998 3015 1063 defensionem
3038 996 3293 1067 Evangelii
3312 1000 3479 1066 positus
3496 1014 3601 1052 sunt.

2088 1088 2329 1142 Scientes
2349 1088 2469 1157 quia
2500 1102 2604 1141 non
2628 1103 2655 1139 a
2683 1102 2792 1153 me,
2815 1086 2909 1141 scd
2936 1103 2967 1140 a
3003 1088 3111 1141 Deo
3134 1088 3198 1140 ad
3239 1088 3332 1142 hoc
3367 1102 3468 1142 sunt
3493 1091 3605 1157 posi-

2093 1188 2192 1231 tus.
2245 1178 2468 1241 Quidam
2498 1187 2665 1229 autem
2717 1193 2780 1230 ex
2813 1178 3135 1230 contentione
3174 1176 3409 1230 Christum
3443 1194 3604 1230 annun-

2090 1272 2243 1333 tiaut,
2266 1285 2368 1322 non
2395 1269 2609 1334 sincere,
2642 1268 2992 1322 existimantes
3035 1283 3313 1334 pressura»:
3336 1283 3384 1319 se
3411 1268 3608 1321 suscitare

2090 1360 2305 1413 vinculis
2336 1358 2479 1411 meis.
2511 1356 2625 1410 Non
2655 1356 2866 1410 sincera
2897 1353 3275 1430 conscientia;
3305 1356 3411 1423 quia
3440 1364 3608 1422 pl'Oplct

2093 1450 2298 1503 lucrum
2331 1448 2617 1515 praesentis
2661 1446 2914 1515 temporis
2957 1444 3330 1509 prtedi'cabtnt,
3380 1451 3429 1497 et
3454 1446 3515 1497 illi
3539 1460 3608 1501 sus

2096 1537 2478 1607 prtedicatione
2510 1536 2760 1591 invidiam
2793 1536 3126 1599 excitabant,
3172 1544 3226 1590 et
3263 1533 3497 1602 angebant
3521 1549 3609 1601 pm-

2096 1646 2188 1685 nas
2217 1631 2554 1684 vinculorum
2583 1631 2720 1698 ejus,
2762 1640 2815 1682 et
2853 1629 2922 1682 de
2954 1627 3101 1683 illius
3146 1627 3309 1697 pinnis
3344 1627 3607 1693 gaudebant.

2026 1693 2068 1749 Β
2097 1722 2188 1777 ille
2221 1736 2345 1774 vero
2383 1693 2649 1793 gaudebat
2674 1761 2688 1785 ,
2724 1722 2844 1788 quia
2868 1730 2919 1773 et
2953 1734 3049 1787 per
3079 1693 3287 1773 fallaces
3313 1732 3473 1772 verum
3510 1734 3610 1786 pra-

2095 1814 2417 1876 dicabatur,
2447 1823 2503 1868 et
2530 1828 2624 1881 per
2657 1812 2914 1867 malorum
2969 1826 3064 1865 ora
3101 1810 3334 1865 Christus
3379 1813 3611 1864 annuatim-

2097 1907 2268 1961 batur.
2339 1907 2474 1973 Quid
2535 1904 2710 1958 enint.’
2748 1907 2869 1959 dum
2915 1905 3058 1957 omni
3098 1903 3273 1966 modo,
3320 1902 3412 1956 sive
3451 1917 3611 1970 peror-

2096 2000 2368 2056 casiouem.
2424 1996 2528 2050 sive
2584 2011 2670 2060 per
2726 1996 3009 2059 ceritatem,
3052 1992 3279 2048 Christus
3318 1990 3529 2043 annuutie
3547 2003 3606 2041 ur.

2097 2088 2209 2143 Non
2271 2086 2397 2141 mihi
2444 2100 2572 2141 cura
2626 2096 2708 2140 est
2766 2101 2871 2154 qua
2919 2092 3106 2139 mente
3150 2080 3451 2151 pradieent,
3494 2079 3608 2133 dumo

2096 2178 2280 2238 nu-do,
2314 2176 2454 2241 quod
2502 2176 2680 2246 cupio,
2712 2175 2907 2231 Christi
2955 2188 3150 2229 nomen
3180 2172 3413 2233 omnibus
3449 2173 3610 2227 innote-

2095 2278 2212 2327 scat
2245 2278 2301 2323 et
2337 2282 2367 2321 a
2409 2268 2595 2322 multis
2620 2266 3262 2334 credatursQuapropter
3286 2275 3337 2321 et
3361 2263 3495 2318 modo
3515 2279 3609 2332 gas.

2096 2362 2217 2424 deo,
2242 2370 2295 2415 et
2323 2362 2376 2414 in
2408 2359 2641 2413 futurum
2662 2358 2927 2427 gaudebo.
2980 2357 3048 2411 Et
3083 2358 3135 2409 in
3159 2357 3251 2409 hoc
3278 2356 3472 2425 gaudeo,
3489 2354 3557 2406 sed
3575 2362 3609 2403 et

2096 2449 2349 2519 gaudebo.
2378 2448 2504 2505 Sive
2533 2462 2628 2516 per
2651 2446 2993 2501 occasionem
3017 2446 3148 2511 odii,
3179 2444 3260 2500 vel
3289 2442 3504 2499 invidiae:
3533 2455 3608 2494 Ιιοιι

2095 2542 2219 2612 quia
2252 2539 2544 2595 malevolus
2570 2550 2706 2604 erat,
2753 2548 2809 2594 et
2846 2538 2913 2593 de
2966 2538 3147 2593 alieno
3190 2536 3327 2592 malo
3365 2534 3607 2605 gaudebat;

2096 2637 2192 2691 sed
2248 2632 2369 2703 quia
2417 2639 2476 2687 et
2518 2645 2547 2684 a
2605 2632 2760 2687 malis
2806 2630 3033 2686 verbum
3074 2628 3625 2698 pradicahaturmtper

2098 2723 2361 2781 malorum
2383 2737 2474 2777 ora
2499 2721 2744 2777 Christus
2777 2721 3216 2776 annuntiabatur.
3257 2718 3369 2783 Scio
3391 2717 3501 2771 enim
3521 2716 3611 2785 quia

2097 2812 2193 2864 hoc
2231 2811 2357 2866 mihi
2386 2811 2664 2879 proveniet.
2698 2809 2849 2875 Quod
2894 2824 3007 2864 non
3035 2808 3210 2863 solum
3233 2822 3323 2875 per
3359 2805 3545 2859 verbum
3571 2811 3612 2855 et

2102 2902 2403 2971 passionem
2424 2915 2622 2965 meam,
2642 2900 2735 2955 sed
2766 2902 2926 2955 etiam
2953 2916 3051 2967 per
3067 2900 3243 2954 odium
3273 2897 3448 2953 Christi
3472 2895 3611 2948 Eccle-

2099 2996 2191 3050 siae
2217 3002 2654 3064 angmentantur;
2677 2993 2799 3061 quia
2824 2993 2973 3047 novit
2998 2992 3254 3047 Dominus
3278 2989 3341 3044 de
3359 2987 3491 3043 malis
3508 2988 3611 3039 bene

2025 3057 2070 3119 ο
2102 3057 2336 3156 operari.
2361 3086 2440 3139 Ad
2465 3057 2707 3149 salutent,
2742 3101 2829 3152 per
2865 3093 3091 3137 vestram
3119 3081 3387 3135 orationem
3409 3087 3447 3131 et
3470 3077 3616 3131 submi-

2103 3180 2448 3232 nistrationem
2479 3176 2703 3245 Spiritus
2724 3175 2849 3229 Jesu
2868 3172 3082 3229 Christi.
3100 3172 3201 3238 Qui
3217 3172 3281 3233 ad
3304 3184 3457 3225 nteant
3480 3166 3615 3221 omnia

2103 3271 2326 3324 Salutem
2351 3268 2633 3339 gubernat,
2667 3276 2723 3321 et
2752 3266 2977 3321 adversa
3012 3266 3174 3320 vertit
3198 3265 3251 3319 in
3280 3275 3517 3332 prospera.
3545 3260 3615 3313 Se-

2101 3362 2325 3415 cundum
2345 3362 2772 3428 exspectationem
2803 3373 2991 3422 meam,
3019 3364 3067 3409 et
3089 3371 3248 3427 spem.
3268 3354 3387 3421 Quia
3406 3352 3463 3405 de
3486 3349 3616 3405 οιιιιιί·

2101 3453 2198 3505 laus
2227 3452 2308 3503 his
2342 3459 2594 3519 exspecto
2624 3447 2948 3513 mercedem,
2980 3456 3039 3503 et
3076 3458 3137 3501 ut
3159 3453 3503 3511 wnvertsntur
3531 3455 3613 3492 sns-

2102 3546 2265 3596 tinco.
2320 3541 2457 3611 Quia
2513 3542 2568 3594 iu
2635 3542 2776 3593 nullo
2820 3537 3134 3605 confundor.
3183 3537 3271 3591 Ille
3309 3535 3437 3590 enim
3486 3545 3621 3591 natiue

2102 3634 2155 3686 in
2203 3631 2503 3701 opprobriis
2553 3635 2724 3700 neque
2780 3631 2830 3683 in
2880 3627 3256 3693 contumeliis,
3311 3639 3399 3678 nos
3441 3637 3545 3677 vero
3583 3620 3622 3672 in

2099 3722 2348 3777 omnibus
2389 3722 2763 3777 confundimur
2805 3739 2818 3774 :
2870 3721 3119 3789 quamvis
3176 3718 3446 3774 secundum
3494 3716 3620 3768 Dem

2100 3815 2163 3865 sit
2220 3829 2234 3865 :
2289 3812 2429 3866 unde
2486 3812 2823 3865 ostendimus
2856 3852 2869 3875 ,
2940 3825 3043 3864 nos
3098 3811 3335 3864 laudibus
3400 3805 3621 3860 hominum

2098 3902 2389 3962 deservire.
2441 3918 2544 3955 non
2576 3901 2808 3955 Chrism.
2856 3901 2962 3955 Sed
3004 3902 3058 3954 in
3097 3901 3237 3953 omni
3295 3898 3486 3965 ﬁducia,
3522 3894 3619 3945 sicut

2099 4009 2314 4061 semper.
2376 3992 2531 4047 Nulla
2583 4006 2670 4047 res
2719 4005 2805 4047 me
2844 4000 3031 4049 terret.
3088 3990 3153 4044 Et
3205 4005 3335 4044 nunc
3376 3982 3625 4056 ntagniﬁm-

2100 4087 2234 4139 bitur
2274 4080 2505 4139 Christus
2553 4084 2605 4136 in
2651 4098 2862 4153 corpore
2910 4099 3046 4149 meo,
3090 4086 3192 4136 sive
3232 4097 3319 4148 per
3358 4080 3510 4137 vitam.
3550 4073 3630 4125 δίη

2104 4191 2191 4239 per
2220 4184 2450 4228 mortem.
2496 4173 2555 4226 Et
2609 4174 2713 4225 vita
2743 4188 2857 4225 mea
2889 4181 2937 4225 et
2971 4186 3119 4225 mors
3145 4170 3210 4224 ad
3241 4167 3625 4237 magnificen'tmn

2103 4267 2331 4335 pertinet
2357 4264 2576 4326 Christi,
2606 4263 2694 4331 qui
2729 4276 2811 4315 ire
2843 4264 2895 4314 in
2926 4261 3174 4315 munibus
3202 4259 3449 4314 contonat
3471 4252 3628 4308 :ins‘nl-

2106 4369 2178 4411 tat
2218 4356 2448 4409 inimicis
2486 4356 2620 4419 suis,
2664 4353 2802 4421 quod
2845 4352 3091 4416 habebit,
3141 4353 3183 4404 si
3223 4347 3491 4403 servaverit
3514 4342 3630 4397 Chri-

2108 4458 2250 4499 stum
2314 4443 2698 4508 annnntiando,
2760 4442 3044 4511 plurimum
3088 4442 3330 4494 fructum.
3377 4437 3493 4491 Mihi
3524 4449 3546 4484 e
3577 4432 3629 4481 im

2107 4538 2266 4591 vivere
2287 4534 2514 4589 Christus
2527 4543 2621 4601 est,
2637 4543 2682 4587 et
2705 4535 2829 4586 mori
2849 4533 3067 4589 lucrum.
3087 4532 3241 4586 Nulla
3258 4531 3361 4597 jam
3384 4528 3461 4580 hic
3478 4524 3627 4576 volun-

2109 4638 2186 4679 tas
2220 4626 2428 4679 vivendi
2457 4635 2559 4689 est,
2589 4623 2688 4679 nisi
2746 4632 2801 4676 ut
2828 4637 3022 4690 corpus
3059 4623 3174 4691 ejus
3202 4620 3444 4675 aedificem
3480 4626 3628 4665 exem-

2110 4719 2194 4786 plsi
2228 4734 2345 4770 tneo
2377 4735 2388 4768 :
2421 4718 2622 4770 lucrum
2655 4716 2945 4767 maximum
2988 4719 3299 4777 computans
3325 4709 3422 4774 jam
3448 4699 3628 4756 sarcula-

2110 4810 2253 4861 ribus
2283 4808 2483 4877 laqueis
2515 4822 2620 4859 nun
2658 4804 2848 4867 teneri,
2881 4804 2985 4870 jam
3020 4802 3180 4855 nullis
3209 4802 3426 4867 peccatis
3448 4803 3495 4846 et
3514 4790 3627 4841 vittis

2107 4900 2281 4952 carnis
2326 4896 2612 4951 obnoxium
2658 4898 2795 4959 tieri,
2842 4894 2983 4963 quod
3029 4902 3148 4961 post
3190 4893 3321 4943 hanc
3361 4888 3502 4940 vitam
3534 4880 3625 4933 sine

2107 4991 2267 5044 dubio
2308 4998 2389 5044 cst
2429 4992 2681 5042 futurum.
2733 4989 2881 5054 Quod
2913 4989 2955 5039 si
2972 4980 3146 5039 'cirere
3176 4985 3228 5037 in
3258 4996 3401 5035 carne
3429 4977 3500 5028 hic
3526 4970 3620 5023 mihi

2108 5085 2302 5150 fructus
2333 5080 2495 5147 operis
2524 5091 2616 5131 est.
2659 5079 2795 5145 Quia
2837 5095 2933 5132 nec
2968 5077 3051 5131 hic
3092 5076 3209 5130 sine
3250 5076 3410 5127 fructu
3446 5064 3617 5124 auium

2106 5172 2248 5224 dono
2272 5170 2474 5225 Domini
2507 5172 2650 5223 vivo.
2684 5168 2899 5238 thuid
2927 5170 3131 5239 eligam,
3155 5169 3345 5237 ignoro.
3379 5164 3426 5216 In
3454 5166 3614 5213 tantum

2108 5259 2234 5312 mihi
2259 5267 2478 5327 utraque
2504 5260 2811 5326 expediunt,
2844 5268 2900 5312 ut
2925 5258 3050 5327 quid
3078 5257 3274 5326 eligere
3300 5250 3475 5321 possim
3498 5248 3615 5314 igni).

2109 5366 2243 5412 rem,
2266 5366 2382 5420 qua:
2406 5352 2531 5404 mihi
2552 5366 2743 5405 nocere
2769 5362 3032 5417 putantur.
3056 5348 3288 5403 Coarctor
3306 5353 3453 5398 autem
3471 5357 3495 5394 e
3512 5344 3613 5389 duu-

2110 5442 2221 5505 bus,
2257 5441 2563 5495 desiderium
2597 5442 2784 5497 habens
2815 5442 3047 5502 dissolvi,
3085 5449 3132 5492 et
3161 5452 3272 5495 cum
3303 5436 3370 5487 Ch
3397 5434 3480 5484 ista
3511 5440 3611 5483 esse.

2111 5532 2270 5586 inulto
2303 5535 2460 5603 magis
2500 5534 2679 5586 melius
2717 5541 2810 5587 est.
2860 5532 3163 5585 Permanere
3202 5539 3359 5581 autem
3394 5523 3438 5574 in
3470 5531 3606 5609 curnt.

2114 5626 2444 5678 necessarium
2470 5634 2670 5693 propter
2702 5616 2811 5677 ros!
2838 5623 2962 5678 l‘lud
2990 5619 3120 5676 mihi
3143 5617 3335 5673 melius.
3359 5610 3469 5668 illud
3496 5610 3611 5659 \‘ulm‘
