3910 6174
254 272 355 324 [ἶὲῒο

1027 268 1087 322 ΙΝ
1130 268 1507 325 EPISTULA}!
1548 268 1649 323 AD
1682 263 2163 321 PlllLiPPENSES
2202 261 2710 317 COMHLN'I'ARH.
2748 236 2763 241 δ

3383 266 3497 322 ϐἊν

251 380 605 437 necessarium
642 421 653 432 .
686 388 737 432 et
767 394 815 433 m
855 388 989 434 rtem
1036 380 1155 435 i'los
1188 396 1291 435 non
1335 381 1552 442 timere,
1584 379 1675 433 sed
1723 378 1817 433 eli-
1845 374 1888 436 Α
1922 374 2106 441 habes,
2149 375 2353 429 etiamsi
2401 375 2597 439 lateat;
2648 377 2698 427 in
2743 390 2845 443 quo
2888 378 3002 431 sine
3042 378 3198 433 dubio
3247 384 3408 447 νηδύι
3437 394 3489 435 to

250 488 377 542 gere
404 472 617 536 debere,
650 482 747 524 suo
772 474 922 525 decet
946 472 1189 539 exemplo
1214 488 1225 523 :
1251 481 1304 525 et
1330 487 1395 524 ne
1416 472 1812 532 contristentur,

252 576 558 617 mansurum
588 576 646 616 se
676 562 725 615 in
753 574 911 613 carne
937 561 1123 627 spiritu
1142 559 1447 629 prophetico
1479 560 1814 629 repromittit.

257 651 322 705 Et
349 655 443 706 hoc
475 652 734 717 conﬁdens
763 653 901 716 scio,
950 652 1069 720 quia
1109 651 1321 704 manebo
1361 658 1407 703 et
1439 649 1734 715 permanebo
1766 651 1818 701 in

252 743 483 795 cumbas
506 743 662 795 vobis.
694 741 807 795 Non
835 742 1005 795 solum
1036 743 1219 806 credo,
1252 743 1343 795 sel
1362 743 1501 793 seio.
1537 741 1614 792 Ad
1646 741 1819 808 prole-

251 843 388 884 ctum
444 841 658 885 restrum
703 842 750 886 et
789 834 1030 901 gaudium
1069 833 1209 900 ﬁdei,
1244 844 1295 884 ut
1344 829 1620 903 gratulatio
1659 838 1820 883 vestra

246 922 474 974 abundet
511 920 564 974 in
602 921 803 974 Christo
832 920 953 976 Iesu
989 926 1040 974 in
1072 938 1165 974 me.
1213 922 1277 977 Ut
1310 937 1403 991 per
1438 921 1726 990 profectum
1755 920 1820 974 dc

253 1011 430 1064 fructu
458 1011 577 1066 tidei
609 1020 800 1066 vestra:
827 1012 1073 1081 gaudium
1106 1013 1363 1067 trabeatis.
1411 1011 1511 1065 Per
1537 1024 1700 1065 meum
1724 1012 1819 1063 ad-

253 1110 457 1152 ventum
491 1101 675 1153 iterum
699 1100 767 1153 ad
806 1116 906 1154 vos.
952 1100 1021 1156 Ut
1049 1116 1132 1155 me
1163 1106 1295 1165 viso,
1331 1103 1519 1156 iterum
1554 1101 1821 1155 abundan-

254 1189 358 1241 tius
387 1189 744 1258 gratulemini.
779 1190 995 1243 Tantum
1022 1192 1175 1261 digne
1198 1191 1470 1260 Evangelia
1490 1187 1677 1245 Christi
1699 1204 1822 1243 con-

252 1285 547 1351 re'santini,
595 1292 651 1338 ut
687 1286 793 1339 sive
827 1298 940 1337 cum
980 1301 1156 1338 venero
1195 1295 1241 1339 et
1280 1288 1451 1339 videro
1494 1300 1600 1339 vos.
1638 1284 1825 1338 Omnia

251 1376 371 1442 ejus
403 1385 662 1443 prmeepta
690 1378 941 1431 servietis.
970 1375 1087 1430 Sive
1116 1376 1319 1443 absens,
1349 1376 1553 1429 audiam
1583 1376 1645 1429 de
1668 1376 1822 1438 vobis,

250 1463 373 1529 φεςὶιι
402 1464 611 1517 stetistis
639 1480 741 1517 uno
767 1465 971 1532 spiritu.
1016 1464 1163 1519 Sicut
1192 1465 1433 1532 legimus,
1461 1465 1582 1533 quia
1612 1473 1724 1519 erat
1748 1466 1826 1519 eis

251 1568 348 1606 cor
378 1566 543 1608 unum
573 1563 623 1607 et
655 1553 829 1607 anima
860 1567 985 1623 una,
1044 1568 1141 1608 nec
1168 1555 1454 1624 quidquam
1500 1569 1653 1608 suum
1684 1556 1829 1609 dice-

255 1646 406 1706 bant,
434 1642 526 1695 sed
550 1632 704 1696 erant
724 1644 802 1696 eis
830 1643 1005 1697 omnia
1041 1646 1361 1700 communia.
1394 1644 1689 1704 Unanimes.
1722 1646 1829 1698 col-

1920 479 2037 520 esse
2079 467 2366 534 superior:
2410 482 2527 534 qure.
2570 467 2819 533 cogitatio
2859 468 2923 521 ad
2963 472 3391 524 contundendam
3439 484 3492 526 et

1920 556 2271 609 edomandam
2303 559 2603 625 superbiam
2631 558 2790 623 valet,
2823 574 2886 612 ne
2917 561 3207 625 arbitreris,
3242 565 3488 631 quoniam

1921 655 2012 699 aut
2056 648 2294 715 quaedam
2344 650 2579 702 eminent
2634 657 2685 700 et
2754 658 3049 718 apparent,
3100 653 3219 705 ideo
3266 657 3489 709 alterum

1923 737 2063 788 nulla
2087 738 2281 793 habere
2321 753 2440 806 qua:
2468 741 2679 805 lateant,
2715 749 2766 794 et
2798 741 3020 797 fortasse
3048 744 3261 811 majoris
3303 748 3494 813 ροηιθ.

1890 830 1995 880 ris
2034 827 2106 879 illi
2149 828 2323 881 inesse
2361 829 2522 894 bona,
2565 831 2755 899 quibus
2795 840 2845 884 te
2888 848 3048 900 super
3084 842 3102 886 t
3146 836 3489 889 nescientem.

1926 916 2045 971 Non
2079 934 2192 986 qua
2222 936 2314 971 sua
2340 931 2455 974 sunt
2483 921 2670 991 singuli
2713 925 3085 978 considerantes
3108 969 3121 992 ,
3173 929 3261 979 sed
3290 944 3348 978 επ
3385 944 3500 998 qua:

1923 1012 2160 1065 aliorum.
2191 1012 2307 1065 Non
2345 1026 2463 1082 qua:
2493 1013 2644 1067 nobis
2678 1015 2806 1068 SftiiS
2836 1015 3144 1084 expetﬁunt,
3175 1019 3266 1070 sed
3298 1034 3413 1086 qum
3441 1031 3495 1073 et
3548 1048 3561 1053 λ

1926 1099 2040 1152 aliis
2065 1111 2304 1169 prosunt.
2322 1102 2438 1155 Hoc
2463 1105 2596 1156 enim
2624 1107 2799 1159 sentite
2821 1107 2871 1158 in
2894 1107 3052 1159 vobis.
3085 1104 3249 1162 Tanta
3280 1111 3493 1162 humili-

1927 1200 2007 1243 tas
2037 1195 2086 1244 in
2122 1192 2270 1245 vobis
2307 1194 2375 1245 sit
2408 1210 2421 1258 ;
2457 1195 2573 1263 quia
2613 1196 2854 1263 quamvis
2886 1212 2942 1251 se
2972 1199 3195 1265 quisque
3236 1199 3489 1255 huntiliet.

1928 1283 2180 1337 humilior
2207 1284 2421 1339 Christo
2450 1300 2552 1339 non
2585 1287 2709 1341 erit.
2767 1289 2881 1341 Vult
2908 1290 3195 1343 ostendere
3223 1289 3487 1350 Christum

1928 1388 2035 1428 non
2080 1383 2293 1443 propter
2331 1388 2391 1429 se
2432 1386 2666 1444 passum,
2708 1379 2800 1431 sed
2852 1388 3067 1446 propter
3117 1382 3273 1435 alios.
3324 1384 3494 1452 Aliqui

1929 1463 2070 1518 hunc
2101 1464 2273 1517 locum
2303 1464 2370 1518 ita
2403 1465 2719 1541 intelngunt,
2754 1469 2891 1535 an‘d
2925 1471 3214 1523 secundum
3246 1470 3493 1526 divinita-

1931 1567 2036 1609 tem
2065 1569 2124 1607 se
2155 1555 2513 1609 humiliavotit
2537 1555 2777 1610 Christus
2804 1560 3092 1611 secundum
3125 1562 3366 1625 formam,
3395 1567 3469 1615 sci

1929 1646 2056 1701 licet
2086 1645 2211 1709 Dei,
2248 1645 2537 1699 secundum
2552 1648 3087 1715 quamvequalitatem
3108 1640 3198 1701 Det
3219 1666 3321 1703 non
3354 1653 3493 1720 rapi-
3540 1668 3543 1669 '

251 1732 547 1785 laborantes
575 1732 696 1800 ﬁdei
720 1730 1007 1804 Evangelii.
1043 1733 1240 1788 Omnes
1268 1734 1541 1788 unanimes
1570 1736 1621 1788 in
1654 1748 1823 1803 pugna
1858 1732 1901 1790 Β
1930 1752 2051 1789 nam
2094 1736 2464 1804 usurpaverit,
2509 1751 2663 1805 quam
2718 1739 3029 1791 naturaliter
3054 1728 3397 1806 Tpossidebat.
3463 1760 3517 1796 et

252 1820 531 1874 victoriam
548 1821 765 1876 iaciunt.
784 1821 852 1874 Et
873 1823 927 1875 in
947 1824 1089 1875 nullo
1111 1826 1399 1877 terreamini
1420 1825 1480 1876 ob
1501 1824 1823 1887 adversariis;

249 1925 363 1979 qua
405 1920 477 1963 est
506 1911 609 1963 illis
637 1926 792 1964 causa
822 1914 1144 1981 perditionis.
1184 1915 1366 1985 Neque
1405 1916 1610 1970 callidis
1651 1916 1826 1986 dispu-

253 2000 562 2065 tationibus,
592 2014 764 2069 neque
788 1998 1139 2070 passionibus,
1168 2020 1340 2075 neque
1365 2007 1684 2075 opprobriis.
1720 2006 1823 2060 Vo-

252 2090 324 2142 bis
352 2099 560 2152 autent,
596 2091 791 2144 solutis.
842 2092 971 2156 Quia
998 2094 1109 2147 vult
1135 2108 1258 2148 suos
1286 2097 1535 2165 probatos
1559 2099 1820 2152 coronari.

257 2182 413 2236 [nde
463 2182 691 2249 apostoli
733 2181 880 2235 ilrant
936 2187 1264 2253 gaudentes,
1312 2189 1431 2256 quia
1481 2188 1621 2259 d'gni
1664 2190 1825 2245 habiti

251 2282 376 2327 sum
428 2287 526 2342 pro
569 2274 780 2329 nomine
822 2278 947 2330 .lesu
992 2278 1364 2333 contumeliam
1417 2281 1557 2347 pati;
1628 2289 1681 2333 et
1726 2281 1828 2336 Job

252 2364 587 2429 permittitur
616 2365 827 2432 tentari,
855 2366 978 2435 quia
1000 2366 1091 2420 Dei
1118 2367 1383 2435 adjutorio
1412 2379 1699 2437 protectus,
1729 2365 1827 2425 néc

254 2453 395 2507 vinci
429 2452 675 2519 habebat,
709 2461 763 2508 et
787 2455 903 2523 ejus
927 2458 1092 2524 g‘oria
1121 2458 1417 2525 amplianda
1441 2468 1553 2511 erat
1581 2459 1827 2512 adversa-

255 2546 332 2597 rio
350 2554 609 2611 superato
640 2553 799 2613 atque
829 2544 1068 2599 confuso.
1107 2546 1171 2599 Et
1198 2548 1293 2599 hoc
1320 2564 1349 2599 a
1371 2547 1478 2601 Deo
1505 2565 1521 2611 ;
1548 2548 1669 2618 quia
1694 2548 1829 2601 vobis

254 2634 505 2687 donatum
523 2643 598 2688 est
617 2652 709 2704 pro
729 2636 950 2700 Christo,
981 2652 1079 2690 non
1106 2639 1272 2691 solum
1292 2648 1344 2691 ut
1373 2640 1425 2692 in
1452 2655 1564 2692 eum
1580 2641 1826 2695 credatis.

256 2727 482 2780 Otcasio
527 2727 644 2781 ﬁdei
688 2743 717 2780 a
768 2729 876 2782 Deo
913 2728 1107 2782 donata
1154 2739 1257 2796 est,
1301 2731 1421 2799 quia
1468 2732 1566 2784 nisi
1598 2732 1831 2786 venisset

253 2816 539 2884 Christus,
582 2829 632 2871 et
663 2834 766 2871 non
796 2820 965 2873 solum
1005 2820 1306 2885 docuisset,
1348 2822 1439 2877 sed
1470 2823 1626 2875 etiam
1668 2822 1830 2876 corda

256 2911 544 2979 tetigisset,
574 2910 743 2964 inanis
771 2912 942 2991 fuerat
973 2914 1276 2980 praedicatio
1307 2924 1484 2968 nostra
1520 2930 1531 2967 :
1564 2924 1618 2969 et
1645 2930 1831 2983 quam-

256 3004 336 3055 vis
373 3002 427 3055 in
458 3001 679 3055 Actibus
732 3002 968 3070 legamus
1011 3002 1165 3057 iidem
1198 3005 1544 3058 voluntariam
1575 3019 1710 3065 esse,
1746 3015 1827 3067 ta,

1928 1828 2275 1882 cantauit-erit
2313 1842 2390 1889 se,
2433 1841 2539 1881 non
2575 1828 2920 1883 substantiam
2959 1840 3238 1899 evacuans,
3271 1834 3363 1886 sed
3401 1834 3498 1886 ho-

1931 1933 1963 1970 n
1988 1933 2114 1971 rem
2157 1916 2513 1981 abscondens,
2547 1917 2772 1972 formam
2802 1920 2962 1983 servi,
2996 1920 3093 1973 hoc
3122 1930 3203 1973 est
3246 1923 3493 1974 substan-

1928 2008 2054 2061 tiam
2088 2007 2319 2061 hominis
2346 2008 2633 2074 induendo,
2668 2016 2721 2062 et
2754 2024 2846 2078 per
2884 2012 3058 2063 omnia
3101 2020 3157 2063 ut
3197 2012 3352 2065 ltomo
3386 2022 3495 2064 tau-

1930 2098 2203 2151 tummodo
2240 2098 2579 2165 apparendo,
2625 2107 2786 2167 atque
2826 2098 3008 2152 humili
3055 2099 3354 2154 ohedientia
3400 2116 3496 2156 nec

1928 2186 2099 2241 crucis
2122 2194 2343 2240 mortem
2376 2188 2691 2242 recusando.
2735 2190 2837 2241 Sed
2865 2190 3129 2256 quomodo
3152 2189 3262 2243 haec
3288 2192 3499 2257 exposi-

1930 2279 2005 2332 tio
2038 2277 2147 2330 Arii
2193 2278 2508 2332 calumniam
2576 2278 2824 2348 effugiat,
2890 2280 3330 2335 considerandum
3379 2292 3491 2335 est:

1928 2368 2019 2435 qui
2049 2366 2177 2420 nihil
2206 2366 2347 2419 aliud
2376 2366 2505 2436 agit,
2538 2367 2638 2420 nisi
2667 2378 2721 2420 ut
2752 2368 2940 2422 Filium
2964 2380 3167 2422 asserat
3195 2370 3451 2424 minorem
3481 2389 3492 2422 :

1930 2471 1993 2510 ac
2032 2456 2078 2510 si
2121 2455 2330 2509 dicatur
2366 2457 2628 2509 exaltatns
2664 2472 2692 2509 a
2740 2457 2896 2511 Patre
2933 2459 3224 2512 s‘cundum
3255 2460 3495 2514 divinita-

1930 2556 2058 2612 tem,
2095 2556 2150 2602 et
2189 2562 2377 2601 nomen
2411 2548 2681 2615 accepisse
2720 2548 2856 2617 quod
2904 2560 3058 2602 antea
3088 2565 3190 2604 non
3230 2552 3455 2606 habebat
3480 2597 3494 2618 ,

1933 2638 2032 2691 nisi
2067 2636 2588 2705 forte-pronuntiata:
2622 2652 2879 2705 persoum,
2919 2653 3036 2707 qua:
3073 2640 3361 2695 secundum
3393 2641 3497 2694 for-

1933 2741 2071 2780 mam
2105 2726 2333 2780 hominis
2353 2726 2491 2780 dicta
2512 2736 2653 2790 sunt,
2684 2726 2791 2780 Deo
2819 2728 3167 2784 ascribantur.
3197 2730 3327 2795 Quia
3349 2731 3492 2785 Chri-

1932 2826 2047 2870 stus
2074 2816 2217 2871 Deus
2246 2816 2405 2870 homo
2430 2826 2575 2871 recte
2603 2816 2869 2882 creditur;
2902 2828 2955 2871 et
3004 2819 3121 2873 ideo
3150 2820 3283 2874 bene
3319 2824 3498 2887 sentit,

1932 2908 2022 2978 qui
2057 2908 2135 2962 sic
2173 2909 2352 2967 sentit.
2393 2922 2491 2962 nec
2535 2915 2716 2961 contra
2760 2908 2915 2962 [idem
2958 2911 3136 2963 sentit.
3184 2910 3330 2975 Quod
3366 2921 3415 2963 et
3446 2914 3501 2964 in

1935 2996 2136 3052 Christo
2159 2996 2303 3050 Jesu.
2352 2996 2657 3052 Secundum
2688 2998 2829 3066 quod
2856 2998 3096 3052 Christus
3121 3010 3221 3065 est,
3249 3011 3302 3055 et
3324 3001 3496 3056 Jesus.

258 3106 374 3145 men
396 3088 782 3146 evidenter'ltic
817 3093 973 3148 docet
1009 3095 1147 3162 quod
1199 3095 1288 3149 Dei
1311 3095 1506 3149 donum
1536 3097 1603 3149 sit
1634 3106 1686 3149 ut
1714 3110 1829 3151 cre-
1856 3088 1899 3148 C
1935 3089 2033 3152 Qui
2053 3104 2165 3140 ευηι
2190 3088 2242 3140 ίη
2266 3091 2431 3156 forma
2454 3086 2545 3142 θεέ
2568 3096 2709 3141 “m-
2740 3088 2794 3142 Μ
2812 3099 2910 3155 εει,
2940 3091 3166 3157 imagine
3192 3092 3279 3145 Dei
3305 3091 3500 3159 θὺείιυε

258 3182 471 3247 damus;
498 3192 551 3236 et
575 3183 693 3236 ideo
712 3183 841 3237 nihil
863 3184 1012 3237 nobis
1031 3184 1306 3240 donemus.
1325 3188 1444 3251 quia
1468 3192 1523 3240 ut
1548 3186 1829 3240 credamus

259 3282 311 3325 et
355 3280 415 3325 ut
460 3286 880 3343 perseveremus,
908 3275 991 3327 vel
1036 3290 1133 3343 pro
1180 3277 1294 3343 ipso
1343 3279 1619 3343 patiamur,
1669 3280 1832 3349 ipsius

257 3360 459 3413 donum
492 3372 572 3414 est
604 3379 616 3413 :
650 3363 790 3417 unde
818 3363 1095 3417 evidenter
1130 3373 1273 3432 patet
1311 3366 1490 3431 iidem,
1522 3382 1623 3436 qua
1653 3368 1829 3422 credi-

260 3467 399 3515 mus,
436 3454 601 3521 ipsius
630 3453 825 3509 donum
856 3470 1001 3516 esse;
1030 3472 1218 3526 nempe
1253 3464 1532 3528 utrumque
1557 3461 1688 3514 dixit
1716 3476 1833 3516 esse

258 3545 459 3597 donum
493 3554 551 3598 ut
576 3554 628 3598 et
656 3547 933 3599 credamus
962 3555 1015 3601 et
1044 3536 1099 3600 ut
1153 3550 1431 3618 patiamur.
1467 3548 1572 3604 Sed
1603 3560 1656 3603 ut
1683 3553 1833 3605 etiam

259 3650 349 3702 pro
379 3635 476 3687 illo
506 3636 792 3702 patiamini.
838 3636 953 3690 Non
981 3639 1152 3690 solum
1184 3639 1302 3691 fidei
1334 3640 1707 3707 insipientiam,
1740 3642 1833 3696 sed

257 3725 418 3777 etiam
456 3726 693 3795 martyrii
720 3726 914 3779 donum
942 3741 1003 3781 ac
1029 3729 1305 3795 pru'tnittm
1334 3729 1401 3782 ab
1423 3729 1538 3797 ipso
1561 3731 1833 3785 habemus.

262 3812 409 3866 Idem
457 3824 703 3868 certamen
748 3816 1003 3879 habentes,
1040 3818 1189 3884 quale
1238 3828 1285 3871 et
1327 3820 1521 3873 vidistis
1560 3823 1612 3874 in
1649 3838 1744 3887 me,
1789 3832 1837 3877 et

260 3919 394 3957 nunc
436 3905 656 3958 audistis
697 3907 760 3959 de
800 3922 893 3959 me.
939 3908 1075 3960 Nihil
1122 3909 1243 3962 novi
1288 3911 1577 3977 patiamini,
1614 3911 1706 3967 sed
1739 3915 1838 3967 hoc

260 3993 399 4061 quod
427 4002 486 4047 et
524 4004 810 4063 pmsenles
838 3996 1044 4050 vidistis
1070 3998 1136 4050 de
1167 4010 1277 4063 me,
1315 4008 1370 4052 et
1413 4012 1550 4051 nunc
1588 4000 1837 4055 absentes

262 4084 436 4135 attdist
448 4083 511 4135 is.

330 4174 466 4227 Car.
520 4189 577 4228 tt.
623 4174 683 4230 Si
728 4191 825 4242 qua
850 4193 968 4246 ergo
999 4179 1275 4230 consolatio
1297 4179 1345 4229 in
1368 4177 1589 4232 Christo.
1617 4181 1670 4233 In
1696 4183 1837 4235 omni

263 4268 609 4321 tribulatione
639 4270 689 4321 in
713 4268 924 4321 Christo
952 4268 1066 4321 solo
1092 4270 1459 4324 consulamini.
1505 4271 1565 4325 Si
1591 4274 1727 4340 quod
1752 4289 1838 4326 so—

264 4358 450 4408 latium
474 4356 755 4409 charittuis.
791 4357 902 4409 Non
930 4361 1241 4411 am‘cnrum.
1275 4358 1337 4413 Si
1363 4374 1462 4427 qua
1491 4362 1700 4415 societas
1729 4364 1838 4431 spi-

1936 3186 2171 3246 peccato,
2206 3178 2316 3231 sive
2356 3178 2409 3231 in
2438 3192 2542 3246 quo
2568 3187 2681 3232 erat
2709 3177 2868 3243 Deus,
2902 3179 2953 3233 id
2991 3189 3089 3245 ost,
3131 3182 3399 3249 plenitudo
3425 3184 3497 3235 di.

1934 3267 2186 3323 vinitatis.
2218 3267 2338 3320 Non
2369 3270 2602 3337 rapinam
2636 3268 2910 3324 arbitratus
2935 3281 3026 3335 est,
3048 3288 3158 3325 esse
3182 3288 3235 3324 se
3258 3272 3500 3340 aequalem

1935 3360 2063 3414 Deo.
2092 3363 2241 3426 Quod
2270 3369 2387 3416 erat
2417 3361 2713 3415 humilitate
2740 3362 2955 3427 celavit,
2985 3362 3118 3417 dans
3150 3363 3299 3417 nobis
3326 3378 3504 3417 exem-

1938 3452 2103 3519 plum,
2134 3466 2198 3504 ne
2228 3451 2293 3504 de
2324 3453 2477 3504 nobis
2520 3456 2569 3504 in
2598 3451 2812 3519 aliquod
2840 3452 3166 3519 gloriemur:
3202 3468 3303 3507 non
3337 3456 3505 3522 rapuit

1935 3540 2075 3609 quod
2106 3540 2348 3600 habebat.
2392 3543 2441 3594 it
2478 3552 2561 3595 est
2595 3542 2947 3609 (rqttalitatem
3005 3544 3195 3606 Patris,
3226 3558 3380 3610 quam
3412 3560 3503 3595 na-

1938 3632 2176 3684 turaliter
2198 3631 2396 3685 habeba
2426 3670 2444 3697 ,
2467 3646 2569 3683 non
2592 3630 2784 3700 rapuit.
2815 3630 2919 3685 Sed
2937 3633 3255 3698 semetipsum
3275 3634 3506 3684 exinani-

1937 3723 2023 3774 vit.
2056 3721 2387 3774 Assumendo
2412 3724 2550 3788 quod
2594 3734 2698 3774 non
2738 3732 2872 3787 erat,
2904 3735 3006 3774 non
3045 3721 3335 3775 amittendo
3364 3722 3503 3787 quod

1938 3818 2072 3865 erat.
2118 3808 2359 3861 Formam
2403 3813 2549 3861 servi.
2589 3809 2663 3862 lta
2693 3816 2749 3862 ut
2777 3808 2939 3876 pedes
2975 3808 3195 3872 lavaret,
3236 3809 3363 3861 nihl
3402 3810 3499 3862 sibi

1940 3900 2213 3954 vindicans
2243 3902 2538 3967 potestatis,
2557 3912 2718 3964 quum
2744 3899 2965 3954 haberet
2993 3900 3228 3952 omnium
3255 3898 3503 3952 domina-

1940 4001 2072 4059 tum,
2102 3992 2249 4059 quasi
2280 3990 2541 4060 lluigeniti
2572 4006 2600 4042 a
2632 3990 2806 4045 Patre.
2846 3990 3129 4056 Accipiens.
3160 3989 3382 4043 Carnem
3415 4007 3509 4043 no-

1938 4088 2105 4133 stram
2136 4082 2488 4146 peccatrirem
2516 4081 2629 4132 sine
2652 4088 2887 4147 peccato.
2920 4078 2985 4131 In
3013 4080 3394 4133 similitudinem
3420 4082 3508 4132 Ito.

1940 4173 2136 4225 minum
2165 4174 2349 4240 factus.
2389 4171 2501 4225 Non
2531 4184 2743 4239 semper
2772 4171 3063 4224 similitudo
3090 4186 3211 4225 vera
3241 4181 3355 4235 est;
3388 4188 3507 4225 nam

1942 4262 2127 4330 genuit
2150 4262 2313 4313 Adam
2350 4260 2512 4313 tilium
2549 4261 2837 4314 secundum
2878 4261 3159 4328 imaginem
3186 4271 3241 4315 et
3267 4261 3509 4315 similitu-

1942 4352 2119 4405 dinem
2150 4367 2298 4405 suam
2319 4391 2333 4415 ,
2363 4362 2417 4405 et
2442 4352 2645 4406 vocavit
2683 4366 2875 4405 nomen
2913 4353 3028 4420 ejus
3050 4352 3202 4409 Seth.
3247 4354 3312 4406 Et
3338 4355 3511 4407 habitu

263 4449 415 4501 ritus.
449 4448 798 4514 Spiritrtlium,
825 4460 927 4500 non
952 4448 1265 4501 carnalium.
1302 4449 1365 4501 Si
1398 4466 1498 4517 qua
1524 4451 1711 4505 viscera
1745 4454 1841 4505 mi-
1869 4444 1916 4501 ο
1942 4445 2168 4497 inventus
2205 4452 2257 4495 ut
2289 4443 2461 4508 homo,
2494 4441 2777 4496 huutil’avit
2816 4444 3154 4512 semetipsum;
3191 4444 3355 4511 factus
3399 4447 3504 4497 obc-

262 4554 346 4590 ser
380 4540 554 4591 tionis.
582 4536 754 4592 Vestri
783 4539 1126 4599 miseremini.
1160 4552 1261 4591 noa
1292 4549 1588 4606 parentum.
1625 4540 1841 4608 lmplcte

262 4630 511 4694 gaudium
536 4643 724 4681 meum.
773 4617 827 4680 in
856 4628 1045 4681 tatibus
1076 4628 1349 4697 discipulis
1381 4629 1566 4684 doctor
1587 4632 1836 4685 exsultat.

268 4716 333 4769 Ut
357 4718 495 4770 idem
516 4718 748 4785 capiatis.
785 4716 895 4771 lloc
923 4718 1114 4784 ipsum.
1151 4717 1397 4771 Eandem
1416 4720 1713 4773 charitatent
1739 4722 1840 4773 ha-

265 4808 459 4869 betttes,
501 4809 781 4859 unanimes.
830 4806 1026 4861 Omnes
1056 4808 1109 4859 in
1152 4807 1489 4862 alterutrum.
1520 4807 1700 4872 Ipsum
1726 4826 1838 4864 seu—

265 4898 466 4950 tientes.
484 4896 592 4951 [loc
605 4896 757 4951 alteri
780 4895 968 4959 >entio,
987 4911 1093 4965 quo
1112 4897 1202 4951 tibi
1219 4898 1355 4966 (sic).
1377 4897 1523 4951 Nihil
1540 4916 1626 4966 per
1637 4910 1840 4954 conten-
1876 4940 1889 4945 -

266 4990 481 5055 tionem,
509 5003 665 5055 neque
696 5004 786 5057 per
813 4988 1013 5041 inanem
1046 4992 1281 5059 gloriam.
1322 4989 1398 5043 Ne
1433 4992 1627 5060 aliquid
1670 4992 1722 5046 in
1752 4994 1839 5047 Dei

266 5082 609 5136 mutatione
634 5082 904 5147 iaciamus,
935 5084 1027 5137 sed
1070 5098 1135 5136 ne
1164 5085 1279 5152 quis
1311 5082 1463 5140 nobis
1510 5086 1698 5138 melior
1724 5100 1841 5139 esse

271 5172 531 5225 videatur.
554 5171 661 5226 Sed
688 5173 745 5225 its
767 5173 1050 5227 humilitate
1076 5177 1357 5244 superiores
1395 5178 1489 5229 sibi
1518 5178 1729 5229 invicem
1756 5192 1842 5227 ar-

270 5264 535 5317 bitrantes.
566 5263 623 5318 Si
652 5278 840 5319 omnes
876 5278 906 5317 a
932 5266 1122 5334 quibus
1157 5266 1374 5335 injurias
1411 5256 1659 5335 patimur,
1687 5282 1841 5334 supe-

271 5356 446 5404 riores
486 5363 808 5420 putaremus,
857 5355 1118 5420 patienter
1163 5355 1422 5410 ferremus
1455 5374 1467 5408 :
1507 5372 1665 5409 nemo
1701 5357 1841 5411 enim

272 5455 302 5491 a
335 5452 487 5508 patre
512 5443 591 5497 vel
622 5458 651 5494 a
675 5442 892 5497 domino
927 5443 1141 5513 indigne
1181 5446 1280 5499 iert
1316 5458 1378 5497 se
1420 5444 1665 5513 injuriatn
1692 5460 1845 5499 acce-

277 5545 311 5595 p
332 5544 444 5583 sse.
470 5530 814 5600 Cogitat-dum
852 5534 1011 5586 etiam
1047 5534 1245 5587 nullum
1276 5548 1397 5588 esse
1434 5535 1724 5599 hominem,
1756 5535 1844 5602 qui

278 5632 386 5672 non
419 5621 575 5685 possit
599 5620 794 5676 habere
821 5621 1031 5688 aliquod
1084 5623 1302 5687 bonum,
1331 5625 1470 5687 quod
1510 5634 1565 5679 tu
1610 5626 1843 5679 nondum

1948 4535 2093 4588 diens
2122 4549 2279 4603 usque
2302 4534 2371 4585 ad
2402 4542 2630 4587 mortem.
2664 4532 2726 4587 Ut
2755 4533 2905 4586 uoltis
2928 4532 3512 4600 periectwobedientim

1946 4633 2271 4679 monstraret
2314 4625 2633 4693 exemplum.
2685 4623 2900 4677 Mortem
2945 4635 3113 4678 autem
3151 4628 3335 4679 crucis.
3383 4627 3514 4692 Quia

1947 4715 2090 4769 nulla
2137 4730 2281 4769 mors
2339 4718 2507 4784 pejor,
2570 4728 2787 4783 propter
2841 4717 3143 4770 diuturnum
3200 4717 3508 4771 cruciatum.

1947 4803 2167 4875 Pr0pter
2203 4809 2336 4875 quod
2374 4817 2421 4860 et
2454 4806 2590 4859 Deus
2632 4805 2777 4858 illum
2819 4805 3076 4867 exultavit,
3110 4816 3213 4860 etc.
3261 4806 3522 4860 Divinitas

1946 4912 2052 4951 non
2088 4901 2372 4957 exaltatur,
2413 4898 2535 4965 quia
2571 4910 2668 4950 nec
2698 4896 2882 4949 humili
2918 4897 2960 4948 ri
3000 4905 3212 4963 potest:
3239 4905 3295 4950 et
3326 4896 3399 4950 illi
3424 4897 3523 4951 do-

1946 4996 2123 5050 natur,
2154 4988 2240 5055 qui
2270 5002 2374 5039 nun
2403 4986 2579 5049 habet,
2609 4986 2748 5039 unde
2775 4985 3062 5051 secundum
3096 4987 3377 5041 humanam
3410 5004 3512 5041 ma-

1943 5078 2026 5147 gis
2050 5088 2292 5131 naturam
2319 5085 2490 5141 potest
2516 5074 2758 5144 intelligi,
2777 5089 2934 5144 quam
2953 5078 3243 5131 secundum
3262 5079 3513 5132 divinam.

1946 5169 2000 5223 Si
2024 5176 2077 5221 et
2105 5181 2204 5221 nos
2227 5168 2444 5219 exaltari
2473 5166 2733 5232 cupimus,
2757 5167 3007 5237 esetnplo
3032 5169 3247 5232 Christi,
3273 5170 3513 5223 fratrihus

1945 5258 2262 5313 serviamus.
2299 5256 2355 5310 Si
2393 5256 2534 5310 enim
2564 5255 2657 5312 ille
2689 5257 2946 5313 Dominus
2975 5267 3029 5314 et
3067 5248 3316 5327 magister
3351 5275 3513 5313 Servis

1951 5360 2004 5405 ct
2024 5349 2297 5416 discipulis
2324 5347 2659 5415 ministravit,
2686 5361 2883 5418 quanto
2924 5353 3088 5417 magis
3113 5365 3212 5404 nus
3236 5350 3513 5418 majoribus

1946 5448 1999 5494 et
2043 5438 2334 5508 aequalibus
2383 5440 2586 5494 servire
2627 5440 2913 5502 debemus,
2959 5449 3014 5493 et
3066 5441 3176 5492 Doo
3223 5455 3286 5493 ac
3323 5442 3513 5494 sanctis

1949 5545 2114 5599 usque
2154 5529 2220 5583 ad
2264 5540 2485 5584 mortem
2526 5530 2767 5596 obedire,
2804 5546 2869 5582 ne
2909 5531 3217 5597 magistrum
3267 5528 3513 5582 humilem

1952 5621 2168 5688 superbi
2196 5620 2440 5688 discipuli
2480 5636 2583 5676 non
2614 5636 2895 5687 sequamur
2925 5623 2938 5675 l
2999 5619 3065 5674 Ut
3096 5621 3148 5676 in
3177 5622 3375 5674 nomine
3397 5618 3512 5673 Jesv

2551 5792 2578 5819 ρ
