3884 6172
501 296 599 350 651
1611 299 1766 354 [ἮΙΜ
1787 301 1897 355 \Sll
1936 300 2037 355 AD}

2146 300 2385 355 llETANl
2431 302 2639 359 ιεριεσ.
3568 314 3649 370 6ΐῆ

499 420 647 460 omne
675 420 807 477 genu
852 406 1111 474 ﬂectatur,
1149 405 1423 459 calentium
1446 447 1461 470 ,
1496 411 1803 463 terrestrium
1833 420 1878 463 et
1909 411 2069 478 iufcr-
2099 412 2149 469 Λ
2174 411 2367 463 amissa
2415 408 2832 465 incommutabili
2872 409 3177 476 stabilitate,
3219 414 3304 469 sed
3339 425 3547 488 tanquam
3579 440 3651 479 ve-

495 513 701 552 narum.
727 497 793 554 Ut
820 512 1005 551 omnes
1030 495 1187 550 simul
1208 497 1430 550 adorent
1455 496 1720 553 hominem
1742 510 2069 567 assumptum
2175 516 2292 553 rum
2327 502 2591 556 hominem
2624 501 2980 569 suscipiendo,
3013 504 3122 570 ipse
3152 516 3349 575 suscept
3382 524 3406 562 r
3435 511 3478 564 lu
3501 513 3654 569 simili-

494 585 547 638 iu
572 585 825 648 Verbum.
852 585 915 638 Et
940 587 1103 640 omnis
1124 587 1295 657 lingua
1316 589 1618 655 conﬁteatur
1644 592 1763 659 quia
1800 589 2067 645 Dominus.
2176 589 2358 644 tudine
2395 591 2664 644 hominum
2704 591 2892 651 lactus.
2933 605 3040 644 non
3075 593 3199 657 sibi.
3226 595 3311 655 sed
3345 597 3415 650 eis
3438 600 3593 667 quibus
3614 603 3655 656 in

494 679 743 732 Omnium
758 680 992 747 gentium
1014 688 1061 733 et
1080 679 1409 748 angelorum.
1423 678 1575 735 Iesus
1592 681 1826 736 Christus
1842 684 1893 738 in
1905 688 2036 755 g'ori

2174 677 2387 732 homine
2416 681 2676 747 apparu't,
2703 688 2756 733 et
2786 678 2966 733 habitu
2998 681 3233 736 inventus
3257 693 3313 737 ut
3336 686 3492 751 homo,
3513 688 3555 743 id
3577 700 3657 756 est,

491 779 564 821 est
605 768 702 822 Dei
728 767 923 823 Patris.
961 771 1069 821 llos
1104 778 1189 823 est
1224 770 1274 823 in
1312 784 1519 835 natura,
1548 781 1602 827 et
1634 773 1800 842 gloria
1833 775 2066 842 dclhljs,
2173 765 2417 821 habendo
2447 767 2714 821 δοωῖηειη
2747 768 3015 836 iuvamus.
3049 776 3104 821 υῑ
3133 770 3282 824 hom"
3306 784 3398 827 εει-
3425 775 3523 829 Νθιι
3547 782 3659 833 enim

492 859 544 911 id
594 867 677 914 est
717 852 953 926 ejusdem
995 871 1077 915 est
1117 862 1303 930 gloria:
1349 871 1406 917 et
1451 866 1786 932 aequalitatis.
1832 869 1907 925 De
1950 871 2037 925 loci

2173 866 2380 924 poterat
2407 857 2629 911 inveniri
2652 857 2719 911 ab
2747 856 2829 912 bis
2849 859 2941 927 qui
2969 873 3060 911 cor
3089 861 3395 916 immundum
3424 860 3660 933 habebant,

490 948 599 1003 isto
631 950 890 1021 integram
922 952 1305 1020 expositionem
1357 955 1417 1008 D.
1450 959 1730 1025 Augustini
1772 956 2037 1028 posuimus

2169 958 2223 1001 et
2245 948 2471 1002 Verbum
2495 948 2630 1017 apud
2654 948 2864 1003 Patrem
2892 948 3072 1002 videre
3100 967 3201 1003 non
3224 962 3461 1020 poterant,
3486 958 3569 1011 nisi
3588 960 3663 1013 hoc

491 1037 566 1093 De
606 1054 672 1094 co
724 1042 862 1110 quod
912 1045 1167 1110 scriptum
1217 1053 1339 1098 est:
1372 1045 1439 1098 Et
1487 1047 1668 1102 habitu
1716 1049 1963 1104 inventus
2011 1067 2037 1105 u

2169 1038 2529 1106 suscipiendo,
2560 1036 2699 1105 quod
2732 1047 2950 1102 possent
2977 1039 3177 1103 videre,
3205 1051 3255 1094 et
3283 1056 3367 1109 per
3393 1044 3516 1110 quod
3542 1047 3595 1098 ad
3618 1049 3665 1099 il-

490 1130 671 1184 homo.
723 1129 901 1187 Multis
931 1134 1102 1187 modis
1143 1133 1381 1188 habitum
1411 1136 1680 1193 dicimus:
1714 1141 1794 1195 vel
1828 1140 2065 1197 habitum
2170 1129 2257 1183 Iud
2297 1130 2520 1184 interius
2560 1129 2739 1184 lumen
2780 1130 3118 1185 ducerentur-
3168 1132 3265 1213 Isle
3300 1146 3459 1189 autem
3498 1137 3665 1193 habitus

488 1220 686 1285 animi,
727 1222 885 1276 sicuti
924 1231 1009 1277 est
1040 1223 1295 1293 cujusque
1326 1224 1423 1279 dis:
1445 1226 1625 1295 iplinze
1655 1232 1926 1300 perceptio
1969 1249 2037 1287 us:

2167 1236 2269 1275 non
2302 1229 2384 1276 est
2426 1216 2493 1276 et
2532 1222 2706 1287 primo
2742 1236 2966 1290 genere;
3012 1238 3117 1277 non
3160 1224 3295 1278 enim
3325 1241 3523 1283 manens
3557 1229 3599 1283 in
3623 1245 3666 1285 se

488 1312 735 1367 roborata
761 1322 921 1384 atque
950 1314 1187 1382 ﬁrmata;
1212 1317 1292 1370 vel
1316 1317 1557 1374 habitum
1586 1324 1843 1389 corporis,
1876 1340 2063 1393 secun-
2167 1323 2350 1367 natura
2400 1312 2629 1367 hominis
2660 1323 2900 1368 naturam
2932 1317 3024 1370 Dei
3054 1322 3415 1373 commutavit:
3446 1336 3593 1388 neque
3614 1338 3665 1374 ex

488 1403 614 1458 dum
636 1419 793 1475 quem
815 1406 1042 1461 dicimus
1069 1406 1229 1460 alium
1251 1408 1357 1462 alio
1375 1422 1495 1464 esse
1518 1413 1967 1469 succulentiorem
2008 1431 2037 1471 e

2163 1407 2419 1467 secundo,
2470 1421 2574 1458 non
2624 1408 2766 1459 enim
2816 1416 2870 1462 et
2914 1408 3211 1496 immolavit
3252 1410 3401 1464 homo
3438 1412 3597 1475 Deum,
3628 1425 3666 1467 et

486 1493 823 1557 validiorem,
866 1508 986 1563 qua:
1030 1496 1196 1565 magis
1226 1497 1439 1564 proprie
1473 1497 1724 1553 habitudo
1744 1501 1847 1556 dici
1890 1503 2071 1570 solet;
2164 1495 2469 1550 immutatus
2510 1496 2577 1548 ab
2623 1497 2714 1550 illo
2755 1506 2875 1552 est:
2917 1514 3090 1569 neque
3119 1493 3185 1554 ex
3221 1511 3417 1570 quarto,
3441 1518 3533 1557 non
3558 1505 3668 1558 enim

486 1585 569 1639 vel
592 1584 829 1640 habitum
856 1602 1041 1642 eorum
1071 1604 1189 1658 quae
1230 1591 1483 1646 membris
1526 1596 1724 1649 nostris
1752 1582 2063 1651 accomtno-
2163 1586 2243 1640 δίο
2282 1595 2587 1653 assumptus
2633 1589 2820 1653 homo:
2854 1597 2914 1643 υι
2952 1604 3126 1659 neque
3151 1591 3262 1658 ipse
3286 1602 3494 1647 ιηιιιθτθι
3520 1594 3667 1659 “eum.

483 1675 679 1733 dantur
723 1677 1076 1748 extrinsecus,
1114 1683 1403 1737 secundum
1450 1700 1607 1754 quem
1638 1687 1863 1742 dicimus
1902 1692 2033 1744 vesti

2166 1689 2265 1728 nec
2305 1674 2375 1727 ab
2428 1675 2517 1728 illo
2570 1687 2879 1742 mutaretur,
2931 1679 3025 1732 scd
3077 1680 3248 1747 potius
3294 1697 3356 1735 ex
3401 1682 3563 1747 tertio;
3612 1685 3669 1736 sic

485 1772 629 1830 tum,
656 1767 965 1836 calciatum,
998 1781 1293 1839 armatum,
1334 1783 1390 1830 et
1422 1777 1466 1829 si
1497 1777 1621 1845 quid
1656 1777 1917 1847 ejusmodi
1956 1789 2056 1835 e~t.
2092 1758 2135 1816 Β
2163 1769 2303 1819 θηίίη
2336 1776 2640 1833 θεευιηιιωε
2681 1768 2795 1829 θείς
2847 1776 2903 1821 υι
2957 1777 3367 1824 commutatam?
3414 1770 3461 1822 in
3502 1772 3667 1837 meum.

484 1857 541 1911 In
582 1859 773 1927 quibus
818 1861 1064 1918 omnibus
1097 1865 1410 1933 κρηπῖδες,
1446 1867 1709 1936 siquidem
1739 1885 1931 1924 nomen
1960 1871 2059 1927 hoc
2162 1864 2216 1909 et
2276 1855 2344 1908 ab
2407 1869 2471 1908 eo
2537 1854 2856 1909 formaretur
2929 1855 3274 1912 ineﬂ'abiliter
3301 1901 3315 1926 ,
3379 1859 3668 1915 excellentius

482 1947 683 2004 dictum
710 1958 794 2004 est
822 1951 887 2007 ab
927 1953 1018 2007 illo
1059 1954 1243 2020 verbo,
1282 1956 1420 2023 quod
1450 1964 1535 2011 est
1574 1958 1791 2025 habere,
1837 1961 2037 2017 mauil‘e

2160 1955 2320 2014 atque
2367 1946 2724 2012 conjunctius,
2782 1962 2938 2016 quam
2994 1949 3184 2031 vestis,
3205 1949 3273 2004 ab
3316 1950 3535 2015 homine,
3576 1965 3667 2004 cum

478 2050 621 2096 stum
648 2051 733 2097 est
761 2046 811 2099 in
839 2060 899 2100 ea
927 2061 985 2100 re
1004 2046 1108 2100 dici
1134 2048 1390 2114 habitum,
1417 2063 1535 2117 qua
1561 2051 1752 2104 accidit
1777 2051 1954 2116 alicui,
1984 2054 2037 2107 it:

2156 2035 2411 2089 induitur.
2448 2037 2560 2093 Hoc
2586 2052 2717 2106 ergo
2747 2038 2963 2093 nomine
2991 2037 3231 2094 habitum
3260 2043 3381 2096 satis
3409 2043 3668 2111 signiﬁcavit

479 2140 542 2184 ut
581 2147 697 2188 eam
740 2135 907 2202 possit
951 2136 1112 2190 etiam
1162 2154 1267 2190 non
1303 2138 1499 2193 Iabere
1531 2156 1545 2203 ;
1579 2156 1698 2194 nam
1730 2151 1786 2195 et
1811 2141 1950 2197 docte
1968 2145 2052 2197 ina
2157 2127 2463 2193 ᾹΡοθιοίιιεο
2500 2128 2947 2196 σιυθιηδάιηοάαηι
2980 2129 3181 2185 dixem
3210 2148 3222 2182 ε
3253 2130 3305 2185 ³η
3334 2132 3666 2187 είιηίηίυδίυθπι

477 2226 671 2281 accidit
694 2229 893 2295 animo,
927 2238 982 2284 ct
1007 2245 1200 2286 succus
1225 2248 1286 2287 ac
1319 2234 1480 2288 robur
1505 2235 1712 2303 corpori
1740 2252 1752 2286 :
1780 2243 1833 2289 et
1860 2236 2037 2299 vestis.

2157 2214 2430 2284 hom‘nnm
2481 2217 2679 2281 factus;
2708 2219 2831 2287 quia
2864 2234 2969 2274 non
3003 2224 3454 2290 transﬁguratione
3474 2224 3519 2278 in
3542 2224 3669 2278 homi-

477 2324 639 2385 aulue
665 2333 833 2387 arma,
869 2336 972 2374 mm
999 2321 1214 2376 dubium
1251 2338 1327 2379 es,
1363 2326 1486 2393 qm"
1528 2325 1774 2378 accidant
1801 2325 2054 2380 membris
2155 2320 2297 2370 nem,
2322 2308 2413 2358 sed
2441 2306 2621 2359 habitu
2642 2308 2805 2361 factus
2825 2318 2926 2376 est,
2950 2324 3075 2363 cum
3105 2310 3316 2364 indutus
3335 2323 3412 2365 est
3431 2312 3663 2379 hominem,

478 2408 675 2461 nostris
709 2424 724 2472 ;
757 2409 830 2463 ita
856 2419 993 2466 utet
1024 2412 1298 2481 imperitus
1331 2416 1498 2481 possit
1521 2429 1641 2470 esse
1667 2415 1898 2482 animus,
1931 2418 2032 2471 si‘e

2154 2409 2309 2462 quem
2339 2395 2438 2447 sibi
2474 2396 2656 2450 vivens
2682 2399 2909 2466 quodam
2948 2400 3142 2468 modo,
3175 2411 3330 2469 atque
3365 2402 3667 2464 confutatam,

476 2496 716 2550 doctrina
763 2513 866 2552 non
910 2503 1205 2567 acciderit;
1256 2513 1309 2557 et
1348 2505 1484 2560 exile
1539 2514 1698 2575 atque
1746 2508 2046 2577 languidum
2154 2484 2535 2578 l'lln‘orlaljla‘i
2577 2490 2966 2558 “armatique
3021 2491 3272 2546 δοθίπθί·
3319 2493 3416 2546 Sed
3444 2494 3569 2578 ml"?
3597 2495 3666 2544 ¹²²⁴

475 2598 669 2652 corpus
697 2586 811 2641 sine
836 2602 997 2644 Succo
1023 2591 1281 2645 tiscerum
1310 2602 1365 2648 et
1394 2595 1586 2666 robore
1613 2611 1628 2660 ;
1656 2603 1711 2649 et
1740 2576 1910 2651 nudus
1935 2598 2049 2652 sine
2151 2576 2316 2630 hilum
2346 2576 2435 2645 qui
2476 2588 2559 2633 θδί
2599 2580 2650 2631 ί¹¹
2692 2582 3032 2648 perceptione
3092 2583 3391 2652 “Plenum,
3427 2583 3499 2638 Vel
3535 2585 3668 2651 βθίί¹¹⁵

478 2684 654 2740 veste,
689 2685 745 2739 et
775 2680 991 2736 inermis
1019 2682 1135 2738 sine
1162 2686 1356 2760 armis,
1382 2693 1438 2740 et
1466 2687 1598 2755 pede
1633 2690 1774 2743 nudo
1806 2690 1919 2744 sine
1948 2690 2050 2744 cal-
2150 2666 2185 2719 ά
2207 2668 2446 2736 “illum
2470 2685 2625 2738 (illam
2661 2672 2828 2725 (ἶηεθί
2858 2673 2957 2735 ἕξιν
2988 2675 3072 2727 vel
3115 2677 3300 2746 σχέσιν
3338 2685 3533 2739 "muli
3561 2676 3667 2728 hu“

474 2766 773 2831 ciamentis.
806 2785 926 2837 esse
957 2771 1116 2828 homo
1155 2776 1341 2843 possit.
1378 2778 1597 2833 llabizus
1633 2794 1781 2849 ergo,
1816 2779 1869 2834 in
1897 2795 1957 2835 ea
1988 2796 2050 2836 re
2150 2769 2324 2814 amem
2378 2761 2666 2815 seculldu'"
2710 2777 2866 2832 quem
2910 2765 3143 2820 άίθίίηυδ
3173 2767 3408 2820 "5mm"
3436 2767 3658 2821 ‘el’ma‘

474 2855 693 2924 dicitur,
722 2877 838 2929 qua:
867 2864 1018 2918 nobis
1049 2874 1105 2919 ut
1126 2865 1402 2933 habeatut',
1430 2870 1621 2924 accidit
1645 2887 1655 2922 :
1681 2880 2042 2925 verumtamen

475 2947 577 3001 hoc
606 2950 846 3015 interest,
878 2957 1016 3023 quod
1045 2960 1283 3026 qumdam
1315 2974 1499 3014 eorum
1528 2978 1644 3031 qua:
1674 2964 1921 3017 accidunt
1952 2984 2044 3020 no'

474 3037 576 3107 bis,
616 3049 673 3095 ut
703 3041 939 3098 habitum
977 3044 1201 3113 faciant,
1237 3065 1341 3103 non
1378 3059 1648 3106 mutantur
1683 3068 1710 3108 a
1745 3056 1917 3122 nobis,
1950 3059 2041 3110 sed

2151 2859 2282 2915 tum,
2324 2860 2513 2925 σχῆμα
2536 2854 2709 2921 potius
2736 2853 3026 2922 appellant.
3065 2855 3145 2910 Ex
3196 2872 3302 2925 quo
3327 2857 3596 2927 intelligitur
3617 2856 3667 2909 de
3750 2880 3751 2891 ι

2151 2941 2253 2996 isto
2312 2958 2508 3010 genere
2567 2944 2777 2998 habitus
2819 2945 3061 3001 locutum
3096 2948 3432 3016 Apostolum,
3478 2945 3670 3016 quando-

2147 3031 2358 3101 quidem
2404 3034 2455 3086 in
2501 3034 2700 3088 Grecis
2741 3036 3143 3104 exctnplaribns
3187 3043 3418 3109 σχήματι
3460 3036 3668 3103 scriptum

475 3126 592 3189 ipsa
641 3144 737 3182 nos
783 3141 1010 3197 mutant,
1062 3135 1111 3188 in
1157 3150 1215 3191 se
1263 3137 1372 3205 ipsa
1404 3139 1606 3209 integra
1654 3153 1699 3195 et
1735 3143 2037 3199 inconcussa

2150 3131 2252 3185 est,
2286 3123 2426 3191 quod
2458 3138 2557 3177 nos
2586 3124 2638 3177 in
2671 3124 2871 3179 Latinis
2902 3126 3147 3183 habitum
3176 3129 3440 3182 habemus.
3476 3126 3574 3192 Quo
3598 3140 3670 3177 no-

479 3219 748 3271 mancntia
784 3237 795 3270 :
824 3221 979 3275 sicuti
1007 3227 1264 3293 sapientia
1302 3242 1420 3282 cum
1460 3232 1649 3285 accidit
1686 3233 1906 3299 homini,
1941 3252 2046 3288 non

472 3305 587 3371 ipsa
616 3317 868 3373 mutatur,
912 3313 1004 3366 sed
1048 3315 1314 3373 hominem
1366 3328 1532 3373 mutat
1577 3337 1733 3390 qnvtn
1778 3325 1842 3378 de
1885 3328 2046 3379 stulto

472 3398 765 3464 sapien‘em
800 3402 942 3456 facit.
983 3404 1236 3469 Quaedam
1266 3425 1389 3464 vero
1421 3411 1494 3465 sic
1523 3414 1807 3478 accidunt,
1844 3424 1900 3468 ut
1927 3433 2045 3469 mn-

475 3496 589 3540 tent
624 3499 677 3543 et
721 3499 1025 3560 mutentur;
1058 3498 1213 3551 sicuti
1242 3498 1414 3563 cihus,
1444 3510 1497 3554 et
1526 3502 1637 3570 ipse
1675 3512 1885 3559 mutans
1916 3523 2046 3570 spc-

472 3580 607 3631 cietn
633 3594 781 3633 su‘tm
808 3581 857 3636 in
890 3597 1084 3653 corpus
1113 3596 1352 3641 nostrum
1379 3592 1625 3656 vertitur,
1654 3601 1704 3644 et
1735 3607 1830 3645 nos
1861 3593 1951 3646 rel}
1973 3596 2041 3647 (ειὶ

470 3669 594 3723 cibo
625 3671 695 3725 ab
723 3674 959 3729 exilitate
987 3685 1145 3746 atque
1193 3679 1468 3750 languorv,
1503 3682 1553 3734 in
1588 3684 1750 3736 robur
1775 3694 1931 3753 atqre
1958 3702 1986 3735 γ
2023 3714 2046 3723 -

469 3759 687 3814 leutiam
733 3774 1139 3822 commutamur.
1184 3769 1416 3824 Tertium
1456 3787 1623 3839 genus
1654 3785 1731 3828 est
1774 3789 1891 3827 cum
1932 3777 2042 3843 ξιτεδ

469 3868 586 3917 qua:
621 3854 895 3923 accidunt,
927 3867 1216 3925 mutantur,
1260 3872 1314 3914 ut
1357 3863 1472 3914 hahi
1504 3881 1589 3925 utu
1633 3865 1852 3931 faciant,
1886 3867 2039 3918 sicut:

471 3951 556 3995 est
587 3945 780 4011 veStis;
824 3964 942 4012 nam
974 3964 1091 4003 cum
1130 3967 1191 4018 pr
1217 3953 1243 4019 .j
1282 3960 1368 4006 cia
1400 3954 1480 4005 vel
1525 3957 1752 4023 rejosita
1792 3963 1895 4017 est,
1938 3971 2041 4008 non

471 4031 634 4087 habet
660 4050 775 4089 eam
829 4037 1050 4094 formam
1084 4056 1237 4109 quam
1283 4044 1443 4096 sumit
1472 4059 1589 4097 cum
1628 4045 1861 4098 induitur
1887 4058 2043 4114 atque

469 4124 483 4175 i
528 4125 735 4181 ducitur
756 4133 1036 4185 menibus:
1056 4134 1231 4187 induta
1261 4150 1386 4205 ego
1411 4137 1604 4205 arcipit
1627 4137 2040 4205 formam,qnam

473 4230 577 4266 non
617 4215 843 4270 habebat
882 4230 1083 4273 emta:
1120 4237 1238 4276 cum
1292 4226 1398 4291 ipsa
1434 4225 1669 4278 membra
1707 4235 1760 4279 et
1794 4241 1912 4279 cum
1959 4228 2041 4280 in-

468 4306 723 4371 duuntur,
755 4317 808 4360 et
837 4323 955 4362 cum
984 4321 1272 4383 exuuntur,
1308 4316 1358 4366 in
1387 4328 1482 4367 suo
1505 4324 1643 4368 statu
1677 4326 2021 4382 permaneant

471 4396 648 4451 Potest
677 4400 835 4452 etiam
862 4416 981 4454 esse
1008 4414 1250 4465 quartum
1277 4420 1461 4473 genus,
1486 4421 1605 4459 cum
1635 4416 1689 4461 et
1715 4423 1774 4460 ea
1804 4423 1919 4476 qum
1949 4424 2009 4461 ac

2151 3214 2292 3266 mine
2331 3222 2544 3281 oportet
2591 3215 2833 3284 intelligi,
2873 3231 2977 3270 non
3026 3228 3287 3272 mutatum
3331 3232 3442 3272 esse
3484 3217 3670 3271 Vetbom

2149 3304 2487 3370 susceptione
2517 3305 2765 3374 nominis,
2799 3307 2952 3360 sicuti
2984 3322 3090 3362 nec
3112 3310 3346 3363 membra
3369 3317 3503 3362 veste
3525 3307 3669 3359 induta

2152 3402 2441 3456 mutantur,
2476 3408 2774 3463 quanquam
2821 3394 2906 3448 illa
2937 3398 3213 3465 susceptio
3239 3397 3549 3451 incll’abiliter
3572 3409 3673 3448 sus-

2148 3494 2359 3551 ceptum
2409 3485 2719 3552 suscipienti
2768 3485 3134 3553 copulaverit;
3166 3488 3257 3541 sed
3289 3496 3521 3556 quantum
3544 3485 3672 3537 verba

2152 3576 2377 3627 humana
2411 3577 2568 3627 rebus
2598 3574 2951 3630 inell'abilbns
2977 3576 3221 3646 coaptari
3252 3586 3477 3646 possunt,
3502 3591 3559 3628 ne
3585 3589 3675 3626 mu-

2150 3675 2287 3718 tatus
2311 3665 2633 3735 intelligatur
2656 3666 2792 3721 Deus
2816 3666 3063 3721 humanas
3088 3668 3381 3738 fragilitatis
3403 3675 3673 3731 assumptur,

2147 3761 2373 3811 electum
2409 3769 2511 3824 est,
2542 3767 2599 3811 ut
2627 3756 2810 3812 Grtece
2838 3767 3027 3830 σχῆμα
3053 3768 3111 3814 et
3142 3761 3324 3813 Latine
3353 3759 3542 3813 habitus
3566 3755 3680 3808 dice-

2148 3860 2295 3903 retur
2319 3847 2406 3900 illa
2435 3849 2722 3915 susceptio.
2749 3847 2953 3917 Itaque,
2975 3851 3271 3903 charissimi
3299 3851 3408 3911 mei,
3436 3848 3551 3901 sicut
3574 3858 3677 3897 sem-

2146 3954 2233 4009 per
2262 3938 2516 3991 obedistis.
2562 3938 2823 4006 Exemplo
2862 3939 2978 4006 ejus
3020 3940 3114 4008 qui
3170 3954 3334 4008 usque
3390 3938 3452 3992 ad
3491 3943 3677 3989 mortem

2147 4028 2400 4083 obediens
2423 4028 2538 4082 fuit.
2575 4027 2697 4081 Non
2725 4039 2778 4081 ut
2802 4031 2857 4081 in
2890 4031 3162 4097 pra’sentia
3185 4046 3294 4082 mea
3319 4038 3522 4081 tantum.
3546 4023 3675 4088 Quasi

2148 4121 2285 4173 servi
2312 4120 2375 4173 ad
2404 4120 2614 4173 oculum
2646 4119 2962 4173 servientes.
2990 4120 3098 4173 Sed
3128 4122 3289 4172 multo
3310 4119 3467 4189 magis
3493 4130 3608 4169 nunc
3637 4114 3681 4164 ιη

2147 4210 2372 4262 ιώεριιεὶα
2405 4225 2533 4262 utea.
2593 4208 2722 4275 Quia
2766 4210 2811 4262 si
2847 4211 3010 4276 quid,
3047 4225 3133 4264 me
3175 4223 3461 4277 praesente,
3496 4205 3679 4259 liberius

2147 4302 2403 4371 agebatis,
2428 4300 2619 4368 corrigi
2645 4283 3079 4368 poteratis.'Cum
3123 4310 3259 4354 metu
3285 4310 3332 4353 et
3361 4310 3553 4352 terrore.
3588 4293 3680 4347 Non

2150 4396 2494 4465 negligenter,
2520 4395 2656 4450 sicut
2678 4395 2748 4448 ait
2768 4394 2871 4449 Job
2896 4408 2910 4448 :
2937 4395 3179 4451 Verebar
3200 4397 3375 4451 omnia
3399 4408 3547 4464 Opera
3567 4407 3679 4445 nica.

470 4486 653 4538 cldnnt
700 4488 764 4541 ad
808 4489 1106 4545 faciendum
1158 4492 1415 4560 habitum,
1466 4513 1561 4551 nec
1605 4509 1810 4552 mutant
1849 4499 2039 4567 quibus
2072 4477 2117 4535 D
2157 4490 2380 4543 Vestram
2408 4494 2624 4543 salutem
2650 4491 2954 4557 aperantim'.
2981 4490 3219 4545 Mutuom
3250 4491 3465 4545 Salutem
3501 4494 3678 4542 curate:

467 4574 737 4639 accidunt,
774 4594 871 4633 nec
916 4582 980 4633 ab
1010 4580 1088 4634 cis
1134 4582 1246 4649 ipsa
1291 4596 1579 4651 mutantur,
1621 4588 1773 4642 sicuti
1814 4591 2039 4643 annulus

468 4666 522 4718 in
546 4664 735 4733 digito,
763 4670 805 4721 si
839 4683 943 4722 non
978 4669 1135 4723 nimis
1164 4672 1430 4728 subtiliter
1455 4678 1778 4730 attendatur.
1814 4678 2035 4731 Votum-

468 4770 645 4811 tamen
672 4758 770 4814 hoc
795 4774 981 4829 genus,
1014 4771 1104 4815 aut
1134 4763 1334 4817 nullum
1358 4778 1458 4829 eet,
1488 4767 1531 4819 si
1554 4767 1835 4834 diligenter
1863 4769 2037 4822 discu-

468 4848 590 4909 tias,
622 4857 712 4903 aut
741 4852 959 4906 omnino
1002 4854 1136 4906 raris
1169 4854 1351 4905 imum.
1401 4855 1531 4908 Cum
1567 4857 1722 4922 igitur
1752 4858 2034 4924 Apostolus

464 4940 531 4993 de
573 4941 845 5010 unigenito
868 4941 965 4995 Dei
993 4941 1127 4995 Filio
1164 4944 1488 5010 loqueretur,
1520 4954 1770 5014 quantum
1812 4950 2039 5012 pertinet

466 5030 530 5082 ad
572 5032 898 5087 divinitatem
938 5032 1055 5101 ejus
1095 5034 1383 5098 secundum
1436 5035 1485 5089 id
1525 5052 1591 5104 qu
1620 5037 1662 5088 id
1707 5052 1860 5090 verus
1904 5039 2039 5093 Dens

466 5129 567 5182 est,
601 5125 856 5188 trtptaiem
890 5139 1008 5177 esse
1039 5126 1169 5179 dixit
1200 5126 1363 5193 Patri,
1403 5129 1540 5196 quod
1574 5146 1675 5181 non
1711 5132 1757 5181 ei
1800 5130 1889 5182 luit
1924 5142 2039 5184 tan-

404 5268 405 5271 η
464 5228 622 5281 quam
657 5216 857 5280 rapina,
906 5216 954 5268 id
998 5226 1100 5280 est,
1138 5217 1289 5285 quasi
1328 5220 1553 5271 alterum
1597 5231 1891 5287 appeteret.
1941 5223 2039 5274 La-

466 5307 657 5358 tuisSut
697 5306 871 5375 itaque
914 5306 1293 5360 misericordia:
1320 5325 1474 5376 opus.
1505 5312 1547 5362 si
1581 5326 1788 5378 semper
1817 5327 2035 5365 nianens

465 5398 519 5451 in
550 5411 613 5451 ea
640 5397 941 5467 a-qualttate
969 5398 1130 5451 nollet
1159 5399 1421 5452 hominum
1456 5401 1618 5461 indui,
1651 5411 1704 5453 et
1733 5403 2033 5456 hominibus

467 5499 524 5540 ιιι
554 5489 713 5542 homo
753 5503 1040 5556 apparere;
1072 5488 1165 5542 sed
1214 5491 1557 5558 semetipsum
1583 5492 1893 5553 exinanivit,
1929 5483 2031 5546 non

466 5578 689 5635 farinam
723 5597 871 5635 suam
902 5594 1131 5645 mutans,
1168 5581 1258 5633 sed
1299 5581 1519 5645 fon-piam
1561 5584 1703 5635 servi
1743 5582 2028 5648 acvipicns,

466 5685 636 5736 neque
692 5686 979 5726 eomerws
1041 5682 1094 5726 et
1149 5680 1526 5725 transmutatus
1604 5672 1655 5725 in
1733 5673 2029 5737 hominem,

2143 4590 2194 4635 ct
2221 4578 2341 4648 quia
2370 4579 2595 4644 dixerat,
2620 4589 2849 4632 vestram
2879 4580 3115 4647 ipsorum
3146 4581 3373 4634 salutem
3404 4573 3681 4647 operamini,

2143 4687 2209 4725 ne
2243 4672 2343 4725 sibi
2388 4671 2586 4740 aliquid
2630 4670 2860 4724 humana
2900 4672 3157 4740 tragil.tas
3200 4681 3471 4740 arrogaret
3505 4675 3555 4722 et
3591 4678 3683 4731 sum

2140 4762 2414 4817 industria:
2441 4763 2663 4816 salutem
2678 4777 2837 4816 suam
2868 4763 3180 4827 asenberet,
3212 4772 3425 4817 secutus
3445 4758 3682 4828 adiunxit:

2144 4856 2301 4917 l‘eus,
2334 4854 2519 4921 inquit,
2543 4853 2629 4919 qui
2660 4864 2910 4922 operatur
2933 4854 2985 4907 in
3009 4854 3181 4907 vobis.
3212 4852 3328 4907 Non
3352 4852 3514 4905 solum
3535 4862 3574 4900 vv
3596 4845 3626 4898 b
3642 4860 3683 4896 so

2141 4959 2284 5009 c.nn,
2316 4944 2407 4997 sed
2442 4945 2582 4997 intus
2610 4944 2662 4997 in
2693 4944 2841 4998 vobis
2871 4947 3005 4999 miro
3034 4945 3196 4998 modo
3225 4944 3511 4999 infunditur
3533 4949 3582 4995 et
3606 4939 3685 4991 do-

2144 5042 2295 5087 natur
2320 5049 2334 5086 :
2362 5034 2573 5101 quando
2601 5032 2742 5088 enim
2770 5034 3042 5101 jubentur,
3074 5044 3127 5084 ut
3152 5041 3461 5102 operentur,
3490 5029 3682 5084 liberum

2141 5141 2324 5179 eorum
2360 5126 2681 5179 convenitur
2726 5125 3028 5186 arbitrium,
3077 5127 3175 5179 sel
3224 5125 3347 5179 ideo
3372 5138 3486 5178 cum
3524 5121 3687 5173 timore

2141 5230 2194 5269 et
2216 5228 2466 5279 tremore,
2501 5231 2567 5270 ne
2607 5217 2707 5271 sibi
2748 5216 3031 5271 tribuendo
3061 5216 3205 5284 quod
3238 5217 3371 5271 bene
3404 5218 3682 5281 Operantur.

2141 5313 2207 5363 de
2234 5311 2384 5365 bonis
2413 5317 2660 5378 tanquam
2687 5310 2798 5363 suis
2837 5309 3162 5363 extollantur
3189 5307 3457 5375 operibus.
3486 5302 3608 5355 Deus
3628 5306 3687 5350 est

2139 5405 2271 5454 enim
2292 5402 2377 5470 qui
2402 5411 2637 5470 operatur
2664 5401 2715 5452 in
2740 5400 2896 5453 vobis.
2928 5398 3262 5451 Couticescat
3289 5400 3506 5448 humans
3527 5401 3686 5456 super-

2143 5493 2249 5556 bia,
2272 5501 2321 5544 et
2347 5506 2448 5543 non
2478 5491 2646 5543 dicat:
2667 5489 2745 5542 Ex
2779 5504 2866 5544 me
2893 5488 3061 5543 habeo
3087 5489 3288 5541 bonum
3313 5486 3475 5547 velle;
3505 5483 3615 5550 quia
3640 5489 3689 5531 οι

2145 5585 2244 5635 hoc
2293 5582 2344 5634 in
2385 5581 2536 5635 vobis
2563 5581 2770 5635 occulta
2793 5581 3140 5649 inspiratione
3169 5579 3310 5632 Deus
3333 5583 3585 5645 operatur,
3612 5572 3687 5632 qui

2148 5689 2251 5727 non
2294 5673 2464 5727 solum
2495 5672 2679 5738 ﬁdem,
2712 5671 2805 5726 sed
2835 5680 2887 5725 et
2922 5668 3371 5739 perseverantiam
3396 5665 3565 5720 donat.
3600 5654 3687 5712 Sed
