3910 6174
331 284 431 347 63,5

1098 280 1163 336 [Ti
1204 280 1578 336 EPISTOLAM
1618 281 1708 334 AD
1747 272 2227 335 PlllLIPPENSES
2262 272 2776 335 COMMENTARH.

3470 266 3574 320 65$

328 397 459 449 forte
482 393 623 448 dicet
650 390 842 460 al'quis
868 408 879 442 :
908 389 1046 457 Ergo
1078 404 1253 443 meum
1278 389 1406 443 nihil
1431 399 1532 452 εει,
1558 398 1722 442 totum
1747 401 1891 443 tuum
1923 390 1971 447 A
2001 400 2132 454 opus
2159 384 2445 453 Evangelii.
2482 382 2541 434 Et
2571 382 2955 434 commilitonem
2986 397 3171 434 meum.
3204 379 3428 447 Propter
3460 392 3571 447 gra-

326 491 428 549 est,
471 483 563 537 sed
602 483 768 551 gratia
809 478 1079 544 donatori,
1114 480 1234 548 quia
1269 479 1404 532 bona
1449 480 1694 531 voluntas
1731 494 1759 532 a
1790 479 1894 531 Do~

326 572 470 626 mino
499 582 846 641 przeparatur.
879 568 942 621 Et
965 571 1106 633 velle,
1132 580 1180 622 et
1205 571 1464 637 perﬁcere.
1493 570 1644 622 Perii!
1664 584 1756 624 ere
1783 570 1898 623 sine

323 662 488 715 dubio
526 661 692 729 ipsius
728 669 813 715 est
848 661 935 729 qui
975 644 1149 714 dixit:
1198 660 1327 714 Sine
1371 675 1456 725 me
1500 661 1625 715 nihil
1677 661 1898 729 potestis

321 747 522 803 facere.
580 748 794 803 Perlieit
837 750 889 802 in
935 748 1107 812 nobis,
1151 748 1272 800 dum
1320 749 1498 817 implet
1548 748 1686 816 quod
1717 747 1893 801 dixit:

324 838 461 892 Ecce
499 853 598 907 ego
639 838 907 892 vobiscum
949 852 1064 891 sum
1098 853 1264 906 usque
1291 836 1895 891 ad~consummationem

318 933 529 995 ste-culi;
574 930 663 998 qui
693 932 856 999 coepit
890 930 940 984 in
982 931 1135 984 nobis
1165 942 1300 998 Opus
1341 931 1559 994 bonum,
1596 929 1708 996 ipse
1735 930 1897 999 perli-

318 1024 428 1077 ciet
459 1036 624 1093 usque
651 1023 704 1076 in
732 1023 914 1077 linem.
950 1022 1053 1075 Pro
1078 1023 1207 1075 bona
1239 1023 1511 1077 uoluntate.
1565 1007 1897 1079 subaudien-

316 1109 449 1167 dum
475 1124 591 1174 sui,
624 1111 676 1164 id
707 1120 788 1164 est
835 1112 946 1165 Dei.
995 1109 1181 1163 Omnia
1219 1122 1386 1165 autem
1426 1114 1579 1181 facile
1606 1115 1716 1165 sine
1758 1130 1897 1166 mur-

318 1201 694 1254 muratiouibus
734 1213 780 1255 et
805 1202 1231 1269 hasitationibus,
1275 1215 1328 1255 ut
1369 1205 1480 1257 sitis
1522 1206 1633 1257 sine
1669 1206 1895 1272 querela.

318 1289 566 1362 ingratus
606 1306 794 1345 servus
831 1292 921 1361 qui
960 1293 1139 1359 gravia
1171 1292 1370 1347 domini
1401 1294 1481 1347 sui
1511 1296 1750 1362 queritur
1774 1309 1895 1349 esse

318 1391 628 1449 przecepta:
658 1382 835 1436 omnis
876 1381 969 1450 qui
1006 1368 1316 1447 murmurat,
1360 1385 1559 1438 dubitat
1592 1385 1658 1438 de
1696 1400 1895 1453 praece-

319 1473 449 1540 ptis.
478 1471 541 1525 Et
564 1474 818 1542 simp'ices
838 1475 936 1539 ﬁlii
959 1475 1072 1541 Dei,
1091 1478 1201 1530 sine
1223 1477 1627 1546 reprehensione.
1645 1477 1899 1532 Conside-

316 1572 439 1617 rate
480 1562 632 1630 cujus
673 1562 763 1617 lilii
790 1564 927 1631 sitis,
951 1564 1181 1634 quicum
1204 1566 1461 1635 sitnpl’cis
1487 1577 1685 1620 naturae
1706 1568 1793 1629 sit,
1827 1566 1886 1619 li-

317 1652 426 1707 lios
447 1670 551 1708 non
566 1654 674 1709 vult
688 1656 884 1711 habere
902 1656 1215 1725 degeneres.
1240 1657 1302 1713 In
1321 1661 1481 1713 medio
1499 1660 1716 1719 nationis
1726 1676 1895 1730 prava:

2000 478 2123 527 dum
2157 475 2485 543 apostolatus
2512 487 2668 537 quem
2710 471 2760 522 in
2790 472 2938 522 Vobis
2968 471 3191 533 accepit.
3226 468 3456 522 Vestrum
3480 484 3576 519 aa-

1999 573 2097 617 tcm
2125 562 2409 635 apostolum
2430 600 2444 624 ,
2480 571 2523 613 et
2563 561 2843 613 ministrum
2873 560 3177 612 necessitatis
3204 574 3349 623 mete,
3376 559 3573 611 mittere

1998 655 2067 705 ad
2090 670 2196 706 ros.
2226 651 2326 718 Qui
2357 666 2488 705 mea:
2517 655 2654 704 venit
2681 648 2989 703 necessitati
3021 648 3323 700 ministrare
3350 661 3446 714 pro
3477 662 3573 699 vo—

1998 743 2101 796 bis.
2132 742 2383 808 Quoniam
2410 740 2607 809 quidem
2636 754 2809 790 omncs
2840 753 2923 789 vos
2953 736 3290 788 desiderabat.
3331 734 3578 789 Charita-

2000 839 2103 885 tem
2144 830 2260 899 ejus
2306 831 2407 883 illis
2437 829 2620 882 nititur
2650 826 3044 881 commendare.
3081 833 3139 878 ut
3172 834 3225 878 et
3256 826 3367 892 ipse
3400 825 3465 878 ab
3495 825 3575 879 eis

1997 921 2223 988 amplius
2255 921 2523 989 diligatur.
2559 918 2624 970 Et
2655 928 2855 971 maestus
2885 926 3014 981 erat,
3041 926 3304 987 propterea
3325 916 3459 984 quod
3480 932 3574 967 au-

1997 1011 2206 1064 dicratis
2234 1010 2380 1063 illum
2408 1010 2743 1075 inﬁrmatam,
2775 1024 2893 1060 nam
2933 1018 2978 1059 et
3011 1008 3296 1074 inﬁrmatus
3318 1012 3399 1058 est
3419 1020 3576 1073 usque

1997 1102 2312 1154 admortem.
2354 1099 2604 1153 Tristitia:
2643 1107 2835 1152 Vestrae
2874 1112 3029 1151 causa
3072 1105 3293 1150 maenas
3333 1105 3466 1157 erat,
3509 1109 3575 1148 eo

1997 1194 2136 1263 qutnd
2178 1209 2270 1246 vos
2311 1208 2405 1262 per
2443 1192 2761 1246 inﬁrmitatis
2799 1207 2908 1244 sum
2949 1191 3191 1245 nuntium
3230 1189 3575 1244 contristatos

2000 1282 2226 1335 timeret.
2243 1280 2349 1336 Sed
2367 1280 2610 1333 Dominus
2626 1282 2859 1333 misertus
2872 1290 2944 1333 est
2955 1284 3066 1351 ejus
3079 1296 3098 1333 :
3114 1296 3213 1333 non
3228 1280 3389 1333 solum
3402 1287 3575 1331 autem

1998 1378 2129 1446 ejus,
2153 1392 2324 1429 verum
2351 1375 2505 1428 etiam
2533 1385 2578 1427 et
2606 1374 2725 1427 mei.
2752 1373 2995 1426 Misenus
3033 1382 3113 1426 est
3149 1373 3286 1442 ejus,
3319 1381 3373 1425 ut
3403 1370 3570 1438 majo-

1998 1482 2110 1520 rem
2156 1467 2398 1519 ducendo
2445 1465 2659 1533 colligat
2707 1464 2956 1517 fructum.
3010 1462 3091 1516 Ne
3137 1462 3392 1514 tristitiam
3421 1476 3575 1526 super

1999 1557 2252 1610 tristitiam
2283 1558 2536 1611 haberem.
2569 1544 2646 1608 Ne
2676 1554 2939 1608 tristitiam
2971 1553 3201 1607 carceris
3230 1534 3575 1605 desolationis

1999 1659 2234 1719 augeret.
2277 1647 2624 1702 Festinantius
2654 1662 2773 1716 ergo
2801 1648 2911 1700 misi
2942 1647 3107 1708 illum,
3151 1653 3205 1697 ut
3233 1645 3337 1698 viso
3367 1660 3444 1711 eo,
3477 1644 3573 1696 ite-

312 1751 369 1796 οι
394 1759 659 1811 perversa.
712 1745 841 1810 Quae
863 1759 1074 1802 omnem
1115 1747 1483 1803 rationabilem
1511 1763 1545 1803 ο
1576 1748 1750 1802 dinem
1781 1765 1899 1817 ρων·
1933 1735 1973 1789 Β
2002 1760 2112 1795 rum
2137 1744 2419 1814 gaudeatis.
2444 1742 2545 1795 Pro
2568 1739 2718 1809 cujus
2740 1739 2978 1793 absentia
3004 1735 3374 1805 tristabamini.
3400 1733 3462 1787 Et
3484 1752 3574 1805 ego

313 1837 482 1887 vertit
504 1844 554 1888 et
585 1835 756 1903 perdit
776 1835 1087 1892 inﬁdelitate
1116 1852 1232 1891 sua.
1258 1837 1404 1891 Inter
1427 1856 1548 1907 quos
1571 1839 1747 1892 lucetis
1770 1840 1899 1893 sicut

313 1923 600 1977 luminaria
628 1926 680 1978 in
708 1927 919 1979 mundo.
961 1926 1049 1982 Sic
1088 1927 1257 1983 luceat
1281 1928 1371 1983 Dei
1409 1944 1575 1998 genus
1614 1930 1665 1983 in
1703 1944 1899 1998 genere

318 2012 582 2081 humano,
616 2015 750 2069 sicut
781 2016 860 2071 sol
890 2025 945 2071 et
974 2017 1095 2071 luna
1127 2016 1179 2071 iu
1209 2019 1407 2072 mundo
1436 2036 1446 2071 :
1480 2020 1528 2072 id
1570 2029 1671 2085 est,
1712 2033 1899 2073 amnes

314 2104 572 2160 Catholici
602 2107 739 2160 inter
769 2106 1083 2173 haereticos,
1123 2107 1337 2163 Iudaeos
1388 2118 1442 2163 et
1478 2124 1724 2179 paganos.
1772 2108 1897 2162 Ver-

315 2196 443 2247 bum
468 2199 580 2250 vita:
600 2200 926 2259 continentes.
960 2197 1028 2253 Ut
1057 2199 1303 2267 exmuplo
1329 2211 1505 2253 vestro
1535 2200 1899 2253 illuminentur

317 2298 381 2342 et
423 2290 605 2343 verbo.
640 2292 718 2344 Ad
744 2292 960 2360 gloriam
1000 2309 1181 2347 meam.
1225 2292 1399 2347 Gloria
1443 2293 1606 2360 patris
1635 2291 1776 2344 ﬁlius
1814 2305 1899 2342 sa-

318 2380 501 2447 piens,
534 2381 601 2432 ait
637 2380 908 2442 Salumon,
944 2382 1199 2449 perfectio
1238 2382 1619 2452 discipulorum
1660 2381 1898 2445 magistri

316 2468 507 2535 gloria
534 2470 927 2537 comprobatur.
969 2469 1034 2523 In
1074 2472 1157 2525 die
1182 2472 1394 2528 Christi.
1438 2471 1495 2525 lu
1532 2472 1671 2525 diem
1709 2471 1895 2539 judicii

316 2557 546 2611 Christi.
574 2560 708 2623 Quia
732 2577 829 2614 non
858 2562 911 2614 in
936 2577 1148 2615 vacuum
1174 2563 1398 2625 cucurri,
1430 2578 1589 2631 neque
1616 2562 1668 2614 in
1689 2578 1898 2616 uacuum

316 2646 573 2702 laboraui.
608 2650 707 2717 Qui
743 2651 899 2707 talem
930 2652 1036 2707 Deo
1067 2653 1316 2722 pupulum
1345 2652 1619 2721 acquisivi.
1657 2653 1763 2707 Sed
1786 2663 1833 2715 et
1856 2654 1900 2705 si

312 2740 564 2794 immolor
582 2758 733 2813 super
777 2744 1108 2814 sacriﬁcium.
1136 2745 1239 2802 Sed
1269 2743 1482 2801 etiamsi
1511 2744 1759 2816 occidam
1778 2746 1903 2817 quia

312 2833 648 2888 sacrilicium
687 2842 743 2889 et
778 2835 1088 2904 ob~equium
1143 2838 1263 2893 ﬂdei
1312 2849 1500 2893 vestra:
1555 2841 1720 2895 obtuli
1766 2841 1894 2902 Deo,

314 2920 488 2976 vineit
527 2923 773 2992 gaudium
813 2926 1080 2993 prolectus
1118 2928 1281 2981 vestri
1316 2928 1572 2997 justitiam
1614 2946 1783 2999 parm.-
1815 2931 1895 2985 vel

312 3011 531 3066 mortis.
567 3012 629 3065 Et
661 3014 949 3084 obsequium
977 3018 1098 3083 ﬁdei
1120 3029 1311 3084 vestrte,
1333 3020 1529 3089 gaudeo
1556 3030 1602 3073 et
1629 3032 1899 3092 congratu-

2000 1836 2108 1890 sine
2145 1835 2348 1888 tristitia
2385 1850 2517 1886 sum.
2570 1833 2697 1898 Quae
2744 1828 2871 1885 mihi
2894 1829 2960 1883 de
2991 1844 3166 1883 veStra
3194 1827 3410 1882 tristitia
3436 1837 3571 1882 erat.
3648 1832 3649 1835 “

2001 1925 2236 1993 Excipite
2278 1926 2450 1995 itaque
2493 1924 2639 1977 illum
2676 1938 2790 1976 cum
2833 1921 2972 1974 omni
3009 1920 3194 1989 gaudio
3230 1918 3285 1971 in
3333 1918 3571 1971 Domino.

1999 2017 2163 2085 Quasi
2196 2016 2500 2081 Dominum,
2554 2026 2603 2070 et
2636 2029 2704 2069 ne
2730 2012 2868 2082 quod
2901 2011 3203 2081 scrupulum
3234 2010 3299 2064 de
3327 2015 3443 2076 ejus
3470 2019 3574 2063 tar-

2000 2109 2167 2161 ditate
2212 2116 2480 2161 nascatur.
2541 2105 2603 2157 Et
2648 2104 2898 2174 eusmodi
2947 2120 3064 2155 cum
3106 2102 3293 2153 honore
3322 2099 3572 2151 habetote.

1999 2198 2113 2252 Non
2155 2199 2324 2250 Solum
2366 2196 2533 2261 liuuc,
2566 2195 2659 2247 sed
2693 2207 2739 2247 et
2782 2193 3025 2246 homines
3067 2188 3392 2258 bujusmodi.
3436 2189 3575 2253 Quo-

2002 2287 2136 2339 niam
2162 2296 2367 2355 prapter
2395 2301 2521 2351 Opus
2549 2283 2755 2335 Christi.
2802 2281 2900 2347 Qui
2932 2280 3079 2349 quasi
3122 2292 3213 2331 reo
3253 2293 3356 2328 non
3398 2274 3572 2328 timuit

2002 2365 2321 2429 ministrare.
2354 2373 2520 2441 Usque
2540 2374 2607 2424 ad
2629 2381 2840 2423 mortem
2870 2370 3096 2432 accessit,
3128 2368 3331 2419 tradens
3353 2365 3574 2417 animam

1999 2481 2166 2519 suam.
2211 2465 2429 2517 Paratus
2467 2462 2532 2516 ad
2574 2472 2822 2515 mortem.
2866 2458 2931 2512 Ut
2968 2458 3197 2525 impleret
3234 2457 3308 2521 id,
3339 2455 3475 2523 quod
3513 2471 3574 2505 ex

2000 2558 2136 2609 vobis
2164 2559 2335 2609 deerat
2360 2571 2482 2625 erga
2520 2569 2680 2605 meum
2712 2550 3022 2617 obsequium.
3066 2547 3134 2602 Ut
3173 2555 3406 2601 vestrum
3447 2559 3571 2615 erga

2002 2664 2087 2703 me
2110 2646 2344 2711 ofﬁcium
2379 2661 2475 2714 pro
2501 2644 2748 2701 omnibus
2774 2643 2918 2695 solus
2951 2640 3213 2709 impleret.
3398 2640 3399 2647 ‘

2070 2737 2196 2791 CAP.
2225 2751 2303 2791 ιιι.
2334 2734 2408 2789 De
2433 2742 2631 2798 ca'tero,
2664 2734 2845 2801 fratres
2874 2730 2994 2796 mei,
3014 2727 3227 2797 gaudete
3246 2727 3298 2779 in
3324 2723 3562 2777 Domino.

2001 2838 2116 2891 Non
2148 2838 2197 2890 iu
2232 2841 2389 2890 rebus
2416 2834 2618 2897 smculi,
2647 2840 2725 2886 vel
2757 2822 2808 2885 in
2836 2819 3015 2898 aliquo
3044 2832 3235 2896 pra‘tcr
3263 2824 3566 2883 Dominum.

2002 2927 2196 2982 Eadem
2218 2926 2356 2979 uobis
2394 2924 2609 2977 scribere
2652 2922 2776 2974 mihi
2800 2921 3002 2990 quidem
3033 2934 3134 2971 non
3181 2918 3405 2989 pigrum,
3434 2916 3572 2969 vobis

1998 3027 2165 3070 autem
2196 3016 2551 3069 necessarium.
2582 3011 2780 3066 Eadem
2813 3020 3053 3077 repetere
3082 3022 3197 3079 qua:
3242 3007 3399 3063 etiam
3432 3022 3572 3076 prat-

311 3103 402 3156 lor
421 3105 654 3158 omnibus
674 3108 826 3160 vobis.
874 3109 995 3163 Sive
1024 3112 1148 3178 quia
1188 3126 1377 3167 νεεδ-ω
1418 3113 1544 3167 fidei
1577 3114 1891 3181 ministravi,
1922 3095 1966 3155 (ἶ
1998 3123 2141 3171 sens,
2173 3106 2307 3163 sicut
2353 3106 2557 3173 plautas
2601 3104 2795 3170 sa-pius
2833 3100 3124 3169 adaequnri,
3180 3113 3284 3152 non
3330 3107 3412 3152 est
3451 3098 3568 3151 inu-

312 3203 381 3245 ut
412 3194 522 3248 Deo
562 3195 612 3248 in
646 3196 793 3251 vobis
834 3198 883 3252 id
916 3208 1194 3266 operante,
1224 3212 1275 3257 et
1306 3219 1389 3258 me
1420 3204 1740 3273 praedicante
1778 3222 1896 3263 cre-

308 3283 545 3339 deretis.
571 3282 599 3337 1
604 3286 656 3337 di
661 3303 805 3353 psum
818 3292 984 3341 autem
1002 3292 1216 3360 gaudete
1233 3302 1281 3346 et
1296 3280 1727 3366 congratulantiui
1749 3299 1892 3350 mihi.

313 3375 607 3430 Praamimn
636 3380 718 3431 est
747 3394 839 3447 pro
879 3381 1029 3435 Vobis
1070 3384 1262 3438 occidi.
1304 3384 1467 3453 Spero
1496 3397 1658 3439 autem
1706 3387 1759 3440 in
1790 3387 1894 3441 Do-

311 3466 459 3517 mino
484 3462 606 3519 Iesu
632 3467 947 3523 Timotheum
976 3473 1071 3525 cito
1110 3475 1307 3527 mittere
1341 3476 1408 3525 ad
1434 3490 1539 3529 vos.
1582 3476 1675 3529 Dat
1713 3492 1893 3530 exem-

313 3556 467 3625 plum
491 3572 594 3609 non
621 3558 827 3624 timere,
858 3576 899 3615 s-
920 3561 951 3615 d
986 3564 1163 3615 omnia
1194 3565 1292 3618 sub
1317 3578 1410 3632 spe
1438 3568 1643 3621 llomini
1675 3571 1894 3636 promi-‘-

311 3649 499 3720 tenda.
544 3650 609 3702 Ut
648 3661 694 3703 et
732 3667 825 3722 ego
862 3653 993 3706 bono
1028 3658 1201 3707 animo
1234 3656 1349 3717 sim,
1381 3658 1593 3725 cognitis
1621 3677 1732 3728 qtae
1759 3662 1895 3714 circa

308 3734 406 3790 ὗες
445 3749 581 3794 sunt.
622 3740 677 3795 Si
711 3756 803 3795 vos
842 3758 973 3797 mea:
1016 3746 1288 3809 passiones
1328 3746 1547 3801 minime
1587 3752 1887 3803 terruerint.

312 3828 603 3882 Neminem
618 3831 749 3883 enim
773 3832 930 3884 habeo
960 3843 1063 3886 tam
1092 3838 1400 3903 unanimem,
1428 3840 1513 3906 qui
1539 3840 1734 3899 sincera
1768 3842 1892 3907 affe—

308 3921 485 3972 ctione
511 3920 602 3989 pro
630 3921 766 3974 vobis
795 3923 1043 3977 sollicitus
1064 3925 1147 3976 εἰς’.
1191 3927 1288 3991 Qui
1318 3928 1385 3979 ita
1420 3944 1626 3981 mecum
1653 3947 1747 3997 pro
1776 3947 1893 3982 0m-

308 4012 465 4065 nium
505 4012 677 4068 salute
714 4015 969 4068 sollicitus
1008 4018 1094 4069 sit.
1141 4016 1327 4071 Omnes
1356 4021 1490 4073 enim
1517 4038 1608 4074 sua
1637 4032 1887 4089 qmerunt.

308 4101 433 4156 Non
474 4106 616 4157 enim
656 4105 708 4157 in
736 4107 970 4161 Ecclesia
1010 4108 1205 4164 Christi
1250 4120 1393 4173 time,
1438 4122 1632 4179 printer
1672 4113 1888 4166 Paulum

309 4197 615 4259 apostolum
654 4211 707 4251 et
732 4198 1069 4255 'l‘inmtlieum
1101 4213 1235 4268 erat,
1258 4204 1346 4271 qui
1369 4219 1621 4273 germane
1647 4206 1717 4261 de
1734 4222 1891 4275 grege

308 4287 577 4343 sollicitus
622 4301 796 4356 esset;
837 4293 928 4354 sed
978 4280 1276 4362 contigerat
1303 4304 1360 4350 ut
1400 4300 1489 4351 illo
1521 4305 1891 4366 temporecum

314 4376 655 4433 Timetlieum
690 4383 852 4447 misit,
881 4384 1023 4435 circa
1053 4399 1112 4437 se
1139 4385 1297 4439 alium
1324 4385 1394 4440 de
1423 4388 1544 4441 tiliis
1580 4404 1683 4441 non
1728 4388 1889 4442 babe-

2000 3199 2117 3254 tile.
2155 3197 2337 3253 Videte
2365 3211 2535 3249 canes.
2556 3194 2751 3248 Contra
2774 3191 3115 3261 Evangelium
3150 3190 3420 3244 latrantes.
3439 3187 3574 3241 Hinc
3664 3184 3669 3189 ’

1991 3281 2101 3350 iam
2132 3298 2319 3342 contra
2350 3283 2843 3356 pseudoapostolos.
2894 3280 3071 3335 Videte
3105 3280 3266 3334 malos
3295 3279 3568 3349 operarios.

1953 3446 1961 3453 _
1998 3379 2260 3449 Quidquid
2294 3394 2391 3432 nos
2413 3378 2757 3441 aadilicamus,
2788 3378 3063 3429 destruere
3088 3382 3369 3428 conantur.
3392 3371 3574 3424 Videte

1997 3467 2613 3525 concisiouem.C0ncisio
2633 3468 2754 3529 ista,
2783 3481 2887 3520 non
2917 3465 3269 3518 circumcisio.
3304 3461 3414 3516 Nos
3439 3461 3573 3516 enim

1995 3581 2172 3618 smnus
2199 3563 2534 3617 circumcisio.
2572 3559 2679 3613 Nos
2707 3571 2889 3612 sumus
2930 3558 3041 3610 veri
3072 3556 3257 3616 Juulasi,
3301 3555 3420 3623 quia
3467 3568 3572 3607 non

1997 3652 2155 3707 unius
2182 3652 2406 3706 membri
2454 3650 2665 3718 pellem,
2689 3647 2779 3701 sed
2829 3647 2988 3699 tntius
3023 3648 3199 3697 carnis
3236 3643 3394 3697 simul
3440 3643 3567 3696 vitii

1996 3747 2407 3815 atnputavimus.
2444 3743 2551 3808 Qui
2587 3742 2771 3808 spiritu
2810 3738 2916 3791 Deo
2946 3738 3207 3790 servimus.
3233 3735 3331 3801 Qui
3379 3749 3572 3789 secun-

1997 3839 2120 3890 dum
2153 3834 2439 3889 .lcreminm
2466 3829 2641 3884 cordis
2674 3828 2988 3897 prmputium
3019 3823 3469 3880 circumcidimus.
3506 3824 3572 3877 Et

1996 3923 2353 3996 gloriamurin
2385 3920 2588 3973 Christo
2632 3918 2778 3985 Jesu,
2825 3927 2872 3970 et
2917 3933 3018 3969 non
3058 3917 3112 3969 in
3155 3930 3307 3969 carne
3331 3915 3573 3984 ﬁduciam

1996 4017 2252 4069 habentes.
2285 4013 2450 4081 Cujus
2497 4011 2599 4064 lide
2628 4012 2738 4063 sola
2766 4006 3036 4077 justificati
3078 4021 3285 4071 sumus,
3315 4022 3417 4060 non
3460 4005 3577 4065 cir:

1995 4110 2322 4163 cumcisioue
2352 4106 2573 4162 carnali.
2612 4107 2911 4169 Cuanquam
2950 4118 3040 4172 ego
3070 4100 3280 4153 habeam
3313 4099 3573 4165 conﬁden-

1994 4205 2115 4254 tiam
2144 4212 2188 4253 et
2231 4202 2283 4254 in
2324 4216 2493 4253 carne.
2518 4197 2593 4252 Ne
2622 4198 2739 4266 quis
2771 4205 2915 4264 putet
2962 4211 3047 4249 me
3077 4194 3177 4248 hoc
3221 4194 3339 4249 ideo
3367 4194 3573 4258 dicere,

1993 4296 2143 4364 quasi
2184 4309 2283 4361 ego
2311 4291 2573 4361 gloriandi
2622 4305 2723 4341 non
2769 4288 2990 4341 habeam
3029 4300 3261 4349 causam,
3287 4293 3341 4340 et
3370 4285 3571 4338 idcirco

1993 4386 2210 4453 glorier.
2241 4382 2299 4438 Si
2342 4382 2452 4449 quis
2468 4382 2628 4433 'alius
2667 4380 2864 4432 ridetw
2906 4378 3161 4446 canﬁdere
3196 4378 3250 4429 in
3281 4393 3451 4440 carne,
3478 4391 3573 4446 ego

313 4476 422 4531 rrt,
456 4468 548 4520 sed
574 4472 890 4525 mercenarii
922 4486 1041 4525 cum
1073 4472 1165 4526 illo
1190 4483 1390 4535 essent.
1417 4475 1464 4527 id
1491 4485 1592 4540 est,
1625 4491 1720 4530 sua
1747 4494 1890 4547 qum-
1920 4461 1970 4519 Ῑ)
1997 4480 2178 4549 magis,
2211 4475 2537 4529 circumcisus
2566 4482 2741 4526 octava
2793 4472 2893 4525 die.
2927 4471 3059 4536 Quia
3112 4468 3247 4524 forte
3295 4469 3453 4536 aliqui
3504 4484 3571 4522 ex

313 4567 518 4611 rentes.
551 4558 655 4613 Sua
684 4572 931 4628 quan-unt
960 4565 1238 4619 commoda
1269 4566 1347 4620 vel
1371 4568 1623 4636 quietem,
1649 4569 1804 4623 nol--n
1831 4585 1887 4624 ei

313 4664 415 4716 pro
454 4642 677 4705 aliorum
725 4640 966 4709 tribulari
1012 4658 1202 4714 salute.
1234 4658 1355 4713 Non
1393 4677 1504 4727 qua’
1544 4670 1661 4714 sunt
1703 4662 1886 4716 Chrisri

314 4741 463 4797 Iesu.
498 4742 914 4813 Experimentum
961 4759 1131 4802 autem
1159 4753 1269 4820 ejus
1316 4756 1618 4821 cognoscite.
1662 4753 1759 4820 Qui
1794 4770 1887 4822 pro

312 4836 491 4888 salute
540 4838 773 4890 omnium
821 4855 918 4893 nec
960 4841 1097 4893 muri
1147 4844 1429 4897 recusavit.
1482 4845 1735 4910 Quoniam
1759 4848 1895 4898 sicut‘

312 4925 453 4992 patri
498 4924 636 4991 ﬁlius
682 4944 876 4980 mecum
924 4930 1123 4982 seruiuit
1165 4930 1537 5001 inEvaugelio.
1585 4933 1883 4988 Secundum

317 5017 622 5079 Inoininem,
676 5032 891 5085 propter
938 5006 1205 5077 hominem
1255 5024 1424 5079 iactus
1473 5036 1551 5080 est
1605 5041 1770 5095 usque
1822 5028 1885 5080 ad

317 5118 547 5159 mora-tn
577 5108 873 5172 obediens;
922 5120 975 5164 et
1019 5113 1214 5168 aliter:
1248 5115 1339 5169 Sic
1375 5118 1596 5170 servivit
1640 5127 1887 5187 tanquam

314 5211 419 5263 ego
472 5209 592 5249 eum
642 5199 925 5252 carnaliter
965 5202 1288 5277 geuq'sse-n.
1349 5204 1501 5259 Ilunc
1546 5207 1702 5276 igitur
1740 5224 1889 5275 spero

224 5368 227 5371 ἢ
315 5304 397 5341 me
426 5289 618 5342 mittere
645 5306 763 5345 mea:
792 5300 845 5344 ut
876 5295 1045 5346 videro
1075 5310 1185 5362 qua:
1213 5297 1348 5349 circa
1378 5314 1455 5351 me
1498 5310 1614 5351 sunt
1646 5317 1658 5352 :
1690 5300 1889 5363 conﬁdo

312 5394 486 5435 autem
514 5385 564 5435 in
593 5383 835 5452 Domino,
863 5388 1014 5453 quani
1035 5403 1099 5440 .m
1127 5398 1173 5440 et
1201 5391 1308 5455 ipse
1336 5392 1531 5441 veniam
1560 5392 1627 5443 ad
1657 5408 1741 5445 uos
1770 5396 1887 5445 cito.

316 5474 452 5536 Quia
480 5474 637 5529 modo
660 5476 831 5529 adhuc
863 5478 1094 5530 incertus
1124 5493 1264 5544 sum,
1292 5479 1382 5548 qui
1409 5480 1476 5535 de
1506 5481 1785 5537 Timotheo
1817 5486 1894 5534 lo-

317 5578 477 5631 quor.
531 5564 890 5621 Necessarium
937 5578 1105 5623 autem
1158 5570 1461 5624 existimari.
1520 5570 1888 5629 Necessarium

322 5652 494 5710 vobis.
517 5654 922 5725 Epaphroditum
945 5664 1169 5725 ’ratrem,
1184 5670 1230 5713 et
1252 5672 1648 5718 coooeratorem.
1667 5661 1886 5727 Propter

1996 4569 2102 4621 illis
2134 4566 2389 4635 pr0>elyti
2410 4572 2581 4617 erant.
2617 4561 2694 4615 Ex
2716 4577 2897 4631 genere
2923 4559 3106 4625 Israel,
3141 4560 3202 4612 de
3223 4561 3355 4613 tribu
3380 4559 3571 4631 Benjao

1995 4664 2122 4725 min,
2146 4662 2391 4715 Ilebrteus
2417 4678 2479 4715 ea:
2510 4660 2759 4713 Ihbrrris.
2784 4661 2910 4725 Quae
2939 4675 3147 4727 Semper
3179 4661 3273 4713 fuit
3296 4676 3413 4716 eum
3436 4660 3572 4713 .luda

1990 4751 2293 4820 conjuncta.
2319 4750 2614 4805 Secundum
2643 4751 2801 4820 legem
2848 4747 3159 4801 Pltaristeus.
3187 4748 3567 4815 [.egisperitus.

1996 4851 2287 4905 Secundum
2346 4848 2716 4903 cumulationem
2770 4861 3067 4912 persequens
3110 4842 3396 4899 Ecclesium
3451 4844 3570 4899 Dei.

1996 4943 2219 4996 Tantam
2276 4940 2669 4993 :emuiat-onem
2722 4935 2880 4990 habui
2929 4946 2981 4989 et
3028 4935 3159 5003 legis
3208 4950 3466 5001 amorem,
3514 4946 3571 4990 ut

1993 5028 2148 5085 etiam
2184 5030 2429 5083 Et-rlesim
2471 5028 2560 5081 Dei
2596 5035 2901 5093 persecutor
2942 5025 3249 5079 existercm.
3276 5026 3574 5080 Secundum

1983 5121 2241 5191 jtl-xlililﬂll
2285 5134 2395 5185 qua!
2426 5118 2475 5169 iu
2508 5118 2613 5185 lege
2643 5124 2735 5169 est.
2768 5117 3011 5168 Omnium
3048 5115 3483 5186 justilicationutn
3516 5127 3573 5171 ct

1994 5205 2904 5264 cau'emoniarum.Couvcrsatussine
2916 5206 3140 5274 querela,
3158 5216 3262 5261 etc.
3283 5209 3570 5275 Impleham

1997 5302 2183 5370 iugem,
2206 5317 2294 5366 pm
2318 5309 2395 5353 ter
2422 5299 2519 5351 hoc
2537 5307 2758 5361 tantum,
2776 5297 2896 5363 quia
2915 5315 3017 5351 non
3031 5298 3313 5352 credebam
3332 5299 3572 5363 Christo,

2000 5409 2153 5460 quem
2182 5392 2262 5443 lex
2298 5391 2641 5457 promiserat;
2675 5391 2816 5457 prior
2839 5390 2907 5442 lui
2942 5389 2993 5443 in
3025 5388 3271 5444 onmibus
3301 5390 3352 5442 in
3380 5390 3572 5459 quibus

1998 5483 2071 5536 illi
2116 5482 2246 5550 glori
2270 5491 2425 5545 rutur,
2458 5481 2548 5534 sed
2579 5481 2698 5550 quia
2730 5481 2830 5535 hoc
2878 5490 3114 5547 tempore
3144 5480 3230 5533 illa
3261 5496 3363 5532 non
3394 5482 3573 5537 valere

1997 5574 2241 5644 cognovi,
2278 5572 2400 5626 ideo
2428 5587 2489 5627 ea
2524 5583 2771 5641 tanquam
2804 5572 3121 5627 detrimenta
3156 5571 3239 5625 bal
3261 5586 3347 5635 eo,
3376 5583 3429 5627 et
3457 5576 3572 5627 nul-

2000 5667 2096 5719 lius
2143 5665 2392 5719 «noun-nti
2442 5663 2599 5719 duco.
2631 5663 2805 5718 Potuit
2836 5662 2976 5718 enim
3014 5677 3135 5719 esse
3164 5661 3303 5720 intus
3345 5662 3396 5719 in
3441 5664 3572 5721 atie-

3080 5811 3113 5835 ς

3020 5854 3059 5865 κ
