3884 6172
330 313 434 367 (733

1438 291 1739 349 PRIMASII
1778 287 2227 345 ADRUMETANI
2272 291 2480 347 EPISC.

3426 294 3577 353 -635

334 425 602 482 cti0nibus
635 416 811 492 pravis
844 416 1220 488 prmvaricator
1242 411 1393 480 legis,
1423 417 1474 464 et
1497 418 1670 461 tamen
1696 403 1908 470 conSpi-
1938 403 1993 464 Ᾱ
2017 412 2134 456 tans
2182 405 2247 457 ad
2298 405 2503 472 poziora
2554 402 2742 458 festino
2773 420 2787 459 :
2818 403 2931 459 sive
2969 403 3140 475 legem
3171 405 3491 459 obliviscens
3520 409 3586 460 ιιι

328 532 431 573 cna
460 529 621 584 opera
655 511 786 582 legis
820 511 1064 579 implere.
1119 508 1196 559 vel
1254 506 1345 558 tim
1386 518 1441 556 re
1494 501 1789 561 hominum,
1826 495 1911 549 vel

334 611 498 677 ipsius
531 602 646 668 Dei.
678 603 772 659 sed
821 616 994 671 paenae
1047 596 1349 659 formidine,
1402 608 1507 647 non
1540 591 1827 644 dilectione
1861 596 1913 639 et

332 697 685 753 delectatione
710 692 947 761 iustitiae.
973 687 1101 742 Nam
1144 685 1379 757 profecto
1425 684 1476 736 in
1508 684 1618 749 ipsa
1652 682 1791 734 intus
1823 695 1913 731 vo-

331 792 538 844 luntate
589 792 794 854 peccat,
833 781 923 851 qui
974 794 1077 833 non
1124 778 1413 837 voluntate,
1461 773 1553 825 sed
1587 772 1774 824 timore
1807 783 1910 821 non

336 888 545 949 pect'at,
579 878 628 929 in
657 875 848 944 quibus
898 868 1237 926 interioribus
1281 868 1393 920 suis
1441 863 1596 916 talem
1645 877 1702 915 se
1751 862 1914 915 fuisse

339 968 538 1031 sciens,
569 964 760 1035 quibus
790 977 849 1017 se
874 964 1037 1015 vitam
1068 958 1284 1029 putabat
1328 954 1627 1023 acquirere.
1664 949 1806 1015 llaec,
1836 951 1914 1003 in-

256 1082 257 1085 η
341 1058 478 1127 quit,
510 1065 725 1126 propter
753 1052 1023 1107 Christum
1048 1059 1298 1118 tanquam
1323 1046 1697 1115 impedimenta
1722 1039 1911 1108 abjeci.

341 1148 424 1204 Ad
473 1145 922 1215 comparationem
973 1140 1171 1193 inventi
1220 1137 1333 1191 auri
1379 1133 1741 1190 contemnitur
1782 1138 1915 1207 ait-a-

345 1248 602 1302 mentum,
646 1234 888 1303 quamvis
934 1241 1217 1299 utrumque
1259 1227 1325 1281 sit
1356 1226 1404 1281 ei
1430 1240 1527 1279 suo
1558 1234 1795 1292 tempore
1825 1236 1916 1274 ne-

342 1330 655 1383 cessarium.
681 1325 829 1378 Tunc
866 1323 967 1375 erit
1010 1319 1148 1384 apud
1182 1318 1424 1371 homines
1454 1315 1693 1369 eminens
1721 1311 1913 1366 Christi

344 1418 589 1481 scientia,
614 1414 829 1484 quando
860 1411 1017 1465 fuerit
1039 1411 1105 1463 ah
1135 1416 1438 1476 eopmpter
1465 1403 1574 1458 Chr
1596 1412 1733 1455 stum
1765 1414 1917 1453 mun-

342 1510 443 1563 dus
468 1516 823 1574 contemptus.
856 1503 1048 1557 Omnia
1081 1496 1470 1554 Cteretunnialia
1523 1492 1655 1564 legis
1693 1489 1914 1560 projeei.

346 1603 590 1654 Stercore
639 1596 880 1650 ciborum
927 1590 1314 1660 suntreléqnite
1344 1598 1397 1643 et
1427 1600 1604 1641 rerum
1652 1581 1918 1652 quondam

347 1689 555 1744 utilium
587 1692 953 1755 purgamenta.
987 1678 1054 1736 Ut
1077 1680 1335 1734 Christum
1358 1676 1696 1744 lucrifaciam,
1722 1684 1767 1726 et
1784 1673 1921 1725 inre-

2013 501 2243 563 perlecta
2280 495 2549 563 Evangelii
2583 505 2848 563 prmcepta
2879 511 2964 550 me
3000 495 3248 550 extendo.
3286 495 3586 563 l'ersrquor,

2011 585 2079 636 ad
2126 585 2351 637 brevium
2395 600 2631 653 superate
2668 585 2947 639 vocationis
2997 586 3089 638 Dei
3127 589 3179 637 in
3210 587 3412 639 Christo
3448 583 3594 641 Iesu.

2012 673 2161 739 Quod
2192 672 2456 741 perfectus
2482 673 2725 726 Chrisrus
2752 674 2995 742 promisit
3025 675 3077 726 i=t
3102 676 3272 728 cmlis.
3292 676 3594 742 Quicunque

2013 780 2131 832 ergo
2158 766 2391 832 perfecti,
2415 764 2511 817 hoc
2539 765 2837 818 sen'inmus.
2862 765 3175 834 Quicmtque
3199 766 3466 833 perfectus
3492 776 3594 831 est,

2015 854 2115 908 hoc
2145 856 2361 919 sentiat,
2396 863 2575 908 vetera
2605 852 2991 919 oblivisnenda,
3022 865 3075 909 et
3106 871 3245 908 nova
3296 858 3552 910 sectanda
3582 874 3596 913 :

2014 944 2137 1013 quia
2171 945 2389 1011 perfecti
2433 945 2622 998 deben.
2662 959 2781 997 esse
2813 944 3309 1014 discipuliﬂhtjisti.
3343 945 3439 999 Est
3470 962 3601 1015 ergo

2017 1051 2155 1091 nunc
2187 1036 2497 1105 imperfecta
2546 1052 2624 1101 pet
2642 1036 2721 1090 fec
2749 1037 2838 1097 io;
2872 1053 2993 1088 nam
3025 1036 3079 1089 in
3128 1036 3306 1089 futuro
3336 1038 3443 1090 erit
3474 1052 3602 1105 per-

2018 1128 2174 1182 fecta.
2205 1130 2255 1181 In
2284 1128 2459 1196 aliqua
2494 1142 2549 1180 rc
2580 1127 2679 1180 erit
2728 1125 2992 1195 perfectus
3021 1140 3037 1177 :
3072 1124 3164 1179 sed
3198 1126 3249 1177 in
3293 1126 3473 1193 aliqua
3510 1127 3604 1179 im-

2018 1216 2483 1289 perfectus.Veiut
2511 1220 2581 1271 sit
2605 1220 2711 1287 jam
2746 1220 2787 1272 si
2817 1220 3006 1287 aliquis
3036 1220 3308 1286 sapientia:
3333 1220 3607 1285 perfectus

2017 1310 2247 1373 auditor,
2272 1309 2424 1377 cujus
2450 1310 2684 1362 nondum
2719 1309 2788 1363 sit
2818 1309 3081 1375 perfectus
3112 1322 3160 1364 et
3189 1311 3393 1362 doctor.
3419 1311 3611 1365 Potest

2019 1417 2139 1456 esse
2168 1401 2438 1470 pet-fectus
2480 1409 2538 1453 ιιι
2579 1399 2764 1469 diligat
2808 1403 3073 1463 inimicos,
3103 1402 3188 1468 qui
3237 1401 3480 1455 nondum
3531 1413 3610 1455 est

2020 1495 2309 1564 perfectus,
2340 1504 2398 1548 ut
2426 1490 2664 1547 sufferat.
2687 1493 2747 1547 Et
2773 1495 2861 1562 qui
2886 1494 3063 1561 pe:fec
3090 1508 3149 1546 us
3176 1501 3259 1545 est
3285 1494 3337 1545 in
3367 1508 3437 1545 co
3464 1495 3609 1561 quod

2021 1600 2208 1639 omnes
2240 1586 2483 1639 homines
2509 1583 2700 1653 diligit,
2724 1585 2916 1652 quippe
2947 1586 3034 1652 qui
3067 1580 3225 1637 etiam
3256 1584 3319 1635 ad
3357 1585 3612 1636 inimita-

2024 1693 2138 1733 rum
2185 1677 2522 1731 dilectionem
2579 1677 2908 1744 pervenerit,
2967 1676 3225 1742 qua-ritur
3272 1683 3457 1726 utrum
3509 1674 3613 1739 jam

346 1781 461 1833 υἱον
488 1780 540 1831 in
564 1776 674 1830 illo.
706 1774 775 1829 Ul
800 1771 1067 1827 Christum
1120 1770 1343 1823 habeam
1381 1777 1562 1833 caput,
1594 1774 1647 1818 et
1696 1778 1919 1817 manens
1949 1770 1994 1829 Β
2024 1773 2094 1827 sit
2120 1773 2173 1826 in
2222 1772 2333 1839 ipsa
2378 1769 2663 1823 dilectione
2710 1766 2994 1836 perfectus.
3029 1767 3078 1819 id
3111 1778 3189 1820 est
3211 1807 3226 1829 ,
3261 1776 3442 1819 utrum
3481 1778 3617 1833 quos

343 1873 402 1926 in
431 1884 496 1924 eo
525 1867 641 1937 ejus
670 1864 970 1921 tnembrnm
997 1864 1258 1916 inveniar.
1283 1859 1404 1912 Non
1428 1859 1614 1911 habens
1640 1870 1802 1909 meam
1834 1858 1924 1927 ju-

345 1964 539 2017 stitiam
576 1976 689 2031 qua
719 1975 780 2015 ex
823 1958 933 2028 lege
959 1965 1051 2009 est.
1083 1954 1196 2009 Meo
1226 1953 1312 2007 lnb
1352 1966 1409 2005 re
1439 1946 1740 2021 qua-sitam,
1772 1951 1920 2019 quasi

350 2054 646 2109 naturalem
684 2051 780 2115 ,vel
831 2048 1074 2118 legalem.
1123 2045 1227 2101 Sed
1269 2040 1410 2097 illam
1450 2060 1564 2113 qua:
1601 2060 1663 2096 ex
1700 2034 1803 2110 ﬁde
1851 2048 1923 2094 est

351 2145 561 2200 Christi.
584 2144 689 2199 Sed
714 2143 853 2196 illam
881 2157 998 2211 quae
1024 2140 1235 2209 proprie
1261 2153 1289 2190 a
1322 2136 1431 2190 Deo
1456 2151 1546 2203 per
1571 2136 1737 2187 solam
1769 2133 1923 2186 fidem

349 2237 569 2301 Christi,
601 2250 757 2303 quam
797 2233 913 2300 ipse
943 2232 1180 2295 donavit,
1212 2228 1405 2283 collata
1437 2235 1539 2282 est.
1577 2225 1701 2292 Quae
1728 2241 1791 2277 ca:
1821 2223 1925 2276 Deo

346 2338 421 2385 est
456 2328 659 2398 jttstitia
702 2329 754 2379 in
797 2324 899 2386 ﬁde
946 2323 1013 2376 ad
1045 2319 1449 2389 cognoscendum
1490 2316 1657 2372 illum.
1692 2313 1794 2383 Qui
1825 2316 1927 2369 hoc

349 2418 613 2488 agnoscit,
640 2416 770 2471 satis
817 2418 947 2486 agit,
982 2429 1048 2468 ne
1094 2412 1193 2466 sibi
1241 2409 1441 2479 aliquid
1490 2416 1721 2476 arroget,
1770 2416 1828 2459 ut
1875 2404 1923 2459 id

352 2511 492 2579 quod
522 2510 570 2565 ei
598 2525 666 2567 ex
692 2504 859 2579 gratia
891 2506 985 2561 Dei
1027 2506 1278 2559 donatum
1326 2512 1427 2570 est,
1457 2500 1547 2555 ille
1572 2500 1649 2552 vel
1696 2499 1794 2567 legi
1831 2496 1924 2550 tti-

358 2602 485 2656 buat
513 2600 595 2655 vel
629 2609 849 2661 naturze,
876 2596 969 2651 scd
1004 2597 1113 2650 Deo
1143 2594 1265 2660 soli,
1297 2595 1449 2661 cujus
1478 2592 1673 2645 denunt
1704 2598 1805 2652 est,
1835 2590 1927 2641 de-

354 2704 527 2764 putet.
553 2692 621 2746 Et
658 2692 892 2755 uirtutem
928 2689 1311 2743 resurrectionis
1354 2688 1484 2757 ejus.
1513 2682 1579 2739 Ut
1608 2696 1924 2751 ettgnOscam

356 2786 588 2854 terfecte
614 2784 925 2839 beneficium
958 2792 1010 2836 et
1039 2782 1140 2834 vim
1172 2779 1576 2834 resurrectionis
1607 2774 1771 2838 illius,
1803 2774 1925 2844 quia

356 2880 476 2934 ideo
509 2877 818 2941 re:urrexit,
848 2884 903 2929 ut
934 2888 1032 2929 nos
1074 2872 1319 2927 similiter
1358 2883 1715 2939 resurgamus.
1752 2865 1819 2921 Et
1845 2882 1928 2920 so-

349 2972 583 3024 cietatem
623 2969 914 3039 passionum
956 2965 1116 3030 illius,
1141 2962 1484 3033 con/iguratus
1525 2958 1675 3013 morti
1712 2961 1843 3031 ejus.
1873 2958 1929 3011 Si

352 3063 495 3117 enim
525 3060 899 3125 compatimur,
927 3064 980 3110 et
1005 3053 1372 3110 convivemus.
1406 3051 1467 3107 Si
1504 3067 1603 3122 quo
1649 3051 1801 3103 modo
1844 3065 1929 3102 oc-

2026 1861 2218 1930 diligit,
2254 1868 2460 1912 tantum
2488 1857 2673 1927 diligat
2719 1865 2975 1925 quantum
3008 1856 3118 1909 ille.
3146 1854 3617 1909 lncommutabilis

2027 1956 2203 2027 regula
2227 1950 2469 2007 veritatis
2499 1948 2797 2017 diligendus
2826 1962 2945 2002 esse
2968 1946 3266 2018 praescribit
3294 1960 3307 1999 :
3338 1955 3398 1998 ut
3428 1955 3620 1999 osten-

2025 2044 2177 2099 deret
2225 2045 2515 2097 Secundum
2568 2043 2721 2097 istius
2768 2042 2887 2096 vitae
2918 2040 3133 2095 modum
3166 2054 3285 2095 esse
3314 2022 3618 2109 quamdam

2030 2152 2060 2205 p
2097 2136 2430 2198 rfectionem,
2448 2136 2605 2204 eique
2630 2133 2939 2203 perfectioni
2964 2132 3065 2186 boc
3093 2146 3304 2201 quoque
3334 2133 3616 2199 deputari,

2027 2228 2068 2279 si
2097 2241 2156 2280 se
2191 2226 2414 2294 quisque
2456 2224 2664 2278 novet-it
2696 2222 2927 2276 nondum
2950 2232 3070 2275 esse
3112 2220 3405 2289 perfectum
3446 2238 3460 2271 :
3499 2222 3620 2289 quia

2029 2318 2081 2370 itt
2114 2317 2212 2371 ista
2241 2317 2343 2371 vita
2376 2316 2662 2386 perfectam
2707 2313 3085 2384 perfectionem
3136 2328 3242 2367 non
3274 2314 3437 2366 habet
3473 2316 3616 2381 quis,

2028 2411 2146 2475 quia
2180 2421 2304 2461 οπο
2356 2407 2687 2472 concupiscit
2725 2406 2983 2460 adversus
3031 2404 3295 2473 spiritum.
3332 2404 3430 2458 llic
3488 2419 3619 2474 ergo

2032 2506 2352 2577 praeceptum
2378 2506 2487 2560 est,
2520 2505 2575 2550 ut
2597 2495 2880 2551 desideriis
2912 2496 3112 2564 peccati
3137 2511 3241 2550 non
3267 2496 3614 2549 obediatnus.

2030 2588 2103 2643 lbi
2123 2591 2242 2654 erit,
2261 2597 2319 2643 ut
2339 2588 2601 2643 desideria
2626 2587 2823 2656 peccati
2849 2601 2951 2640 non
2979 2586 3285 2650 habeamus;
3312 2595 3443 2640 tunc
3468 2590 3615 2641 enim

2028 2688 2113 2734 εει
2141 2681 2429 2734 secundum
2458 2680 2594 2733 hanc
2617 2678 2972 2733 infirmitatem
2998 2692 3093 2745 pro
3116 2693 3211 2730 suo
3239 2677 3466 2731 modulo
3499 2692 3619 2744 per-

2032 2770 2166 2827 fecta
2197 2773 2246 2826 in
2280 2773 2381 2826 hoc
2410 2772 2624 2825 saaculo.
2645 2770 2744 2824 Ista
2773 2784 2929 2839 parva
2957 2769 3177 2837 iustitia,
3198 2769 3413 2836 quando
3446 2770 3617 2823 etiam

2031 2864 2155 2934 quid
2186 2864 2283 2917 sibi
2315 2863 2491 2928 desit,
2523 2861 2791 2931 intelligit.
2828 2861 3053 2928 ldeo~jne
3084 2860 3375 2927 Apostolus
3411 2868 3471 2913 et
3516 2860 3619 2913 im-

2033 2956 2321 3027 perfectum
2358 2955 2650 3025 perfectum
2681 2968 2738 3008 se
2782 2953 2912 3006 dicit
2941 2970 2955 3007 :
2987 2950 3365 3022 imperfectum
3403 2952 3621 3007 scilicet

2032 3047 2317 3119 cogitando
2358 3056 2613 3117 quantum
2642 3045 2718 3099 illi
2748 3045 2811 3098 ad
2834 3043 3094 3113 justitiam
3123 3043 3283 3107 desit,
3314 3043 3481 3112 cujus
3508 3045 3625 3111 ple.

352 3167 556 3205 rtsrram
602 3151 671 3202 ad
715 3148 1157 3211 resurrectionem,
1193 3163 1305 3217 qua:
1352 3153 1425 3199 est
1474 3159 1537 3198 ex
1586 3142 1818 3195 mortuis.
1848 3140 1927 3195 Ad
1956 3130 2002 3193 C
2034 3141 2328 3196 nitudinem
2358 3140 2529 3194 adhuc
2561 3139 2730 3194 esurit
2759 3154 2772 3204 ;
2803 3137 3095 3205 perfectura
3137 3145 3331 3201 autem,
3367 3134 3523 3204 quod
3568 3147 3622 3191 et

356 3260 388 3310 ρ
427 3242 711 3295 rfectnrum
738 3239 1205 3300 resurrectionem,
1222 3251 1326 3290 non
1344 3235 1407 3288 ad
1433 3234 1575 3288 illam
1593 3222 1751 3303 quam
1766 3232 1923 3287 etiam

346 3331 501 3384 inviti
530 3330 818 3384 habebunt.
854 3326 976 3381 Non
996 3327 1130 3397 quod
1166 3328 1274 3395 iam
1300 3314 1599 3393 acceperim.
1633 3318 1925 3378 Pcrfectio-

345 3439 499 3494 nem,
529 3424 653 3493 quia
682 3421 803 3475 finis
846 3419 1079 3473 nondum
1126 3417 1359 3473 advenit.
1389 3417 1490 3469 Aut
1524 3416 1637 3485 jam
1671 3417 1925 3486 perfectus

350 3519 468 3572 sint.
484 3516 671 3570 Adhuc
697 3513 764 3569 de
780 3513 878 3567 hac
901 3510 1224 3581 perfectione
1246 3518 1301 3564 et
1318 3509 1385 3562 de
1410 3507 1498 3561 tali
1530 3506 1925 3562 resurrectione

346 3611 526 3663 dente
557 3606 787 3660 incertus
813 3602 1085 3674 sum,quia
1115 3610 1199 3657 est
1226 3601 1481 3670 perfectio
1510 3599 1612 3652 alia
1638 3607 1757 3667 post
1786 3595 1923 3651 hanc

346 3702 509 3751 νὴωηι
536 3717 550 3750 :
589 3697 719 3752 illud
749 3694 1042 3766 perfectum
1076 3692 1144 3747 de
1171 3708 1274 3763 quo
1304 3692 1435 3747 dicit
1476 3691 1541 3743 ad
1571 3688 1876 3745 Corinthios
1905 3704 1920 3741 :

351 3792 480 3843 ltum
511 3788 719 3844 venerit
745 3787 883 3855 quod
910 3784 1200 3855 perfectum
1234 3795 1337 3852 est,
1365 3794 1419 3837 et
1444 3780 1565 3836 alibi
1590 3799 1601 3833 :
1636 3782 1810 3835 Donec
1830 3795 1923 3835 oc-

344 3895 627 3936 curramus
677 3893 865 3934 omnes
915 3880 968 3932 in
1014 3879 1269 3933 unitatem
1324 3877 1465 3943 lidt‘i,
1500 3885 1552 3931 et
1598 3876 1921 3945 agnitionem

348 3972 469 4026 Filii
501 3971 617 4033 Dei,
638 3970 689 4023 in
711 3970 879 4024 virum
913 3968 1228 4037 perfectum,
1257 3979 1309 4021 et
1339 3967 1560 4034 reliqua,
1591 3965 1711 4034 quia
1744 3964 1795 4017 in
1824 3964 1923 4017 hoc

352 4064 553 4119 mundo
604 4065 806 4133 positus
858 4077 1037 4117 veram
1086 4060 1462 4131 perfectionem
1516 4057 1691 4111 nullus
1740 4055 1921 4119 habet,

326 4160 477 4233 quia
507 4158 621 4224 ipse
647 4156 779 4210 dixit
804 4173 816 4207 :
851 4154 1103 4208 Videmus
1131 4168 1272 4207 nunc
1301 4167 1396 4220 per
1424 4149 1727 4221 speculum,
1761 4159 1816 4203 et
1842 4164 1925 4201 re—

352 4249 517 4317 liqua.
553 4247 827 4302 Pet-fectus
855 4247 953 4299 siut
981 4263 995 4298 :
1026 4254 1276 4314 quantum
1299 4244 1364 4297 ad
1403 4242 1782 4314 perfectionem
1806 4255 1923 4310 quae

351 4343 404 4395 in
438 4343 534 4393 hat-
566 4343 670 4392 vita
714 4340 898 4392 haberi
942 4347 1116 4405 potest
1157 4352 1186 4390 a
1227 4336 1446 4401 sanctis,
1479 4338 1741 4405 perfectus
1790 4334 1919 4399 fuit;

345 4440 606 4504 quantum
643 4445 771 4483 vero
805 4429 869 4482 ad
910 4428 1053 4481 illam
1088 4427 1469 4496 perfectionem
1505 4430 1756 4496 pertinet,
1802 4441 1922 4495 quae

336 4521 456 4575 terit
496 4529 616 4587 post
659 4521 1127 4582 resurrectionem,
1159 4520 1515 4586 imperfectus.
1563 4520 1625 4571 lit
1674 4518 1795 4571 ideo
1840 4518 1924 4571 hic

326 4613 632 4682 ,quantdam
673 4610 1040 4683 imperfectam
1072 4610 1449 4678 perfeuiouem
1485 4609 1733 4664 habuisse
1766 4609 1922 4661 intel-

340 4688 595 4775 ligendus
624 4716 743 4758 est:
778 4703 901 4773 quia
948 4718 1039 4769 per
1090 4703 1268 4767 fidem,
1322 4717 1423 4754 non
1459 4715 1550 4768 ler
1581 4701 1837 4768 speciem,
1873 4708 1925 4750 t-t

340 4813 446 4868 per
491 4796 789 4865 speculum,
824 4811 928 4847 non
970 4792 1101 4847 faeie
1131 4792 1194 4846 ad
1237 4791 1424 4845 faciem
1461 4789 1689 4842 videbat.
1726 4789 1926 4854 Set/nor

338 4902 520 4944 autem
551 4890 594 4942 si
628 4887 1049 4957 comprehendant
1092 4887 1143 4939 in
1181 4902 1280 4953 quo
1308 4896 1351 4938 et
1393 4884 1787 4949 comprehensus
1812 4897 1925 4933 sum

345 5001 381 5035 α
408 4981 625 5035 Christo.
656 4982 763 5036 Sic
802 4975 1178 5047 tnpreltettdaut
1217 4971 1838 5039 tttet‘ituut-ap0>tolatus,
1872 4971 1923 5023 itt

344 5088 461 5141 quo
510 5073 804 5138 apostolatu
839 5086 867 5123 a
898 5070 1110 5123 Christo
1150 5083 1265 5121 sum
1311 5065 1750 5128 comprehensus.
1787 5058 1924 5112 Fra-

338 5172 471 5227 tres,
516 5176 609 5229 cgc
651 5176 727 5211 me
773 5175 873 5211 non
914 5159 1152 5211 arbitror.
1185 5156 1255 5211 Se
1304 5153 1631 5207 ltotniliando
1679 5152 1925 5205 omnibus

342 5273 381 5327 ε
404 5256 572 5309 ariam
602 5252 743 5316 tulit,
770 5262 820 5305 et
859 5266 1102 5319 provocat
1145 5252 1207 5302 :td
1239 5249 1553 5317 profectum.
1582 5244 1919 5315 Comprehen-

244 5372 265 5381 ε
346 5351 501 5401 disse.
520 5346 667 5400 Tuttc
695 5352 873 5399 certus
900 5357 1015 5407 ero,
1036 5343 1246 5411 quando
1276 5341 1394 5393 linis
1422 5338 1717 5392 advenerit.
1752 5338 1923 5392 Unum

351 5438 728 5494 autem.~Porro
745 5453 903 5493 unum
928 5446 1009 5491 est
1027 5450 1263 5492 necessst
1280 5436 1406 5489 ium.
1428 5435 1555 5500 Quae
1565 5433 1766 5501 quidem
1783 5443 1917 5484 retro

320 5542 463 5601 .sunt
503 5532 801 5587 oblirisrens
823 5547 842 5585 :
870 5531 936 5584 ad
967 5545 1025 5583 ea
1061 5544 1175 5581 vero
1197 5544 1310 5593 qua:
1332 5536 1447 5579 sunt
1478 5528 1719 5579 interiora
1746 5534 1922 5577 ersten-

342 5628 476 5675 σιω
495 5642 570 5676 me
596 5627 661 5679 ad
688 5626 1017 5679 destinatum.
1037 5622 1147 5676 lloc
1164 5622 1335 5674 solum
1370 5620 1505 5683 scin,
1522 5618 1639 5688 quia
1657 5618 1799 5670 dono
1831 5612 1928 5667 Dei

340 5713 577 5774 quotidi»
606 5716 838 5773 proficio.
868 5725 917 5769 et
948 5726 1108 5774 prth
1145 5715 1274 5767 itum
1310 5712 1545 5765 laborem
1576 5724 1677 5763 non
1701 5722 1914 5772 compu-

2029 3244 2180 3286 suam
2205 3229 2658 3299 imperfectionem
2691 3243 2794 3281 non
2827 3227 3112 3281 erubescit.
3142 3226 3198 3281 Si
3221 3224 3464 3293 perfecte
3495 3243 3620 3279 cur-

2029 3321 2217 3385 rimus,
2249 3320 2349 3372 hoc
2377 3317 2667 3386 sapiamus,
2696 3315 2835 3383 quod
2868 3314 3102 3368 nondum
3145 3313 3365 3381 perfecti
3395 3328 3617 3378 sumus,

2029 3420 2089 3467 ut
2117 3411 2225 3465 illic
2254 3409 2610 3480 perficiantur,
2659 3406 2797 3477 quod
2830 3404 3065 3475 perfecte
3093 3404 3265 3458 adhuc
3290 3406 3579 3458 currimus
3604 3425 3614 3458 :

2028 3511 2085 3556 ut
2110 3514 2230 3556 cum
2266 3499 2477 3554 venerit
2507 3498 2645 3566 quod
2677 3496 2967 3566 perfecmm
2997 3505 3095 3557 est,
3126 3494 3432 3549 destruatur
3466 3495 3617 3562 quod

2028 3608 2091 3647 ex
2119 3601 2267 3661 parte
2312 3599 2414 3646 est.
2454 3589 2520 3642 Et
2551 3591 2593 3642 si
2634 3589 2757 3658 quid
2800 3590 2950 3642 aliter
2981 3588 3177 3656 sapitis.
3209 3586 3263 3640 Si
3292 3586 3419 3654 quid
3455 3588 3620 3641 vobis

2027 3683 2126 3736 alia
2156 3680 2366 3735 ratione
2409 3679 2551 3734 Deus
2590 3678 2879 3734 revelavit:
2912 3678 3087 3740 aliter,
3136 3692 3238 3729 non
3287 3674 3430 3728 aliud
3460 3718 3478 3741 ,
3514 3677 3618 3731 hoc

2026 3785 2128 3839 est,
2160 3773 2263 3826 alio
2293 3785 2475 3825 St‘nSl].
2513 3770 2577 3823 Et
2606 3769 2702 3823 hoc
2729 3769 2867 3822 vobis
2899 3765 3034 3821 Deus
3086 3767 3341 3820 reuelabit.
3380 3767 3619 3821 Etiamsi

2026 3862 2150 3933 quid
2183 3863 2356 3915 minus
2389 3860 2623 3929 perfecte
2644 3860 2851 3927 sapitis,
2878 3859 3149 3912 humiliter
3179 3866 3527 3924 exspecta'e.
3562 3869 3622 3913 et

2026 3972 2055 4008 a
2088 3954 2198 4010 Deo
2229 3954 2450 4023 poscite.
2485 3954 2603 4022 Ipse
2635 3962 2807 4022 potest
2839 3951 3076 4003 revelare
3114 3946 3525 4002 ambulantibus
3567 3960 3623 4003 et

2028 4047 2427 4118 perficientibus
2451 4046 2501 4099 in
2528 4047 2611 4099 via
2646 4054 2803 4098 recite
2834 4043 2972 4095 fidei.
2997 4041 3355 4095 Verumtamen
3380 4040 3451 4093 ad
3471 4044 3624 4110 quod

2025 4143 2363 4211 pervenimus.
2413 4138 2491 4193 Ad
2537 4136 2909 4203 perfectionem
2952 4134 3084 4187 Novi
3135 4133 3497 4187 Testamenti.
3554 4133 3624 4187 Ut

2024 4233 2159 4284 idem
2205 4231 2488 4300 sapiamus.
2534 4228 2700 4292 Idem,
2748 4225 2873 4280 licet
2921 4225 3078 4278 aliter
3118 4231 3411 4276 asseratur.
3448 4218 3523 4274 Et
3567 4225 3621 4274 in

2026 4332 2199 4383 eadem
2252 4343 2543 4381 maneamus
2593 4322 2789 4393 regula.
2838 4318 2950 4374 Non
3006 4318 3146 4371 enim
3199 4319 3337 4371 scite
3402 4316 3617 4369 sufﬁcit

2027 4424 2143 4475 sine
2186 4420 2343 4473 faetn.
2381 4417 2667 4471 Imitatores
2695 4412 2790 4464 mei
2819 4420 2994 4471 estote,
3025 4409 3232 4476 fratres.
3288 4407 3370 4459 Me
3425 4405 3621 4459 imitt-

1952 4494 2003 4553 D
2032 4512 2180 4579 mitti,
2214 4524 2316 4563 non
2366 4500 2857 4575 pseudoapostolts.
2911 4498 2973 4551 Et
3011 4497 3263 4550 observate
3290 4512 3376 4549 eos
3405 4499 3499 4561 qui
3532 4498 3611 4547 ita

2028 4602 2313 4665 ambulant,
2342 4600 2470 4654 sicut
2518 4596 2709 4648 habetis
2752 4593 2966 4661 formam
3017 4598 3265 4642 nostram.
3316 4586 3625 4653 Dupliciter

2029 4692 2223 4747 dicitur
2266 4688 2559 4749 observari,
2588 4684 2669 4737 vel
2700 4683 2765 4736 ad
2799 4680 3131 4741 imitandum,
3162 4687 3219 4731 ιιι
3251 4676 3335 4728 hic
3367 4691 3381 4739 ;
3411 4677 3499 4728 vel
3547 4676 3622 4729 ad

2030 4784 2355 4842 cavendum,
2388 4787 2446 4834 ut
2475 4778 2539 4831 ad
2572 4776 2839 4829 Romanos
2868 4773 2980 4823 ait:
3013 4769 3310 4822 Observate
3356 4766 3446 4834 qui
3499 4765 3611 4819 dis-

2031 4876 2309 4932 sensiones
2341 4881 2395 4926 et
2439 4865 2755 4923 offendicula
2802 4863 3020 4917 faciunt.
3051 4858 3222 4912 Multi
3256 4858 3390 4909 enim
3423 4857 3615 4908 ambu-

2032 4971 2159 5033 lant,
2208 4980 2332 5033 quos
2380 4977 2513 5029 saepe
2565 4955 2789 5010 dicebam
2817 4954 2976 5006 vobis.
3012 4948 3084 5003 De
3116 4946 3610 5017 pseudoapostolis.

2030 5060 2117 5130 qui
2141 5072 2286 5125 spem
2312 5050 2576 5123 passionis
2592 5047 2921 5111 Christi,per
2948 5055 3103 5110 quam
3135 5046 3350 5105 peccata
3381 5034 3611 5090 dimissa

2031 5126 2176 5214 sunt,
2214 5147 2477 5204 tollentes,
2508 5147 2555 5194 in
2590 5140 2719 5206 ltgts
2746 5132 3083 5190 ca-remOuiis
3107 5130 3209 5183 Cu"
3240 5130 3459 5181 acaltant.
3496 5126 3606 5178 Po-

2033 5253 2132 5297 test
2159 5241 2226 5295 de
2265 5232 2630 5290 Jovinianistis
2672 5226 2859 5294 accipi,
2916 5221 3002 5290 qui
3035 5220 3329 5273 cruciatum
3359 5215 3610 5283 corporis

2032 5337 2082 5388 in
2114 5332 2296 5400 epulas
2324 5337 2378 5383 et
2409 5322 2667 5379 luxuriam
2698 5308 3098 5373 converterunt.
3136 5309 3289 5364 Nunc
3318 5318 3503 5360 autem
3552 5318 3605 5359 et

2028 5427 2154 5495 ﬂms
2182 5422 2318 5481 diro,
2347 5416 2577 5471 in'micos
2601 5410 2763 5465 crucis
2790 5406 2998 5470 Christi,
3023 5419 3239 5472 quorum
3263 5400 3381 5468 ﬁnis
3404 5396 3496 5453 erit
3519 5398 3608 5447 iu-

2028 5488 2227 5567 tet'ilrts.
2276 5504 2574 5561 Notandum
2624 5498 2762 5570 quod
2813 5496 3005 5550 affectu
3047 5494 3205 5547 etiam
3257 5488 3599 5544 inimicorum

2027 5606 2250 5660 salutem
2282 5608 2445 5667 optet.
2482 5598 2708 5660 Quorum
2736 5589 2873 5641 Deus
2901 5596 3069 5639 venter
3091 5593 3181 5636 est.
3202 5581 3303 5647 Qui
3332 5594 3391 5633 se
3418 5587 3603 5647 putant

2030 5703 2080 5756 in
2114 5701 2211 5751 hoc
2235 5695 2343 5749 Deo
2376 5690 2598 5752 servire,
2630 5684 2673 5739 si
2709 5682 3007 5751 epulcntur.
3047 5676 3110 5729 Et
3141 5674 3308 5746 gloria
3347 5672 3401 5726 in
3422 5670 3603 5736 confu-
