3910 6174
276 326 376 380 Ε57

1052 318 1114 373 ΙΝ
1158 318 1539 373 EPISTULA.“
1574 315 2185 391 ADJ’llILIPPENSES
2222 316 2730 377 COMMENTARIA.

3480 152 3509 165 Ν

3414 331 3517 381 ιζῖἒὶζ

274 444 408 494 sione
451 439 700 506 ipsorum.
752 434 809 488 in
854 432 1260 486 circumcisione
1314 429 1537 483 tneinhri
1587 428 1687 498 pud
1713 428 1836 481 ‘lttii.
1870 428 1916 483 Α
1950 428 2167 481 tionem.
2204 428 2267 482 Et
2291 431 2484 484 vidistis
2515 435 2565 484 in
2596 450 2693 485 me.
2722 434 2919 487 Oculis.
2959 436 3080 490 Ila'c
3122 440 3274 509 agite,
3303 452 3349 494 et
3381 441 3520 498 Deus

280 529 376 596 Qui
394 537 590 580 terrena
614 524 838 595 sapiunt.
875 522 1065 577 Nostra
1091 533 1259 575 autem
1279 522 1595 575 conversatio
1629 522 1680 572 in
1707 520 1847 572 cmlis

276 628 364 674 est.
390 618 500 673 Hoc
530 633 631 671 non
667 622 839 685 potest
878 616 1057 669 dicere
1085 614 1173 683 qui
1207 612 1434 666 terrenis
1464 610 1608 664 vitiis
1638 609 1845 663 manci-

274 722 425 780 patus
456 719 556 765 est.
589 707 737 763 Unde
758 709 908 761 etiam
941 706 1260 785 Salvatorent
1298 711 1645 772 exspectamus
1673 698 1848 753 Domi-

274 817 394 853 nam
417 809 644 853 nostrum
671 796 849 852 Iesum
862 792 1266 861 Christum.Q'ni
1286 802 1370 850 est
1388 800 1547 861 caput
1579 800 1842 846 nostrum.

274 888 375 954 Qui
419 888 716 957 reformabit
759 901 942 958 corpus
972 883 1275 941 humilitatis
1307 870 1510 946 nos‘rat,
1553 881 1849 950 conﬁgura-

272 989 378 1033 tum
400 980 600 1049 corpori
614 966 866 1032 claritatis
884 992 1011 1030 sua.
1035 976 1107 1029 Sit
1128 984 1184 1028 ut
1205 973 1560 1042 pra-figuravit
1580 972 1630 1025 in
1646 981 1843 1038 monte,

269 1086 391 1125 cum
421 1086 582 1125 unum
608 1084 674 1124 ex
704 1068 1004 1124 viventibus
1046 1075 1101 1121 et
1140 1081 1306 1119 unum
1339 1079 1403 1119 ex
1436 1064 1661 1117 mortuis
1687 1063 1846 1117 clari-

271 1162 364 1214 tati
394 1161 477 1216 sui
506 1160 756 1230 corporis
796 1159 1115 1228 contignrat,
1144 1156 1451 1224 exemplum
1487 1152 1851 1215 resurrectio-

271 1252 353 1305 nis
376 1250 689 1305 ostendens.
706 1248 1000 1305 Secundum
1029 1246 1372 1314 operationem
1391 1261 1494 1315 qua
1521 1243 1677 1314 possit
1702 1243 1849 1294 etiam

268 1342 520 1409 subiicere
560 1341 657 1395 sibi
704 1341 894 1395 omnia.
939 1338 1065 1392 Sive
1094 1335 1392 1397 secundum
1438 1336 1573 1389 hanc
1603 1335 1847 1387 virtutem

268 1435 432 1489 etiam
468 1436 568 1489 hoc
599 1434 675 1487 illi
700 1430 951 1502 possibile
983 1441 1083 1497 est,
1136 1444 1236 1499 qua
1267 1428 1365 1483 sibi
1391 1435 1580 1481 etn.cta
1605 1426 1847 1494 subjecit.

336 1522 468 1578 Car.
497 1540 545 1577 tv
574 1521 790 1592 --Itaque,
817 1527 1002 1590 fratres
1031 1522 1122 1573 mei
1146 1518 1433 1574 citatissimi
1455 1527 1499 1570 et
1524 1517 1852 1592 desideratis-

267 1618 404 1671 simi.
439 1615 562 1670 Plus
592 1615 822 1679 creteris,
848 1614 970 1684 quia
1003 1612 1372 1681 perfectiores.
1406 1608 1666 1662 Gaudium
1693 1618 1740 1663 et
1760 1624 1844 1661 co-

1946 520 2085 587 pacis
2125 521 2216 572 erit
2247 521 2518 575 vobiscum.
2544 523 2691 576 ‘l‘nnc
2724 524 2863 579 Deus
2907 528 3051 593 pacis
3080 531 3181 582 erit
3221 532 3515 587 vibiscnm.

1947 610 1991 661 si
2033 612 2236 664 fueritis
2280 613 2375 665 ista
2402 629 2458 668 se
2496 615 2607 667 tati.
2642 612 2853 679 Gavisus
2885 634 2994 669 sum
3024 626 3187 672 autent
3215 621 3267 673 in
3298 621 3515 675 Domino

1946 699 2283 764 vehementer,
2307 706 2543 772 quoniam
2576 708 2775 759 tondent
2800 706 3075 776 aliquando
3098 712 3396 777 refloruistis
3424 731 3516 784 pro

1947 807 2025 844 me
2050 793 2234 846 sentire
2263 795 2393 846 sicut
2437 802 2483 848 et
2524 795 2827 850 sentiebatis.
2872 797 3064 851 lterum
3096 799 3346 856 [ιω-αἰειξέ
3385 798 3516 861 ﬂore

1948 881 2074 935 boni
2103 884 2300 952 operis,
2333 898 2490 953 quem
2522 900 2627 940 non
2654 886 2853 939 oblivio
2878 889 3192 959 areiccerat,
3223 894 3314 946 scd
3359 911 3518 949 occu-

1948 972 2092 1041 patio
2139 974 2468 1039 impedierat.
2498 974 2743 1045 Occupati
2781 990 2949 1030 autem
2990 980 3141 1032 eratis
3172 995 3191 1033 :
3234 997 3333 1035 non
3374 989 3519 1051 quasi
3548 1024 3561 1029 ιν

1950 1072 2155 1129 prapter
2182 1065 2443 1131 penuriam
2471 1066 2603 1118 dico.
2630 1066 2743 1121 Non
2771 1078 2986 1138 p‘opter
3015 1084 3185 1124 meam
3220 1077 3518 1142 penuriam,

1950 1154 2042 1209 scd
2064 1165 2286 1223 proitter
2313 1168 2543 1212 vestrum
2588 1159 2815 1215 fruetnm
2859 1163 2977 1217 dico
3006 1182 3088 1218 mt-
3118 1172 3375 1235 gavisum.
3410 1170 3521 1241 Ego
3606 1166 3607 1169 “

1950 1245 2084 1296 enim
2112 1245 2291 1311 didici,
2321 1248 2372 1303 in
2398 1250 2579 1319 quibus
2619 1269 2730 1305 sum
2760 1256 3035 1323 sufficiens,
3074 1275 3198 1313 esse.
3236 1261 3276 1313 Α
3308 1259 3521 1315 Christo

1953 1336 2129 1388 omnia
2160 1340 2431 1405 mquaiiter
2462 1339 2599 1395 l'erre
2630 1357 2745 1397 sum
2778 1346 2983 1400 doctus.
3017 1347 3136 1403 Scio
3166 1360 3213 1403 et
3238 1352 3519 1418 humiliari,

1952 1427 2054 1482 scio
2079 1436 2126 1481 et
2149 1429 2411 1485 abundare
2429 1434 2643 1502 :ubique
2662 1438 2776 1489 etin
2798 1440 3027 1493 omnibus
3042 1443 3298 1495 institutus
3316 1461 3444 1503 inin,
3473 1459 3520 1499 et

1952 1519 2149 1587 satiari,
2172 1530 2217 1576 et
2242 1526 2451 1591 esurire,
2472 1539 2518 1578 et
2539 1528 2819 1593 abundare,
2838 1539 2882 1584 et
2904 1534 3167 1600 penuriam
3190 1538 3311 1602 pati.
3331 1536 3398 1591 Ut
3423 1554 3521 1592 nec

1954 1610 2275 1667 abundantia
2309 1614 2557 1680 exvellar,
2591 1634 2689 1673 nec
2719 1619 2925 1690 frangor
2956 1621 3149 1692 inopia.
3186 1624 3371 1682 Omnia
3399 1647 3516 1697 pos-

266 1726 396 1762 rona
415 1724 545 1761 mea.
574 1706 673 1761 Per
700 1720 793 1760 vos
820 1707 960 1760 enim
994 1718 1111 1757 sum
1142 1701 1479 1757 coronandus
1528 1710 1581 1755 et
1608 1714 1852 1754 remunc-
1885 1774 1927 1789 ﬁ
1957 1720 2068 1757 sum
2108 1705 2161 1758 in
2206 1722 2266 1757 eo
2321 1708 2408 1775 qui
2455 1724 2532 1761 me
2577 1711 2847 1777 confortat.
2892 1712 3028 1767 Dans
3079 1716 3475 1789 .ntelligentiam
3504 1764 3519 1785 ,

269 1801 487 1854 randus.
514 1798 603 1854 Sic
624 1805 754 1854 state
776 1800 825 1851 in
853 1795 1096 1862 Domino,
1127 1794 1430 1849 charissimi.
1461 1790 1736 1859 Quomodo
1764 1806 1847 1843 su-
1884 1774 1927 1833 Β
1956 1809 2120 1859 quare
2166 1796 2299 1848 sciat
2341 1807 2392 1849 et
2441 1797 2727 1864 humiliari,
2776 1812 2825 1855 et
2873 1804 3165 1872 abundare,
3194 1774 3320 1862 litim
3351 1810 3515 1865 dicit:

270 1889 447 1956 pcrius
470 1890 601 1954 dixi,
634 1889 685 1942 in
717 1890 827 1942 sola
855 1887 1051 1942 Chris‘ti
1086 1885 1189 1940 lide
1229 1900 1379 1953 spem
1406 1891 1663 1952 ponentes
1694 1890 1747 1934 et
1796 1883 1847 1934 iu

266 1978 677 2033 conversatione
713 1979 943 2032 cmlest‘:.
975 1976 1222 2031 Evodiam
1273 1992 1398 2047 rogo
1446 1984 1494 2027 et
1543 1972 1850 2044 Synlychem

268 2071 542 2136 deprecor.
581 2070 829 2126 Mulieres
875 2081 1028 2125 erant
1072 2070 1348 2125 scientiam
1397 2068 1674 2131 habentes,
1717 2083 1850 2136 quas

270 2161 523 2215 similiter
555 2162 751 2231 sentire
782 2171 1085 2216 commonet
1116 2166 1170 2215 et
1199 2160 1463 2214 hortatur.
1493 2158 1729 2227 ld'psum
1766 2175 1823 2210 sa

270 2268 391 2320 pere
418 2253 472 2305 in
495 2250 739 2309 Domino.
775 2251 1010 2320 ldipsum
1037 2251 1178 2320 quod
1202 2251 1333 2304 dixi.
1360 2249 1529 2303 Etiam
1560 2265 1681 2318 rogo
1712 2257 1757 2299 et
1781 2257 1847 2307 te,

268 2340 524 2398 Germane
554 2360 778 2414 compar,
800 2344 993 2414 adjuva
1018 2342 1158 2398 illas.
1182 2342 1491 2398 Germanus
1522 2356 1716 2395 nomen
1749 2340 1848 2394 bo-

269 2435 431 2489 iniuis
458 2445 562 2498 est,
595 2448 819 2505 compar
863 2436 1047 2489 oflicii.
1094 2434 1221 2497 Quae
1249 2451 1445 2488 mecum
1497 2434 1848 2487 laboraverunt

268 2528 318 2579 in
367 2525 669 2596 Evangelia.
705 2528 1250 2585 Laboraverunt.non
1280 2527 1448 2594 viros,
1481 2526 1577 2582 sed
1626 2527 1850 2582 feminas

263 2619 419 2683 dicit,
455 2634 554 2672 nec
588 2619 640 2672 in
681 2634 712 2674 e
745 2620 931 2686 clesia,
978 2619 1070 2674 sed
1123 2620 1176 2674 in
1216 2619 1377 2674 domo
1412 2622 1689 2675 docentes.
1722 2619 1851 2675 Cum

266 2709 526 2767 Clemente
575 2722 624 2766 et
678 2713 869 2766 ueteris
928 2712 1245 2783 adjutoribus
1295 2712 1438 2767 meis.
1487 2711 1737 2768 Clemens
1783 2728 1847 2767 ex

266 2802 591 2871 philosopho
639 2818 843 2872 magnae
874 2802 1131 2857 doctrinae
1173 2804 1272 2871 tir,
1301 2804 1391 2870 qui
1424 2803 1605 2858 Romae
1638 2803 1847 2871 episco-

267 2906 368 2962 pus
404 2890 527 2946 l‘uit.
562 2891 792 2956 Quorum
822 2892 1032 2946 nomina
1076 2901 1195 2946 sunt
1220 2893 1271 2946 in
1295 2891 1424 2946 libro
1454 2893 1588 2953 vitm.
1622 2891 1699 2948 Ne
1731 2906 1847 2946 mo-

269 2984 402 3037 leste
432 2983 620 3047 ferant,
652 2998 711 3038 se
734 2982 785 3036 in
820 2982 918 3037 hac
950 2983 1186 3051 Epistula
1217 2998 1324 3037 non
1372 2983 1622 3052 scriptos,
1645 2998 1767 3038 cum
1792 2982 1847 3037 in

269 3072 406 3127 libro
440 3088 472 3126 v
496 3082 563 3126 ta:
593 3074 698 3126 sint
729 3073 936 3143 scripti,
967 3074 1120 3142 cujus
1152 3072 1270 3128 libri
1302 3075 1460 3128 etiam
1492 3075 1699 3145 Moyses
1731 3090 1845 3130 nie-

1953 1883 2141 1936 Omnia
2193 1899 2405 1953 possum
2451 1888 2504 1941 in
2559 1905 2623 1942 eo
2656 1890 2741 1959 qui
2793 1891 3054 1948 confortat
3102 1912 3208 1963 me,
3248 1896 3372 1953 dum
3422 1902 3520 1955 sibi

1955 1973 2086 2027 nihil
2139 1975 2340 2041 tribuit,
2375 1980 2467 2035 sed
2508 1986 2559 2033 et
2588 1982 2949 2049 quotidianum
2981 1985 3298 2056 adjutorium
3331 1991 3523 2063 implo-

1954 2074 2033 2118 rat
2089 2074 2143 2119 nt
2191 2066 2356 2132 possit
2399 2069 2514 2138 ejus
2560 2069 2780 2138 implere
2834 2088 3119 2145 praecepta.
3171 2077 3521 2137 Verumtamen

1954 2151 2071 2211 bene
2090 2158 2277 2226 fecistis
2302 2161 2729 2219 communicantes
2754 2165 3072 2219 tribulationi
3090 2185 3231 2223 mete.
3249 2171 3519 2227 Nonenim

1952 2246 2136 2300 debuit
2182 2262 2301 2301 mea
2343 2251 2708 2319 tequanimitas
2738 2265 2968 2308 vestram
3021 2258 3279 2326 impedire
3309 2279 3518 2321 merce-

1906 2368 1917 2373 κ
1951 2335 2094 2390 dein.
2129 2336 2282 2391 Scitis
2320 2348 2486 2392 autent
2514 2350 2561 2392 et
2597 2356 2701 2407 vos,
2734 2341 3110 2415 Philippenses,
3136 2351 3270 2418 quod
3296 2351 3347 2404 in
3376 2356 3520 2419 prin-

1952 2427 2084 2495 cipio
2122 2426 2388 2497 Evangelii
2432 2430 2635 2498 quando
2679 2432 2934 2501 profectus
2962 2452 3074 2488 sunt
3118 2454 3148 2489 a
3194 2439 3514 2498 Macedonio.

1951 2516 2080 2584 Qui}:
2105 2531 2197 2571 vos
2221 2517 2429 2585 solos,a
2455 2518 2644 2588 quibus
2673 2524 2971 2576 necessaria
3001 2528 3378 2596 acciperemus,
3408 2534 3519 2588 cle-

1949 2606 2156 2677 gimus,
2191 2606 2457 2686 lideTiores
2485 2623 2577 2663 vos
2608 2612 2853 2665 omnibus
2882 2613 3007 2681 jndi-
3028 2619 3374 2676 antesJVul‘h:
3395 2627 3520 2678 mihi

1953 2695 2180 2750 Ecclesia
2203 2691 2601 2777 communicarit
2644 2701 2698 2754 in
2740 2704 2933 2757 ratione
2960 2706 3069 2759 dati
3109 2720 3155 2762 et
3181 2716 3393 2784 ar'cepti,
3421 2717 3519 2773 nisi

1949 2805 2035 2842 vos
2066 2790 2182 2842 soli.
2213 2789 2289 2843 Illi
2318 2790 2446 2853 dati,
2473 2805 2570 2860 ego
2596 2792 2800 2862 accepti
2830 2813 2842 2846 :
2875 2796 2986 2850 sive
3026 2797 3217 2855 dantes
3255 2806 3515 2871 carnalia,

1949 2891 2268 2951 acceperunt
2306 2882 2581 2951 spiritalia.
2617 2883 2748 2949 Quia
2784 2896 2830 2939 et
2858 2885 3270 2946 Thessalonicam
3290 2898 3445 2950 semel
3467 2909 3523 2953 et

1950 2972 2024 3025 bis
2054 2976 2107 3027 in
2148 2990 2294 3027 usum
2344 2975 2470 3027 mihi
2520 2976 2745 3030 misistis.
2789 2977 2903 3032 Non
2953 2980 3128 3035 stilum
3180 2984 3525 3055 Corinthum,

1948 3063 2041 3117 sed
2097 3064 2256 3119 etiam
2311 3064 2744 3127 Thessalonicam
2793 3071 3182 3127 transinisittis.
3227 3074 3350 3130 Non
3396 3083 3521 3149 quia

269 3164 426 3218 minii,
453 3171 510 3218 et,
538 3164 703 3219 David
730 3174 785 3219 et
807 3164 1080 3221 Dominus,
1119 3165 1345 3220 Gaudete
1382 3166 1433 3220 in
1463 3165 1681 3220 υοηιῑηο
1708 3184 1844 3222 sem-
1871 3149 1918 3210 C
1948 3170 2122 3223 qutero
2144 3156 2343 3218 datum,
2377 3156 2465 3209 sed
2494 3157 2695 3225 requiro
2725 3158 2944 3224 fructum
2969 3162 3313 3217 abundantem
3350 3168 3403 3221 in
3438 3187 3520 3223 ra-

270 3268 376 3320 per.
400 3252 539 3320 Quia
566 3254 617 3307 in
648 3255 846 3310 saeculo
878 3255 1127 3327 gaudium
1171 3273 1275 3311 non
1308 3258 1536 3325 habetis,
1570 3257 1662 3313 sed
1694 3272 1841 3326 pres-

268 3353 472 3395 suram.
522 3339 721 3397 Iterum
750 3344 884 3410 dico,
927 3345 1165 3413 gaudete.
1197 3345 1409 3415 Repetit
1453 3356 1512 3401 ut
1542 3348 1838 3401 conﬁrmet.

270 3430 526 3486 Modestia
549 3443 709 3487 s'estra
725 3444 843 3487 nota
870 3435 937 3488 sit
961 3435 1189 3489 omnibus
1212 3436 1516 3491 hominibus.
1539 3437 1603 3491 Et
1623 3437 1839 3505 iudicis,

267 3533 324 3578 et
344 3525 598 3595 gentibus
634 3542 647 3579 :
678 3526 772 3580 sed
799 3534 855 3580 et
880 3527 1127 3581 omnibus
1173 3528 1261 3599 qui
1294 3543 1388 3583 vos
1432 3528 1709 3583 tribulant.
1740 3528 1844 3581 Do-

267 3615 437 3668 minus
481 3631 640 3684 prape
691 3624 786 3681 est,
830 3618 961 3671 nihil
1004 3621 1212 3673 solliciti
1250 3621 1380 3673 sitis.
1407 3618 1594 3674 Videte
1628 3622 1669 3673 si
1718 3620 1843 3688 quid

269 3705 423 3757 deest
473 3704 647 3770 vobis,
688 3707 853 3760 nolie
902 3710 1137 3773 coaitare
1184 3710 1307 3779 quid
1361 3710 1711 3773 manducetis,
1756 3720 1843 3764 aut

266 3794 394 3861 quid
426 3794 737 3848 induamini.
774 3796 897 3850 Sive
941 3797 1193 3853 Dominus
1215 3814 1379 3869 prope
1409 3807 1493 3855 est
1515 3801 1579 3853 ad
1606 3800 1843 3853 liberau-

267 3887 435 3938 dum:
472 3886 638 3941 nolite
682 3889 875 3942 timere
920 3899 1326 3958 persequentes.
1377 3891 1539 3946 Juxta
1578 3902 1661 3946 est
1702 3892 1843 3945 enim

267 3975 527 4030 Dominus
573 3978 657 4032 his
688 3979 776 4047 qui
811 3980 1058 4036 tribulato
1080 3988 1205 4034 sunt
1249 3982 1434 4036 corde.
1463 3982 1571 4038 Sed
1610 3983 1664 4036 in
1708 3982 1845 4035 omni

264 4068 524 4131 oratione,
549 4078 594 4121 et
628 4068 989 4134 obsecratione,
1020 4087 1135 4123 cum
1164 4072 1447 4142 gratiarum
1472 4073 1691 4141 actione,
1717 4072 1847 4138 peti-

266 4158 429 4212 tiones
451 4170 624 4213 restra:
644 4162 1107 4228 innotescantapud
1123 4160 1302 4215 Deum.
1320 4162 1433 4215 Non
1455 4176 1574 4215 cum
1603 4177 1843 4215 murmu-

264 4241 478 4305 ratione
522 4262 683 4321 atque
722 4240 953 4306 trisdtia.
985 4253 1134 4307 Tunc
1175 4253 1333 4323 digna
1369 4253 1475 4307 Deo
1518 4253 1621 4308 erit
1665 4265 1841 4308 vestra

260 4340 463 4405 oratio,
486 4340 530 4395 si
557 4356 653 4410 pro
680 4342 927 4396 omnibus
949 4357 1068 4411 qua:
1089 4344 1331 4410 patimini
1354 4344 1551 4412 gratias
1577 4344 1843 4409 referatis,

262 4428 406 4483 sicut
452 4444 550 4497 apo
581 4431 674 4484 toli
716 4432 995 4487 faciebant.
1026 4433 1086 4486 Et
1129 4448 1233 4503 pas:
1269 4433 1403 4499 Dei,
1437 4450 1549 4502 qua:
1574 4445 1843 4505 exsuperat

1946 3249 2084 3301 tione
2123 3257 2305 3301 vestra.
2346 3247 2793 3316 Superabundans
2839 3249 3041 3306 fruetus
3092 3255 3348 3311 orationis
3396 3275 3517 3314 cum

1947 3342 2150 3394 sanctis
2178 3342 2339 3395 etiam
2368 3339 2675 3397 absentibus
2716 3343 3053 3401 ministratur
3081 3348 3282 3414 datum,
3317 3363 3397 3406 est
3433 3370 3519 3410 res

1949 3429 2061 3496 ipsa
2106 3444 2262 3497 quam
2292 3430 2387 3484 das
2416 3445 2430 3484 ε
2464 3430 2665 3484 fructus
2689 3444 2887 3501 autem,
2918 3432 3053 3489 bona
3083 3446 3137 3490 et
3166 3450 3305 3494 recta
3336 3443 3521 3497 volun-

1946 3528 2026 3572 tas
2054 3519 2256 3573 datoris
2286 3535 2299 3573 :
2332 3528 2383 3573 ttt
2424 3522 2564 3589 quod
2598 3522 2799 3590 tribuit,
2843 3535 3061 3593 propter
3104 3526 3387 3586 Dotninnm
3420 3536 3517 3587 tri-

1945 3608 2071 3661 l.ru.tt
2099 3649 2114 3675 ,
2154 3608 2314 3662 veluti
2341 3609 2430 3679 qui
2475 3612 2697 3680 suscipit
2728 3614 2984 3681 propheta
3011 3635 3039 3663 ιι
3072 3616 3122 3669 Ῑη
3153 3615 3367 3673 nomine
3398 3638 3519 3689 pro—

1946 3702 2140 3767 phelte,
2174 3710 2228 3756 et
2262 3702 2462 3771 justum
2512 3705 2564 3756 in
2611 3708 2825 3759 nomine
2855 3707 2876 3776 j
2904 3708 3007 3774 ~sti,
3057 3710 3358 3765 mercedem
3388 3728 3522 3781 pro-

1947 3789 2119 3859 phetat
2157 3801 2209 3845 et
2261 3791 2391 3859 justi
2447 3794 2724 3862 suscipiat.
2781 3795 2963 3850 "abeo
3016 3807 3184 3851 autem
3226 3804 3424 3866 omnia,
3474 3814 3521 3856 et

1944 3883 2177 3949 abundo,
2212 3885 2433 3945 repletus
2466 3900 2599 3950 sum,
2644 3889 2861 3956 acceptis
2905 3890 2965 3941 ab
3009 3889 3358 3962 Epaphrodito
3408 3911 3523 3963 qua:
3582 3884 3587 3885 ν

1946 3976 2173 4028 misistis.
2208 3976 2471 4030 l’rovocat
2501 3978 2622 4031 illos
2652 3981 2717 4031 ad
2760 3980 2932 4035 simile
2970 3996 3125 4049 opus,
3161 3984 3425 4040 laudando
3467 4001 3522 4042 et

1945 4067 2144 4134 g-atias
2176 4066 2481 4121 referendo.
2514 4066 2814 4135 laudarem
2854 4073 3140 4127 suavitatis.
3172 4074 3317 4127 Odor
3342 4078 3520 4130 suavi-

1949 4156 2070 4209 tatis
2093 4172 2195 4209 non
2225 4158 2277 4209 in
2311 4172 2376 4210 Il:
2406 4157 2609 4223 oblata,
2645 4159 2735 4212 sed
2767 4162 2818 4213 in
2852 4163 3044 4215 mentis
3075 4164 3358 4219 devotione
3396 4182 3524 4218 con-

1946 4248 2105 4309 sislit.
2136 4250 2275 4304 sicut
2308 4251 2630 4304 sacriﬁcium
2663 4253 2773 4306 Noe
2820 4265 2968 4322 grate
3015 4254 3153 4307 Deus
3199 4256 3524 4310 deserihitnr

1947 4340 2217 4404 odoratus,
2236 4356 2355 4395 cum
2383 4342 2498 4411 ipse
2525 4344 2862 4410 postmodum
2886 4346 2917 4397 d
2943 4346 3034 4412 cit,
3053 4361 3111 4399 se
3135 4360 3229 4399 nec
3251 4348 3519 4408 carnibus.

1948 4447 2048 4486 nec
2071 4436 2329 4503 sanguine
2350 4435 2653 4488 anitnalium
2679 4436 2950 4490 delectari.
2972 4434 3209 4489 Hostiam
3239 4445 3525 4508 acceptam,

259 4536 465 4575 amntem
510 4540 731 4577 sensum.
763 4525 876 4591 Qua
916 4526 1082 4579 malos
1112 4526 1341 4580 sustinet
1370 4537 1424 4580 et
1454 4527 1724 4597 ingratos:
1760 4532 1837 4583 vel
1870 4501 1923 4561 D
1949 4526 2229 4592 placentem
2275 4525 2402 4579 Deo.
2462 4524 2758 4579 Notandum
2792 4527 2930 4595 quod
2973 4527 3310 4600 elecmosyna
3352 4529 3529 4582 hostis

265 4627 365 4676 pax
410 4612 631 4678 Christi,
656 4631 756 4683 qua
792 4630 886 4681 pro
921 4617 1365 4684 porsequentihns
1394 4617 1598 4689 orabat,
1637 4621 1841 4687 recogi-

264 4714 315 4755 ta
341 4719 373 4756 a
403 4720 616 4759 omnem
650 4718 882 4761 mentem
914 4707 1168 4761 furiosam
1205 4722 1355 4771 exsu,
1376 4718 1492 4763 erat
1522 4719 1575 4762 et
1603 4710 1838 4765 inclinat.

262 4790 531 4846 Custodiat
579 4797 736 4848 corda
792 4808 952 4849 uestra
1002 4807 1050 4850 et
1098 4799 1459 4864 intelligendas
1510 4810 1700 4854 vestras
1726 4840 1740 4865 ,
1790 4803 1841 4853 in

261 4881 470 4936 Christo
515 4884 658 4939 Iesu.
718 4884 820 4940 Ista
850 4889 1008 4940 corda
1049 4896 1102 4942 et
1134 4888 1510 4959 intelligendas
1556 4900 1754 4944 vostras
1788 4891 1839 4944 in

262 4980 515 5048 exemplo
535 4981 728 5035 Christi
754 4982 1035 5036 custodiat.
1058 4981 1131 5035 De
1155 4993 1358 5051 caetero,
1375 4987 1581 5053 fratres,
1600 5001 1841 5054 qtta'cun-

260 5086 362 5137 nte
403 5083 518 5125 sunt
564 5087 702 5137 uera,
742 5090 1050 5143 qutt'cunque
1092 5075 1299 5144 pudica,
1331 5091 1637 5144 quascunque
1672 5080 1838 5145 justo,

264 5177 585 5233 quacunque
623 5176 817 5219 sancta.
849 5167 927 5219 Ad
959 5176 1279 5228 extremum,
1313 5178 1367 5219 ut
1398 5169 1576 5221 omnia
1609 5169 1843 5222 hretitcr

262 5251 463 5327 dieam.
496 5256 821 5325 Quwcunque
862 5256 1123 5323 amabilia,
1152 5272 1462 5324 qua'cunque
1500 5258 1641 5311 bona:
1670 5258 1838 5325 fanne.

261 5342 408 5408 Quia
434 5346 604 5397 omnis
633 5354 821 5399 natura
855 5347 1081 5400 humana
1113 5346 1259 5401 novit
1297 5348 1520 5416 diligere
1543 5361 1591 5400 et
1626 5349 1841 5404 laudare

265 5434 412 5500 quod
441 5434 632 5490 bonum
661 5445 762 5491 est.
783 5436 844 5491 Si
872 5454 971 5506 qua
1000 5438 1176 5501 virtus,
1197 5439 1240 5490 si
1267 5454 1364 5508 qua
1393 5438 1501 5490 laus
1534 5439 1837 5504 tolerantiw,

266 5523 382 5575 liam
411 5528 635 5596 cogitate.
657 5527 980 5583 Meditamini
1006 5527 1244 5599 nihilque
1265 5528 1405 5583 aliud
1428 5529 1691 5596 cogitetis.
1716 5531 1842 5594 Quae

268 5617 544 5672 didicistis.
580 5619 753 5675 Verbo
796 5622 878 5677 vel
926 5622 1195 5693 exemplo.
1246 5619 1310 5672 Et
1358 5624 1643 5689 accepistis.
1692 5622 1842 5676 Dono

265 5710 456 5767 cratim
476 5710 691 5768 Christi.
721 5712 783 5766 Et
805 5713 1039 5768 audistis.
1078 5712 1303 5768 .turlbus
1336 5713 1444 5767 [ηδε
1470 5729 1561 5779 per
1587 5715 1838 5780 praedica-

1948 4616 2263 4684 appellatur,
2290 4628 2342 4671 et
2367 4616 2507 4671 sicut
2540 4634 2568 4671 a
2594 4621 2787 4672 sanctis
2814 4618 3010 4687 oblata,
3046 4628 3128 4674 est
3180 4630 3418 4687 accepta,
3452 4620 3529 4673 ita.

1946 4708 2014 4761 ab
2043 4707 2125 4763 his
2155 4708 2242 4779 qui
2285 4711 2335 4762 in
2366 4721 2585 4778 peccato
2618 4710 2947 4763 duraverunt
2978 4710 3125 4775 data,
3183 4711 3521 4778 reprobatnr.

1950 4795 2085 4849 Deus
2116 4805 2282 4851 autent
2310 4814 2450 4852 meus
2490 4799 2699 4865 impleat
2746 4813 2895 4849 onme
2938 4797 3249 4849 desiderium
3279 4806 3523 4850 vestrum.

1946 4886 2078 4952 Quia
2106 4900 2159 4941 ut
2200 4889 2416 4957 perfecti
2449 4891 2644 4942 malum
2676 4889 2981 4941 desiderare
3009 4900 3111 4938 non
3144 4885 3533 4945 credebantur,

1948 4982 2243 5037 Secundum
2268 4984 2470 5037 divitias
2491 5000 2549 5036 su
2568 5001 2607 5036 εδ
2640 4985 2691 5035 in
2722 4981 2967 5051 gloria'in
2995 4979 3197 5033 Christo
3223 4977 3346 5031 Jesn
3368 4992 3391 5032 :~
3418 4976 3535 5029 lico.

1944 5084 2111 5126 autem
2156 5085 2201 5126 et
2232 5073 2379 5127 Patri
2429 5084 2601 5126 nostra
2642 5074 2807 5143 gloria
2860 5072 2912 5124 in
2955 5071 3144 5125 siccula
3194 5070 3535 5129 swcnlormm

1946 5163 2123 5216 Amen.
2156 5163 2305 5229 Quod
2331 5162 2620 5218 secundum
2652 5163 2862 5215 divitias
2892 5162 3003 5224 Dei,
3035 5160 3099 5215 ad
3128 5162 3347 5230 gloriam
3396 5180 3439 5231 pe
3462 5179 3527 5220 μ

1949 5253 2077 5305 tinet
2097 5251 2312 5305 Christi.
2331 5252 2562 5307 Salutate
2592 5267 2787 5303 onmem
2816 5262 3044 5305 sanctum
3069 5252 3119 5305 in
3144 5253 3342 5305 Christo
3370 5251 3529 5307 Jesu.

1949 5347 2189 5400 Salutant
2218 5362 2301 5397 vos
2328 5346 2412 5415 qui
2440 5359 2632 5397 mecum
2661 5354 2777 5397 sunt
2804 5334 3005 5414 fratres.
3032 5346 3272 5400 Salutant
3312 5360 3395 5397 ros
3416 5360 3522 5396 om-

1947 5452 2033 5489 nes
2060 5435 2240 5488 sanrti.
2269 5436 2432 5488 Erant
2461 5451 2587 5503 ergo
2614 5437 2805 5503 sanati,
2826 5452 2957 5506 quos
2985 5437 3131 5491 solus
3159 5436 3268 5489 vult
3300 5435 3531 5491 sztlutari

1951 5543 2058 5596 prie
2089 5526 2317 5591 czeteris,
2352 5542 2483 5596 quos
2509 5543 2539 5582 e
2566 5529 2666 5581 iam
2702 5527 2751 5580 in
2792 5528 3038 5581 omnibus
3069 5527 3322 5596 Epistolis
3351 5540 3529 5580 nom...

1950 5621 2093 5674 navit
2126 5636 2141 5676 :
2173 5619 2417 5689 capitalia
2466 5634 2568 5673 non
2631 5619 2879 5673 habuisse
2929 5616 3144 5687 peccata
3194 5617 3529 5684 intelligendi

1950 5724 2091 5769 sunt.
2125 5713 2252 5768 Nam
2279 5713 2395 5784 quis
2426 5710 2538 5767 sittt'
2563 5710 2817 5781 peccato?
2841 5708 2943 5765 Sed
2971 5717 3022 5764 et
3052 5708 3321 5779 Scriptura
3349 5711 3519 5774 impii-

3040 5896 3071 5923 ἡ
