3910 6174
495 316 603 371 ora
682 280 685 283 ’
839 312 847 317 λ
1609 311 1908 373 rnntssn
1946 312 2391 369 ADRUML‘TANI
2433 308 2646 372 EPISC.
3566 321 3646 375 ctu

495 462 671 506 autum
701 448 1010 519 frequenter
1034 448 1285 519 appellat.
1307 446 1528 501 Maxime
1553 456 1721 500 autem
1747 449 1833 517 qui
1862 449 1923 501 de
1948 444 2062 501 ϐω·
2092 452 2142 509 Α
2169 444 2249 500 vel
2284 445 2336 498 in
2371 442 2479 499 ﬁde
2511 446 2885 513 persisterent,
2921 442 3002 497 vel
3032 442 3314 499 ﬁducialius
3355 446 3647 523 pradicarent,

494 543 626 594 saris
654 541 805 593 domo
832 549 970 595 sunt.
1001 538 1181 594 Gratia
1210 538 1413 592 Domini
1443 539 1572 593 Jesu
1609 539 1795 592 Christi
1819 554 1933 591 cum
1963 539 2069 605 spi-

497 634 596 684 ritu
621 638 806 684 oestro.
836 633 1019 683 Amen.
1055 629 1120 685 Ut
1146 645 1238 683 eos
1266 630 1614 692 confortaret,
1643 639 1697 682 et
1739 628 1814 683 illi
1848 629 2064 681 liberius

2172 538 2385 604 quando
2430 526 2722 590 audiebant
2751 535 2911 589 etiam
2959 535 3026 590 de
3058 536 3231 591 ofﬁcio
3269 536 3470 596 Caesaris
3506 545 3649 599 multo:

2173 627 2339 681 fuisse
2374 636 2689 681 conversos.

907 852 1064 935 AD
1120 847 2269 933 THESSALONICENSES
2319 849 2882 936 EPISTULA
2934 854 3323 935 PRIMA.

1042 1074 1546 1132 ARGUMENTUM.

498 1183 965 1261 Thessalonicenses
1006 1199 1122 1261 sunt
1167 1187 1490 1261 Macedones.
1524 1185 1663 1261 Hinc
1691 1183 1900 1261 gbristo
1939 1181 2067 1261 Iesu

560 1265 764 1324 accepto
802 1259 949 1310 verba
993 1258 1216 1311 veritatis
1245 1260 1576 1328 perstiterunt
1598 1257 1651 1308 in
1681 1257 1802 1323 ﬁde,
1837 1256 1985 1305 etiam
2014 1256 2067 1302 in

562 1341 706 1392 pene
736 1327 909 1380 utione
934 1328 1117 1380 civium
1138 1326 1364 1380 suorum.
1385 1326 1641 1379 Pra‘terea
1660 1341 1750 1378 nec
1772 1328 2067 1388 receperunt

558 1394 718 1465 falsos
746 1397 1025 1465 apostolos,
1050 1412 1144 1451 nec
1175 1413 1236 1449 eu
1282 1412 1395 1459 qua:
1423 1413 1455 1449 a
1485 1396 1628 1463 falsis
1656 1393 1900 1465 apostolis
1929 1392 2064 1465 dice-

560 1464 764 1518 bantur.
788 1464 839 1517 II
843 1483 897 1519 os
918 1467 1178 1525 colusudat
1193 1462 1491 1532 Apostolus,
1514 1462 1734 1519 scribens
1747 1466 1816 1517 ris
1830 1462 1892 1514 ab
1907 1464 2062 1514 Athe-

559 1535 678 1658 ris,
729 1550 820 1602 per
861 1533 1142 1604 Tychicum'
1184 1536 1448 1590 diaconem
1493 1543 1543 1588 et
1597 1533 1893 1588 Onesimum
1944 1547 2062 1584 aco-

580 1617 738 1658 mum.

577 1617 738 1674 yttsm.

556 1714 738 1771 CAPUT
769 1732 991 1773 PBIIUI.
1043 1717 1257 1781 Paulus,
1297 1730 1343 1771 et
1392 1717 1656 1776 Silvanus.
1690 1726 1738 1769 et
1769 1713 2060 1767 Timotheus

493 1803 731 1859 Ecclesiae
776 1805 1325 1861 Thessalonicensium.
1364 1807 1463 1860 Per
1501 1806 1771 1859 Silvanum
1801 1813 1855 1856 et
1881 1803 2060 1855 'lirno-

2175 1089 2285 1126 mus
2329 1074 2398 1126 ad
2427 1089 2531 1127 vos.
2554 1072 2621 1127 Et
2643 1080 2841 1128 nostra;
2867 1074 3196 1133 c0ustantite.
3222 1086 3271 1129 et
3291 1083 3462 1131 vestrae
3484 1093 3652 1135 conver-

2170 1164 2393 1217 sationis
2423 1164 2604 1231 0pinio
2632 1163 2878 1217 munibus
2907 1175 3028 1217 nota
3071 1176 3171 1218 est.
3206 1166 3267 1218 Et
3311 1170 3526 1235 quomodo
3564 1188 3651 1225 can-

2173 1256 2301 1307 oersi
2347 1255 2466 1308 estis
2504 1253 2572 1306 ad
2620 1253 2780 1307 Deum
2810 1274 2841 1307 ιι
2870 1255 3181 1322 simulacris,
3210 1260 3379 1311 servire
3405 1259 3494 1311 Deo
3518 1267 3599 1314 vita
3619 1276 3652 1315 et

2169 1362 2307 1410 vero,
2336 1354 2381 1399 ct
2409 1354 2706 1413 exspectare
2734 1343 2929 1399 Filium
2959 1347 3073 1417 ejus
3104 1348 3164 1399 de
3186 1350 3314 1402 cretis
3335 1365 3468 1419 quem
3489 1353 3650 1404 suscita-

2166 1438 2233 1489 vit
2273 1453 2335 1490 ea:
2372 1438 2585 1491 mortuis
2620 1437 2820 1491 Iesum.
2861 1438 3162 1494 Notandum
3190 1441 3289 1494 dici
3323 1457 3569 1496 conversos
3601 1444 3647 1498 ad
3738 1496 3739 1499 η

2171 1526 2451 1580 Daminum
2482 1526 2549 1579 ab
2580 1527 2760 1591 idolis,
2793 1543 2896 1580 non
2925 1527 3097 1582 solum
3129 1538 3324 1591 autem,
3353 1530 3434 1583 sed
3486 1541 3530 1583 et
3566 1547 3648 1583 cre-

2170 1618 2361 1671 dentes
2388 1631 2533 1685 saepe
2563 1619 2612 1670 in
2668 1616 2941 1684 prephetis
2967 1617 3216 1670 dicuntur
3252 1619 3466 1671 conveni
3506 1619 3649 1673 debere

2166 1721 2195 1759 a
2241 1707 2439 1761 malitia
2478 1708 2541 1760 ad
2576 1707 2731 1761 ﬁdem
2764 1707 2877 1761 Dei.
2913 1708 3011 1772 Qui
3048 1708 3229 1778 eripuit
3268 1725 3353 1761 nos
3385 1709 3533 1771 obire
3561 1726 3646 1763 ren-

2168 1810 2300 1853 tnra.
2344 1799 2522 1853 Gratia
2570 1810 2623 1853 et
2654 1800 3021 1855 misericordia
3065 1814 3160 1854 sua
3195 1802 3258 1854 ab
3296 1802 3364 1854 ira
3402 1817 3483 1855 nos
3508 1801 3644 1869 julicii

486 1894 691 1957 theom,
730 1910 835 1950 non
882 1897 1054 1950 solum
1104 1896 1208 1961 his,
1252 1897 1346 1951 sed
1391 1896 1552 1950 etiam
1595 1893 1885 1949 Corinthiis
1933 1906 2052 1945 cum
2093 1879 2135 1940 Β
2163 1893 2403 1947 liberavit
2429 1932 2446 1956 ,
2475 1894 2596 1962 quia
2620 1896 2729 1960 jam
2760 1892 3016 1948 habemus
3046 1893 3099 1947 in
3129 1906 3223 1961 spe
3252 1894 3643 1961 libertatemrepa-

485 1984 743 2051 Apostolo
789 1988 1005 2040 verbum
1055 1987 1147 2041 Dei
1194 1989 1360 2044 fuerat
1389 1986 1683 2040 nuntiatum
1710 2028 1725 2051 ,
1757 1984 1895 2039 sicut
1941 1983 2057 2052 ipsc

483 2076 559 2128 ait
586 2075 638 2129 in
666 2077 1048 2131 secutrdazpt-r
1074 2093 1183 2143 tne,
1207 2088 1260 2131 et
1285 2076 1587 2144 Silvanum,
1618 2086 1670 2131 et
1690 2074 2051 2131 Timotheum.

483 2162 551 2217 In
580 2163 686 2217 Deo
718 2164 894 2229 Patre,
923 2178 966 2220 ct
993 2164 1211 2219 Domino
1232 2164 1356 2219 Jesu
1383 2163 1606 2230 Christo,
1635 2183 1725 2234 gra
1751 2165 1801 2216 ia
1840 2163 1976 2215 vobis
2008 2172 2056 2215 et
2100 2166 2105 2170 ’

475 2271 603 2328 pax.
636 2256 1025 2325 Prmposterato
1067 2257 1254 2312 ordine
1280 2266 1404 2311 ante
1441 2257 1570 2310 dicit
1616 2257 1667 2309 in
1718 2256 1824 2308 Deo
1875 2253 2051 2317 Patre,

476 2357 533 2401 et
558 2346 772 2402 Christo
815 2346 962 2412 .lesn,
992 2358 1045 2401 et
1092 2349 1168 2400 sic
1215 2345 1379 2424 gratia
1410 2346 1559 2398 vobis
1608 2354 1663 2400 et
1690 2360 1815 2414 pax.
1847 2344 2053 2397 Gratias

476 2440 676 2509 agimus
706 2437 813 2493 Deo
864 2454 1057 2509 semper
1083 2455 1177 2509 pro
1205 2441 1434 2493 omnibus
1460 2441 1617 2503 vobis,
1649 2438 1943 2493 memoriam
1972 2455 2053 2490 ve-

479 2531 576 2584 stri
603 2531 864 2601 facientes.
899 2530 999 2584 Pro
1028 2532 1295 2595 oninilius,
1321 2530 1441 2599 quia
1466 2545 1699 2584 omnium
1728 2529 1881 2583 nobis
1903 2538 2051 2597 grata

477 2623 731 2677 tnetnoria
761 2633 861 2677 ιεῑ.
882 2622 945 2676 In
971 2624 1284 2677 orationibus
1306 2624 1491 2677 nostris
1519 2624 1627 2677 sine
1656 2622 2047 2676 intermissione.

477 2713 591 2767 Non
623 2712 927 2784 impediaris
972 2730 1126 2770 orare
1169 2729 1401 2784 semper.
1433 2713 1684 2767 Memorcs
1729 2715 1893 2787 operis
1930 2712 2051 2779 fidei

474 2815 677 2870 vestrae,
707 2815 756 2859 et
784 2806 971 2859 laboris
1000 2815 1044 2860 et
1091 2806 1377 2859 charitatis.
1408 2804 1521 2859 Non
1566 2803 1734 2858 solans
1774 2803 1919 2866 ﬁdei,
1953 2817 2049 2857 nec

477 2901 529 2953 in
559 2900 675 2955 solo
698 2900 862 2955 verbo
890 2899 1087 2955 laboris
1114 2898 1171 2954 et
1196 2899 1490 2964 charitatis,
1521 2900 1614 2955 sed
1644 2899 1696 2954 in
1727 2915 1805 2956 re.
1841 2899 1907 2953 Et
1931 2916 2042 2952 sus-

472 2992 696 3045 tinentite
723 2993 830 3057 spei
871 2990 1074 3044 Domini
1123 2992 1282 3044 nostri
1320 2989 1446 3044 Jesu
1474 2990 1682 3044 Christi.
1714 2990 1900 3043 Omnis
1928 3004 2019 3043 sus

473 3082 689 3134 liuentia
736 3090 948 3148 propter
985 3095 1154 3147 spem.
1174 3081 1300 3132 Ante
1326 3077 1484 3131 Deum
1504 3089 1549 3131 et
1573 3080 1774 3130 I’utrem
1794 3090 2043 3131 nostrum.

473 3171 588 3226 Non
618 3183 740 3225 ante
769 3174 1029 3226 homines.
1056 3171 1306 3234 Scientes,
1333 3171 1517 3240 fratres
1544 3172 1735 3237 dilecti,
1759 3188 1791 3223 a
1816 3170 1921 3225 Deo
1938 3173 2041 3225 ele-

2163 1983 2269 2037 rari
2300 1999 2392 2052 per
2419 1984 2755 2051 baptismum.

2229 2073 2356 2129 Car.
2389 2090 2445 2127 ιι.
2479 2073 2616 2128 Nam
2644 2075 2739 2145 ipsi
2781 2075 2940 2144 scitis,
2980 2077 3183 2148 fratres,
3212 2076 3448 2130 introitum
3479 2094 3549 2130 nos
3566 2096 3643 2130 run

2158 2168 2224 2217 ad
2262 2183 2365 2229 vos,
2392 2168 2511 2235 quia
2540 2182 2641 2219 non
2669 2164 2835 2219 inanis
2857 2167 2976 2235 fuit,
3018 2171 3110 2221 sed
3140 2179 3252 2220 ante
3286 2170 3436 2236 passi,
3461 2179 3499 2221 et
3518 2179 3644 2221 contu-

2159 2254 2318 2308 meliis
2363 2255 2553 2321 officii.
2602 2255 2719 2309 Non
2770 2268 2852 2311 est
2902 2259 3073 2312 inanis
3119 2274 3309 2320 sermo,
3347 2262 3426 2329 qui
3467 2261 3644 2312 ﬁrmat:

2157 2348 2447 2401 constantia
2484 2347 2762 2415 passioois.
2795 2347 2941 2403 Sicut
2983 2352 3146 2417 scitis,
3176 2352 3225 2404 in
3271 2349 3513 2418 Philippis,
3542 2351 3641 2418 ﬁdu-

2155 2438 2285 2489 ciam
2324 2437 2592 2492 habuimus
2631 2441 2681 2492 in
2716 2439 2930 2492 Domino
2967 2450 3141 2494 nostro
3175 2441 3302 2508 loqui
3328 2442 3387 2492 ad
3423 2456 3491 2494 vos
3517 2442 3640 2491 Eran-

2153 2528 2342 2597 gelinm
2392 2526 2504 2582 Dei.
2554 2530 2685 2593 Quia
2742 2529 2995 2601 al;qnanti
3057 2542 3286 2585 vestrum
3336 2526 3536 2585 viderunt
3572 2542 3641 2583 nos

2154 2616 2409 2685 Philippis
2455 2634 2641 2688 pasros
2690 2636 2796 2674 non
2842 2624 3132 2690 espavisse
3190 2623 3538 2686 tribulationes,
3570 2638 3639 2676 nec

2153 2710 2443 2782 praedicare
2484 2726 2745 2768 cessasse.
2780 2711 2845 2765 In
2889 2718 3056 2767 mutta
3099 2718 3434 2770 sollicitudine.
3462 2715 3549 2770 Non
3573 2731 3640 2770 ne-

2150 2804 2427 2874 gligenter,
2453 2819 2549 2860 nec
2574 2806 2894 2861 transitorie.
2914 2806 3219 2862 Exhortatio
3235 2811 3359 2862 enim
3380 2819 3535 2862 nostra.
3555 2809 3641 2862 Ideo

2151 2910 2254 2947 non
2306 2909 2586 2950 terremur.
2619 2893 2738 2947 Non
2779 2897 2841 2949 de
2869 2912 3061 2951 errore.
3099 2898 3250 2952 Errat
3286 2902 3540 2967 quicunque
3570 2913 3639 2965 pu-

2153 2997 2228 3039 tat
2275 2987 2351 3040 vel
2393 2987 2551 3041 docet
2597 2986 2765 3039 mulos
2810 3002 3033 3056 regnare
3079 3003 3199 3042 cum
3247 2987 3439 3042 Christo
3473 2988 3641 3041 :Nolite

2148 3092 2348 3141 errare,
2385 3092 2555 3145 neque
2596 3076 2865 3130 fornicarii
2902 3092 3077 3147 neque
3118 3078 3471 3146 adulteri,e:t:.
3512 3078 3641 3145 Neque

2146 3170 2209 3222 de
2247 3168 2588 3222 immunditia.
2626 3167 2903 3235 Quomodo
2940 3168 3212 3226 Joviuiani
3255 3173 3482 3226 doctrina.
3511 3170 3641 3238 Neque

470 3263 686 3315 (tionem
713 3273 951 3314 vestram.
984 3263 1057 3313 Ex
1089 3260 1187 3314 hoc
1214 3261 1584 3329 cognoscimus
1614 3275 1707 3315 vos
1736 3275 1901 3321 verea
1934 3259 2042 3314 Deo
2072 3255 2117 3317 C
2146 3263 2199 3314 in
2230 3261 2368 3315 dolo.
2400 3260 2597 3317 Contra
2643 3262 3025 3318 conscientiam
3079 3262 3346 3335 loquentes
3383 3273 3517 3333 atque
3550 3275 3639 3315 sua-

469 3368 591 3406 csse
618 3352 840 3417 electos,
871 3368 919 3418 q:
944 3350 990 3405 ia
1021 3351 1192 3405 reales
1220 3352 1371 3405 e5tis.
1400 3350 1697 3405 Notandum
1732 3352 1857 3420 quia
1884 3350 2036 3403 eiecti

469 3454 592 3496 sunt
620 3442 791 3511 potius
814 3458 968 3510 quam
994 3442 1287 3511 elegerunt.
1308 3442 1437 3506 Quia
1454 3440 1785 3513 Erungelum
1814 3452 2037 3522 qostrum

467 3551 566 3588 non
596 3538 692 3603 fuit
738 3536 807 3588 ad
832 3552 917 3588 vos
943 3537 995 3589 in
1035 3550 1265 3589 sermone
1296 3543 1511 3588 tantum.
1545 3535 1675 3601 Quia
1707 3549 1802 3587 nec
1830 3534 2039 3585 auditur

467 3637 690 3693 tantum,
723 3627 816 3680 sed
860 3629 1019 3681 etiam
1063 3642 1195 3697 opus
1241 3629 1504 3697 apparuit.
1539 3627 1644 3682 Sed
1678 3638 1723 3680 et
1751 3627 1801 3678 in
1831 3630 2034 3688 virtute,

463 3727 509 3771 et
541 3714 588 3771 tn
621 3717 823 3787 Spiritu
870 3730 1064 3772 sancto.
1095 3717 1264 3785 Quem
1293 3719 1595 3788 accepistis.
1628 3716 1692 3771 Et
1738 3718 1791 3770 in
1820 3716 2036 3785 plenitu-

463 3812 584 3864 dine
634 3812 818 3865 multa.
877 3811 1221 3867 Perfectionis
1268 3821 1492 3878 vestrae,
1543 3812 1657 3867 sive
1698 3809 2037 3866 abundantia:

464 3910 679 3954 nostrae.
708 3900 855 3955 Sicut
889 3902 1028 3955 scitis
1072 3902 1245 3972 quales
1286 3901 1530 3971 fuerimus
1558 3902 1610 3953 in
1651 3901 1787 3953 vobis
1833 3912 2037 3970 propter

463 4010 572 4047 vos.
611 3993 783 4047 Etiam
825 4008 853 4046 a
904 3994 1063 4048 licitis
1099 3994 1472 4048 abstinnimus.
1509 3991 1573 4045 Et
1622 4008 1707 4045 ros
1752 3991 2036 4044 imitatores

463 4086 620 4139 nostri
663 4086 784 4153 facti
820 4086 956 4151 estis,
990 4095 1037 4140 ct
1088 4084 1289 4139 Domini
1336 4086 1647 4155 excipientes,
1683 4082 1905 4136 verbum.
1936 4081 2037 4136 Per

464 4176 765 4244 passionem
809 4177 1164 4245 suscipientes
1199 4179 1441 4245 verbum,
1470 4176 1610 4231 sicut
1637 4185 1694 4230 ot
1720 4189 1816 4229 nos
1845 4182 1899 4227 et
1933 4172 2037 4227 Do-

464 4267 638 4320 minus
666 4266 1098 4335 prazdicavimus.
1117 4267 1181 4320 In
1212 4268 1534 4321 tribulatione
1562 4266 1742 4320 multa.
1771 4263 1922 4331 Quod
1950 4263 2033 4318 vix

466 4360 729 4426 excipitur
768 4361 817 4411 in
846 4359 1043 4426 quiete.
1075 4357 1201 4412 Cum
1224 4360 1411 4428 gaudio
1443 4360 1668 4430 Spiritus
1706 4359 1890 4411 sancti.
1926 4356 2035 4411 Hoc

467 4457 551 4501 est
572 4464 693 4501 vere
711 4448 941 4518 gaudere
968 4451 1019 4503 in
1047 4448 1245 4517 Spiritu
1268 4460 1473 4515 sancto,
1505 4450 1643 4505 sicut
1672 4449 1922 4517 apostoli,
1944 4447 2033 4518 qui

466 4537 611 4590 ibant
640 4540 952 4606 gaudentes,
973 4540 1092 4609 quia
1122 4540 1267 4610 digiti
1291 4541 1455 4596 habiti
1482 4552 1605 4595 sunt
1628 4541 1735 4609 pati
1758 4551 2033 4596 contume-

2143 3341 2349 3410 dentcs‘.
2388 3354 2493 3411 Sed
2517 3356 2647 3410 sicut
2676 3356 2879 3426 probati
2910 3372 3090 3411 sumus
3120 3375 3151 3412 a
3185 3358 3307 3424 Deo,
3337 3368 3383 3411 ut
3421 3358 3643 3410 credentur

2145 3446 2287 3501 nobis
2337 3447 2687 3518 Evangelum,
2730 3450 2800 3501 ita
2844 3446 3122 3518 loquimur.
3173 3448 3368 3519 Integra
3420 3450 3639 3516 loquimur,

2142 3532 2289 3608 quasi
2319 3556 2349 3594 a
2391 3540 2500 3595 Deo
2540 3540 2780 3610 probati,
2817 3545 2902 3608 qui
2944 3542 3185 3597 omnium
3226 3552 3416 3598 mentes
3436 3541 3642 3601 novinet

2142 3631 2207 3684 ab
2235 3630 2350 3698 ipso
2379 3632 2428 3684 in
2460 3630 2561 3684 hoc
2602 3631 2778 3686 ofﬁcio
2803 3631 3074 3686 destinati.
3112 3631 3229 3686 Non
3258 3633 3391 3701 quasi
3414 3631 3640 3683 hominibus

2142 3722 2417 3790 pfacentes,
2448 3723 2538 3776 sed
2568 3720 2697 3786 Deo,
2728 3722 2814 3791 qui
2844 3722 3021 3790 probat
3053 3706 3208 3776 corda
3238 3733 3414 3776 nostra.
3439 3721 3543 3787 Qua
3564 3717 3640 3769 falli

2143 3821 2379 3880 possunt.
2432 3811 2611 3882 Neque
2654 3813 2785 3866 enim
2829 3813 3113 3882 aliquando
3162 3815 3345 3884 fuimus
3384 3814 3430 3863 in
3467 3822 3645 3861 seruiunt

2137 3904 2466 3967 adulationis,
2495 3905 2625 3957 sicut
2665 3905 2833 3966 scitis;
2874 3921 3034 3973 neque
3074 3905 3128 3958 in
3174 3905 3421 3958 occasione
3450 3898 3640 3955 avarius.

2141 3993 2278 4048 Deus
2305 3995 2441 4047 testis
2485 4003 2589 4060 est;
2620 4010 2708 4047 nec
2750 4004 3025 4063 quaerentes
3055 3993 3117 4045 ab
3146 3991 3415 4047 hominibus
3447 3988 3641 4057 gloriam,

2139 4102 2297 4156 neque
2328 4104 2358 4138 a
2401 4087 2557 4148 vobis,
2601 4102 2758 4151 neque
2801 4085 2862 4138 ab
2910 4085 3047 4137 aliis.
3091 4085 3239 4139 Scut
3274 4076 3643 4151 qui.h.-mi..iii..s

2140 4180 2375 4248 placent,
2406 4177 2629 4231 infirmis
2654 4176 2831 4231 omnia
2860 4192 2977 4245 qua:
3004 4175 3307 4229 desiderant
3334 4171 3643 4226 concedentes.

2137 4280 2189 4323 et
2218 4283 2261 4322 e-
2285 4283 2401 4321 rum
2434 4276 2657 4322 mortem
2686 4281 2789 4320 non
2820 4277 3090 4321 curantes.
3122 4264 3300 4321 Omnis
3327 4262 3407 4332 qui
3434 4258 3642 4315 adolatur,

2137 4369 2228 4425 aut
2256 4369 2469 4430 propter
2500 4359 2775 4413 avaritiam
2804 4361 2884 4413 vel
2921 4360 3145 4428 gloriam
3174 4359 3419 4412 adulatur.
3449 4353 3525 4406 ille
3548 4361 3644 4416 ergo

2140 4454 2391 4520 [rebatur
2435 4461 2649 4520 propter
2691 4451 2854 4505 Deum
2899 4452 3075 4519 loqui,
3119 4452 3208 4520 qui
3237 4450 3329 4503 ista
3357 4461 3450 4501 non
3477 4439 3642 4510 quaerit.

2141 4547 2264 4599 Cum
2294 4561 2552 4617 possemus
2580 4544 2720 4598 oneri
2744 4560 2850 4598 esse
2878 4554 2929 4597 ut
2956 4540 3144 4598 Christi
3175 4541 3399 4611 apostoli.
3424 4538 3533 4591 Cum
3553 4542 3648 4599 pos-

464 4630 587 4684 liam
612 4646 703 4699 pro
721 4632 933 4686 nomine
962 4632 1280 4688 Christtha
1310 4644 1365 4687 ut
1395 4635 1520 4704 facti
1547 4636 1658 4688 sitis
1680 4634 1847 4704 forma
1867 4633 2031 4688 omni-
2062 4609 2112 4670 D
2138 4639 2303 4691 simus
2331 4650 2425 4691 V08
2455 4636 2535 4690 vel
2567 4636 2618 4688 in
2650 4634 2749 4689 hoc
2793 4649 3036 4703 gravare,
3077 4631 3218 4702 quod
3246 4630 3389 4685 nobis
3430 4626 3546 4679 Deus
3575 4634 3640 4673 or-

459 4721 551 4774 bus
578 4720 897 4774 credentibus
938 4722 991 4775 in
1040 4722 1342 4778 Macedonia
1368 4734 1413 4778 et
1443 4724 1492 4776 in
1517 4725 1730 4777 Achaia.
1772 4724 2035 4779 Perfecto-

462 4825 577 4862 rmn
608 4826 651 4865 e-
671 4820 691 4865 t
714 4813 936 4865 turmam
962 4814 1239 4868 credentib
1262 4828 1302 4867 as
1327 4814 1614 4869 exhibere:
1649 4822 1825 4869 vestro
1853 4829 2033 4868 exem-

459 4906 549 4973 plo
576 4922 763 4959 omnes
790 4914 911 4959 sunt
936 4905 1229 4978 provpcati.
1262 4907 1304 4958 Α
1329 4906 1464 4960 vobis
1487 4906 1618 4960 enim
1642 4905 1933 4970 cli/[amatus
1956 4915 2030 4959 est

459 5010 623 5048 sermo
675 4994 789 5048 Dei.
819 4996 1015 5051 Natura
1066 4997 1219 5052 fama:
1269 4997 1383 5052 haec
1427 5007 1530 5065 est,
1562 5007 1618 5051 ut
1646 4998 1759 5052 sive
1806 4999 2026 5062 bontun,

459 5086 570 5138 sive
619 5087 814 5139 malum
844 5091 1110 5153 nuntians,
1142 5088 1335 5158 ubique
1380 5087 1663 5144 discurrat.
1697 5087 1817 5142 Non
1862 5091 2029 5149 solum

459 5177 511 5227 in
549 5175 856 5229 Macedonia
887 5186 931 5231 et
962 5180 1016 5232 in
1066 5180 1278 5247 Achaia,
1303 5183 1391 5234 sed
1420 5182 1473 5234 in
1502 5183 1640 5235 omni
1666 5179 1867 5235 loc0.ln
1898 5194 2031 5249 quo-

460 5284 574 5321 rum
609 5282 741 5337 pene
770 5268 1002 5321 conﬁnio
1030 5279 1113 5324 est
1142 5271 1540 5327 Thessalonica.
1562 5271 1715 5326 Eides
1743 5281 1902 5327 uestra
1919 5285 2031 5339 qua:

455 5375 529 5416 est
563 5361 616 5412 in
640 5358 822 5426 Deum,
845 5360 1070 5429 profecta
1099 5371 1191 5413 est.
1218 5363 1296 5416 Ab
1327 5354 1484 5417 idolis
1510 5364 1573 5417 ad
1604 5363 1880 5416 Dominum
1912 5376 2034 5414 con-

458 5469 629 5509 versa.
656 5450 741 5505 Ita
768 5464 819 5504 ut
849 5468 949 5505 non
978 5452 1043 5504 sit
1076 5452 1216 5504 nobis
1248 5468 1445 5507 necesse
1471 5455 1746 5524 quidquam
1770 5452 1927 5521 loqui.
1951 5446 2029 5505 ita

454 5544 509 5598 iit
537 5544 692 5598 nobis
720 5542 1095 5612 incipientibus
1124 5542 1319 5613 aliquid
1344 5545 1408 5596 de
1430 5545 1581 5599 vobis
1604 5545 1668 5598 ad
1693 5560 1723 5597 e
1764 5560 1878 5595 rum
1902 5542 2030 5594 mdi-

457 5636 759 5688 licatinnom
804 5634 972 5702 loqui,
1022 5634 1119 5704 ipsi
1174 5637 1369 5704 Oplitttc
1402 5637 1538 5690 scire
1581 5650 1639 5688 se
1685 5626 1880 5687 meant.
1920 5632 2031 5701 1pr5

413 5785 419 5791 _
458 5729 590 5781 enim
622 5729 680 5780 de
712 5728 846 5781 nobis
876 5730 1195 5791 annuntiant,
1234 5731 1428 5797 ςαπῖεἰι
1475 5731 1736 5782 ἰνιζνι·ιὶ‹ἰιτ;ι
1790 5729 2023 5781 habueri-

2138 4726 2361 4780 dinavit.
2410 4724 2514 4780 Sed
2556 4725 2678 4795 facti
2719 4740 2892 4778 sumus
2939 4723 3137 4791 parvuli
3172 4722 3223 4774 in
3262 4718 3414 4772 medio
3449 4720 3639 4769 vestrm-

2140 4817 2489 4871 llumiliantes
2510 4829 2609 4870 nos
2632 4822 2687 4869 et
2717 4826 2817 4868 nec
2840 4812 3078 4867 debitum
3107 4817 3391 4880 quanentes
3415 4806 3638 4857 honorem.

2140 4908 2401 4974 Tanquam
2443 4908 2489 4959 si
2530 4905 2704 4959 nutris:
2744 4905 2910 4974 foreat
2937 4902 3074 4970 ﬁlios
3100 4917 3236 4955 suos.
3287 4895 3543 4953 Humilians
3579 4902 3639 4947 so.

2135 5011 2186 5052 et
2212 5014 2259 5050 ιιι
2285 4998 2531 5050 omnibus
2561 4996 2779 5064 parvulo
2809 5007 3108 5063 comquans,
3138 5000 3193 5045 ut
3219 4990 3355 5044 illum
3376 4988 3434 5041 ad
3460 4980 3635 5049 milia“!

2133 5102 2227 5142 sua
2257 5070 2556 5141 imitatione
2588 5083 2857 5153 perducat.
2890 5083 3021 5136 Nam
3063 5090 3115 5134 et
3144 5083 3193 5132 in
3232 5080 3390 5147 lingua
3432 5068 3635 5130 balbutit.

2135 5192 2184 5234 et
2218 5193 2400 5246 parum
2427 5176 2564 5240 edit,
2590 5182 2642 5228 et
2669 5187 2788 5227 cum
2816 5188 2880 5227 eo
2910 5173 3053 5227 lente
3093 5169 3346 5229 ambulat,
3378 5175 3427 5218 ut
3460 5169 3635 5215 consue-

2134 5281 2263 5326 seat.
2304 5267 2388 5320 Ita
2432 5266 2769 5320 desiderantes
2818 5279 2903 5315 vos
2950 5260 3129 5330 cupide
3175 5258 3439 5315 volebamus
3479 5249 3635 5304 tradere

2132 5361 2288 5414 vobis.
2315 5357 2419 5411 Vos
2449 5356 2723 5425 prolicere.
2756 5351 2879 5405 Non
2910 5353 3073 5404 solum
3099 5344 3410 5415 Evangelium
3438 5340 3541 5403 Dei,
3567 5332 3635 5387 sed

2133 5452 2287 5505 e.‘iam
2316 5450 2511 5502 animas
2540 5455 2756 5498 nostras.
2786 5443 2937 5498 Sicut
2966 5444 3139 5495 nutrix
3179 5452 3379 5493 sensum
3407 5426 3633 5522 perfectio-

2135 5548 2216 5597 nis
2245 5557 2355 5597 sua:
2382 5541 2434 5594 in
2463 5537 2736 5608 parvulum
2763 5535 2876 5589 volt
2915 5530 3297 5594 transfundere,
3327 5536 3379 5579 ut
3412 5533 3473 5608 et.
3492 5518 3548 5571 sit
3579 5518 3631 5565 si-

2135 5632 2295 5687 milis.
2345 5604 2592 5694 Quoniam
2628 5622 2913 5677 charissimi
2959 5623 3097 5676 nobis
3142 5619 3258 5687 facti
3293 5614 3415 5669 estis.
3453 5604 3629 5674 Proplt'r

2134 5725 2290 5780 ﬁdem
2326 5730 2569 5775 \estram.
2611 5716 2857 5771 Memora
2886 5714 3014 5769 enim
3046 5711 3162 5781 facti
3199 5709 3326 5772 estis,
3370 5705 3539 5755 frutm,
3570 5694 3623 5743 ιο·
