3910 6174
241 295 340 344 ΓΗ

875 292 935 347 Pi
979 290 1372 346 EPISTULA.“
1414 289 1429 342 1
1472 289 1560 342 ΛΟ
1600 287 2297 344 THESSALONICENSES
2339 289 2853 346 COMMENTM‘HA.

3403 296 3509 352 Si!

241 412 378 463 boris
423 410 600 460 nostri.
638 407 747 460 L-ll)
790 423 873 459 res
920 421 1170 461 manuum
1218 404 1506 461 exercebat
1554 404 1820 467 noetibtts,
1857 408 1899 463 Α
1928 420 2059 469 spes.
2108 407 2235 471 Quae
2283 420 2386 459 non
2435 405 2705 460 detineat:
2740 407 2834 457 Aut
2874 406 3136 472 gaudium.
3187 419 3274 459 aut
3318 425 3508 462 eorum

237 502 602 571 fatigationem
635 516 714 552 vct
733 501 779 553 bi
826 502 1029 556 diebus.
1064 500 1195 554 Nam
1236 500 1279 553 si
1325 514 1537 568 semper
1573 498 1826 567 operabao

239 603 350 653 tur,
379 590 593 660 quando
614 589 873 643 docebat?
905 589 968 641 Et
997 591 1336 660 fatigationis,
1363 597 1507 642 nocte
1536 598 1581 642 et
1607 590 1686 642 die
1710 604 1826 659 ape-

234 692 432 734 rantes.
475 678 626 746 Apud
658 680 774 744 hos,
806 690 857 732 et
889 675 1301 743 Curiuthios,‘et
1333 676 1592 746 Ephesios
1620 676 1828 730 labora-

235 770 345 837 vit,
394 770 586 838 quibus
634 770 969 823 occasionem
1016 768 1232 823 auterre
1276 768 1523 837 cupiebat
1567 768 1646 822 vel
1691 768 1828 821 acci-

238 876 272 929 p
295 860 421 913 ondi
454 860 531 912 vel
572 859 907 913 detrahendi.
947 857 1028 912 Ne
1061 874 1205 922 quem
1232 869 1444 912 vestrum
1482 874 1825 927 gravaremus,

237 952 629 1022 praedicavitnus
657 951 709 1003 in
741 951 876 1003 vobis
908 949 1241 1020 Evangelia»:
1276 950 1390 1005 Dei.
1421 951 1527 1004 lloc
1562 961 1640 1004 est
1662 990 1675 1014 ,
1707 966 1828 1004 cum

236 1042 513 1107 ptiSSiltIttS
540 1041 686 1094 oneri
709 1054 848 1102 esse,
875 1041 1013 1109 quod
1036 1043 1279 1110 superius
1305 1042 1527 1094 dixerat.
1566 1040 1662 1093 Vos
1686 1049 1829 1093 testis

233 1133 359 1184 estis
385 1141 431 1183 et
462 1130 616 1183 Deus.
651 1130 796 1185 Sient
825 1130 1038 1185 Samuel
1072 1132 1265 1200 populo
1293 1131 1442 1184 dixit.
1474 1131 1639 1193 Quam
1661 1139 1830 1183 sancte

233 1235 284 1274 et
322 1225 470 1291 juste
495 1232 541 1274 et
569 1202 675 1275 siiie
705 1222 927 1287 querela.
977 1221 1051 1276 Ne
1096 1222 1247 1275 vobis
1288 1222 1446 1275 ullum
1485 1221 1828 1275 ollettsiuueut

237 1312 521 1365 daremus.
553 1310 705 1365 Vobis
732 1313 819 1381 qui
857 1311 1142 1365 credidis'is
1174 1310 1455 1379 adfuimus.
1502 1309 1615 1362 Non
1662 1310 1833 1362 incre-

238 1402 406 1457 dulis.
442 1403 584 1460 Sicut
617 1405 774 1464 scitis,
806 1403 1025 1473 qvaliter
1049 1420 1451 1472 unumquemque
1479 1412 1642 1473 vestra
1666 1421 1691 1451 n
1724 1413 1833 1455 tan-

236 1509 399 1558 quam
428 1503 568 1562 pater
595 1493 728 1559 ﬁlias
752 1495 1075 1562 deprecantes
1104 1510 1208 1547 vos.
1243 1494 1519 1547 Parvulum
1555 1503 1608 1546 ut
1637 1496 1832 1561 nutrix,

244 1585 620 1650 proﬁcientem
673 1582 779 1651 jam
822 1592 877 1635 ut
919 1598 1065 1651 pater
1104 1584 1348 1639 instituit.
1392 1584 1451 1636 Et
1498 1586 1833 1649 consolantes,

242 1675 512 1737 testiﬁcati
540 1690 733 1727 sumus.
766 1674 820 1726 In
851 1674 1189 1729 tribulatione
1216 1677 1472 1729 consolati
1505 1692 1687 1731 sumus
1719 1692 1837 1745 pro-

1930 498 2144 565 glcritr?
2192 497 2377 552 Nonne
2440 514 2525 553 eos
2569 509 2688 551 ante
2740 497 3007 550 Dominum
3068 509 3292 552 nostrum
3334 497 3510 553 Jesuan

1931 586 2189 640 Christum
2226 589 2340 640 estis
2378 588 2429 640 in
2475 589 2691 641 adrentu
2730 587 2873 656 ejus?
2908 586 3008 639 Vos
3033 588 3166 640 enim
3190 589 3306 641 estis
3348 589 3511 657 glortt

1932 689 2141 744 nostra,
2169 687 2216 731 et
2251 662 2515 745 gaudium.
2547 677 2677 730 Boni
2719 678 2955 745 magistri
2990 692 3204 730 onmem
3234 693 3417 746 spem,
3456 680 3519 733 ct‘

1931 768 2529 837 gaudiutn,etc0ronam
2547 768 2596 821 in
2616 766 3271 835 perlectionedisceniutn
3288 779 3507 836 ponunt.

2002 853 2129 910 CAP.
2163 872 2241 910 ιιι.
2276 855 2449 925 Ρτοριι
2468 873 2494 909 r
2518 858 2652 925 quod
2680 873 2780 910 non
2808 858 3108 910 sustinentes
3140 858 3379 925 amplius.
3408 857 3512 911 Ne-

1934 948 2133 999 m'nem
2166 952 2404 998 nostrum
2448 946 2513 998 ad
2561 960 2654 998 vos
2694 946 2891 1009 venire,
2926 952 2980 999 ct
3022 946 3282 999 consolati
3325 959 3419 997 vos
3446 946 3513 998 de

1934 1036 2115 1099 nobis,
2165 1044 2218 1087 et
2277 1035 2397 1091 ideo
2432 1035 2807 1095 sollicitudine
2868 1039 3266 1105 torquebantur.
3308 1034 3513 1089 Placuit

1936 1129 2074 1180 nobis
2124 1143 2380 1178 rcmantre
2415 1126 2645 1188 Athenis,
2677 1126 2819 1179 solis.
2870 1127 3146 1181 Matuimus
3189 1126 3289 1180 soli
3335 1142 3511 1181 reatu-

1937 1231 2094 1279 uere,
2128 1230 2283 1282 qsatu
2342 1213 2547 1267 nescire
2593 1217 2716 1282 quid
2754 1216 3002 1282 ageretis.
3049 1213 3112 1266 Et
3150 1216 3374 1269 misimus
3420 1213 3513 1267 Ti-

1938 1302 2192 1355 motheum
2233 1303 2441 1371 fratrem
2490 1312 2738 1355 nastrum.
2787 1303 3062 1367 Quomodo
3099 1304 3255 1358 s'mul
3297 1304 3515 1372 scripsit

1937 1394 1980 1446 si
2022 1393 2216 1445 tni~sus
2247 1405 2305 1444 es
2340 1392 2480 1446 ?sed
2521 1391 2605 1445 hic
2635 1392 2827 1445 factum
2877 1400 3001 1447 ante
3043 1393 3234 1456 refert,
3275 1402 3331 1447 et
3364 1409 3515 1448 ret-a~

1940 1472 2147 1553 pilltldl.
2179 1482 2243 1536 Et
2280 1484 2561 1536 ministrum
2594 1482 2688 1536 Dei
2729 1486 2778 1536 in
2814 1483 3088 1555 Evangelia
3114 1484 3320 1538 Christi.
3354 1486 3517 1554 Adjtt»

1943 1586 2085 1630 tores
2133 1590 2224 1641 pro
2263 1576 2314 1626 di
2348 1574 2537 1643 cipufis
2582 1575 2741 1627 etiam
2785 1574 2936 1643 vulgo
2975 1575 3240 1630 dicuntur.
3276 1576 3352 1627 Ad
3390 1590 3515 1629 con-

1942 1665 2205 1736 fortandos
2250 1681 2364 1723 vos.
2411 1674 2458 1717 et
2496 1664 2833 1719 adhortandos
2879 1682 2971 1736 pro
3010 1666 3112 1735 ﬁde
3162 1678 3341 1721 ucstra.
3387 1668 3516 1734 Qua

240 1763 430 1816 miss’s
457 1761 672 1817 Christi.
709 1764 774 1817 Ut
805 1764 1133 1819 ambularetis
1172 1767 1320 1835 digne
1351 1764 1477 1820 Dso.
1512 1767 1679 1836 Digne
1725 1768 1830 1820 Deo

1944 1757 2039 1824 iam
2070 1755 2226 1808 ﬁdem
2264 1756 2538 1823 recepistis
2570 1794 2585 1819 ,
2618 1764 2818 1825 tantum
2850 1758 3152 1811 conlirmari
3191 1771 3324 1825 Opus
3357 1758 3520 1810 liabe-

240 1855 489 1907 atnhulat
529 1855 617 1921 qui
665 1856 794 1909 nihil
857 1856 966 1909 Deo
1013 1857 1123 1922 agit
1169 1856 1461 1927 indignum.
1500 1859 1599 1923 Qui
1640 1860 1830 1912 vocavit

238 1959 332 1996 vos
365 1945 419 1996 in
449 1960 599 1997 suum
629 1961 838 2014 regnum
896 1954 913 1997 t
940 1945 1174 2015 gloriam.
1206 1947 1354 2015 Quod
1384 1964 1486 2002 non
1515 1950 1612 2002 nisi
1648 1948 1831 2003 fideli-8

242 2035 629 2102 poss'dehunt,
657 2036 845 2105 quibus
878 2036 1101 2090 dicitur:
1138 2037 1347 2103 Venite,
1389 2038 1671 2093 benedicti.
1706 2035 1831 2090 [dco

239 2135 291 2179 et
322 2141 419 2178 nos
444 2142 505 2197 gr
539 2128 635 2179 tias
666 2126 861 2194 agimus
897 2124 1000 2179 Deo
1024 2129 1130 2182 sine
1159 2129 1560 2183 interm'ssione:
1591 2128 1832 2195 quoniam

240 2232 365 2270 cum
416 2217 728 2283 accepissetis
770 2234 801 2268 a
845 2217 986 2269 nobis
1030 2219 1230 2271 verbum
1274 2220 1480 2271 auditus
1529 2217 1642 2271 Dei.
1681 2218 1831 2283 Quod

242 2308 482 2374 primum
512 2307 577 2359 de
625 2307 733 2361 Deo
777 2307 1020 2379 audistis,
1067 2309 1178 2363 sive
1226 2317 1280 2362 ttt
1324 2308 1574 2362 audiretis
1616 2308 1779 2362 Deum
1819 2324 1831 2360 :

243 2398 509 2468 Arcepi.~ti
555 2397 707 2466 illud,
738 2414 838 2452 non
865 2411 918 2452 ut
939 2402 1140 2453 verbum
1168 2399 1449 2463 hominum,
1477 2400 1586 2463 sed,
1608 2399 1735 2452 sicut
1762 2410 1832 2452 est
1866 2417 1873 2425 '

240 2504 384 2550 vere.
417 2488 621 2541 verbum
656 2488 770 2541 Dei.
803 2488 872 2545 Ut
900 2492 1118 2545 verbum
1161 2490 1433 2543 hominum
1465 2488 1553 2558 qui
1598 2497 1835 2542 contem-

242 2580 367 2642 n't;
406 2593 501 2631 vos
538 2587 715 2633 autem
758 2580 827 2633 ita
868 2579 1187 2643 credidistis,
1223 2589 1279 2632 ιιι
1320 2578 1387 2632 ab
1429 2578 1543 2647 ipso
1584 2576 1693 2631 Deo
1739 2591 1834 2631 vos

1941 1849 2031 1899 tis.
2079 1845 2144 1899 Ut
2194 1862 2337 1899 nemo
2387 1856 2645 1898 moveatur
2681 1846 2731 1898 in
2780 1847 3183 1901 tribulationibus
3234 1849 3363 1902 istis.
3406 1849 3521 1904 Nntt

1935 1937 2055 1991 dico
2084 1951 2270 1990 omnes
2294 1976 2310 2001 ,
2343 1936 2436 1990 sed
2472 1950 2536 1991 ne
2572 1937 2653 1991 vel
2686 1938 2869 2006 aliqui.
2904 1936 3017 2007 Ipsi
3044 1938 3175 1992 enim
3207 1940 3367 1994 scitis.
3398 1940 3515 1994 Nntt

1935 2041 2061 2094 ergo
2106 2025 2305 2078 moveri
2347 2040 2408 2079 ac
2451 2026 2629 2080 mirari
2670 2027 2830 2081 debet
2854 2044 2900 2093 s,
2944 2029 3177 2086 scientes
3222 2042 3319 2084 nos
3363 2031 3520 2084 aliter

1938 2120 2165 2171 transire
2209 2133 2315 2171 non
2368 2132 2548 2186 posse.
2601 2120 2747 2183 Quod
2796 2120 2846 2171 in
2892 2119 2991 2172 hoc
3040 2121 3190 2188 positi
3237 2138 3435 2175 sumus.
3483 2126 3523 2177 Α

1936 2211 2171 2275 Christo,
2203 2211 2291 2279 qui
2337 2210 2506 2263 dixit:
2542 2212 2677 2265 Ecce
2706 2227 2805 2279 ego
2853 2214 3004 2266 mito
3050 2228 3143 2268 vos
3183 2215 3325 2268 sicut
3359 2228 3526 2283 agnos

1937 2298 2077 2351 inter
2120 2302 2290 2364 lupos,
2324 2306 2379 2352 et
2406 2298 2570 2350 multa
2596 2298 2722 2353 alia.
2765 2298 2904 2353 Nam
2932 2310 2979 2354 et
3008 2318 3122 2354 ctnn
3157 2304 3299 2368 apud
3326 2319 3411 2357 vos
3447 2320 3525 2356 es-

1934 2404 2120 2451 semus,
2155 2386 2557 2456 prteJicabamus
2587 2388 2721 2440 vobis
2752 2405 2991 2459 passuros
3030 2407 3124 2446 nos
3151 2391 3523 2455 tribulationes,

1936 2478 2065 2530 sicut
2093 2486 2138 2529 el
2182 2481 2369 2545 factum
2398 2486 2489 2538 est,
2524 2485 2569 2529 et
2596 2477 2731 2539 scitis
2756 2492 2774 2530 :
2803 2490 2950 2548 prapt
2981 2494 3068 2532 rea
3102 2490 3150 2534 et
3180 2498 3270 2551 ego
3306 2482 3526 2551 amplius

1936 2584 2038 2620 nan
2061 2568 2310 2620 sustinens
2346 2565 2458 2620 misi
2487 2567 2555 2619 ad
2585 2569 2982 2637 cognoscendam
3008 2570 3162 2638 ﬁdem
3191 2579 3426 2624 vestram.
3456 2570 3525 2626 Ut

242 2669 440 2723 audire
488 2670 757 2737 putaretis.
793 2662 911 2734 Qui‘
939 2672 1177 2733 operatur
1216 2671 1267 2722 in
1308 2668 1463 2735 vobis,
1492 2668 1578 2738 qui
1617 2665 1836 2720 credidi.
1874 2684 1897 2711 ο
1939 2673 2041 2712 non
2072 2673 2164 2712 vos
2196 2659 2271 2712 rei
2302 2657 2510 2711 novitas
2538 2658 2864 2721 deterreret,
2904 2661 2996 2715 sed
3029 2669 3210 2716 nostra
3240 2660 3442 2732 prophe
3473 2663 3518 2716 Ia

241 2761 362 2813 stis.
415 2760 677 2827 Operatur
722 2760 1087 2830 inspiratione,
1136 2760 1215 2815 vel
1261 2760 1448 2830 signis,
1498 2758 1579 2813 vel
1625 2757 1669 2812 si
1708 2755 1833 2826 quid

244 2849 377 2903 boni
412 2849 463 2903 fa
501 2851 606 2915 itis,
637 2850 724 2905 ille
758 2853 806 2905 in
838 2851 989 2905 vnbis
1018 2851 1161 2905 facit.
1188 2849 1420 2905 Adverte
1449 2849 1571 2918 quia
1604 2848 1655 2902 in
1686 2847 1837 2901 vobis

242 2942 420 3009 dixit,
448 2951 501 2996 et
531 2957 632 2994 non
665 2940 967 3007 vobiscum,
1000 2950 1057 2995 ut
1088 2940 1197 2996 Deo
1223 2955 1435 3008 semper
1461 2940 1628 3010 gloria
1658 2938 1832 3001 detur,

244 3030 411 3100 cujus
435 3042 515 3084 est
544 3045 702 3085 omne
730 3031 870 3100 quod
903 3044 1208 3100 possumus,
1236 3040 1289 3086 et
1316 3032 1403 3101 qui
1435 3032 1487 3085 in
1517 3030 1671 3084 nobis
1709 3041 1835 3097 ope-

1940 2749 2210 2812 llrmaret,
2265 2747 2407 2804 unde
2448 2756 2504 2803 et
2550 2749 2793 2804 Salvator
2846 2754 3147 2819 passionem
3201 2766 3350 2807 suam
3395 2760 3523 2806 ante

1938 2840 2207 2909 pratdixit.
2243 2836 2328 2893 Ne
2357 2839 2486 2909 forte
2526 2840 2791 2894 tentaverit
2828 2855 2935 2895 vos.
2974 2840 3054 2896 Ne
3080 2841 3124 2896 si
3155 2843 3303 2898 vobis
3330 2842 3528 2897 dixerit

1940 2944 2177 2991 tentatur
2203 2952 2217 2990 :
2247 2935 2384 2990 Ecce
2415 2936 2466 2990 in
2490 2937 2685 3015 quibus
2718 2936 2945 3005 speratis
2977 2937 3140 2992 Deum
3171 2949 3309 3003 esse,
3340 2939 3407 2996 de
3435 2940 3526 2995 tri-

1941 3031 2302 3086 bulationibus
2332 3031 2549 3085 liberari
2589 3043 2694 3083 non
2727 3037 2980 3099 possunt,
3014 3038 3069 3085 et
3098 3030 3255 3086 [idem
3289 3038 3524 3085 vestram

248 3131 428 3184 ratur,
458 3132 514 3174 ut
546 3135 849 3190 operemur,
878 3122 1018 3176 sicut
1046 3122 1172 3176 dicit
1206 3121 1257 3174 in
1297 3122 1503 3176 cantico
1531 3120 1680 3175 Isaia:
1703 3136 1716 3172 :
1742 3120 1841 3174 Do-
1870 3106 1914 3169 (ἶ
1950 3121 2170 3191 forsitan
2204 3120 2462 3174 turbaret.
2495 3118 2550 3174 Is
2578 3121 2664 3187 qui
2687 3126 2866 3174 tentet.
2895 3119 2942 3187 Q
2964 3120 2994 3173 :i
3023 3122 3182 3174 etiam
3220 3121 3382 3176 Deum
3413 3129 3530 3177 teu-

248 3214 405 3266 mine
438 3213 576 3266 Deus
625 3228 693 3267 no
725 3223 825 3279 ter,
873 3229 1058 3282 pacem
1110 3212 1263 3269 dabis
1311 3213 1483 3278 nobis,
1534 3221 1610 3276 et,
1659 3211 1839 3265 omnia

244 3308 422 3370 Opera
457 3311 633 3355 nostra
666 3316 915 3369 operatus
942 3318 1001 3358 es
1042 3304 1094 3357 in
1135 3305 1311 3359 nobis.
1344 3303 1448 3358 Vos
1494 3304 1626 3357 enim
1667 3303 1841 3355 imita-

247 3404 393 3446 tores
431 3392 551 3462 facti
591 3395 708 3447 estis
756 3392 1097 3448 Ecclesiarum
1133 3394 1225 3448 Dei
1267 3411 1378 3464 qua!
1415 3408 1529 3450 sunt
1564 3396 1618 3447 in
1654 3393 1840 3446 Judtea

248 3485 301 3536 in
349 3483 550 3538 Christo
576 3483 718 3539 Jesu.
760 3486 962 3553 Quibus
994 3485 1156 3541 dicit:
1191 3487 1319 3539 Nam
1362 3495 1416 3540 et
1460 3472 1655 3539 vinctis
1695 3498 1842 3537 eom-

250 3574 405 3642 pnssi
453 3573 615 3637 estis,
664 3584 715 3627 et
764 3576 1000 3643 rapinam
1059 3575 1319 3630 bonorum
1370 3585 1666 3629 vestrorum
1717 3589 1838 3628 cum

250 3665 454 3729 gaudio
492 3665 821 3732 suscepistis.
853 3665 987 3732 Quia
1028 3666 1204 3720 eadem
1244 3666 1382 3736 passi
1410 3665 1529 3719 estis
1556 3673 1609 3718 et
1632 3681 1736 3719 vos.
1767 3663 1843 3718 De

251 3755 413 3809 vobis
445 3756 559 3822 plus
585 3758 769 3816 miror,
802 3758 922 3823 quia
955 3771 1054 3811 nec
1092 3756 1261 3826 legem
1290 3757 1496 3821 edocti,
1531 3771 1629 3810 nec
1663 3771 1843 3811 exem-

255 3848 362 3914 plis
405 3845 781 3914 prophetarum
810 3847 941 3899 estis
974 3847 1261 3914 provocati.
1292 3847 1333 3899 Α
1365 3846 1733 3900 contribulibus
1764 3862 1841 3898 ve-

251 3940 403 3997 str's,
436 3938 562 3990 sicut
609 3946 655 3989 et
695 3939 789 4008 ipsi
832 3954 862 3990 a
907 3936 1123 3991 ludatis.
1171 3938 1506 3992 Contribttles
1545 3938 1610 3992 de
1654 3936 1840 3991 eadem

252 4039 385 4083 Sunt
428 4029 663 4083 natione.
715 4029 814 4095 Qui
854 4040 898 4083 et
950 4030 1223 4083 Dominum
1266 4029 1550 4083 occiderunt
1589 4026 1768 4082 Iesum
1797 4036 1843 4080 et

253 4119 554 4189 prophetas,
585 4129 630 4173 et
659 4137 750 4174 nos
778 4122 1025 4191 persecuti
1062 4131 1210 4186 sunt,
1247 4129 1291 4174 et
1338 4119 1443 4173 Deo
1485 4135 1587 4174 non
1620 4121 1841 4187 placeat.

254 4211 400 4276 Quid
434 4212 625 4265 mirum
654 4212 696 4265 si
749 4228 843 4266 nus
893 4221 1299 4282 persequantur,
1331 4212 1420 4281 qui
1454 4210 1757 4265 occiderunt
1792 4222 1844 4265 et

257 4301 433 4353 Deum
460 4312 509 4356 et
542 4305 861 4372 prophetas?
893 4303 954 4356 Et
993 4304 1226 4379 omnibus
1262 4302 1546 4356 hominibus
1576 4304 1846 4356 adversan-

257 4403 371 4457 tur,
402 4391 714 4462 prohibentes
744 4410 832 4447 nos
862 4394 1092 4462 gentibus
1127 4393 1292 4462 loqui,
1336 4402 1389 4446 ut
1417 4409 1515 4446 non
1545 4394 1671 4447 salvi
1695 4394 1840 4462 ﬁant.

1944 3214 2091 3267 tavit.
2140 3211 2202 3264 Et
2240 3212 2406 3265 inanis
2450 3212 2542 3279 fiat
2583 3211 2724 3265 labor
2753 3221 2945 3266 noster.
2983 3212 3221 3267 Sivuhis
3268 3230 3361 3281 per
3390 3215 3529 3271 hanc

1940 3305 2331 3371 suggestionem
2371 3316 2428 3355 sc
2461 3300 2681 3369 upulum
2723 3300 3016 3369 iniecisset.
3062 3301 3215 3357 Nunc
3247 3316 3414 3358 autem
3442 3322 3526 3360 tte-

1943 3392 2109 3443 niente
2138 3388 2400 3443 Timotheo
2426 3389 2504 3451 ad
2543 3405 2633 3444 nos
2662 3406 2694 3444 α
2731 3391 2889 3460 vobis,
2921 3400 2968 3445 et
3008 3394 3340 3447 annu.tiante
3385 3394 3529 3450 nobis

1942 3482 2113 3550 ﬁdem.
2158 3481 2262 3548 Qui
2306 3480 2533 3537 ﬁrmiter
2576 3482 2795 3538 creditis
2840 3482 3075 3539 Christo.
3122 3484 3188 3538 Et
3227 3486 3530 3542 charitutem

1943 3583 2177 3628 vestrum.
2218 3574 2354 3640 Quia
2397 3588 2495 3628 nos
2534 3575 2695 3631 solito
2734 3575 2852 3645 plus
2880 3577 3118 3647 diligitis.
3155 3578 3222 3632 Et
3257 3580 3377 3649 quia
3414 3598 3525 3635 ute-

1938 3668 2160 3749 ptoriam
2201 3667 2360 3719 nostri
2401 3666 2595 3721 habetis
2632 3667 2839 3723 bonam.
2871 3666 2965 3721 Est
2991 3668 3133 3722 enim
3162 3675 3222 3723 et
3252 3652 3390 3723 mala
3418 3688 3532 3727 ute-

1946 3754 2135 3807 muria.
2159 3754 2371 3823 Semper
2392 3756 2735 3809 desiderantes
2756 3771 2849 3809 nos
2866 3758 3049 3821 videre,
3074 3758 3203 3812 sicut
3224 3766 3271 3813 et
3294 3776 3386 3813 nos
3404 3777 3534 3831 quo-

1945 3861 2039 3914 que
2075 3861 2183 3898 vos.
2227 3845 2495 3901 Firmiter.
2539 3844 2666 3907 Ideo
2705 3846 2957 3900 consolati
2995 3864 3190 3913 sumus,
3234 3852 3438 3919 fratres,
3479 3855 3535 3911 in

1945 3936 2101 3997 vobis.
2139 3937 2191 3989 in
2230 3935 2367 3989 omni
2408 3936 2702 3990 necessitate
2729 3922 3066 3991 tribulationis
3102 3948 3293 3992 nostra
3336 3956 3425 4004 per
3450 3957 3531 3996 ve-

1945 4038 2101 4079 stram
2142 4024 2312 4093 ﬁdem.
2345 4024 2569 4080 Omnem
2611 4024 2984 4080 necessitatem
3032 4033 3089 4081 et
3136 4027 3531 4085 tribulationem

1948 4133 2053 4172 non
2096 4118 2354 4173 sentimus
2393 4128 2612 4188 propter
2658 4118 3091 4188 magnitudinem
3130 4122 3309 4191 gaudii
3359 4132 3532 4181 status

1948 4219 2079 4267 vesti
2096 4210 2132 4264 i.
2165 4212 2417 4278 Quoniam
2442 4227 2574 4264 nunc
2591 4212 2826 4278 vivimus,
2852 4211 2896 4264 si
2919 4227 3006 4266 vos
3031 4213 3178 4267 statis
3205 4214 3259 4267 in
3289 4212 3533 4273 Domino.

1948 4301 2169 4356 Etiamsi
2212 4300 2541 4368 occidantur,
2599 4301 2707 4356 vita
2771 4308 2956 4357 nostra
3002 4317 3072 4358 ex
3117 4303 3268 4359 vobis
3311 4305 3529 4375 pendet.

1954 4392 2119 4457 Quam
2143 4392 2279 4445 enim
2305 4392 2588 4462 gratiarum
2612 4392 2859 4446 actionem
2885 4410 3153 4462 possumus
3182 4392 3288 4449 Deo
3314 4396 3534 4452 tribuere

256 4486 382 4538 Nam
410 4484 579 4537 selum
603 4486 730 4539 sui<.
761 4484 825 4539 Ut
857 4486 1096 4551 impleant
1124 4494 1327 4553 peccata
1349 4500 1440 4538 sua
1468 4500 1681 4555 semper.
1708 4484 1838 4551 Quia
1871 4471 1925 4534 Β
1947 4498 2038 4551 pro
2075 4483 2208 4537 vobis
2256 4484 2309 4536 in
2339 4476 2474 4537 omni
2501 4483 2710 4554 gaudia,
2749 4499 2849 4553 quo
2876 4502 2907 4556 g
2927 4488 3157 4549 iaciemus
3196 4497 3403 4557 propter
3444 4503 3534 4542 vos

258 4590 376 4625 mm
423 4573 552 4627 solis
606 4569 801 4629 Jmlteis
854 4576 1182 4644 impediunt,
1234 4574 1327 4629 sed
1386 4576 1543 4628 etiam
1596 4576 1842 4642 gentibus

259 4660 542 4728 invident,
574 4665 637 4718 ad
668 4678 883 4719 suorum
912 4665 1179 4719 cumulum
1214 4674 1573 4734 peccatorum.
1609 4663 1693 4716 Pe:
1710 4664 1843 4717 venit

258 4766 432 4808 autem
473 4756 550 4807 ira
596 4753 689 4808 Dei
730 4770 882 4822 super
921 4755 1035 4808 illas
1077 4771 1234 4823 usque
1258 4756 1311 4807 in
1340 4754 1512 4822 ﬁnem.
1555 4752 1678 4807 Sive
1722 4767 1844 4821 quia

258 4844 479 4899 ablatus
531 4853 616 4900 est
670 4860 774 4899 non
804 4845 1147 4901 credentibus
1197 4847 1519 4913 intellectus,
1566 4845 1677 4901 sive
1722 4845 1843 4914 quia

258 4951 552 5007 ptmcnqua
598 4951 756 5007 paena
804 4939 1031 5005 captivi,
1073 4947 1129 4992 et
1176 4940 1226 4993 in
1276 4937 1524 4993 universa
1575 4946 1715 4992 terra
1758 4937 1843 4991 di-

258 5031 464 5096 spersi.
500 5026 609 5083 Nos
637 5042 826 5095 autem,
856 5030 1060 5100 fratres,
1092 5029 1308 5084 desolati
1335 5047 1364 5082 a
1389 5031 1525 5083 vobis
1554 5030 1622 5082 ad
1651 5039 1846 5100 tempus

261 5125 430 5186 ltortr,
458 5132 686 5189 aspectu,
705 5138 805 5176 non
834 5123 1003 5189 corde,
1029 5122 1369 5176 abundantius
1399 5123 1742 5191 festinavimus
1770 5124 1850 5193 fa-

261 5215 401 5267 ciens
444 5224 660 5266 vestram
703 5214 870 5267 videre
919 5229 1032 5267 cum
1084 5213 1243 5266 multo
1292 5214 1560 5276 desiderio,
1614 5215 1850 5281 quoniam

262 5302 520 5356 voluimus
547 5303 713 5357 venire
742 5305 808 5356 ad
839 5320 940 5357 vos.
974 5302 1129 5358 Sient
1172 5303 1332 5357 alibi:
1368 5304 1578 5358 Absens
1604 5318 1848 5372 corpore,

262 5410 510 5465 pra-suns
556 5404 737 5450 autem
788 5395 978 5466 spiritu
1021 5396 1131 5466 jam
1174 5395 1430 5465 iudicavi.
1486 5392 1598 5463 Ego
1648 5394 1853 5464 quidem

258 5485 492 5550 Paulus,
519 5497 562 5541 et
590 5488 763 5553 semel,
790 5496 836 5541 et
858 5488 1062 5555 iterum,
1088 5486 1177 5541 sed
1206 5486 1463 5556 impedivit
1490 5500 1582 5537 nos
1612 5484 1853 5539 Satanas.

264 5576 727 5633 Tribulationibus
771 5580 1231 5649 persequentium,
1276 5580 1356 5633 vel
1404 5576 1858 5632 imbecillitatibus

267 5666 635 5734 inﬁrmarum,
677 5681 786 5723 non
832 5682 929 5725 sua
975 5676 1187 5726 virtute.
1222 5670 1349 5736 Qua’
1388 5679 1461 5724 est
1503 5668 1638 5724 enim
1685 5677 1860 5723 nostra

1945 4581 2063 4626 ante
2094 4571 2371 4628 Dominum
2397 4584 2626 4628 nostrum
2663 4584 2807 4629 nocte
2846 4585 2898 4630 et
2939 4578 3040 4632 die.
3085 4578 3372 4648 'l’riplicem
3411 4594 3540 4634 eau-

1946 4676 2059 4715 satn
2104 4663 2299 4717 laetitia
2327 4664 2483 4719 nobis
2523 4674 2697 4719 vestra
2739 4667 3076 4721 conversatio
3112 4676 3367 4737 prmstat,
3410 4668 3534 4736 quia

1946 4763 2000 4807 et
2038 4769 2134 4808 vos
2161 4756 2437 4825 prolicitis,
2466 4764 2523 4810 et
2553 4755 2807 4812 Dominus
2837 4774 2932 4827 per
2960 4773 3052 4813 vos
3082 4757 3443 4825 benedicitur,
3476 4768 3540 4814 et

1948 4843 2066 4897 aliis
2115 4844 2367 4913 praebetis
2416 4848 2744 4915 exemplum.
2800 4846 3154 4901 Abundantius
3202 4857 3434 4915 orantes,
3482 4858 3538 4903 ut

1952 4933 2217 4988 rideamus
2254 4938 2435 5006 faciem
2471 4948 2707 4992 vestram.
2750 4938 2995 4995 Ostendit
3037 4945 3297 5007 quantum
3329 4939 3536 4997 abillis

1954 5025 2333 5083 desiderandus
2360 5030 2433 5084 sit
2461 5029 2735 5097 fratribus,
2773 5046 2905 5102 quos
2938 5039 3139 5088 tantum
3181 5034 3537 5108 ipsedeside-

1958 5127 2056 5172 rat.
2088 5118 2217 5186 Quis
2240 5122 2383 5175 enim
2414 5137 2533 5177 cum
2564 5124 2631 5179 de
2658 5124 2796 5177 fama
2826 5128 3182 5195 compererit,
3216 5128 3397 5186 videre
3425 5145 3533 5185 non

1957 5210 2140 5278 optat?
2171 5207 2240 5263 Et
2265 5214 2605 5283 compleamus
2638 5231 2697 5269 ea
2724 5231 2836 5285 qua:
2876 5217 3057 5271 desunt
3098 5219 3218 5288 fidei
3258 5230 3453 5275 vestrm.
3482 5220 3540 5275 Si

1961 5304 2086 5374 quid
2138 5314 2318 5359 vestra
2369 5305 2498 5361 ﬁdes
2544 5310 2721 5362 minus
2766 5320 2944 5378 potest
2989 5310 3189 5368 habere
3237 5312 3537 5367 doctrinm:

1958 5397 2170 5467 quando
2205 5398 2348 5452 enim
2378 5399 2675 5470 completur
2700 5401 2841 5471 quod
2881 5402 3078 5470 deluit,
3123 5417 3230 5457 non
3271 5400 3539 5469 improba-

1965 5497 2048 5541 tur
2075 5486 2212 5554 qund
2247 5486 2344 5542 fuit
2373 5488 2453 5553 ei;
2482 5489 2621 5558 quod
2651 5492 2828 5546 minus
2857 5501 2974 5546 erat
3001 5491 3233 5556 additur,
3264 5506 3368 5545 non
3395 5490 3536 5559 quod

1961 5579 2131 5633 inerat
2161 5580 2388 5645 tollitur;
2414 5581 2508 5636 sed
2546 5582 2666 5651 quia
2694 5593 2856 5639 recta:
2883 5584 3003 5639 ttdei
3034 5597 3128 5638 eos
3153 5598 3273 5638 esse
3298 5583 3537 5651 sciebat,

1961 5673 2079 5742 quia
2107 5671 2511 5737 fundamentum
2537 5674 2807 5733 Christum
2830 5676 3128 5748 habebant,
3150 5685 3205 5733 ct
3236 5676 3358 5733 ideo
3387 5675 3546 5733 addi-
