3910 6174
496 342 598 397 ιῖίῦ

1586 350 1877 406 rnnmsn
1930 354 2373 410 sannosum
2427 358 2638 413 EPISC.
3066 329 3077 337 ’
3574 382 3650 434 0n

493 463 994 525 tur,adzutlilicium.
1023 480 1126 517 non
1151 462 1477 519 Subtrahitur
1503 466 1923 521 fundamentum.
1946 466 2063 539 Ipse
2101 474 2143 528 Α
2171 489 2317 524 situm
2343 488 2573 540 sanctum
2615 478 2664 527 in
2698 476 2860 527 nobi<.
2896 476 2986 539 Qui
3030 495 3130 531 non
3165 480 3257 536 nisi
3299 485 3345 537 in
3384 491 3548 545 sanctis
3583 494 3651 548 tu.

490 564 660 609 autem
685 554 839 621 Deus,
861 566 909 609 et
932 557 1087 609 Pater
1122 568 1310 620 noster,
1333 568 1378 611 et
1404 558 1645 613 Dominus
1670 559 1704 612 ,Ι
1710 578 1821 615 esus
1837 562 2068 616 Christus

488 650 677 721 dirigat
704 651 838 703 uiam
866 660 1090 703 nostram
1118 651 1186 704 ad
1218 668 1318 703 vos.
1353 651 1590 705 Remotis
1613 653 1889 708 diabolicis
1916 670 2068 709 scan-

492 737 646 800 dalis,
665 751 717 793 et
738 743 1135 808 mutationibus,
1156 743 1345 808 quibus
1370 756 1553 796 nuSter
1576 744 1862 812 impeditur
1878 746 2069 801 adven-

496 841 600 886 tus.
658 832 760 885 Vos
806 847 974 888 autem
1032 837 1277 889 Dominus
1334 839 1662 905 multiplicet,
1713 850 1758 892 et
1810 842 2071 897 abundare

492 921 651 987 faciat
682 925 976 977 charitatem
1021 937 1235 979 vestrum
1283 928 1333 979 in
1380 927 1607 981 invicem.
1662 930 1971 999 Multiplicet
2018 934 2067 987 in

498 1024 717 1065 numero
762 1014 1120 1080 credentium,
1154 1017 1234 1069 vel
1265 1017 1315 1069 in
1361 1016 1460 1071 lide
1487 1027 1541 1072 et
1581 1020 1821 1074 scientia.
1858 1022 1923 1074 Et
1969 1038 2066 1076 no-

497 1102 710 1155 tandum
750 1105 889 1172 quod
944 1104 1200 1161 Dominus
1243 1106 1344 1161 huc
1377 1106 1530 1171 facit,
1561 1117 1615 1163 et.
1653 1125 1759 1163 non
1800 1112 1915 1167 sine
1959 1112 2067 1166 Dea

498 1202 725 1245 nttmana
756 1194 1033 1262 fragilitas.
1069 1196 1131 1249 Et
1160 1198 1212 1250 in
1242 1215 1434 1263 attines,
1457 1192 1886 1269 quemadmodum
1902 1212 1950 1255 et
1978 1220 2070 1256 nos

448 1314 450 1317 -
496 1280 547 1335 in
576 1286 730 1350 vobis,
757 1287 827 1338 ad
856 1290 1208 1350 conﬁrmanda
1236 1293 1391 1345 corda
1420 1303 1579 1346 ves'ra
1605 1295 1713 1348 sine
1753 1297 1972 1361 querela.
2006 1296 2073 1352 Ut

504 1386 607 1425 non
634 1374 805 1428 solum
832 1374 1180 1443 Christianos,
1213 1382 1304 1433 sed
1334 1388 1490 1435 ctfatu
1515 1384 1689 1438 omnis
1716 1395 1874 1439 sectae
1904 1387 2072 1441 homi-

495 1474 612 1523 nes,
656 1478 763 1516 non
803 1476 1019 1533 propter
1044 1482 1278 1522 errorem
1299 1509 1313 1533 ,
1345 1473 1435 1523 sed
1477 1483 1692 1541 propter
1722 1477 2069 1533 substantiam

494 1554 752 1621 diligatis,
778 1567 833 1612 et
860 1561 939 1611 eis
977 1561 1028 1612 in
1060 1576 1165 1628 quo
1210 1562 1564 1634 indiguerint,
1611 1568 2032 1624 misericordiam
2053 1612 2068 1635 ,

496 1658 651 1711 quam
676 1647 755 1701 eis
786 1648 924 1703 Deus
946 1650 997 1704 in
1028 1655 1272 1719 praesenti
1298 1655 1547 1721 exhibet,
1570 1672 1673 1712 non
1699 1663 1922 1730 negetis.
1950 1661 2072 1717 ilzcc

500 1734 675 1787 omnia
707 1744 762 1787 ut
796 1735 1020 1801 faciatis,
1048 1740 1470 1796 subaudiendum
1492 1756 1573 1799 est
1603 1747 1744 1816 quod
1777 1750 1900 1804 illud
1925 1765 2073 1816 supe-

2173 565 2321 620 httat.
2378 566 2450 618 De
2495 568 2742 621 charitate
2789 578 2955 623 autem
3006 573 3328 637 [reternitdis
3372 595 3460 631 non
3506 600 3652 641 necesse

2174 657 2409 709 habemus
2451 660 2666 711 scribere
2702 658 2834 719 vobis
2856 676 2876 713 :
2906 661 3002 728 ipsi
3030 663 3159 714 enim
3202 682 3232 715 a
3266 665 3361 719 Deo
3395 669 3595 727 didicistis
3617 687 3654 729 ut

2171 740 2396 815 diligatis
2426 748 2662 809 invicem,
2695 730 2900 803 etenim.
2921 752 3088 820 facitis
3127 742 3277 808 illud.
3317 756 3511 824 Propter
3546 759 3657 817 Clui-

2174 846 2337 901 stnm,
2365 840 2450 907 qui
2482 840 2617 893 dixit
2651 858 2663 892 :
2691 842 2991 895 Mandatum
3022 859 3209 898 novum
3242 846 3304 899 do
3328 848 3480 913 vobis,
3504 861 3552 905 ut
3573 852 3658 907 dili-

2171 930 2308 997 gatis
2336 931 2582 986 invicem.
2611 932 2841 999 Novum,
2871 935 2971 988 huc
2995 950 3054 989 es
3093 976 3106 997 ,
3139 945 3193 990 ut
3222 953 3311 1003 pro
3336 940 3555 996 alterutro
3579 960 3656 999 tuos

2175 1018 2393 1083 riamur,
2426 1022 2544 1093 quia
2579 1022 2678 1077 huc
2719 1034 2867 1078 vetus
2913 1042 3014 1077 non
3061 1024 3285 1093 jtt-serat
3311 1028 3657 1092 Testamentum.

2178 1107 2241 1161 In
2271 1126 2440 1162 omnes
2472 1090 2683 1179 fiatres,
2715 1115 2766 1164 in
2797 1114 3029 1167 universa
3066 1114 3372 1170 Macedonia.
3404 1120 3511 1176 Sine
3546 1140 3655 1180 esce-

2175 1200 2354 1263 ptione
2378 1214 2637 1265 personat.
2670 1202 2927 1271 Rogamus
2962 1215 3129 1257 autem
3150 1222 3249 1271 vos,
3275 1211 3459 1276 fratres,
3486 1224 3530 1266 ut
3545 1214 3663 1268 abstn-

2176 1293 2328 1355 rleIis,
2372 1300 2422 1345 et
2461 1311 2663 1361 operam
2708 1295 2858 1348 detis.
2925 1296 3095 1351 Etiam
3137 1314 3257 1369 erga
3295 1304 3558 1370 peregtinos
3603 1307 3660 1358 vel

2176 1379 2417 1433 inimicos
2458 1383 2733 1437 amandos.
2771 1383 2838 1438 Ut
2881 1387 3039 1455 quieti
3068 1386 3198 1453 sitis,
3230 1399 3271 1442 et
3298 1398 3349 1443 ut
3385 1401 3567 1445 oestrum
3597 1412 3658 1446 tu-

2174 1471 2366 1539 gotium
2394 1472 2577 1541 aga'is,
2602 1481 2648 1527 et
2678 1468 2956 1540 operemini
2981 1477 3213 1532 manibus
3240 1482 3420 1543 vestris,
3441 1484 3548 1535 s'cut
3572 1500 3662 1553 prc-

2177 1562 2399 1628 cepimus
2430 1562 2583 1617 vobis.
2613 1562 2878 1629 Quosdsm
2910 1581 2937 1619 a
2982 1568 3262 1637 superllttis
3307 1581 3355 1624 et
3394 1572 3663 1628 saecularibus

2177 1653 2402 1719 negotiis
2428 1663 2664 1720 revocat,
2697 1670 2833 1723 quae,
2866 1666 3123 1725 quantum
3170 1651 3317 1714 datur
3344 1662 3549 1732 inteiligi,
3571 1665 3662 1717 lucri

2176 1756 2334 1797 causa
2365 1752 2633 1813 agebant:
2663 1747 2832 1801 multo
2868 1764 2996 1818 ergo
3022 1749 3223 1816 justius
3258 1761 3335 1807 est
3372 1757 3564 1823 protulit:
3586 1772 3663 1808 ma-

502 1825 612 1878 rius
642 1825 802 1889 dis’t,
832 1827 937 1884 Vos
962 1841 1136 1886 autem
1169 1834 1420 1891 Dominus
1460 1839 1801 1907 multiplicet,
1828 1850 1881 1896 ct
1909 1842 2075 1897 abun-
2109 1843 2155 1902 B
2183 1832 2335 1889 nihils
2377 1835 2572 1888 'icmm
2614 1849 2876 1906 (ἰυωτθτθν
2918 1854 3081 1906 quam
3127 1843 3295 1895 “"355
3333 1842 3499 1895 'allbug
3537 1846 3660 1912 iml'li‘

497 1913 624 1967 dare
663 1915 815 1970 iaciat
856 1918 906 1972 in
949 1919 1248 1977 cbaritate:
1281 1926 1401 1994 quia
1435 1927 1600 1995 ipsius
1640 1929 1837 1984 donum
1875 1943 1988 1997 θεν,
2014 1943 2071 1988 ut

498 2001 765 2067 faciamus,
806 2008 957 2076 cujus
993 2022 1076 2065 est
1101 2013 1328 2080 donum,
1359 2027 1416 2070 ut
1444 2016 1745 2088 dil'gamus.
1781 2019 1845 2073 In
1884 2024 2074 2076 sancti-

497 2100 596 2146 tate
619 2101 735 2146 ante
772 2095 933 2150 Deum
968 2109 1015 2152 et
1046 2099 1251 2156 Patrem
1276 2113 1523 2175 nostrum,
1554 2110 1603 2159 in
1626 2110 1843 2163 adventu
1872 2110 2074 2169 Domini

496 2185 655 2236 nostri
692 2183 816 2239 Jesu
852 2187 1039 2243 Christi
1071 2209 1186 2245 cum
1224 2195 1450 2248 omnibus
1495 2199 1678 2252 sanctis
1716 2201 1845 2269 ejus.
1889 2202 2068 2258 Amen.

496 2271 606 2325 Non
629 2284 752 2328 ante
779 2276 1041 2333 homines.
1470 2292 1473 2293 ⁷

560 2364 688 2418 Cito.
716 2381 786 2419 tv.
813 2365 887 2419 De
912 2379 1089 2423 σαπειό
1112 2388 1247 2444 ergo,
1271 2374 1469 2443 fratres,
1494 2393 1730 2447 rogamus
1758 2396 1843 2434 vos
1864 2392 1911 2433 et
1940 2384 2073 2436 obse-

494 2467 693 2507 cramus
717 2456 767 2507 in
791 2454 1006 2512 Domino
1031 2458 1175 2522 Iesu,
1210 2474 1262 2515 ut
1290 2466 1715 2532 quemadmodum
1757 2472 2014 2539 accepistis
2041 2490 2071 2523 (ι

497 2540 656 2606 nobis,
680 2547 932 2612 quomodo
962 2564 1044 2601 vos
1085 2559 1311 2616 aperte/tt
1341 2553 1600 2609 ambulare
1636 2566 1680 2609 et
1708 2556 1907 2624 placere
1942 2559 2066 2614 Deo.

499 2627 621 2695 Vos,
653 2635 841 2702 quibus
882 2641 959 2692 via
1000 2640 1243 2695 Christus
1283 2654 1394 2708 est,
1422 2645 1594 2715 dignis
1640 2662 1759 2703 eam
1800 2650 2070 2720 gressibus

496 2724 777 2791 ambulate,
799 2733 1218 2787 mansuetudinis
1241 2736 1469 2803 scilicet,
1498 2739 1795 2807 charitatis,
1828 2744 1993 2811 pacis,
2018 2756 2071 2800 et
2112 2722 2129 2743 ⁶

496 2823 806 2873 exterarum
854 2821 1125 2889 similium.
1170 2826 1258 2881 Sic
1293 2837 1341 2880 et
1388 2829 1677 2894 ambuletis,
1722 2841 1778 2885 ut
1803 2832 2070 2889 abundetis

497 2910 675 2979 niagis.
706 2911 856 2966 Scitis
876 2917 1007 2968 enim
1033 2934 1142 2985 qua?
1167 2931 1415 2989 praecepta
1445 2922 1665 2977 dederim
1690 2924 1825 2979 vobis
1851 2942 1939 2993 per
1965 2923 2070 2980 Do-

498 3001 687 3056 minum
728 3002 924 3058 Iesum.
959 2996 1240 3072 Quiacutn
1286 3020 1441 3066 (etate
1494 3021 1547 3066 et
1577 3013 1678 3068 lide
1703 3015 1909 3069 debetis
1948 3032 2070 3084 pro-

500 3090 669 3147 fectus
713 3108 909 3163 augere
950 3107 1003 3152 et
1052 3112 1245 3163 mores,
1295 3103 1433 3155 sicut
1476 3117 1570 3172 pro
1616 3113 1783 3159 :ctate
1812 3107 1984 3160 carnis
2017 3114 2081 3163 et'

500 3180 649 3236 cibus
675 3186 867 3241 crescit
904 3196 956 3242 et
985 3191 1239 3243 studium.
1278 3190 1398 3245 (Iac
1442 3166 1513 3248 ei!
1558 3196 1688 3247 enim
1718 3194 1949 3251 voluntas
1978 3197 2070 3252 Dei
2096 3166 2144 3228 Ο

496 3273 830 3341 sanctiﬁcatio
870 3288 1051 3332 vestra.
1082 3279 1439 3336 Sanetilicatio
1468 3284 1534 3337 ab
1564 3286 1709 3338 omni
1740 3286 2076 3341 incoatinen-

500 3363 570 3415 tia
609 3369 872 3434 tempth
908 3365 1301 3436 Christianum,
1336 3386 1455 3424 cum
1497 3372 1702 3443 Moyses
1743 3376 2077 3432 sunctiﬁcare

499 3451 685 3506 volens
716 3456 966 3522 pupulum
986 3500 1001 3522 ,
1029 3458 1097 3511 ab
1126 3462 1267 3513 omni
1316 3461 1505 3516 femina
1552 3466 1866 3533 praeceperit
1906 3467 2077 3520 conti—

501 3554 648 3605 nere,
677 3551 733 3595 ttt
764 3544 855 3598 Dei
882 3547 1046 3615 legem
1076 3549 1315 3617 accipere
1346 3564 1659 3605 mereretur.
1692 3552 1758 3605 Ut
1776 3554 2078 3609 abstineafis

497 3646 585 3683 vos
612 3649 645 3684 a
669 3634 1023 3706 [orniratione,
1054 3647 1109 3691 ut
1136 3642 1263 3693 sciat
1306 3643 1645 3711 unusquisque
1674 3653 1907 3697 vestrum.
1939 3646 2077 3700 Con-

498 3722 835 3778 siderandum
875 3737 955 3778 est
994 3728 1113 3794 quia
1162 3743 1265 3791 non
1303 3730 1381 3784 eis
1437 3742 1491 3783 ιιι
1530 3730 1821 3785 Corinthiis
1867 3734 2075 3788 scribit.

501 3808 665 3867 Suum
689 3827 779 3865 eos
805 3815 1063 3881 possidere
1088 3817 1147 3891 ig
1170 3817 1365 3871 honore
1387 3828 1431 3872 et
1459 3819 1877 3888 sanctiﬁcatione.
1910 3822 2076 3876 Suum

499 3915 693 3970 corpus
717 3920 917 3960 castum
965 3910 1228 3965 servando
1273 3912 1569 3967 sanctificat
1609 3924 1663 3967 et
1693 3914 1958 3979 honoret,
1995 3917 2077 3971 vel

499 4002 645 4046 certe
683 4005 883 4049 tantum
920 4011 1141 4067 propter
1170 4001 1303 4055 lilios
1334 4018 1551 4058 uxorem
1597 4014 1906 4073 cognuscat.
1957 4006 2076 4060 Non

498 4088 552 4138 in
599 4090 829 4156 passione
875 4095 1140 4159 desitil‘i’ll,
1191 4097 1319 4149 sicut
1366 4108 1410 4150 et
1461 4109 1629 4166 gentes
1676 4117 1789 4169 qute
1841 4103 2076 4172 ignorant

504 4178 686 4233 Deum.
720 4181 795 4236 Ne
831 4196 982 4237 extra
1027 4188 1330 4255 c'tttjllglﬂln
1379 4190 1577 4244 licitum
1617 4195 1978 4248 lorniccmitti.
2011 4193 2077 4248 Et

498 4278 697 4341 nequis
726 4278 1154 4348 supergrediatur.
1205 4281 1541 4348 Propositum
1585 4285 1913 4343 continendi.
1964 4286 2075 4341 Nec

495 4383 595 4434 que
630 4370 982 4424 circumveniat
1026 4375 1076 4427 in
1122 4378 1317 4445 negotio
1363 4378 1570 4447 fratrem
1614 4399 1781 4439 suum.
1834 4383 1925 4439 Ne'
1954 4387 2074 4454 quis

500 4471 619 4525 post
647 4462 888 4516 (levatam
922 4482 985 4520 ex
1017 4481 1277 4523 consensu
1306 4472 1683 4531 continentiam
1714 4481 1823 4547 pari
1855 4495 1953 4535 suo
1982 4482 2072 4534 ali-

496 4564 602 4615 qua
630 4550 1077 4611 circumventioue
1106 4560 1209 4613 vim
1248 4560 1469 4631 inferat,
1497 4581 1522 4619 s
1545 4583 1608 4621 ve
1635 4569 1684 4621 in
1714 4570 1953 4638 quolibet
1982 4587 2075 4624 ne-

498 4638 643 4705 gotio
670 4638 821 4694 fraus
847 4642 953 4697 fiat.
982 4645 1232 4710 Quoniam
1270 4652 1453 4706 vindex
1491 4668 1560 4708 est
1607 4656 1854 4711 Dominus
1894 4660 1957 4711 de
1998 4662 2074 4714 his

495 4728 751 4784 cautibus.
800 4732 911 4787 Non
957 4735 1130 4791 solum
1170 4737 1237 4792 de
1286 4739 1649 4805 fornicatione.
1681 4747 1773 4801 sed
1808 4750 1964 4802 etiam
2009 4751 2075 4806 dc

496 4825 918 4891 transgressione
944 4829 1219 4895 propositi,
1249 4833 1371 4899 quia
1398 4832 1495 4901 ipsi
1522 4836 1622 4889 sibi
1650 4841 1915 4892 movendo
1940 4841 2076 4895 iere-

494 4919 623 4966 runt
659 4913 896 4971 illicitum
938 4918 1081 4988 quod
1123 4920 1333 4975 licebat.
1372 4922 1516 4978 Sicut
1554 4928 1878 4995 praediximus
1918 4934 2072 4998 vobis,

493 5003 545 5054 sit
572 5005 821 5071 testificati
846 5025 1038 5064 sumus.
1067 5011 1119 5066 Si
1162 5014 1303 5067 enim
1342 5015 1651 5085 Corinthiis,
1696 5021 1864 5074 multo
1906 5006 2076 5094 magis

498 5091 584 5145 his
626 5097 1002 5160 prartlieaverat
1039 5104 1357 5159 castitatem.
1399 5106 1516 5160 Non
1562 5112 1695 5162 enim
1743 5115 1932 5168 vocavit
1982 5132 2073 5168 nos

500 5182 639 5237 Deus
668 5187 718 5238 in
747 5189 1133 5246 immunditiam.
1168 5197 1331 5252 Nimia
1380 5202 1758 5257 incontinenlia
1801 5205 1850 5260 in
1883 5205 2075 5276 conju-

496 5280 587 5345 gio
615 5280 807 5342 poterit
833 5281 1175 5339 immundithe
1203 5290 1446 5361 deputari
1470 5333 1484 5356 ,
1515 5295 1634 5360 quia
1663 5309 1859 5361 corpus
1879 5297 2079 5351 Christi

498 5382 605 5421 nun
651 5372 907 5437 permittit
948 5358 1208 5443 accipere.
1254 5379 1358 5433 Sed
1402 5386 1451 5453 in
1501 5387 1972 5451 sanct'ﬁcationem.
2008 5388 2075 5443 Ut

497 5461 745 5529 eumttplo
782 5462 975 5518 Christi
1017 5468 1225 5522 vivatis.
1259 5469 1439 5543 Itaque
1466 5475 1551 5544 qui
1591 5478 1697 5529 lucc
1726 5481 1946 5543 spernit,
1974 5498 2078 5534 non

501 5552 750 5603 hominem
779 5556 996 5620 spernit,
1030 5557 1118 5610 sed
1152 5555 1329 5613 Deum.
1368 5563 1479 5615 Non
1511 5580 1622 5618 mea
1654 5567 1810 5619 verba
1839 5570 2074 5631 spernit,

494 5644 597 5694 se
632 5644 748 5711 ejus
776 5647 863 5713 qui
896 5651 944 5700 in
987 5664 1070 5705 me
1098 5650 1331 5723 loquitur
1354 5694 1367 5714 ,
1400 5653 1551 5725 cujus
1579 5654 1798 5724 Spiritui
1829 5656 1969 5724 injur
1991 5675 2074 5710 ant

504 5731 627 5785 iacit
668 5736 842 5787 omnis
879 5741 967 5805 qui
999 5744 1310 5796 ettnletnnit.
1348 5742 1449 5808 Qui
1476 5748 1621 5798 etiam
1654 5749 1786 5801 dedit
1827 5748 2077 5818 Spiritum

2173 1926 2311 1992 cari,
2341 1936 2394 1980 et
2425 1942 2519 1995 per
2549 1929 2644 1982 has
2675 1929 2741 1983 ab
2789 1929 2870 1983 his
2910 1929 3112 2002 aliquid
3168 1934 3253 2001 qui
3296 1933 3411 1988 foris
3451 1950 3502 1988 su
3535 1938 3663 2003 tspe-

2175 2030 2293 2071 rare
2323 2015 2593 2080 beneﬁcii,
2626 2032 2721 2085 pro
2750 2019 2987 2087 quolibet
3033 2036 3190 2091 quam
3215 2021 3431 2091 juvando
3455 2025 3561 2077 alios
3592 2026 3655 2078 lac-

2173 2106 2355 2163 dehat.
2384 2108 2563 2177 Aliqui
2590 2117 2772 2177 putant
2801 2111 2940 2179 quod
2974 2127 3085 2168 non
3112 2113 3333 2167 olliciutn
3358 2114 3574 2178 docentis,
3594 2118 3658 2171 sel

2173 2198 2359 2251 vitium
2394 2200 2566 2267 gentis
2596 2201 2889 2270 exprobret
2914 2220 2926 2253 :
2960 2203 3197 2273 denique
3225 2212 3274 2258 ln
3303 2208 3503 2260 secunda
3526 2206 3658 2261 adeos

2175 2287 2346 2341 dicit:
2382 2288 2438 2343 Si
2482 2289 2601 2357 quis
2643 2291 2858 2359 operari
2899 2306 3003 2345 non
3041 2292 3178 2357 vult,
3211 2308 3304 2347 nec
3343 2294 3589 2348 manducet.
3616 2292 3659 2347 Et

2173 2392 2225 2435 ut
2256 2383 2471 2439 honeste
2485 2385 2752 2439 ambuletis
2786 2386 2853 2438 ad
2882 2402 2965 2441 cos
2994 2388 3088 2453 qui
3132 2387 3256 2461 foris
3294 2400 3428 2455 sunt,
3454 2399 3491 2441 et
3524 2389 3659 2441 nullist

2172 2475 2373 2544 aliquid
2415 2477 2727 2532 desidentis.
2765 2477 2843 2532 Ne
2883 2494 2978 2532 vos
3006 2479 3110 2551 ipsi
3153 2481 3421 2546 denotant,
3457 2481 3529 2550 qui
3565 2496 3659 2548 prec

2170 2573 2313 2619 stare
2352 2567 2612 2623 videntur.
2647 2567 2901 2623 Nolumus
2931 2582 3105 2624 autem
3138 2589 3219 2626 vos
3256 2574 3483 2643 ignorare,
3508 2578 3657 2643 fratres,

2171 2655 2233 2709 de
2269 2657 2649 2725 dormientibus,
2694 2670 2749 2713 ut
2788 2678 2885 2717 non
2927 2664 3311 2717 covztristeutini.
3344 2662 3554 2717 Lamum
3576 2661 3659 2716 Sal-

2172 2738 2322 2799 vator
2359 2746 2567 2802 dixerat
2604 2748 2858 2816 dormire,
2901 2766 3065 2818 quem
3104 2761 3319 2807 noverat
3354 2760 3657 2809 surrecturum.

2173 2832 2263 2887 Sic
2301 2842 2351 2887 et
2391 2837 2578 2890 ueteri.
2615 2838 2781 2894 Aliter
2825 2838 2985 2895 debet
3033 2840 3148 2895 ﬂeri
3194 2842 3278 2913 qni
3320 2857 3509 2911 peregre
3542 2841 3661 2909 proli-

2170 2924 2408 2993 ciscitur,
2440 2928 2594 2983 aliter
2634 2929 2722 2983 ille
2764 2931 2853 3000 qui
2899 2933 3147 2986 moritur.
3184 2932 3280 2999 Qui
3325 2951 3446 3002 spent
3482 2950 3562 2986 non
3596 2932 3661 2985 hs-

2171 3019 2305 3075 bent.
2340 3024 2677 3080 Futurorum.
2707 3027 2766 3083 Si
2791 3029 2922 3082 enim
2965 3031 3243 3094 credimus,
3269 3030 3393 3101 quod
3419 3028 3543 3085 Iesus
3566 3042 3662 3081 MP

2172 3121 2288 3167 tuus
2313 3124 2385 3167 est
2410 3125 2457 3168 et
2479 3119 2770 3173 resurrexit.
2795 3118 2851 3177 Si
2878 3120 2981 3175 hoc
3006 3122 3275 3177 credimus
3301 3120 3424 3191 quod
3447 3133 3566 3186 ωτςιιε
3586 3131 3661 3169 non

2180 3204 2439 3276 videmus,
2467 3217 2519 3261 et
2550 3223 2641 3275 per
2670 3209 2788 3278 ejus
2816 3223 2909 3265 no~
2942 3227 3172 3268 rusurrct
3194 3212 3377 3268 tinuetu
3403 3210 3514 3265 cet-ti
3541 3208 3663 3261 simtu

2175 3295 2383 3350 veniam
2432 3309 2770 3363 consecutos,
2811 3315 2905 3356 cur
2944 3301 3079 3355 illud
3132 3301 3361 3356 similiter
3403 3315 3490 3354 non
3528 3295 3663 3352 creda-

2177 3402 2314 3451 mus,
2346 3387 2483 3456 quod
2524 3402 2709 3457 gentes
2749 3391 2869 3444 ideo
2912 3406 3014 3446 non
3064 3392 3314 3455 credunt,
3344 3391 3449 3460 quia
3490 3404 3572 3440 non
3608 3384 3661 3435 vi-

2175 3477 2339 3530 dent?
2371 3477 2453 3530 lta
2490 3490 2533 3531 et
2562 3478 2698 3533 Deus
2724 3496 2808 3534 eos
2836 3482 2925 3551 qui
2950 3482 3265 3536 dormierunt
3302 3498 3381 3547 per
3404 3477 3574 3541 Iesum,
3596 3473 3661 3525 ad-

2176 3569 2321 3622 ducet
2348 3585 2460 3621 cum
2486 3586 2563 3624 eo.
2606 3570 2703 3636 Qui
2743 3581 2901 3641 caput
2934 3574 3291 3632 resuscitavit.
3330 3573 3431 3640 ipse
3453 3578 3498 3624 et
3520 3575 3662 3620 cetera

2178 3659 2414 3731 membra
2459 3675 2625 3715 resus:
2650 3662 2781 3714 itare
2810 3665 3136 3731 repromisit.
3172 3662 3281 3716 Hoc
3321 3662 3440 3715 enim
3479 3656 3585 3711 vobis
3608 3653 3664 3704 di-

2177 3728 2335 3802 cimus
2364 3749 2415 3802 in
2463 3750 2608 3802 verbo
2655 3751 2881 3810 Domini.
2908 3751 3022 3806 Non
3060 3754 3110 3805 iu
3141 3763 3334 3807 nostro.
3365 3750 3478 3816 Quia
3511 3761 3579 3797 nos
3603 3740 3663 3809 qui

2176 3835 2408 3906 vivimus,
2432 3842 2521 3910 qui
2563 3843 2755 3896 residui
2780 3859 2973 3898 sumus.
3018 3846 3284 3911 Sthpensa
3313 3837 3546 3910 Evangelii
3578 3846 3666 3887 sen-

2180 3932 2361 3997 tentia,
2390 3946 2602 4000 semper
2631 3947 2723 3987 cos
2751 3934 2892 3987 diem
2938 3934 3148 3989 Domini
3179 3938 3206 3986 it
3226 3936 3296 3989 cit
3329 3932 3501 3986 lubere
3527 3938 3664 3989 ωερε·

2177 4032 2348 4083 ctum,
2380 4023 2531 4092 quasi
2570 4038 2662 4078 eos
2705 4024 2755 4078 in
2797 4038 3023 4094 corpore
3065 4027 3321 4080 inveniret
3358 4024 3457 4076 dies
3488 4020 3592 4087 ἰρςει
3619 4012 3663 4064 In

2177 4114 2449 4167 adventum
2481 4114 2682 4168 Domini
2713 4119 2892 4179 nostri,
2922 4132 3020 4169 non
3038 4118 3384 4185 prwvenientm
3404 4127 3476 4164 eos
3495 4107 3565 4178 qui
3587 4106 3667 4155 dor-

2180 4207 2414 4267 mierunt.
2445 4206 2574 4260 Tam
2618 4207 2765 4262 celer
2811 4208 2914 4262 erit
2961 4222 3148 4262 eorum
3194 4202 3509 4263 resurrectio,
3550 4206 3666 4265 quam

2180 4309 2357 4351 nostra
2387 4298 2699 4365 assumptio.
2749 4298 3003 4363 Quoniam
3042 4300 3150 4375 ipse
3184 4296 3412 4349 Dominus
3436 4292 3480 4344 in
3498 4289 3617 4383 juth
3636 4290 3667 4383 ξ(

2178 4392 2230 4443 in
2256 4407 2371 4443 voce
2409 4391 2723 4458 archangeli.
2758 4390 3023 4444 Terribili.
3062 4391 3200 4443 Elias
3226 4384 3485 4443 terribilem
3515 4376 3584 4431 Dei
3614 4376 3668 4426 vi-

2178 4482 2256 4534 dit
2296 4482 2599 4535 adventum.
2637 4480 2701 4533 Et
2742 4483 2794 4535 in
2832 4481 2951 4535 tuba
2998 4480 3097 4533 Dei
3139 4478 3388 4533 descendet
3413 4474 3468 4526 de
3494 4468 3666 4530 c4210,“

2178 4574 2362 4626 mortui
2389 4574 2474 4642 qui
2505 4575 2555 4625 in
2600 4572 2799 4627 Christo
2837 4582 2976 4627 sunt.
3016 4573 3130 4626 Non
3173 4570 3415 4626 homines.
3452 4562 3665 4660 Βεεξτξεξλ

2178 4667 2346 4735 primi.
2372 4665 2453 4720 Ab
2476 4665 2579 4720 illis
2602 4667 2690 4732 qui
2716 4674 2839 4719 sunt
2868 4666 3061 4719 mortui
3087 4678 3188 4718 non
3219 4662 3266 4715 in
3296 4656 3502 4713 Christo.
3525 4645 3667 4703 Deinde

2180 4774 2270 4811 nos
2297 4759 2381 4825 qui
2412 4758 2643 4824 vivimus,
2672 4757 2758 4821 qui
2787 4755 3141 4825 relinquimur,
3169 4750 3317 4806 simul
3346 4746 3566 4815 rapientur
3586 4748 3667 4787 CIII

2178 4847 2282 4899 illis
2314 4847 2365 4898 in
2407 4846 2617 4899 nubibzs
2658 4845 2853 4899 obviam
2897 4843 3115 4899 Domino
3153 4845 3204 4905 in
3246 4855 3376 4893 αεΐα·
3418 4834 3666 4890 Ρεθ⁰³¹⁰¹⁰⁸

2182 4939 2375 4992 ιιιυιιιιὶ
2407 4953 2527 4995 cum
2558 4940 2639 4993 his
2666 4939 2754 5007 qui
2788 4937 2891 4991 vivi
2926 4939 3279 4999 inveniuntur,
3305 4941 3354 4986 et
3380 4920 3665 5025 ignestllVf'Il'

2182 5042 2283 5091 tur,
2322 5020 2477 5083 simul
2517 5039 2796 5100 resurgent
2833 5029 2901 5083 ad
2947 5043 3192 5098 poenam:
3220 5036 3269 5081 et
3300 5022 3414 5093 justi
3453 5016 3565 5074 \iVi.
3596 5016 3664 5061 ἰαὶ·

2180 5120 2393 5183 mutati,
2432 5128 2485 5173 et
2526 5121 2952 5189 incorruptibiles
2982 5117 3183 5182 eliciti,
3230 5118 3277 5169 in
3319 5109 3663 5203 momt'nltlculll

2173 5210 2329 5276 justis
2373 5212 2774 5279 resu'geotihtts
2821 5212 3089 5279 rapientur
3116 5209 3178 5260 ad
3217 5203 3449 5275 gloriam,
3482 5201 3554 5263 qui
3588 5201 3660 5279 non

2178 5276 2575 5369 jutlicabttntttr,
2604 5301 2699 5355 sed
2726 5302 3057 5367 jttdiCabunt.
3091 5298 3152 5352 Et
3180 5300 3248 5350 sic
3275 5306 3449 5361 semper
3473 5298 3563 5376 clo!
3588 5276 3662 5376 θ’θ’

2183 5393 2338 5446 mino.
2381 5390 2433 5443 ln
2475 5391 2660 5445 eadem
2708 5393 2892 5460 gloria.
2945 5392 3165 5444 Erimus.
3216 5386 3490 5456 υιιὶεειηοιιιθ
3528 5373 3659 5464 ί⁰⁸Ϊ¹Ῠ⁸

2180 5478 2361 5548 Itaque
2401 5458 2731 5532 consulamini
2775 5482 3005 5534 inuicem.
3048 5477 3329 5533 Notandum
3367 5466 3560 5562 quodie
3593 5458 3660 5510 1³⁵⁸

2179 5586 2271 5623 cos
2299 5571 2426 5627 dicit
2469 5572 2661 5626 debere
2704 5574 2990 5627 consolari.
3039 5570 3099 5624 In
3142 5567 3294 5621 verbis
3330 5563 3443 5616 istis.
3474 5557 3537 5613 AV!
3559 5564 3655 5605 εοιιθ

2184 5658 2487 5714 tristentini.

2251 5749 2377 5805 (Lar.
2411 5767 2460 5803 v.
2509 5752 2580 5805 De
2610 5754 2913 5820 tetnjmribus
2942 5767 3103 5807 autem
3132 5762 3174 5805 et
3215 5745 3471 5802 momentis,
3498 5740 3651 5805 [ωηεν
