3910 6174
239 367 336 415 6ξῦ
866 370 926 421 IN
971 370 1354 425 EPISTOLAM
1400 372 1437 423 ll
1472 370 1561 424 AD
1604 368 2289 429 TllESSALONlCENSES
2327 373 2843 430 COMMENTARH.

3380 371 3481 427 6ίὸ

235 499 333 532 mn
364 481 598 551 indigetis
649 492 699 532 ut
742 485 1023 536 set-{bamus
1048 485 1223 537 vobis:
1255 484 1352 551 ipsi
1382 484 1512 535 enim
1542 482 1808 551 diligen'er
1834 484 1879 537 Α
1911 482 2069 537 Cium.
2112 482 2262 540 Nunc
2304 486 2602 556 Ρνίὲβοεὶιῖδ
2633 487 2881 556 loquitur,
2912 499 2962 543 ct
3005 489 3277 559 hucusque
3311 490 3480 560 plebi.

231 574 387 625 scitis.
434 571 716 626 Etideuter
765 575 832 629 de
884 576 1153 645 Evangelii
1213 576 1463 631 lectione.
1514 574 1648 639 Quia
1696 573 1803 627 dies

232 660 442 713 Domini
481 662 612 713 sicut
654 664 738 730 fur
775 664 827 715 in
865 675 1030 727 nocte,
1054 668 1121 716 ita
1166 666 1317 717 venit.
1349 662 1570 731 Quando
1616 676 1815 717 omnes.

234 752 409 805 scierit
461 753 694 810 dormire
738 770 977 810 securos.
1027 742 1154 810 Cum
1210 758 1341 811 enim
1393 757 1648 823 dixerint,
1704 772 1805 825 pax

228 854 272 896 et
312 846 577 909 securitas,
610 857 727 899 tunc
768 852 1060 914 repentinus
1105 851 1177 903 eis
1214 851 1504 918 supervenit
1548 851 1799 905 interitus.

225 933 376 987 'func
417 937 647 989 maxime
687 938 953 991 timendus
983 951 1093 1005 est,
1123 943 1335 1009 quando
1374 957 1493 997 eum
1536 958 1693 997 nemo
1734 944 1803 995 ti-

223 1034 356 1077 met.
392 1024 537 1079 Sicut
569 1028 711 1078 dolor
739 1028 792 1080 in
822 1045 962 1081 utero
992 1030 1240 1082 habentis.
1275 1028 1327 1084 ld
1369 1044 1447 1085 est
1492 1042 1694 1097 partus.
1736 1031 1804 1085 Et

223 1132 328 1167 non
373 1116 634 1185 effugient.
678 1118 826 1171 Sicut
871 1119 956 1172 illa
1002 1120 1337 1173 venientibus
1380 1121 1653 1175 doloribus
1697 1138 1801 1175 non

220 1207 439 1274 eliugiet
468 1217 695 1273 partum.
732 1207 833 1260 Vos
863 1217 1049 1274 autem,
1079 1213 1289 1279 fratres,
1314 1227 1411 1263 non
1440 1213 1555 1264 estis
1586 1204 1635 1263 in
1669 1221 1803 1264 tene-

222 1296 346 1349 bris.
378 1298 490 1349 Non
521 1299 653 1352 estis
691 1300 741 1351 in
774 1300 1094 1369 ignorantia,
1126 1305 1247 1368 qua
1278 1303 1425 1357 sci'is
1456 1316 1547 1355 vos
1591 1316 1804 1367 semper

222 1395 440 1453 pa-ntos
482 1402 599 1439 esse
644 1388 859 1441 debere.
914 1388 979 1441 Ut
1027 1406 1108 1441 vos
1157 1391 1262 1443 (lies
1308 1393 1393 1445 ille
1434 1402 1674 1459 tanquam
1717 1398 1802 1460 [ur

220 1460 632 1546 σοιηρνεΙιρηάρνί.
688 1478 886 1531 Somno
943 1480 1147 1533 inertia}
1203 1482 1554 1536 dormientes.
1616 1482 1802 1537 Omnes

218 1567 357 1617 enim
390 1583 472 1618 vos
502 1567 599 1633 [iiii
642 1568 770 1620 lucis
816 1570 953 1635 estis,
994 1580 1040 1621 et
1078 1570 1176 1636 ﬁlii
1224 1572 1343 1626 diei.
1395 1571 1507 1641 Ipse
1553 1580 1636 1625 est
1680 1571 1800 1639 lux,

217 1667 270 1709 et
318 1657 432 1711 dies
476 1658 743 1724 scientiae,
776 1671 830 1712 et
869 1661 1220 1728 operationis.
1268 1661 1388 1715 Non
1430 1679 1604 1717 sumus
1644 1663 1802 1716 noctis

218 1765 380 1813 neque
428 1751 760 1803 tenebrarum.
805 1751 953 1805 Sicut
994 1754 1247 1813 tenebrae,
1296 1756 1363 1807 ita
1407 1768 1457 1807 et
1505 1753 1801 1823 ignorantia

1909 571 2255 628 Cousolamini
2304 570 2673 643 pusillanimes.
2714 580 2811 643 Qui
2860 580 3153 648 exasperati
3200 580 3474 641 deﬁciunt.

1910 661 2167 731 Suscipite
2195 666 2443 735 inﬁrmos,
2489 668 2762 725 Sustinete
2808 685 2978 734 nuper
3016 671 3317 738 credentes,
3357 672 3477 742 quia

1907 756 2140 807 nondum
2173 764 2297 809 sunt
2352 757 2490 811 firmi
2522 760 2572 812 in
2616 758 2741 813 fide.
2795 760 3054 813 Patientes
3083 768 3241 815 estote
3264 762 3331 813 ad
3371 776 3483 814 ont-
3554 750 3557 751 ⁷

1906 860 2010 901 nes.
2044 846 2214 901 Etiam
2243 846 2308 901 ad
2340 848 2457 901 illos
2485 849 2571 916 qui
2602 849 2978 916 corripiuntur.
3013 848 3114 915 Qui
3142 848 3194 902 in
3227 851 3482 916 patientia

1905 951 2009 990 non
2040 945 2151 1001 est,
2177 953 2281 991 non
2312 938 2560 1007 corrigit,
2596 938 2908 993 sed'irritat.
2952 937 3127 992 Videte
3156 954 3217 990 ne
3243 940 3353 1005 quis
3381 956 3487 992 ma-

1908 1028 2037 1083 lunt.
2066 1030 2220 1083 Omni
2249 1031 2522 1098 diligentia
2553 1040 2603 1084 et
2634 1030 2998 1085 cautam-Pro
3025 1030 3160 1083 malo
3185 1030 3340 1083 alicui
3366 1032 3488 1084 rett-

1905 1121 2013 1173 dat.
2047 1121 2223 1174 Titnet
2271 1138 2336 1175 ne
2378 1121 2464 1175 vel
2502 1121 2725 1175 reddant
2770 1138 2801 1189 q
2828 1136 2902 1173 os
2950 1122 3124 1175 Licere
3172 1135 3277 1175 nou
3326 1135 3491 1189 posse

1903 1212 2185 1275 credebat,
2220 1212 2319 1264 hoc
2345 1212 2454 1279 jam
2489 1213 2826 1279 generaliter.
2858 1210 2963 1266 Sed
2999 1226 3210 1278 semper.
3230 1214 3366 1278 quod
3396 1211 3488 1265 δυο

1903 1316 2023 1353 num
2051 1311 2122 1352 est
2154 1302 2409 1353 sectamini
2438 1302 2489 1353 in
2519 1302 2750 1353 invicem.
2802 1300 3045 1354 Reddem
3085 1314 3180 1369 pro
3221 1300 3359 1355 malo
3394 1302 3491 1354 lto-

1904 1405 2051 1444 num.
2089 1390 2151 1443 Et
2185 1392 2235 1443 in
2266 1406 2456 1445 omnes.
2487 1390 2600 1444 Non
2630 1391 2797 1443 solum
2829 1392 2881 1443 in
2910 1391 3134 1445 invicem
3153 1433 3170 1459 ,
3197 1389 3292 1445 sed
3323 1391 3483 1443 etiam

1905 1480 1957 1534 in
2004 1495 2192 1535 omnes
2235 1480 2503 1535 homines.
2550 1480 2761 1550 Semper
2808 1480 3040 1549 gaudete.
3072 1480 3232 1545 Quasi
3282 1480 3485 1544 tristes,

1905 1584 2115 1638 semper
2136 1579 2308 1625 autem
2332 1586 2364 1640 ε
2383 1570 2642 1634 ludentes,
2670 1570 2718 1625 id
2742 1581 2844 1633 εει,
2868 1584 2966 1637 spe
2991 1570 3178 1622 futura:
3201 1569 3343 1624 vitaz.
3363 1569 3487 1623 Sint

1905 1661 2277 1716 intermissione
2319 1674 2478 1715 orate.
2509 1659 2704 1726 Corde.
2740 1662 2878 1715 sicut
2922 1662 3086 1730 Moysi
3135 1661 3326 1715 tacenti
3356 1662 3489 1715 dit-i-

1908 1762 2025 1811 tttr:
2057 1754 2190 1820 Quid
2234 1754 2435 1809 clamas
2476 1753 2542 1807 ad
2584 1754 2702 1813 me?
2734 1752 2798 1807 In
2839 1754 3069 1806 omnibus
3101 1753 3291 1821 gratias
3329 1753 3488 1823 agite.

217 1839 313 1891 dat
376 1839 621 1894 liduciam
677 1842 1041 1910 delinquendi.
1097 1841 1263 1913 Igitur
1315 1861 1415 1896 non
1467 1844 1799 1896 dormiamus.
1838 1840 1881 1899 Β
1909 1846 1962 1899 In
1992 1845 2243 1901 omnibus
2290 1860 2408 1913 quae
2446 1845 2767 1909 acciderint,
2809 1846 2948 1901 sicut
2995 1843 3200 1913 ιωηι),
3234 1844 3283 1897 iu
3313 1844 3489 1898 omni-

217 1928 420 1981 Menle.
456 1929 602 1984 Sicut
632 1935 817 1985 caeteri.
856 1934 952 1999 Qui
981 1933 1080 1988 sic.
1128 1934 1233 1987 Sed
1264 1934 1545 2003 vigilemus,
1573 1945 1618 1988 et
1648 1936 1801 1989 sobrii

215 2017 399 2071 simus.
441 2020 707 2074 Attendite
753 2022 922 2086 vobis,
971 2038 1036 2076 ne
1084 2035 1371 2091 graventur
1414 2025 1574 2077 corda
1627 2033 1799 2079 vestra

216 2110 468 2177 crapula,
511 2120 564 2165 et
604 2099 879 2176 ebrietate,
909 2122 961 2166 et
991 2114 1134 2167 curis
1186 2114 1343 2183 hujus
1390 2115 1550 2173 vitte:
1584 2129 1713 2185 ergo
1749 2124 1805 2170 et

216 2214 365 2255 cura:
399 2203 677 2256 inebriant.
712 2203 810 2268 Qui
844 2204 977 2257 enim
1013 2205 1295 2258 dormiunt.
1333 2206 1453 2260 Ideo
1492 2205 1647 2260 otiosi
1678 2217 1803 2261 sunt

216 2301 267 2344 et
298 2292 512 2356 cteteri,
546 2294 666 2359 quia
701 2294 751 2345 in
796 2293 1028 2348 tenebris
1058 2304 1201 2347 sunt.
1233 2295 1486 2364 Sequitur
1526 2310 1805 2364 compara-

217 2382 444 2433 tionem.
495 2379 659 2433 Nocte
704 2384 981 2435 dormiunt.
1030 2382 1084 2437 ln
1136 2384 1385 2452 peccatis.
1436 2385 1500 2440 Et
1544 2387 1631 2456 qui
1678 2388 1804 2440 ebrii

215 2481 372 2535 sunt,
404 2480 544 2523 note
573 2472 697 2524 ebrii
726 2482 861 2549 sunt.
897 2473 950 2526 ld
984 2482 1095 2540 est,
1127 2474 1194 2529 de
1225 2476 1474 2539 peccatis.
1505 2475 1614 2530 Nos
1638 2488 1801 2530 autem

215 2563 309 2634 qui
342 2563 445 2615 diei
474 2579 669 2616 sumus.
712 2563 817 2617 Νιιε
862 2566 947 2634 qui
996 2564 1136 2621 diem
1186 2567 1465 2633 habemus,
1512 2584 1609 2624 nec
1648 2571 1805 2625 otiosi

216 2669 318 2708 nec
345 2654 474 2707 eb:ii
509 2670 628 2709 esse
654 2656 931 2712 debemus.
966 2657 1137 2713 Sobrii
1176 2662 1355 2714 simus.
1387 2663 1467 2716 Ab
1507 2664 1651 2717 omni
1681 2679 1807 2734 pec-

214 2758 363 2802 cato.
388 2746 569 2801 Induti
598 2751 806 2803 loricam
827 2753 948 2819 ﬁdei
980 2764 1025 2806 et
1055 2754 1113 2806 ch
1154 2756 1337 2820 ritatis,
1380 2766 1425 2811 et
1446 2758 1645 2825 galeam
1666 2775 1804 2828 spent

215 2841 426 2894 salutis.
489 2842 618 2896 Fide
669 2853 721 2897 et
765 2843 1027 2898 charitate
1073 2846 1295 2914 justitia:
1343 2859 1545 2902 vestem
1598 2849 1801 2915 induti,

216 2947 380 3009 quam
421 2934 545 2986 alibi
590 2934 769 2988 lorica:
813 2938 1161 3003 comparavit.
1209 2939 1463 3010 Quoniam
1496 2958 1596 2994 non
1636 2943 1807 3010 pasuit

216 3008 313 3077 nos
346 3022 483 3076 Deus
528 3025 580 3077 in
612 3026 761 3079 iram.
809 3026 862 3079 ld
905 3039 985 3080 est
1038 3030 1087 3085 in
1123 3008 1491 3091 perditionem.
1528 3008 1645 3088 Non
1688 3049 1806 3090 (ξπ-θ’

216 3113 412 3168 dentes
445 3116 495 3168 in
538 3116 615 3169 ira
659 3127 780 3170 sunt
810 3116 1001 3185 positi,
1031 3119 1119 3187 qui
1146 3119 1252 3187 jam
1282 3120 1504 3190 judicvti
1532 3136 1672 3178 sunt.
1702 3124 1807 3178 Sed

1908 1935 2004 1988 bus
2032 1935 2239 1991 actibus
2288 1934 2478 1988 vestris
2512 1934 2733 1987 Domine
2778 1932 2960 2002 gratias
3010 1934 3322 1989 referantur.
3361 1930 3490 1987 Ilico

1905 2034 1975 2083 est
2022 2026 2155 2077 enim
2185 2024 2418 2079 voluntas
2451 2022 2545 2078 Dei
2583 2025 2635 2077 in
2666 2021 2868 2078 Christo
2896 2021 3021 2076 Jesu
3051 2022 3104 2075 in
3134 2023 3365 2077 omnibus
3404 2038 3490 2075 vo-

1906 2113 1998 2167 bis.
2026 2114 2177 2176 Sicut
2223 2115 2273 2171 in
2321 2113 2410 2167 illo
2455 2114 2670 2180 impleta
2702 2120 2783 2166 e~t
2815 2127 2908 2180 per
2954 2111 3165 2175 omnia,
3211 2111 3285 2167 ita
3332 2118 3387 2165 et
3431 2111 3488 2165 in

1906 2203 2057 2257 vobfs
2081 2205 2324 2259 omnibus
2351 2204 2655 2271 impleatur.
2685 2203 2937 2270 Spiritum
2965 2201 3118 2255 nolite
3150 2202 3482 2271 exstingurre.

1904 2290 2161 2361 Spiritum
2219 2294 2555 2347 exltortantis
2613 2291 3005 2362 objecionibus
3059 2291 3221 2345 nolite
3268 2290 3487 2347 exstiti-

1903 2396 2066 2451 gucre
2106 2384 2481 2452 quaestionum.
2531 2384 2888 2455 Exstingu-re
2926 2382 3079 2436 malis
3114 2382 3385 2452 op‘ribus‘.
3434 2381 3484 2435 id

1906 2484 1988 2529 est
2030 2490 2189 2543 opera
2227 2477 2394 2529 sancti
2438 2476 2689 2543 Spiritus,
2728 2477 2850 2543 quia
2894 2473 3152 2547 quidquid
3184 2474 3275 2527 illo
3312 2472 3485 2540 inspi-

1906 2574 2056 2620 rante
2088 2566 2335 2629 facimus,
2362 2566 2450 2621 ille
2483 2565 2608 2621 facit
2632 2581 2648 2620 :
2675 2566 2765 2636 qui
2798 2574 2985 2623 auctor
3014 2575 3095 2620 est
3122 2564 3300 2633 Operis
3326 2563 3485 2629 boni,

1905 2656 2040 2711 sicut
2082 2657 2322 2711 diabolus
2361 2658 2509 2711 mali.
2545 2655 2849 2726 PrOphezias
2879 2657 3036 2711 nolite
3078 2672 3332 2726 spernere.
3366 2655 3490 2717 Sive

1909 2747 2080 2803 futura
2104 2748 2476 2817 praedicentcs,
2497 2746 2611 2802 sive
2629 2746 2894 2818 praeterita
2917 2746 2997 2801 dis
3028 2760 3264 2813 erentes,
3285 2756 3489 2802 tantum

1908 2840 2141 2907 probetis
2169 2840 2212 2891 si
2257 2839 2376 2892 ﬁdei
2414 2853 2519 2892 mn
2559 2847 2683 2891 sunt
2721 2837 3019 2899 contraria,
3067 2852 3186 2906 qua:
3215 2836 3484 2901 dicuntur.

1907 2941 1961 2987 et
2010 2930 2055 2985 si
2110 2930 2235 2998 quid
2284 2928 2388 2983 tale
2446 2927 2642 2994 fuerit,
2695 2926 2942 2982 refutate.
3005 2926 3193 2981 Omnia
3245 2927 3489 2991 probate,

1906 3024 2038 3095 quod
2069 3022 2252 3077 bonum
2279 3030 2349 3074 est
2384 3030 2576 3083 tenete;
2608 3020 2669 3077 ab
2704 3020 2842 3071 omni
2871 3019 3036 3090 specie
3068 3018 3204 3073 mala
3245 3019 3491 3089 abstinete

1910 3134 2016 3171 vos.
2048 3115 2180 3182 Quia
2223 3115 2403 3169 multa:
2443 3115 2650 3182 species
2686 3121 2809 3166 sunt
2851 3112 3134 3169 malorum.
3178 3108 3296 3177 Ipse
3319 3118 3491 3165 autem

215 3205 264 3255 in
300 3206 692 3272 arqnisitionem
720 3210 902 3261 salutis
931 3225 1019 3277 per
1055 3188 1324 3264 Dominum
1362 3224 1590 3268 nostrum
1630 3215 1806 3269 Jesutn
1836 3188 1882 3251 (ἶ
1914 3206 2239 3277 Deuspacis.
2284 3204 2383 3270 Qui
2422 3217 2610 3259 omnes
2654 3202 2881 3257 sustinet
2908 3203 3066 3259 etiam
3106 3198 3489 3269 blasphetttutto

214 3290 496 3348 Christum.
544 3295 607 3350 Ut
650 3299 988 3366 acquiramus
1038 3299 1282 3356 salutem.
1329 3303 1428 3368 Qui
1470 3316 1696 3359 mortuus
1736 3315 1808 3359 est

218 3401 319 3449 pro
347 3384 508 3437 nobis.
547 3383 674 3439 Nam
716 3388 831 3441 sive
864 3389 1143 3457 morimur,
1174 3390 1289 3446 sive
1322 3392 1571 3457 vivimus,
1612 3395 1725 3450 sive
1756 3397 1807 3449 in

214 3490 470 3555 corpore,
510 3477 620 3529 sive
657 3487 805 3530 extra
851 3493 1067 3549 corpus,
1106 3496 1225 3535 cum
1270 3482 1385 3551 ipso
1424 3499 1637 3551 semper
1676 3486 1808 3539 vivi-

217 3580 363 3620 mus.
410 3564 476 3619 Ut
513 3569 613 3621 sive
657 3568 948 3638 vigilemus,
978 3572 1082 3625 sire
1127 3566 1459 3636 dormiamus,
1499 3574 1649 3628 simul
1692 3593 1807 3628 cum

219 3656 320 3707 illo
361 3657 604 3710 vivamus.
641 3658 801 3712 Bonis
833 3660 1105 3727 Operibns.
1148 3660 1366 3732 Propter
1402 3666 1538 3733 quod
1575 3666 1806 3721 consola-

218 3749 347 3801 mini
376 3749 613 3827 invicem,
654 3761 699 3803 et
733 3754 983 3819 cedi/irate
1007 3753 1340 3821 alterutrum,
1378 3757 1507 3811 sicut
1540 3769 1587 3811 et
1617 3758 1804 3825 facitis.

221 3834 379 3897 Sicut
424 3843 545 3897 felix
579 3833 657 3897 est
689 3846 774 3915 qui
808 3845 1064 3911 aediﬁcat,
1123 3850 1190 3901 ita
1224 3849 1402 3902 infelix
1431 3850 1519 3918 qui
1562 3850 1806 3911 deSIruit.

170 3924 183 3936 ’
222 3931 488 4003 Ragmnus
519 3943 685 3989 autem
722 3953 827 4001 vos,
861 3938 1061 4005 fratres.
1106 3937 1404 3992 Notandum
1432 3939 1554 4009 quia
1585 3940 1684 3995 bac
1717 3943 1807 3996 lai-

221 4026 323 4092 cis,
368 4041 501 4095 quos
530 4014 831 4094 prmpositis
859 4037 1038 4081 monet
1067 4026 1319 4083 exhibere
1363 4030 1535 4084 ofﬁcia
1581 4031 1810 4086 charita»

223 4120 307 4173 tis.
346 4117 414 4173 Ut
448 4121 684 4174 noveritis
720 4138 803 4175 eos
840 4122 927 4191 qui
954 4122 1185 4179 laborant
1226 4122 1362 4176 inter
1396 4139 1502 4176 vos.
1542 4124 1608 4178 Ut
1658 4126 1809 4178 intel-

220 4203 404 4278 ligatis
429 4209 663 4266 laborem
692 4211 947 4278 ipsorum.
974 4211 1040 4265 Et
1073 4222 1297 4280 pratsunt
1324 4213 1460 4267 vobis
1487 4214 1537 4266 in
1566 4213 1803 4270 Domino.

227 4300 439 4357 Domini
464 4302 728 4369 exemplo,
759 4318 863 4356 non
887 4312 1153 4373 potestate
1180 4314 1386 4359 terrena
1417 4321 1429 4357 :
1464 4305 1585 4372 quia
1637 4306 1808 4363 bonus

224 4387 416 4442 doctor
448 4405 549 4442 non
598 4390 714 4443 sine
763 4391 942 4446 labore
978 4403 1149 4461 potest
1196 4394 1410 4459 docere,
1444 4395 1525 4448 vel
1576 4410 1808 4464 pra‘esse

223 4481 367 4532 aliis.
401 4478 460 4532 Et
492 4491 691 4535 monent
722 4499 829 4545 vos,
875 4493 927 4537 ut
974 4483 1201 4538 habeatis
1234 4486 1346 4540 illos
1383 4487 1727 4540 abundantius
1758 4488 1810 4543 in

1912 3312 2014 3356 tes.
2044 3298 2344 3364 Sauctiﬁcet
2375 3313 2481 3350 vos.
2514 3296 2630 3364 .Iugi
2670 3304 2822 3348 custo
2847 3293 2913 3348 tia
2955 3291 3285 3363 protegendo
3313 3308 3325 3343 :
3358 3308 3441 3361 qu.
3466 3304 3493 3347 s

1910 3400 2088 3451 autem
2112 3387 2465 3456 justiﬂvavit,
2508 3385 2605 3439 ltus
2644 3395 2699 3439 et
2741 3383 3112 3441 sant-tiﬁcavit.
3153 3380 3257 3436 Per
3297 3390 3490 3437 omnia.

1914 3483 1979 3537 Ut
2026 3482 2245 3550 perfecti
2289 3481 2405 3535 sitis
2445 3479 2497 3532 in
2529 3476 2796 3531 omnibus.
2847 3473 2912 3526 Et
2943 3477 3136 3547 integer
3164 3473 3374 3541 spiritus
3413 3489 3495 3528 rs-

1910 3584 2032 3625 ster.
2074 3570 2254 3627 Gratia
2298 3569 2518 3637 Spintus
2566 3579 2898 3634 quaecuniue
2942 3563 2995 3618 in
3041 3578 3099 3618 se
3143 3563 3349 3634 integra
3390 3563 3494 3629 sit,

1911 3679 2019 3717 non
2052 3670 2226 3717 tamen
2257 3660 2482 3729 integra.
2515 3659 2616 3713 nisi
2647 3658 2716 3712 ab
2745 3657 2964 3726 integris
3003 3656 3323 3711 custoditur.
3358 3656 3464 3711 Dici

1911 3770 1995 3815 tur
2046 3757 2357 3826 frequenter
2402 3753 2621 3821 spiritus
2667 3752 2779 3821 ipsa
2825 3765 2973 3809 tuens
3017 3748 3370 3811 rationabilis,
3404 3748 3491 3801 ιιιιὶ

1908 3862 1986 3911 cst
2018 3848 2268 3918 quiddam
2308 3855 2552 3914 tanquam
2597 3842 2780 3896 oculus
2830 3840 3044 3902 animm,
3074 3834 3325 3907 adquam
3370 3851 3489 3904 per-

1910 3941 2037 3995 tinet
2091 3939 2265 4004 itu;th
2312 3944 2368 3988 et
2415 3933 2617 4002 agnitio
2676 3931 2803 3993 Dei,
2854 3938 2902 3983 el
2953 3929 3233 3994 aliquoties
3274 3927 3495 3996 spiritus

1912 4045 2006 4099 pro
2034 4027 2254 4097 sp'ritali
2285 4025 2557 4081 intellectu
2587 4021 2861 4089 accipitur.
2895 4017 2957 4071 Et
2996 4020 3188 4071 anima.
3224 4015 3490 4089 Cogitato.

1911 4119 1976 4174 Et
2006 4132 2190 4183 corpus
2220 4116 2328 4168 sine
2369 4114 2593 4183 querela.
2625 4110 2706 4171 Ab
2745 4125 2925 4179 Opere.
2964 4108 3025 4162 In
3068 4109 3341 4161 adventum
3384 4107 3497 4159 Do-

1911 4208 2034 4260 mini
2064 4207 2219 4259 nostri
2249 4202 2372 4257 Jcsu
2405 4201 2591 4257 Christi
2621 4214 2863 4257 servetur.
2898 4198 3097 4252 Fidelis
3123 4207 3196 4250 est
3223 4199 3311 4260 qui
3350 4214 3503 4251 voca—

1910 4300 1974 4351 vit
2007 4314 2113 4351 vos.
2149 4297 2246 4364 Qui
2279 4296 2439 4349 dixit:
2473 4293 2659 4361 Venite
2690 4291 2753 4344 ad
2783 4306 2887 4356 tne,
2917 4304 3103 4344 attines
3126 4290 3212 4358 qui
3243 4290 3498 4343 laboratis

1911 4400 1964 4444 et
1993 4388 2194 4441 onerati
2228 4385 2378 4448 estis,
2412 4395 2463 4437 ct
2494 4397 2593 4451 ego
2622 4397 2718 4436 vos
2766 4381 3102 4449 requiescere
3145 4377 3356 4434 faciam.
3394 4378 3499 4443 Qui

1912 4480 2063 4537 etiam
2106 4479 2274 4549 faciet.
2308 4474 2376 4530 Ct
2415 4473 2791 4543 perseveretis.
2825 4472 2974 4538 Quod
3011 4470 3456 4536 trnnisitdicens
3478 4486 3496 4523 :

225 4570 499 4622 maritae.
538 4569 838 4641 Presbyteri
872 4573 959 4641 qui
1002 4573 1244 4627 laborant
1286 4578 1339 4629 lu
1386 4576 1567 4641 verbo,
1608 4576 1803 4646 duplici
1838 4553 1888 4615 ι)
1916 4570 2050 4624 Ecce
2083 4583 2182 4638 ego
2213 4566 2484 4619 vobiscum
2518 4581 2634 4618 Stt'n
2669 4580 2835 4634 usque
2863 4564 2926 4616 ad
2959 4562 3503 4617 consummationem.

227 4661 433 4715 honore
460 4662 602 4731 digni
634 4672 787 4727 sunt,
816 4674 869 4719 et
890 4665 1180 4732 chatitatis,
1204 4678 1256 4721 et
1284 4667 1403 4723 loci.
1432 4667 1648 4737 Propter
1676 4686 1804 4736 Opus

223 4753 437 4803 illorum
462 4768 481 4806 .'
508 4763 553 4806 et
582 4770 756 4823 pacem
784 4755 961 4809 habete
988 4773 1099 4809 eum
1127 4758 1218 4809 eis.
1249 4756 1324 4811 Ne
1353 4774 1470 4811 cum
1505 4776 1600 4826 pro
1631 4760 1805 4829 aliqua

228 4856 391 4894 (τιτι-2
432 4845 827 4911 Corriperentur
866 4860 893 4898 a
937 4847 1321 4913 saecrdotiltus,
1378 4850 1575 4902 inimici
1624 4858 1677 4903 ct
1723 4852 1805 4903 itt-

223 4947 365 5001 gratt
413 4938 722 4988 existerent.
778 4938 1033 5003 Rogamus
1073 4948 1241 4992 autem
1286 4956 1401 5001 vos,
1447 4944 1649 5012 fratres.
1701 4943 1808 4996 lloc

224 5023 596 5078 sacerdotibus
632 5026 886 5093 praecipit.
929 5027 1177 5094 Corriptte
1203 5029 1471 5094 inquietos.
1501 5029 1604 5083 Pro
1635 5030 1808 5085 diver-

227 5114 390 5165 sitnle
435 5114 737 5168 morborum
804 5117 1087 5171 diversitas
1157 5118 1453 5172 adhibenda
1508 5130 1588 5173 cst
1636 5125 1805 5175 medi-

242 5252 569 5261 m

306 5529 479 5585 Carcr
511 5548 729 5589 tutatust.
787 5533 998 5600 Paulus,
1040 5545 1087 5588 et
1129 5535 1388 5597 Silvanus,
1431 5545 1475 5588 et
1523 5534 1814 5587 Timotheus

240 5619 480 5677 [felesite
527 5623 1051 5679 Thessalonicensium
1098 5629 1150 5678 in
1197 5625 1305 5678 Dro
1347 5624 1506 5679 Patre
1553 5639 1723 5678 nostro
1764 5634 1812 5677 et

240 5708 458 5767 Domino
484 5714 606 5769 Jesu
632 5714 851 5770 Christo.
882 5713 1062 5770 Gratia
1086 5716 1227 5769 vobis
1254 5726 1302 5767 et
1332 5732 1433 5785 pax
1460 5732 1490 5769 a
1524 5715 1629 5769 Deo
1665 5715 1815 5767 Patre

237 5814 429 5873 Nostro,
464 5816 507 5861 et
553 5806 767 5862 Domino
818 5806 933 5862 Iesu
965 5807 1184 5862 Christo.
1215 5807 1395 5863 Sancti
1446 5818 1603 5875 sunt,
1656 5808 1703 5861 id
1737 5816 1825 5861 est

1920 4660 2147 4723 Fratres,
2190 4667 2331 4711 orate
2376 4672 2467 4724 pro
2510 4656 2673 4709 nobis.
2718 4656 2951 4708 Salutate
3001 4658 3182 4723 [rati-rs
3225 4669 3396 4708 omnes
3441 4654 3498 4705 in

1918 4755 2089 4808 osculo
2130 4762 2325 4805 sancto.
2372 4750 2569 4821 Adjnro
2606 4766 2688 4802 vos
2734 4765 2821 4818 per
2863 4747 3167 4810 Do-niuunt,
3207 4756 3262 4798 ut
3302 4747 3505 4814 legatur

1920 4844 2154 4913 Epistola
2187 4843 2313 4895 Iure.
2350 4842 2607 4907 Adjurare
2652 4839 2801 4895 licet.
2830 4837 2916 4905 jur
2954 4853 3008 4888 re
3051 4851 3154 4889 non
3200 4833 3337 4886 licet.
3375 4832 3505 4886 0m-

1918 4941 2066 4993 ttibus
2116 4938 2304 4989 sanctis
2355 4932 2618 5002 patribus.
2668 4927 2849 4981 Gratia
2902 4924 3105 4977 Domini
3165 4923 3327 4976 nostri
3372 4920 3507 4974 Jrsu

1920 5029 2108 5083 Christi
2135 5025 2406 5079 vobisrum.
2441 5023 2617 5074 Amen.
2645 5018 2869 5073 Sanctus
2898 5030 2930 5083 p
2954 5028 3177 5068 vssumus
3206 5013 3511 5082 baptizatus

1919 5123 2181 5188 accipi-re.

594 5223 1805 5254 mvwm‘w

594 5253 1101 5261 -Ψκμ-μμ
1206 5255 1805 5264 ..ᾙῌμι

1910 5217 3479 5264 ψει-ΞΜ

547 5328 700 5409 AD
752 5328 1805 5415 THESSALONICENS]

1910 5371 1916 5403 ι
1985 5324 2551 5412 EPISTULA.
2602 5318 3187 5404 SECUNDA.

1924 5530 2155 5586 Ecclesia
2184 5538 2237 5584 et
2270 5542 2457 5581 omnes
2496 5524 2675 5580 fideles
2702 5522 2973 5592 baptizuli.
3004 5519 3217 5574 Gratias
3240 5532 3389 5589 agere
3417 5518 3505 5568 tte-

1920 5622 2091 5675 bemus
2134 5618 2242 5672 Deo
2289 5633 2486 5685 semper
2522 5633 2613 5684 pro
2651 5616 2815 5676 vobis,
2849 5614 3053 5683 fratres,
3084 5615 3154 5663 ita
3198 5621 3252 5662 ut
3291 5609 3505 5679 dignum

1921 5724 2011 5766 est.
2045 5712 2142 5779 Qui
2177 5709 2442 5784 vestales
2490 5708 2642 5770 fecit,
2692 5708 2958 5775 talemque
3003 5720 3065 5758 ts
3115 5717 3149 5757 ν
3184 5703 3266 5761 bis
3315 5702 3505 5757 Eccle-

1935 5806 2097 5873 siam,
2131 5804 2377 5873 donoque
2425 5801 2807 5859 misericordia:
2851 5798 3197 5871 praeparavit,
3238 5809 3294 5854 ut
3344 5792 3508 5851 tantis
