3910 6174
240 217 340 269 619

864 208 928 262 l.\'
970 205 1357 287 EPISTULAM
1401 205 1441 260 ll
1481 206 1571 262 AD
1620 198 2318 259 TIIESSALONICENSES
2341 198 2869 256 COMMENTARIA.

3394 203 3501 260 650

233 340 410 381 mrem
460 324 754 388 mittantur,
797 324 840 376 si
888 321 1003 375 ﬁeri
1054 328 1259 390 po‘est,
1309 321 1469 374 etiam
1519 316 1697 375 electi.
1748 314 1811 368 In
1843 317 1888 374 Α
1917 325 1979 365 ac
2001 311 2290 366 revelando
2322 323 2517 381 quinta
2546 314 2651 369 sint
2680 331 2800 385 qua:
2832 314 3078 384 prom'sit
3100 316 3184 373 vel
3213 315 3391 383 bonis,
3415 322 3504 376 vel

241 419 372 472 omni
418 418 631 479 virtute,
670 423 714 467 et
750 414 942 485 signis,
982 424 1030 466 et
1068 412 1317 481 prodigiis
1363 412 1709 464 mendacibus.
1762 409 1815 463 lu

239 506 537 577 phantasia.
572 504 637 558 Et
667 506 719 557 in
748 505 888 557 omni
911 503 1200 556 seductione
1225 501 1525 570 iniquitatis.
1559 501 1650 554 Est
1674 499 1817 553 enim

237 597 474 655 seductio
514 594 774 649 veritatis.
818 593 921 648 His
963 594 1049 661 qui
1095 602 1343 661 pereunt:
1375 606 1432 643 eo
1460 591 1597 659 quod
1640 588 1823 642 chari-

238 699 390 743 tatem
437 687 660 742 veritatis
710 701 808 738 non
853 692 1181 752 receperunt,
1222 693 1278 736 ut
1322 682 1450 735 salvi
1492 682 1688 748 fierent.
1721 681 1823 746 Qui

240 784 514 836 veriuatem
546 794 651 833 non
696 778 1030 839 dilexerunt,
1072 775 1299 843 diligent
1334 774 1645 828 vanitatem.
1691 772 1822 827 Ideo

239 874 399 926 mittet
429 872 533 924 illis
569 870 707 923 Deus
744 869 1085 939 Operationem
1114 870 1323 929 erroris,
1354 876 1408 918 ut
1450 866 1657 919 credant
1686 879 1828 917 men-

238 964 409 1017 dacio.
439 960 699 1017 Permittit
731 958 1050 1014 deserendo.
1080 958 1209 1011 Nam
1240 957 1283 1011 si
1314 960 1452 1012 lteus
1473 957 1666 1021 mittit,
1696 971 1828 1025 quo-

239 1053 402 1108 modo
426 1053 670 1123 operatio
701 1052 913 1105 Satana:
952 1057 1036 1101 est
1071 1050 1190 1116 ejus
1233 1046 1527 1101 adventus?
1583 1045 1653 1099 Ut
1682 1045 1829 1116 judi-

239 1160 422 1197 cenIur
448 1159 619 1197 omnes
656 1144 744 1213 qui
774 1157 876 1193 non
905 1140 1249 1195 crediderunt.
1296 1137 1358 1191 lit
1390 1152 1494 1190 non
1524 1150 1582 1189 se
1626 1149 1719 1204 per
1748 1134 1830 1189 itt-

238 1232 571 1288 carnationis
619 1231 819 1285 Christi
872 1228 1257 1283 obscuritatem
1323 1232 1584 1280 excusent
1635 1222 1831 1279 divinis

241 1323 531 1379 virtutibus
560 1335 664 1375 non
696 1318 1016 1383 credidisse,
1048 1331 1169 1371 cum
1192 1314 1396 1369 homini
1422 1314 1688 1369 diabolica
1715 1322 1831 1368 arte

240 1412 449 1467 lalleuti
475 1408 841 1465 crediderint:
876 1407 998 1476 quia
1028 1408 1079 1459 in
1130 1404 1359 1459 hominis
1387 1403 1567 1472 efﬁgie
1602 1418 1832 1472 appare.

242 1507 345 1563 bit.
386 1505 593 1558 Veritat.
623 1502 843 1556 Christo.
881 1500 988 1556 Sed
1018 1510 1378 1555 consenserunt
1406 1500 1686 1569 iniquitati.
1721 1501 1832 1552 An-

242 1599 510 1653 tichristo.
547 1596 656 1649 Nos
686 1604 853 1647 autem
880 1593 1115 1647 debemus
1154 1594 1348 1663 gratias
1375 1608 1526 1663 agere
1555 1592 1664 1646 Deo
1702 1608 1835 1645 sem-

1922 408 2095 461 malis.
2145 400 2208 461 Et
2255 408 2547 462 notandum
2589 410 2730 479 quod
2778 408 2865 463 hic
2916 409 3199 465 Dominum
3247 410 3507 482 Spiritum

1921 507 2164 553 sanctum
2201 498 2423 564 dixerit,
2452 508 2639 554 contra
2682 500 2911 554 Arianos
2942 500 3026 556 hic
3070 503 3216 571 prior
3262 505 3511 559 nomina-

1925 600 2033 647 tur.
2064 591 2190 647 ideo
2218 592 2305 646 hic
2336 592 2527 647 merito
2556 592 2811 661 Spiritum
2841 602 3082 647 sanctum
3114 594 3396 650 Dominum
3429 611 3512 650 ac-

1922 680 2151 748 cipimus
2179 681 2265 750 qui
2306 681 2361 736 in
2396 683 2659 737 cltaritate
2687 682 2812 749 Dei,
2843 693 2897 737 et
2925 684 2978 737 in
3005 682 3203 739 Christi
3247 688 3504 756 patientia

1916 771 2087 825 corda
2121 772 2353 825 ﬁdelium
2387 773 2599 844 diriget.
2634 773 2701 827 Et
2726 773 2974 845 patientia
3004 772 3215 830 Christi.
3248 775 3317 831 Ut
3345 779 3507 832 intel-

1928 862 2104 928 ligatis
2130 862 2261 916 nihil
2290 878 2483 915 novum
2510 863 2618 932 pati
2643 878 2737 931 pro
2758 862 2932 926 vobis,
2958 863 3097 931 quod
3123 865 3216 919 ille
3242 880 3340 933 pro
3362 868 3512 922 vobis

1900 956 2037 1007 ‘non
2067 946 2516 1023 ante'pertulerit.
2540 954 2909 1010 Denuntiamus
2934 965 3105 1011 autem
3128 960 3288 1026 vobis,
3304 960 3512 1031 fratres,

1930 1044 1985 1097 in
2018 1046 2223 1097 nomine
2252 1043 2460 1098 Domini
2494 1046 2655 1100 nostri
2682 1043 2806 1099 Jesu
2833 1044 3050 1101 Christi.
3079 1049 3216 1115 Quia
3248 1052 3300 1104 in
3341 1052 3514 1120 prima

1931 1135 2104 1189 lenius
2130 1137 2585 1199 commoiiuimus;
2613 1147 2667 1191 et
2687 1136 2977 1192 emendate
3000 1139 3403 1209 nolueranttut
3429 1142 3515 1196 vel

1931 1226 2009 1280 sic
2032 1228 2370 1281 erubescant.
2404 1227 2471 1281 Ut
2500 1228 2809 1282 subtrahatis
2844 1246 2930 1283 vos
2955 1236 3020 1283 ab
3051 1232 3189 1285 omni
3217 1236 3379 1302 fratre
3402 1250 3519 1287 am-

1932 1316 2139 1370 bulante
2168 1318 2474 1372 inordinate.
2502 1318 2799 1373 Notandum
2831 1319 2973 1389 quod
3000 1322 3421 1378 subtrahendum
3449 1336 3521 1379 sit

1933 1405 2002 1460 ab
2029 1408 2246 1463 homine
2269 1408 2577 1463 ChriStiano
2608 1424 2713 1464 non
2742 1412 3036 1465 secundum
3064 1415 3358 1480 apostolica
3388 1432 3520 1486 pra:-

1935 1511 2085 1569 cepta
2131 1501 2363 1555 vivente.
2412 1500 2478 1556 Et
2506 1518 2609 1555 non
2643 1502 2923 1557 secundum
2969 1505 3328 1573 traditionem,
3369 1524 3521 1578 quam

1935 1599 2238 1660 acceperunt
2275 1608 2307 1645 a
2336 1592 2498 1645 nobis.
2531 1592 2836 1648 lnhoneste.
2870 1591 2980 1663 Ipsi
3010 1596 3144 1649 enim
3170 1597 3314 1651 scitis
3348 1615 3525 1667 quem-

242 1706 338 1758 per
386 1704 478 1759 pro
522 1672 681 1749 vobis,
713 1685 897 1753 fratres
935 1684 1105 1739 dilecti
1146 1700 1181 1737 a
1213 1684 1338 1738 Deo.
1368 1683 1472 1750 Qui
1516 1683 1831 1738 cbaritatem
1865 1686 1912 1746 Β
1940 1681 2215 1733 admodum
2245 1691 2473 1752 oporteat
2512 1683 2702 1736 imitari
2741 1699 2855 1749 nos,
2892 1684 3136 1753 quoniam
3173 1702 3275 1739 non
3310 1687 3527 1755 inquieti

243 1780 553 1845 recepimus
596 1775 857 1842 veritatis,
889 1784 944 1829 et
986 1784 1269 1843 propterea
1310 1790 1339 1828 a
1388 1774 1497 1828 Deo
1540 1774 1831 1842 diligitnur.

248 1871 407 1937 Quod
441 1870 648 1939 elegerit
692 1884 778 1922 vos
809 1867 967 1921 Deus.
1014 1866 1222 1921 Fecerit
1254 1877 1467 1934 paratos
1498 1867 1563 1919 ad
1607 1866 1834 1920 creden-

245 1961 381 2012 dum
411 1977 423 2010 :
454 1959 591 2012 sicut
619 1960 665 2012 ei
698 1957 801 2011 alio
832 1957 908 2011 ire
940 1955 1174 2023 cupienti
1198 1955 1264 2009 de
1292 1956 1406 2009 viro
1438 1955 1726 2010 Macedone
1755 1971 1839 2008 re-

252 2048 485 2102 velatum
526 2059 629 2101 est.
671 2046 937 2100 Primitias
982 2047 1035 2099 in
1064 2048 1302 2109 salutem,
1344 2048 1398 2100 in
1435 2047 1840 2111 sanctiﬁcatione

246 2139 382 2207 spiri
408 2155 486 2201 us,
528 2149 572 2190 et
617 2138 722 2205 ﬁde
765 2138 1021 2201 veritatis,
1057 2138 1109 2190 in
1150 2154 1251 2206 qua
1295 2146 1343 2190 et
1388 2139 1579 2190 vocavit
1621 2154 1708 2189 vos
1752 2153 1841 2204 per

250 2229 488 2299 Evangel
510 2246 594 2280 um
627 2240 872 2283 nostrum.
896 2230 1027 2296 Quia
1061 2215 1262 2297 primos
1290 2243 1388 2283 nos
1435 2229 1557 2282 iecit
1595 2229 1837 2293 credere,

248 2336 417 2389 quam
460 2332 667 2389 gentes.
702 2320 764 2373 In
809 2321 1194 2387 aequisitionem
1221 2320 1400 2392 glorite
1433 2320 1639 2375 Domini
1678 2322 1843 2375 nostri

248 2408 387 2463 Jesu
426 2410 633 2465 Christi.
658 2410 737 2464 Ad
767 2410 865 2466 hoc
894 2412 1069 2466 vocati
1094 2412 1254 2478 estis,
1288 2424 1343 2465 ut
1380 2412 1580 2467 Christi
1619 2413 1840 2482 gloriam

252 2499 547 2567 acquiratis
576 2517 588 2551 :
620 2499 949 2569 scimusque,
990 2516 1111 2554 cum
1153 2501 1489 2571 apparuerit,
1518 2502 1720 2557 similes
1767 2502 1845 2556 illi

252 2591 505 2643 erimus:
538 2590 653 2644 sive
691 2590 756 2643 ad
799 2591 888 2646 Dei
935 2592 1159 2661 gloriam
1204 2593 1467 2663 pertinet,
1502 2607 1625 2648 cum
1673 2592 1845 2663 major

251 2682 590 2736 credentium
627 2699 879 2738 numerus
908 2687 1119 2741 crescit.
1151 2686 1351 2757 Itaque,
1383 2689 1589 2759 fratres,
1627 2698 1758 2743 state
1797 2696 1844 2743 et

254 2784 448 2829 tenete.
478 2774 599 2827 Haec
630 2774 682 2828 in
712 2774 833 2841 ﬁde,
859 2786 912 2830 et
937 2778 1185 2845 veritate,
1212 2787 1266 2831 et
1289 2778 1711 2834 sanctiﬁcatione
1738 2780 1846 2849 spi-

257 2866 421 2918 ritus.
459 2863 796 2919 Traditiones.
840 2866 968 2919 Cum
1008 2879 1133 2922 suas
1179 2868 1289 2922 vult
1336 2870 1536 2936 teneri,
1580 2883 1683 2923 ιιοῚ
1733 2869 1847 2924 vult

256 2955 400 3009 alias
437 2956 742 3024 superaddi.
778 2957 919 3023 Quas
954 2958 1224 3024 didicistis,
1270 2960 1373 3013 sive
1410 2977 1502 3031 per
1530 2976 1840 3029 sermonem,

1941 1772 2133 1842 fuimus
2161 1773 2292 1827 inter
2319 1789 2425 1826 vos.
2460 1773 2561 1839 Qui
2593 1774 2760 1828 forma
2789 1788 2975 1829 sumus
3011 1775 3368 1832 credentium.
3416 1778 3525 1832 Ne-

1939 1880 2035 1930 que
2071 1864 2232 1935 gratis
2268 1881 2452 1936 panetn
2483 1866 2899 1921 manducavimus
2923 1868 2987 1920 ab
3015 1868 3206 1936 aliqua,
3238 1870 3331 1923 sed
3358 1870 3412 1924 in
3450 1874 3530 1925 ιιι..

1941 1955 2059 2006 bore
2098 1962 2145 2007 et
2184 1955 2507 2024 fatigatione,
2540 1968 2688 2010 nocte
2726 1963 2775 2010 et
2818 1957 2901 2011 die
2943 1967 3230 2025 operantes,
3276 1975 3341 2013 ne
3377 1976 3527 2031 quem

1941 2052 2159 2095 vestrum
2197 2060 2544 2112 gravaremus.
2593 2045 2733 2101 Ecce
2778 2048 3120 2101 traditionem
3164 2064 3373 2105 eorum.
3403 2050 3528 2105 Non

1940 2134 2087 2203 qua-si
2117 2150 2220 2187 non
2265 2134 2594 2189 habuerimus
2637 2144 2956 2203 potestatem.
3003 2137 3222 2191 Dicente
3252 2140 3522 2193 Domino:

1946 2224 2144 2292 Dignus
2189 2233 2275 2278 est
2312 2227 2589 2293 operarius
2631 2226 2880 2281 mercede
2915 2242 3033 2282 sua.
3066 2227 3175 2282 Sed
3211 2238 3265 2281 ut
3309 2242 3531 2284 nosmet-

1942 2313 2080 2383 ipsos
2122 2314 2344 2384 formam
2388 2314 2628 2370 daremus
2672 2316 2810 2370 vobis
2847 2316 2917 2370 ad
2957 2317 3263 2371 imitandum
3303 2336 3416 2373 nos.
3448 2319 3530 2377 Ne

1943 2410 2100 2465 alicui
2144 2409 2483 2465 occasionem
2525 2412 2762 2464 avaritias
2803 2411 2885 2465 vel
2931 2410 3116 2479 utique
3159 2412 3400 2468 fomitem
3440 2414 3530 2467 in-

1944 2502 2272 2569 quietudinis
2304 2502 2687 2568 prtulieremus.
2720 2500 2860 2554 Nam
2900 2510 3090 2555 etcum
3127 2519 3349 2558 essemus
3389 2506 3528 2575 apud

1943 2607 2051 2654 vos,
2078 2592 2174 2644 hoc
2214 2591 2640 2644 denuntiabantus
2673 2592 2832 2646 vobis.
2877 2591 3030 2661 Quod
3076 2593 3390 2649 videbamus
3433 2597 3532 2649 ali-

1944 2697 2078 2752 quos
2111 2666 2242 2735 talos
2274 2682 2497 2736 futuros.
2535 2683 2785 2749 Quoniam
2814 2683 2858 2736 si
2886 2684 2996 2749 quis
3022 2699 3123 2736 non
3153 2685 3260 2737 vult
3298 2688 3527 2754 operari.

1949 2778 2011 2832 Ut
2043 2786 2129 2831 aut
2157 2778 2381 2833 sedeant
2401 2779 2596 2846 quieti,
2630 2788 2750 2843 aut,
2779 2779 2824 2831 si
2852 2778 2963 2831 veri
2993 2787 3117 2833 sunt
3138 2781 3395 2848 apostoli,
3429 2796 3528 2835 vos

1945 2882 2253 2939 sequantur,
2282 2873 2325 2925 si
2355 2888 2462 2926 non
2487 2870 2748 2936 avaritias,
2780 2869 2872 2924 sed
2907 2870 2997 2924 Dei
3028 2872 3302 2925 ambulant
3336 2885 3522 2926 causa.

1948 2962 2061 3018 Nec
2094 2966 2379 3018 manducet.
2412 2964 2537 3018 Haec
2561 2963 2631 3017 sit
2660 2960 3041 3030 inquietudinis
3073 2977 3178 3016 non
3208 2963 3383 3018 solum
3413 2978 3530 3035 pm-

255 3047 370 3100 sive
407 3065 497 3117 per
530 3047 810 3120 Epistolam
847 3059 1089 3103 nostram.
1122 3050 1197 3104 De
1225 3050 1471 3119 baptismi
1511 3063 1846 3108 sacramento
1872 3041 1921 3105 C
1952 3072 2049 3124 na,
2094 3058 2191 3113 sed
2233 3059 2390 3112 etiam
2431 3055 2759 3112 emendatio.
2803 3055 3055 3108 Audimus
3093 3056 3226 3109 enim
3271 3058 3404 3110 inter
3442 3073 3532 3109 vos

258 3145 321 3191 et
351 3139 561 3193 ceteris
602 3154 722 3207 quas
761 3147 872 3193 toto
920 3141 1119 3194 mundo
1162 3154 1467 3209 servantur,
1507 3154 1560 3198 et
1611 3160 1704 3213 per
1747 3145 1848 3201 hoc

257 3229 559 3296 apostolice
586 3224 1020 3299 comprobantur.
1055 3230 1173 3301 Ipse
1198 3244 1370 3285 autem
1399 3233 1651 3288 Dominus
1680 3245 1848 3289 noster

256 3314 289 3368 J
299 3332 421 3369 esus
448 3316 697 3385 Christus,
718 3328 764 3371 et
795 3320 931 3373 Deus
954 3332 1001 3374 et
1028 3320 1188 3375 Pater
1210 3332 1398 3377 noster.
1423 3324 1523 3390 Qui
1553 3326 1667 3380 hinc
1696 3324 1850 3381 nobis

260 3409 455 3465 omnia
482 3411 678 3464 attulit.
705 3409 902 3479 Contra
932 3413 1180 3479 Arianos,
1210 3415 1301 3483 qui
1331 3416 1588 3483 majorem
1631 3427 1846 3486 putant,

261 3499 364 3568 qui
395 3500 541 3566 prius
573 3501 730 3557 fuerit
761 3502 1105 3559 nominatus:
1138 3519 1265 3559 ecce
1294 3503 1381 3559 hic
1412 3506 1558 3574 prius
1589 3508 1727 3561 ﬁlius
1753 3522 1850 3575 no;-

262 3589 526 3645 ntinatur.
565 3593 665 3659 Qui
706 3594 885 3648 difexit
923 3612 1034 3651 nos.
1071 3596 1285 3664 Impius,
1312 3612 1433 3651 cum
1471 3613 1575 3652 non
1615 3614 1850 3655 merere-

262 3698 414 3737 mur.
461 3683 527 3736 Et
571 3685 711 3739 dedit
757 3686 1157 3741 consolationem
1214 3700 1473 3744 wternam.
1530 3676 1686 3745 Prom
1710 3691 1844 3745 ssio-

264 3788 401 3826 num
439 3791 452 3825 :
497 3776 614 3829 sive
656 3775 911 3845 Spiritum
952 3780 1377 3848 consolatorem,
1420 3783 1522 3837 hoc
1560 3795 1641 3838 est
1685 3784 1848 3838 Para-

262 3865 494 3919 cletuut.
534 3865 597 3919 Et
633 3885 772 3935 spem
802 3870 985 3923 bonam
1011 3874 1064 3923 in
1100 3874 1288 3941 gratia.
1324 3874 1417 3928 Est
1456 3875 1597 3930 enim
1635 3889 1689 3930 et
1727 3891 1851 3946 spes

266 3959 441 4012 mala.
472 3957 783 4015 Exhortetur
810 3963 965 4016 corda
996 3974 1183 4018 vestra.
1219 3964 1512 4020 Virtutibus
1538 3969 1615 4021 vel
1648 3968 1853 4022 revela-

267 4050 440 4103 tione.
471 4049 537 4103 Et
584 4056 847 4122 conﬁrmet
886 4056 939 4109 in
978 4060 1114 4110 omni
1156 4074 1326 4124 opere.
1367 4060 1635 4113 Conﬁrma
1668 4075 1754 4115 me
1797 4060 1849 4115 in

265 4140 456 4193 Verbis
496 4144 644 4197 tuis:
686 4145 806 4211 quia
845 4145 888 4199 si
937 4146 1028 4202 ille
1078 4163 1182 4201 non
1238 4151 1666 4215 conﬁrmaverit,
1717 4167 1850 4206 vana

265 4241 361 4283 est
401 4232 543 4285 salus
585 4233 834 4291 hominis.
867 4235 935 4290 Et
970 4254 1199 4294 sermone
1240 4240 1390 4295 bona.
1434 4241 1548 4295 Non
1594 4242 1767 4297 solum
1798 4245 1850 4298 in

269 4337 464 4392 Opere.

351 4433 478 4488 Car.
513 4451 588 4490 ut.
621 4436 697 4491 De
724 4448 922 4506 cratera,
968 4442 1172 4509 fratres,
1206 4453 1345 4496 orate
1383 4460 1475 4511 pro
1515 4443 1677 4498 nobis.
1708 4445 1855 4500 Sicut

269 4540 378 4595 pro
406 4525 583 4591 Petro,
616 4537 670 4582 et
696 4529 787 4582 dat
826 4529 1139 4585 humilitatis
1166 4533 1467 4601 exemplum
1487 4574 1502 4598 ,
1535 4544 1588 4588 et
1616 4538 1856 4591 occasio-

269 4630 404 4669 nem
444 4617 737 4683 charitatis,
764 4630 819 4672 ut
861 4634 955 4687 pro
998 4622 1259 4676 alterutro
1306 4639 1541 4678 oremus.
1578 4624 1646 4680 Ut
1686 4642 1854 4679 sermo

270 4703 490 4759 Domini
513 4718 713 4774 currat,
739 4718 787 4763 et
820 4710 1154 4779 clari/icetur,
1183 4714 1313 4766 sicut
1341 4725 1390 4767 et
1417 4716 1556 4782 apud
1584 4732 1692 4769 vos.
1724 4717 1856 4772 Cur-

269 4802 367 4849 rat
404 4797 679 4851 alﬁuentia
705 4813 719 4850 :
749 4799 1123 4868 magniticetur
1152 4801 1392 4869 profectu
1431 4804 1754 4858 auditorum.
1789 4804 1855 4858 Et

268 4898 333 4939 ut
371 4886 641 4941 liberentur
667 4889 731 4941 ab
770 4890 1070 4959 importunis
1107 4902 1154 4944 et
1197 4891 1345 4945 nialis
1378 4891 1682 4951 hominibus.
1714 4896 1853 4950 Cou—

276 4980 665 5037 tradirenlibus
701 4991 753 5035 et
785 4984 1245 5050 persequentibus.
1296 4986 1418 5039 Non
1456 4990 1593 5041 enim
1630 4990 1854 5043 omnium

270 5080 356 5125 est
373 5071 517 5133 ﬁdes.
536 5072 647 5125 Non
669 5086 855 5126 omnes
872 5083 1017 5127 caste
1037 5075 1351 5129 annuntiant
1374 5076 1717 5147 Evangeliuut
1740 5079 1850 5133 Dei.

270 5159 481 5214 Fidelis
502 5174 668 5215 autem
695 5161 760 5214 Dr
773 5179 831 5215 us
851 5171 944 5226 est,
966 5164 1053 5231 qui
1082 5166 1401 5233 conﬁrmabit
1422 5183 1531 5223 vos.
1561 5167 1673 5223 Non
1698 5170 1857 5223 relin-

269 5261 411 5320 quet
433 5254 529 5305 nisi
558 5253 936 5319 re’inquentes.
972 5253 1037 5306 Et
1068 5256 1312 5309 custodiet
1335 5273 1367 5309 α
1396 5257 1551 5312 malo.
1580 5259 1855 5313 Tentatio-

272 5345 439 5397 nibus
482 5344 757 5399 diabolica:
809 5345 1181 5401 inlestatiouis.
1224 5346 1538 5416 Con/idimus
1584 5363 1754 5406 autem
1791 5352 1855 5406 de

272 5436 420 5488 vobis
455 5437 505 5489 in
538 5434 777 5502 Domino,
805 5438 1042 5506 quoniam
1071 5456 1186 5509 quas
1222 5445 1550 5511 praecepimus
1582 5446 1767 5512 facitis,
1813 5456 1857 5498 et

272 5528 496 5597 facietis.
522 5525 767 5583 Dominus
784 5543 951 5582 autem
971 5530 1157 5600 dirigat
1177 5534 1335 5584 corda
1353 5542 1515 5586 vestra
1533 5534 1585 5585 in
1612 5536 1859 5588 rharitnte

274 5618 403 5674 Dei.
439 5622 770 5691 lnspiraudo,
802 5624 1144 5691 gubernando
1180 5619 1400 5693 jugiler,
1442 5635 1497 5681 et
1524 5624 1857 5696 adiuvando,

538 5737 833 5796 ‘Ps’rnot.
872 5735 1155 5799 LXVI”.
1172 5736 1181 5747 ”

1950 3147 2219 3216 quosdam.
2257 3146 2451 3200 Reddit
2492 3146 2653 3215 hujus
2682 3148 2965 3200 sententiae
3003 3160 3217 3200 causas.
3259 3147 3534 3203 Ambulare

1950 3238 2189 3308 inquiete,
2219 3238 2346 3291 nihil
2382 3249 2666 3307 aperantes.
2699 3237 2814 3291 Non
2846 3238 3035 3292 sedete
3065 3234 3263 3307 quiete.
3294 3238 3401 3293 Sed
3435 3255 3532 3293 cu-

1951 3331 2085 3384 riose
2113 3342 2339 3402 agentes.
2365 3331 2500 3397 Quid
2529 3331 2581 3383 in
2611 3345 2714 3397 qua
2749 3328 3043 3398 prowincia,
3074 3330 3155 3384 vel
3187 3330 3401 3385 civita'e
3440 3345 3536 3400 ge-

1951 3433 2097 3478 ratur
2136 3422 2484 3487 inquirentes.
2520 3420 2617 3473 llis
2655 3429 2824 3473 autem
2852 3420 2941 3490 qui
2973 3420 3226 3488 ejusmodi
3266 3430 3413 3483 sunt,
3444 3422 3536 3473 de-

1952 3516 2273 3579 uuntiamus,
2315 3524 2364 3567 et
2411 3512 2730 3567 obsecramus
2777 3512 2832 3565 in
2876 3512 3098 3566 Domino
3134 3513 3258 3566 .lesu
3302 3514 3530 3571 Christo.

1950 3604 2061 3659 Nec
2104 3606 2247 3672 ipsos
2288 3614 2405 3671 post
2444 3603 2669 3657 alteram
2710 3602 3105 3670 correptiouem
3144 3603 3342 3657 desinit
3383 3619 3535 3658 com-

1952 3708 2191 3749 monere.
2228 3691 2298 3748 Ut
2330 3710 2441 3746 cum
2478 3694 2683 3747 silentio
2722 3703 3007 3761 operantes,
3048 3694 3351 3747 manducent
3384 3712 3537 3750 suum

1952 3801 2151 3856 panem.
2194 3785 2329 3838 Cum
2377 3785 2555 3853 quiete
2597 3791 2653 3839 et
2702 3783 3125 3853 tranquillitate:
3173 3800 3241 3837 ne
3284 3786 3363 3842 vel
3412 3804 3535 3843 cum

1952 3877 2323 3945 inquietudine
2370 3886 2683 3942 operentur.
2738 3876 2838 3929 Vos
2880 3886 3082 3943 autem,
3124 3882 3328 3948 fratres,
3379 3881 3539 3935 nolite

1954 3969 2170 4036 deﬁcere
2204 3967 2586 4033 benefacientes.
2621 3966 2771 4031 Quod
2800 3968 2844 4019 si
2880 3968 2995 4037 quis
3036 3984 3140 4022 non
3179 3971 3347 4024 obedit
3389 3973 3538 4025 verbo

1955 4071 2126 4113 nostra
2166 4074 2255 4129 per
2282 4055 2602 4126 Epistolam,
2636 4059 2770 4112 hunc
2803 4068 2993 4125 notate,
3030 4070 3081 4113 et
3122 4078 3185 4115 ne
3214 4064 3538 4118 commiscea-

1954 4154 2081 4206 mint
2118 4168 2233 4206 cum
2261 4152 2377 4206 illo.
2420 4150 2535 4205 Non
2567 4150 2817 4205 omnibus
2861 4150 3121 4219 prohibeo
3146 4152 3261 4206 dari
3282 4195 3295 4215 ,
3337 4154 3430 4208 sed
3461 4167 3536 4207 ta-

1958 4245 2118 4309 libus,
2150 4260 2216 4297 ne
2244 4242 2440 4313 putetis
2482 4256 2567 4296 me
2603 4242 3047 4300 consuetudinem
3092 4244 3281 4299 tollere
3321 4245 3539 4301 benefa-

1956 4340 2151 4392 ciendi.
2186 4336 2255 4391 Ut
2281 4336 2650 4406 confundatur.
2680 4334 2748 4388 Et
2773 4334 2930 4390 nolite
2959 4338 3106 4405 quasi
3143 4338 3402 4391 inimicum
3431 4340 3538 4392 exi-

1882 4412 2183 4487 Dstimare.
2224 4431 2340 4486 Non
2385 4438 2444 4484 ut
2486 4434 2694 4498 peuLtus
2739 4429 3108 4487 abscindatur.
3156 4430 3263 4486 Sed
3302 4432 3541 4503 corrithe

1960 4533 2013 4577 ut
2041 4524 2271 4591 fratrem.
2304 4521 2594 4590 Corripite,
2630 4529 2688 4574 ut
2710 4520 3056 4587 emendetur;
3087 4522 3251 4581 nolite
3280 4522 3536 4591 abjicere,

1957 4629 2029 4669 ne
2056 4614 2325 4682 despeet.
2351 4611 2512 4681 [Eger
2540 4612 2810 4667 sanandus
2833 4624 2947 4680 est,
2977 4627 3085 4666 non
3118 4614 3387 4668 necandus
3416 4631 3430 4667 :
3470 4630 3539 4668 ne

1958 4706 2027 4763 de
2052 4707 2288 4776 inquieto
2317 4704 2408 4758 ﬁat
2442 4715 2706 4775 apostata.
2726 4686 2731 4693 ’
2751 4703 2874 4772 Ipse
2900 4713 3070 4757 autem
3102 4705 3240 4757 Deus
3275 4709 3415 4773 pacis
3450 4706 3537 4758 det

1930 4772 2097 4853 ‘vobis
2126 4772 2308 4869 pacem
2347 4798 2725 4865 sempiternam.
2770 4795 2836 4850 Ut
2876 4796 3093 4863 possitis
3130 4809 3318 4848 omnes
3346 4810 3538 4852 curare

1964 4893 2199 4959 paciﬁce.
2234 4890 2296 4943 In
2326 4890 2466 4943 omni
2495 4891 2626 4943 loco.
2662 4887 2908 4939 Dominus
2941 4887 3005 4939 sit
3039 4900 3153 4938 eum
3182 4887 3413 4939 omnibus
3451 4902 3539 4940 vo-

1961 4982 2056 5034 bis.
2090 4983 2151 5032 Et
2190 4984 2241 5032 in
2286 4979 2431 5032 omni
2480 4977 2620 5042 loco,
2657 4975 2959 5043 ubicunque
3001 4973 3230 5028 fueritis.
3276 4974 3539 5033 Sulutatio

1960 5088 2071 5125 mea
2103 5087 2253 5122 utanu
2300 5046 2484 5128 Pduli,
2527 5066 2663 5133 quod
2696 5074 2769 5117 est
2801 5065 3005 5135 signum
3041 5066 3095 5118 in
3137 5068 3271 5120 omni
3299 5068 3538 5137 epistola.

1962 5158 2049 5213 Ira
2075 5158 2260 5212 scri'o.
2291 5154 2358 5211 Ut
2381 5154 2563 5227 sciatis
2589 5152 2746 5205 falsas
2772 5152 3025 5219 epistolas
3064 5155 3322 5212 invenire.
3358 5158 3538 5214 Gratia

1965 5252 2168 5305 Domini
2198 5249 2361 5302 nostri
2385 5247 2512 5301 Jesu
2538 5244 2721 5299 Christi
2747 5262 2860 5299 cum
2894 5248 3127 5301 omnibus
3156 5250 3317 5320 vobis,
3367 5268 3535 5306 amen.

1963 5346 2054 5401 His
2098 5344 2273 5397 verbis
2311 5354 2499 5394 omnes
2545 5338 2814 5406 Epistolis
2863 5340 3267 5409 sultscrihebat,
3312 5358 3536 5413 excepta

1962 5436 2299 5501 Galatarum,
2329 5446 2486 5501 quam
2517 5432 2728 5499 propria
2768 5446 2928 5484 manu
2960 5434 3302 5501 perscripsit,
3334 5444 3390 5488 ut
3420 5449 3541 5504 post

1962 5547 2079 5587 eam
2102 5542 2203 5582 nec
2223 5528 2286 5578 ad
2309 5527 2671 5593 semetipsum,
2702 5524 2800 5577 nisi
2814 5539 2984 5577 vnanu
3008 5539 3120 5594 pro,
3140 5527 3216 5580 ria
3244 5529 3537 5599 perscripta

1981 5625 2303 5693 reciperent.

2948 5722 3019 5784 21
