  <div class='ocr_page' id='page_1' title='image "/cluster/home/n/w/nwhite01/storage/ocr_20150623/68/hvd.32044054758719/333.png"; bbox 0 0 3910 6174; ppageno 0'>
   <div class='ocr_carea' id='block_1_1' title="bbox 374 207 3704 311">
    <p class='ocr_par' dir='ltr' id='par_1_1' title="bbox 374 207 3704 311">
     <span class='ocr_line' id='line_1_1' title="bbox 374 207 3704 311; baseline 0.001 -4"><span class='ocrx_word' id='word_1_1' title='bbox 374 271 385 283; x_wconf 87' lang='grc'><strong>·</strong></span> <span class='ocrx_word' id='word_1_2' title='bbox 439 253 533 307; x_wconf 73' lang='grc'><strong><em>651</em></strong></span> <span class='ocrx_word' id='word_1_3' title='bbox 1544 248 1839 304; x_wconf 73' lang='lat' dir='ltr'><strong><em>I‘RlMASll</em></strong></span> <span class='ocrx_word' id='word_1_4' title='bbox 1892 247 2342 303; x_wconf 71' lang='lat' dir='ltr'><strong><em>ADIlUMETANl</em></strong></span> <span class='ocrx_word' id='word_1_5' title='bbox 2385 248 2603 306; x_wconf 80' lang='lat' dir='ltr'><strong><em>EPlSC.</em></strong></span> <span class='ocrx_word' id='word_1_6' title='bbox 2897 207 2901 211; x_wconf 19' lang='lat'><strong>’</strong></span> <span class='ocrx_word' id='word_1_7' title='bbox 3607 254 3704 311; x_wconf 66' lang='grc' dir='ltr'><strong><em>(ἶῧί</em></strong></span> 
     </span>
    </p>
   </div>
   <div class='ocr_carea' id='block_1_2' title="bbox 1142 489 2959 574">
    <p class='ocr_par' dir='ltr' id='par_1_2' title="bbox 1142 489 2959 574">
     <span class='ocr_line' id='line_1_2' title="bbox 1142 489 2959 574; baseline 0.005 -9"><span class='ocrx_word' id='word_1_8' title='bbox 1142 489 1629 566; x_wconf 79' lang='lat' dir='ltr'><strong><em>EPISTOLA</em></strong></span> <span class='ocrx_word' id='word_1_9' title='bbox 1677 489 1978 567; x_wconf 81' lang='lat' dir='ltr'><strong><em>PAULI</em></strong></span> <span class='ocrx_word' id='word_1_10' title='bbox 2031 490 2164 566; x_wconf 84' lang='lat' dir='ltr'><strong><em>AD</em></strong></span> <span class='ocrx_word' id='word_1_11' title='bbox 2237 491 2959 574; x_wconf 87' lang='lat' dir='ltr'><strong><em>COLOSSENSES.</em></strong></span> 
     </span>
    </p>
   </div>
   <div class='ocr_carea' id='block_1_3' title="bbox 971 738 1474 796">
    <p class='ocr_par' dir='ltr' id='par_1_3' title="bbox 971 738 1474 796">
     <span class='ocr_line' id='line_1_3' title="bbox 971 738 1474 796; baseline -0.004 -2"><span class='ocrx_word' id='word_1_12' title='bbox 971 738 1474 796; x_wconf 73' lang='lat' dir='ltr'><strong><em>ARGUMENTUM.</em></strong></span> 
     </span>
    </p>
   </div>
   <div class='ocr_carea' id='block_1_4' title="bbox 358 829 2023 896">
    <p class='ocr_par' dir='ltr' id='par_1_4' title="bbox 358 829 2023 896">
     <span class='ocr_line' id='line_1_4' title="bbox 358 829 2023 896; baseline -0.003 -5"><span class='ocrx_word' id='word_1_13' title='bbox 358 884 366 891; x_wconf 89' lang='lat'><strong><em>.</em></strong></span> <span class='ocrx_word' id='word_1_14' title='bbox 442 836 762 890; x_wconf 85' lang='lat' dir='ltr'><strong><em>Colossenses</em></strong></span> <span class='ocrx_word' id='word_1_15' title='bbox 800 842 846 886; x_wconf 77' lang='lat' dir='ltr'><strong><em>et</em></strong></span> <span class='ocrx_word' id='word_1_16' title='bbox 887 832 974 893; x_wconf 89' lang='lat' dir='ltr'><strong><em>hi,</em></strong></span> <span class='ocrx_word' id='word_1_17' title='bbox 1020 834 1150 885; x_wconf 85' lang='lat' dir='ltr'><strong><em>sicut</em></strong></span> <span class='ocrx_word' id='word_1_18' title='bbox 1194 830 1547 895; x_wconf 86' lang='lat' dir='ltr'><strong><em>Laodicenses,</em></strong></span> <span class='ocrx_word' id='word_1_19' title='bbox 1591 839 1708 884; x_wconf 88' lang='lat' dir='ltr'><strong><em>sunt</em></strong></span> <span class='ocrx_word' id='word_1_20' title='bbox 1733 829 1949 896; x_wconf 82' lang='lat' dir='ltr'><strong><em>Asiani;</em></strong></span> <span class='ocrx_word' id='word_1_21' title='bbox 1976 843 2023 886; x_wconf 91' lang='lat' dir='ltr'><strong><em>et</em></strong></span> 
     </span>
    </p>
   </div>
   <div class='ocr_carea' id='block_1_5' title="bbox 510 900 2026 973">
    <p class='ocr_par' dir='ltr' id='par_1_5' title="bbox 510 900 2026 973">
     <span class='ocr_line' id='line_1_5' title="bbox 510 900 2026 973; baseline -0.003 -13"><span class='ocrx_word' id='word_1_22' title='bbox 510 907 609 973; x_wconf 88' lang='lat' dir='ltr'><strong><em>ipsi</em></strong></span> <span class='ocrx_word' id='word_1_23' title='bbox 634 903 872 972; x_wconf 62' lang='lat' dir='ltr'><strong><em>praeventi</em></strong></span> <span class='ocrx_word' id='word_1_24' title='bbox 891 911 1034 955; x_wconf 84' lang='lat' dir='ltr'><strong><em>erant</em></strong></span> <span class='ocrx_word' id='word_1_25' title='bbox 1053 919 1082 954; x_wconf 90' lang='lat' dir='ltr'><strong><em>a</em></strong></span> <span class='ocrx_word' id='word_1_26' title='bbox 1129 900 1592 973; x_wconf 87' lang='lat' dir='ltr'><strong><em>pseudoapostolis,</em></strong></span> <span class='ocrx_word' id='word_1_27' title='bbox 1622 916 1713 954; x_wconf 85' lang='lat' dir='ltr'><strong><em>nec</em></strong></span> <span class='ocrx_word' id='word_1_28' title='bbox 1734 901 1800 973; x_wconf 80' lang='lat' dir='ltr'><strong><em>ad</em></strong></span> <span class='ocrx_word' id='word_1_29' title='bbox 1826 901 1918 955; x_wconf 88' lang='lat' dir='ltr'><strong><em>hos</em></strong></span> <span class='ocrx_word' id='word_1_30' title='bbox 1939 919 2026 955; x_wconf 88' lang='lat' dir='ltr'><strong><em>ac-</em></strong></span> 
     </span>
    </p>
   </div>
   <div class='ocr_carea' id='block_1_6' title="bbox 513 971 2026 1042">
    <p class='ocr_par' dir='ltr' id='par_1_6' title="bbox 513 971 2026 1042">
     <span class='ocr_line' id='line_1_6' title="bbox 513 971 2026 1042; baseline -0.003 -14"><span class='ocrx_word' id='word_1_31' title='bbox 513 971 655 1028; x_wconf 72' lang='lat' dir='ltr'><strong><em>cessit</em></strong></span> <span class='ocrx_word' id='word_1_32' title='bbox 686 975 794 1042; x_wconf 85' lang='lat' dir='ltr'><strong><em>ipse</em></strong></span> <span class='ocrx_word' id='word_1_33' title='bbox 818 973 1087 1037; x_wconf 68' lang='lat' dir='ltr'><strong><em>Apostolus</em></strong></span> <span class='ocrx_word' id='word_1_34' title='bbox 1106 1016 1118 1033; x_wconf 86' lang='lat'><strong><em>,</em></strong></span> <span class='ocrx_word' id='word_1_35' title='bbox 1152 973 1239 1025; x_wconf 87' lang='lat' dir='ltr'><strong><em>sed</em></strong></span> <span class='ocrx_word' id='word_1_36' title='bbox 1267 982 1312 1023; x_wconf 90' lang='lat' dir='ltr'><strong><em>et</em></strong></span> <span class='ocrx_word' id='word_1_37' title='bbox 1338 972 1428 1024; x_wconf 89' lang='lat' dir='ltr'><strong><em>hos</em></strong></span> <span class='ocrx_word' id='word_1_38' title='bbox 1455 988 1554 1042; x_wconf 9' lang='lat' dir='ltr'><strong><em>per;</em></strong></span> <span class='ocrx_word' id='word_1_39' title='bbox 1569 971 1838 1037; x_wconf 71' lang='lat' dir='ltr'><strong><em>epistolam</em></strong></span> <span class='ocrx_word' id='word_1_40' title='bbox 1867 975 2026 1023; x_wconf 82' lang='lat' dir='ltr'><strong><em>corri-</em></strong></span> 
     </span>
    </p>
   </div>
   <div class='ocr_carea' id='block_1_7' title="bbox 514 1040 2027 1113">
    <p class='ocr_par' dir='ltr' id='par_1_7' title="bbox 514 1040 2027 1113">
     <span class='ocr_line' id='line_1_7' title="bbox 514 1040 2027 1113; baseline -0.003 -14"><span class='ocrx_word' id='word_1_41' title='bbox 514 1048 606 1113; x_wconf 83' lang='lat' dir='ltr'><strong><em>git.</em></strong></span> <span class='ocrx_word' id='word_1_42' title='bbox 639 1040 923 1097; x_wconf 80' lang='lat' dir='ltr'><strong><em>Audierant</em></strong></span> <span class='ocrx_word' id='word_1_43' title='bbox 953 1044 1084 1094; x_wconf 87' lang='lat' dir='ltr'><strong><em>enim</em></strong></span> <span class='ocrx_word' id='word_1_44' title='bbox 1114 1043 1318 1113; x_wconf 59' lang='lat' dir='ltr'><strong><em>verbum</em></strong></span> <span class='ocrx_word' id='word_1_45' title='bbox 1343 1042 1415 1113; x_wconf 82' lang='lat' dir='ltr'><strong><em>ab</em></strong></span> <span class='ocrx_word' id='word_1_46' title='bbox 1434 1040 1710 1113; x_wconf 79' lang='lat' dir='ltr'><strong><em>Archippo,</em></strong></span> <span class='ocrx_word' id='word_1_47' title='bbox 1739 1042 1900 1113; x_wconf 57' lang='lat' dir='ltr'><strong><em>quifet</em></strong></span> <span class='ocrx_word' id='word_1_48' title='bbox 1930 1044 2027 1095; x_wconf 82' lang='lat' dir='ltr'><strong><em>mi-</em></strong></span> 
     </span>
    </p>
   </div>
   <div class='ocr_carea' id='block_1_8' title="bbox 516 1111 2021 1182">
    <p class='ocr_par' dir='ltr' id='par_1_8' title="bbox 516 1111 2021 1182">
     <span class='ocr_line' id='line_1_8' title="bbox 516 1111 2021 1182; baseline -0.001 -15"><span class='ocrx_word' id='word_1_49' title='bbox 516 1111 778 1169; x_wconf 71' lang='lat' dir='ltr'><strong><em>nisterium</em></strong></span> <span class='ocrx_word' id='word_1_50' title='bbox 802 1115 852 1164; x_wconf 87' lang='lat' dir='ltr'><strong><em>in</em></strong></span> <span class='ocrx_word' id='word_1_51' title='bbox 875 1128 958 1165; x_wconf 64' lang='lat' dir='ltr'><strong><em>eos</em></strong></span> <span class='ocrx_word' id='word_1_52' title='bbox 979 1114 1191 1182; x_wconf 66' lang='lat' dir='ltr'><strong><em>occt&#39;pit.</em></strong></span> <span class='ocrx_word' id='word_1_53' title='bbox 1219 1111 1359 1182; x_wconf 62' lang='lat' dir='ltr'><strong><em>Ergo</em></strong></span> <span class='ocrx_word' id='word_1_54' title='bbox 1384 1111 1660 1179; x_wconf 71' lang='lat' dir='ltr'><strong><em>Apostolus</em></strong></span> <span class='ocrx_word' id='word_1_55' title='bbox 1680 1112 1785 1182; x_wconf 73' lang='lat' dir='ltr'><strong><em>iam</em></strong></span> <span class='ocrx_word' id='word_1_56' title='bbox 1809 1111 2021 1180; x_wconf 86' lang='lat' dir='ltr'><strong><em>ligatus,</em></strong></span> 
     </span>
    </p>
   </div>
   <div class='ocr_carea' id='block_1_9' title="bbox 515 1181 2026 1252">
    <p class='ocr_par' dir='ltr' id='par_1_9' title="bbox 515 1181 2026 1252">
     <span class='ocr_line' id='line_1_9' title="bbox 515 1181 2026 1252; baseline -0.004 -13"><span class='ocrx_word' id='word_1_57' title='bbox 515 1186 683 1239; x_wconf 86' lang='lat' dir='ltr'><strong><em>scribit</em></strong></span> <span class='ocrx_word' id='word_1_58' title='bbox 732 1186 802 1236; x_wconf 88' lang='lat' dir='ltr'><strong><em>eis</em></strong></span> <span class='ocrx_word' id='word_1_59' title='bbox 843 1183 904 1233; x_wconf 84' lang='lat' dir='ltr'><strong><em>ab</em></strong></span> <span class='ocrx_word' id='word_1_60' title='bbox 953 1181 1175 1249; x_wconf 86' lang='lat' dir='ltr'><strong><em>Epheso.</em></strong></span> <span class='ocrx_word' id='word_1_61' title='bbox 1230 1181 1305 1252; x_wconf 65' lang='lat' dir='ltr'><strong><em>Et</em></strong></span> <span class='ocrx_word' id='word_1_62' title='bbox 1348 1182 1599 1252; x_wconf 61' lang='lat' dir='ltr'><strong><em>imprimis</em></strong></span> <span class='ocrx_word' id='word_1_63' title='bbox 1653 1181 2026 1249; x_wconf 58' lang='lat' dir='ltr'><strong><em>ﬁdemleorum</em></strong></span> 
     </span>
    </p>
   </div>
   <div class='ocr_carea' id='block_1_10' title="bbox 513 1249 2027 1323">
    <p class='ocr_par' dir='ltr' id='par_1_10' title="bbox 513 1249 2027 1323">
     <span class='ocr_line' id='line_1_10' title="bbox 513 1249 2027 1323; baseline -0.003 -14"><span class='ocrx_word' id='word_1_64' title='bbox 513 1269 752 1323; x_wconf 83' lang='lat' dir='ltr'><strong><em>magnam</em></strong></span> <span class='ocrx_word' id='word_1_65' title='bbox 776 1253 980 1305; x_wconf 86' lang='lat' dir='ltr'><strong><em>audisse</em></strong></span> <span class='ocrx_word' id='word_1_66' title='bbox 1002 1253 1198 1305; x_wconf 84' lang='lat' dir='ltr'><strong><em>laudat.</em></strong></span> <span class='ocrx_word' id='word_1_67' title='bbox 1227 1249 1421 1304; x_wconf 85' lang='lat' dir='ltr'><strong><em>Deinde</em></strong></span> <span class='ocrx_word' id='word_1_68' title='bbox 1443 1249 1610 1303; x_wconf 85' lang='lat' dir='ltr'><strong><em>monet</em></strong></span> <span class='ocrx_word' id='word_1_69' title='bbox 1626 1292 1639 1314; x_wconf 89' lang='lat'><strong><em>,</em></strong></span> <span class='ocrx_word' id='word_1_70' title='bbox 1668 1267 1728 1304; x_wconf 91' lang='lat' dir='ltr'><strong><em>ne</em></strong></span> <span class='ocrx_word' id='word_1_71' title='bbox 1750 1267 1838 1321; x_wconf 92' lang='lat' dir='ltr'><strong><em>per</em></strong></span> <span class='ocrx_word' id='word_1_72' title='bbox 1858 1253 2027 1322; x_wconf 76' lang='lat' dir='ltr'><strong><em>philo-</em></strong></span> 
     </span>
    </p>
   </div>
   <div class='ocr_carea' id='block_1_11' title="bbox 512 1323 1697 1393">
    <p class='ocr_par' dir='ltr' id='par_1_11' title="bbox 512 1323 1697 1393">
     <span class='ocr_line' id='line_1_11' title="bbox 512 1323 1697 1393; baseline -0.007 -13"><span class='ocrx_word' id='word_1_73' title='bbox 512 1327 744 1393; x_wconf 82' lang='lat' dir='ltr'><strong><em>sOphiam</em></strong></span> <span class='ocrx_word' id='word_1_74' title='bbox 770 1324 847 1377; x_wconf 87' lang='lat' dir='ltr'><strong><em>vel</em></strong></span> <span class='ocrx_word' id='word_1_75' title='bbox 876 1325 996 1392; x_wconf 90' lang='lat' dir='ltr'><strong><em>legis</em></strong></span> <span class='ocrx_word' id='word_1_76' title='bbox 1023 1323 1347 1375; x_wconf 57' lang='lat' dir='ltr'><strong><em>caeremonias</em></strong></span> <span class='ocrx_word' id='word_1_77' title='bbox 1373 1323 1697 1375; x_wconf 82' lang='lat' dir='ltr'><strong><em>seducantur.</em></strong></span> 
     </span>
    </p>
   </div>
   <div class='ocr_carea' id='block_1_12' title="bbox 513 1410 2087 1483">
    <p class='ocr_par' dir='ltr' id='par_1_12' title="bbox 513 1410 2087 1483">
     <span class='ocr_line' id='line_1_12' title="bbox 513 1410 2087 1483; baseline -0.004 -12"><span class='ocrx_word' id='word_1_78' title='bbox 513 1417 692 1471; x_wconf 75' lang='lat' dir='ltr'><strong><em>Carm</em></strong></span> <span class='ocrx_word' id='word_1_79' title='bbox 720 1429 940 1467; x_wconf 71' lang='grc' dir='ltr'>Ριιιιιυιι.</span> <span class='ocrx_word' id='word_1_80' title='bbox 983 1412 1183 1465; x_wconf 82' lang='lat' dir='ltr'><strong><em>Paulus</em></strong></span> <span class='ocrx_word' id='word_1_81' title='bbox 1225 1415 1488 1480; x_wconf 75' lang='lat' dir='ltr'><strong><em>apostolus</em></strong></span> <span class='ocrx_word' id='word_1_82' title='bbox 1536 1412 1722 1464; x_wconf 87' lang='lat' dir='ltr'><strong><em>Christi</em></strong></span> <span class='ocrx_word' id='word_1_83' title='bbox 1768 1410 1893 1465; x_wconf 84' lang='lat' dir='ltr'><strong><em>Jesu</em></strong></span> <span class='ocrx_word' id='word_1_84' title='bbox 1939 1428 2029 1483; x_wconf 88' lang='lat' dir='ltr'><strong><em>per</em></strong></span> <span class='ocrx_word' id='word_1_85' title='bbox 2082 1444 2087 1453; x_wconf 82' lang='lat'><strong><em>-</em></strong></span> 
     </span>
    </p>
   </div>
   <div class='ocr_carea' id='block_1_13' title="bbox 442 1500 2027 1572">
    <p class='ocr_par' dir='ltr' id='par_1_13' title="bbox 442 1500 2027 1572">
     <span class='ocr_line' id='line_1_13' title="bbox 442 1500 2027 1572; baseline -0.006 -10"><span class='ocrx_word' id='word_1_86' title='bbox 442 1508 753 1562; x_wconf 81' lang='lat' dir='ltr'><strong><em>voluntatem</em></strong></span> <span class='ocrx_word' id='word_1_87' title='bbox 776 1502 894 1568; x_wconf 89' lang='lat' dir='ltr'><strong><em>Dei,</em></strong></span> <span class='ocrx_word' id='word_1_88' title='bbox 915 1510 962 1558; x_wconf 84' lang='lat' dir='ltr'><strong><em>et</em></strong></span> <span class='ocrx_word' id='word_1_89' title='bbox 983 1500 1278 1555; x_wconf 79' lang='lat' dir='ltr'><strong><em>Timotheus</em></strong></span> <span class='ocrx_word' id='word_1_90' title='bbox 1300 1504 1476 1572; x_wconf 74' lang='lat' dir='ltr'><strong><em>frater.</em></strong></span> <span class='ocrx_word' id='word_1_91' title='bbox 1507 1500 1620 1556; x_wconf 82' lang='lat' dir='ltr'><strong><em>Non</em></strong></span> <span class='ocrx_word' id='word_1_92' title='bbox 1647 1502 1778 1555; x_wconf 85' lang='lat' dir='ltr'><strong><em>meis</em></strong></span> <span class='ocrx_word' id='word_1_93' title='bbox 1801 1501 2027 1567; x_wconf 84' lang='lat' dir='ltr'><strong><em>meritis,</em></strong></span> 
     </span>
    </p>
   </div>
   <div class='ocr_carea' id='block_1_14' title="bbox 446 1594 2029 1663">
    <p class='ocr_par' dir='ltr' id='par_1_14' title="bbox 446 1594 2029 1663">
     <span class='ocr_line' id='line_1_14' title="bbox 446 1594 2029 1663; baseline -0.004 -9"><span class='ocrx_word' id='word_1_94' title='bbox 446 1601 539 1654; x_wconf 87' lang='lat' dir='ltr'><strong><em>sed</em></strong></span> <span class='ocrx_word' id='word_1_95' title='bbox 570 1600 664 1654; x_wconf 87' lang='lat' dir='ltr'><strong><em>Dei</em></strong></span> <span class='ocrx_word' id='word_1_96' title='bbox 695 1597 989 1651; x_wconf 71' lang='lat' dir='ltr'><strong><em>voluntate.</em></strong></span> <span class='ocrx_word' id='word_1_97' title='bbox 1024 1594 1124 1647; x_wconf 85' lang='lat' dir='ltr'><strong><em>His</em></strong></span> <span class='ocrx_word' id='word_1_98' title='bbox 1152 1595 1238 1663; x_wconf 87' lang='lat' dir='ltr'><strong><em>qui</em></strong></span> <span class='ocrx_word' id='word_1_99' title='bbox 1261 1604 1379 1647; x_wconf 88' lang='lat' dir='ltr'><strong><em>sunt</em></strong></span> <span class='ocrx_word' id='word_1_100' title='bbox 1407 1594 1649 1649; x_wconf 92' lang='lat' dir='ltr'><strong><em>Colossis.</em></strong></span> <span class='ocrx_word' id='word_1_101' title='bbox 1684 1594 1793 1648; x_wconf 86' lang='lat' dir='ltr'><strong><em>Hoc</em></strong></span> <span class='ocrx_word' id='word_1_102' title='bbox 1819 1602 1902 1649; x_wconf 89' lang='lat' dir='ltr'><strong><em>est</em></strong></span> <span class='ocrx_word' id='word_1_103' title='bbox 1931 1595 2029 1648; x_wconf 87' lang='lat' dir='ltr'><strong><em>Ec—</em></strong></span> 
     </span>
    </p>
   </div>
   <div class='ocr_carea' id='block_1_15' title="bbox 447 1682 2025 1753">
    <p class='ocr_par' dir='ltr' id='par_1_15' title="bbox 447 1682 2025 1753">
     <span class='ocr_line' id='line_1_15' title="bbox 447 1682 2025 1753; baseline -0.004 -9"><span class='ocrx_word' id='word_1_104' title='bbox 447 1689 646 1744; x_wconf 63' lang='lat' dir='ltr'><strong><em>clesia.</em></strong></span> <span class='ocrx_word' id='word_1_105' title='bbox 691 1685 892 1741; x_wconf 78' lang='lat' dir='ltr'><strong><em>Sanctis</em></strong></span> <span class='ocrx_word' id='word_1_106' title='bbox 933 1693 979 1737; x_wconf 82' lang='lat' dir='ltr'><strong><em>et</em></strong></span> <span class='ocrx_word' id='word_1_107' title='bbox 1020 1683 1255 1750; x_wconf 82' lang='lat' dir='ltr'><strong><em>ﬁdelibus</em></strong></span> <span class='ocrx_word' id='word_1_108' title='bbox 1294 1684 1536 1753; x_wconf 74' lang='lat' dir='ltr'><strong><em>fratribus</em></strong></span> <span class='ocrx_word' id='word_1_109' title='bbox 1572 1685 1625 1737; x_wconf 88' lang='lat' dir='ltr'><strong><em>in</em></strong></span> <span class='ocrx_word' id='word_1_110' title='bbox 1657 1682 1853 1738; x_wconf 77' lang='lat' dir='ltr'><strong><em>Christo</em></strong></span> <span class='ocrx_word' id='word_1_111' title='bbox 1882 1684 2025 1737; x_wconf 85' lang='lat' dir='ltr'><strong><em>Jesu.</em></strong></span> 
     </span>
    </p>
   </div>
   <div class='ocr_carea' id='block_1_16' title="bbox 449 1771 2025 1843">
    <p class='ocr_par' dir='ltr' id='par_1_16' title="bbox 449 1771 2025 1843">
     <span class='ocr_line' id='line_1_16' title="bbox 449 1771 2025 1843; baseline -0.001 -11"><span class='ocrx_word' id='word_1_112' title='bbox 449 1778 565 1832; x_wconf 79' lang='lat' dir='ltr'><strong><em>Non</em></strong></span> <span class='ocrx_word' id='word_1_113' title='bbox 587 1777 640 1831; x_wconf 92' lang='lat' dir='ltr'><strong><em>in</em></strong></span> <span class='ocrx_word' id='word_1_114' title='bbox 662 1789 843 1829; x_wconf 87' lang='lat' dir='ltr'><strong><em>carne.</em></strong></span> <span class='ocrx_word' id='word_1_115' title='bbox 866 1771 1047 1827; x_wconf 83' lang='lat' dir='ltr'><strong><em>Gratia</em></strong></span> <span class='ocrx_word' id='word_1_116' title='bbox 1071 1774 1227 1837; x_wconf 83' lang='lat' dir='ltr'><strong><em>vobis,</em></strong></span> <span class='ocrx_word' id='word_1_117' title='bbox 1250 1783 1297 1827; x_wconf 91' lang='lat' dir='ltr'><strong><em>et</em></strong></span> <span class='ocrx_word' id='word_1_118' title='bbox 1326 1789 1429 1843; x_wconf 73' lang='lat' dir='ltr'><strong><em>pas:</em></strong></span> <span class='ocrx_word' id='word_1_119' title='bbox 1454 1791 1484 1826; x_wconf 92' lang='lat' dir='ltr'><strong><em>a</em></strong></span> <span class='ocrx_word' id='word_1_120' title='bbox 1516 1774 1620 1828; x_wconf 88' lang='lat' dir='ltr'><strong><em>Deo</em></strong></span> <span class='ocrx_word' id='word_1_121' title='bbox 1650 1773 1805 1827; x_wconf 88' lang='lat' dir='ltr'><strong><em>Patre</em></strong></span> <span class='ocrx_word' id='word_1_122' title='bbox 1834 1788 2025 1831; x_wconf 83' lang='lat' dir='ltr'><strong><em>nostra.</em></strong></span> 
     </span>
    </p>
   </div>
   <div class='ocr_carea' id='block_1_17' title="bbox 448 1864 2031 1938">
    <p class='ocr_par' dir='ltr' id='par_1_17' title="bbox 448 1864 2031 1938">
     <span class='ocr_line' id='line_1_17' title="bbox 448 1864 2031 1938; baseline -0.003 -14"><span class='ocrx_word' id='word_1_123' title='bbox 448 1869 672 1923; x_wconf 61' lang='lat' dir='ltr'><strong><em>Gratias”</em></strong></span> <span class='ocrx_word' id='word_1_124' title='bbox 683 1867 882 1938; x_wconf 89' lang='lat' dir='ltr'><strong><em>agimus</em></strong></span> <span class='ocrx_word' id='word_1_125' title='bbox 909 1866 1036 1932; x_wconf 90' lang='lat' dir='ltr'><strong><em>Deo,</em></strong></span> <span class='ocrx_word' id='word_1_126' title='bbox 1065 1876 1111 1919; x_wconf 90' lang='lat' dir='ltr'><strong><em>et</em></strong></span> <span class='ocrx_word' id='word_1_127' title='bbox 1140 1864 1288 1918; x_wconf 80' lang='lat' dir='ltr'><strong><em>Patri</em></strong></span> <span class='ocrx_word' id='word_1_128' title='bbox 1319 1867 1520 1919; x_wconf 80' lang='lat' dir='ltr'><strong><em>Domini</em></strong></span> <span class='ocrx_word' id='word_1_129' title='bbox 1548 1868 1703 1920; x_wconf 82' lang='lat' dir='ltr'><strong><em>nostri</em></strong></span> <span class='ocrx_word' id='word_1_130' title='bbox 1731 1867 1853 1919; x_wconf 85' lang='lat' dir='ltr'><strong><em>Jesu</em></strong></span> <span class='ocrx_word' id='word_1_131' title='bbox 1885 1868 2031 1921; x_wconf 82' lang='lat' dir='ltr'><strong><em>Chri-</em></strong></span> 
     </span>
    </p>
   </div>
   <div class='ocr_carea' id='block_1_18' title="bbox 451 1954 2030 2025">
    <p class='ocr_par' dir='ltr' id='par_1_18' title="bbox 451 1954 2030 2025">
     <span class='ocr_line' id='line_1_18' title="bbox 451 1954 2030 2025; baseline -0.001 -13"><span class='ocrx_word' id='word_1_132' title='bbox 451 1960 538 2021; x_wconf 89' lang='lat' dir='ltr'><strong><em>sti,</em></strong></span> <span class='ocrx_word' id='word_1_133' title='bbox 567 1971 762 2025; x_wconf 81' lang='lat' dir='ltr'><strong><em>semper</em></strong></span> <span class='ocrx_word' id='word_1_134' title='bbox 790 1971 886 2025; x_wconf 92' lang='lat' dir='ltr'><strong><em>pro</em></strong></span> <span class='ocrx_word' id='word_1_135' title='bbox 914 1955 1053 2008; x_wconf 81' lang='lat' dir='ltr'><strong><em>vobis</em></strong></span> <span class='ocrx_word' id='word_1_136' title='bbox 1080 1964 1283 2008; x_wconf 80' lang='lat' dir='ltr'><strong><em>orantes</em></strong></span> <span class='ocrx_word' id='word_1_137' title='bbox 1312 1954 1467 2024; x_wconf 76' lang='lat' dir='ltr'><strong><em>[idem</em></strong></span> <span class='ocrx_word' id='word_1_138' title='bbox 1492 1967 1709 2009; x_wconf 85' lang='lat' dir='ltr'><strong><em>vestram</em></strong></span> <span class='ocrx_word' id='word_1_139' title='bbox 1738 1957 1791 2009; x_wconf 87' lang='lat' dir='ltr'><strong><em>in</em></strong></span> <span class='ocrx_word' id='word_1_140' title='bbox 1830 1956 2030 2010; x_wconf 86' lang='lat' dir='ltr'><strong><em>Christo</em></strong></span> 
     </span>
    </p>
   </div>
   <div class='ocr_carea' id='block_1_19' title="bbox 449 2043 2029 2117">
    <p class='ocr_par' dir='ltr' id='par_1_19' title="bbox 449 2043 2029 2117">
     <span class='ocr_line' id='line_1_19' title="bbox 449 2043 2029 2117; baseline 0.001 -17"><span class='ocrx_word' id='word_1_141' title='bbox 449 2045 599 2100; x_wconf 81' lang='lat' dir='ltr'><strong><em>Jesu.</em></strong></span> <span class='ocrx_word' id='word_1_142' title='bbox 622 2044 920 2099; x_wconf 73' lang='lat' dir='ltr'><strong><em>Notandum</em></strong></span> <span class='ocrx_word' id='word_1_143' title='bbox 946 2043 1083 2112; x_wconf 92' lang='lat' dir='ltr'><strong><em>quod</em></strong></span> <span class='ocrx_word' id='word_1_144' title='bbox 1108 2045 1331 2113; x_wconf 78' lang='lat' dir='ltr'><strong><em>gratiam</em></strong></span> <span class='ocrx_word' id='word_1_145' title='bbox 1361 2054 1572 2113; x_wconf 82' lang='lat' dir='ltr'><strong><em>semper</em></strong></span> <span class='ocrx_word' id='word_1_146' title='bbox 1595 2050 1901 2114; x_wconf 72' lang='lat' dir='ltr'><strong><em>prauuittat,</em></strong></span> <span class='ocrx_word' id='word_1_147' title='bbox 1927 2064 2029 2117; x_wconf 87' lang='lat' dir='ltr'><strong><em>qua</em></strong></span> 
     </span>
    </p>
   </div>
   <div class='ocr_carea' id='block_1_20' title="bbox 2047 741 3712 808">
    <p class='ocr_par' dir='ltr' id='par_1_20' title="bbox 2047 741 3712 808">
     <span class='ocr_line' id='line_1_20' title="bbox 2047 741 3712 808; baseline 0.008 -14"><span class='ocrx_word' id='word_1_148' title='bbox 2047 741 2095 799; x_wconf 76' lang='grc' dir='ltr'><strong>Δ</strong></span> <span class='ocrx_word' id='word_1_149' title='bbox 2127 742 2355 795; x_wconf 79' lang='lat' dir='ltr'><strong><em>tentiam.</em></strong></span> <span class='ocrx_word' id='word_1_150' title='bbox 2386 743 2452 793; x_wconf 88' lang='lat' dir='ltr'><strong><em>Ut</em></strong></span> <span class='ocrx_word' id='word_1_151' title='bbox 2479 751 2535 797; x_wconf 89' lang='lat' dir='ltr'><strong><em>et</em></strong></span> <span class='ocrx_word' id='word_1_152' title='bbox 2560 757 2658 798; x_wconf 90' lang='lat' dir='ltr'><strong><em>vos</em></strong></span> <span class='ocrx_word' id='word_1_153' title='bbox 2684 744 2934 800; x_wconf 75' lang='lat' dir='ltr'><strong><em>similiter</em></strong></span> <span class='ocrx_word' id='word_1_154' title='bbox 2962 747 3137 801; x_wconf 73' lang='lat' dir='ltr'><strong><em>omnia</em></strong></span> <span class='ocrx_word' id='word_1_155' title='bbox 3169 747 3459 804; x_wconf 57' lang='lat' dir='ltr'><strong><em>sntit-ratis.</em></strong></span> <span class='ocrx_word' id='word_1_156' title='bbox 3497 752 3712 808; x_wconf 83' lang='lat' dir='ltr'><strong><em>Clarita-</em></strong></span> 
     </span>
    </p>
   </div>
   <div class='ocr_carea' id='block_1_21' title="bbox 2128 834 3713 910">
    <p class='ocr_par' dir='ltr' id='par_1_21' title="bbox 2128 834 3713 910">
     <span class='ocr_line' id='line_1_21' title="bbox 2128 834 3713 910; baseline 0.009 -24"><span class='ocrx_word' id='word_1_157' title='bbox 2128 834 2194 886; x_wconf 91' lang='lat' dir='ltr'><strong><em>tis</em></strong></span> <span class='ocrx_word' id='word_1_158' title='bbox 2210 851 2342 904; x_wconf 69' lang='lat' dir='ltr'><strong><em>ejus,</em></strong></span> <span class='ocrx_word' id='word_1_159' title='bbox 2362 835 2415 888; x_wconf 88' lang='lat' dir='ltr'><strong><em>in</em></strong></span> <span class='ocrx_word' id='word_1_160' title='bbox 2433 836 2833 906; x_wconf 83' lang='lat' dir='ltr'><strong><em>omnipatientia</em></strong></span> <span class='ocrx_word' id='word_1_161' title='bbox 2854 847 2901 891; x_wconf 90' lang='lat' dir='ltr'><strong><em>et</em></strong></span> <span class='ocrx_word' id='word_1_162' title='bbox 2923 838 3327 910; x_wconf 73' lang='lat' dir='ltr'><strong><em>longanimitate.</em></strong></span> <span class='ocrx_word' id='word_1_163' title='bbox 3346 841 3567 898; x_wconf 66' lang='lat' dir='ltr'><strong><em>Gloriae.</em></strong></span> <span class='ocrx_word' id='word_1_164' title='bbox 3596 844 3713 899; x_wconf 78' lang='lat' dir='ltr'><strong><em>Cum</em></strong></span> 
     </span>
    </p>
   </div>
   <div class='ocr_carea' id='block_1_22' title="bbox 2128 928 3712 1005">
    <p class='ocr_par' dir='ltr' id='par_1_22' title="bbox 2128 928 3712 1005">
     <span class='ocr_line' id='line_1_22' title="bbox 2128 928 3712 1005; baseline 0.008 -27"><span class='ocrx_word' id='word_1_165' title='bbox 2128 928 2317 997; x_wconf 83' lang='lat' dir='ltr'><strong><em>gaudio</em></strong></span> <span class='ocrx_word' id='word_1_166' title='bbox 2342 928 2535 997; x_wconf 83' lang='lat' dir='ltr'><strong><em>gratias</em></strong></span> <span class='ocrx_word' id='word_1_167' title='bbox 2583 937 2785 998; x_wconf 83' lang='lat' dir='ltr'><strong><em>agentes</em></strong></span> <span class='ocrx_word' id='word_1_168' title='bbox 2816 928 2924 982; x_wconf 85' lang='lat' dir='ltr'><strong><em>Deo</em></strong></span> <span class='ocrx_word' id='word_1_169' title='bbox 2954 940 3001 983; x_wconf 91' lang='lat' dir='ltr'><strong><em>et</em></strong></span> <span class='ocrx_word' id='word_1_170' title='bbox 3027 930 3195 1005; x_wconf 71' lang='lat' dir='ltr'><strong><em>Patri.</em></strong></span> <span class='ocrx_word' id='word_1_171' title='bbox 3227 932 3343 988; x_wconf 87' lang='lat' dir='ltr'><strong><em>Non</em></strong></span> <span class='ocrx_word' id='word_1_172' title='bbox 3372 948 3438 989; x_wconf 79' lang='lat' dir='ltr'><strong><em>ex</em></strong></span> <span class='ocrx_word' id='word_1_173' title='bbox 3484 941 3712 992; x_wconf 56' lang='lat' dir='ltr'><strong><em>neci-ssi-</em></strong></span> 
     </span>
    </p>
   </div>
   <div class='ocr_carea' id='block_1_23' title="bbox 2130 1021 3711 1093">
    <p class='ocr_par' dir='ltr' id='par_1_23' title="bbox 2130 1021 3711 1093">
     <span class='ocr_line' id='line_1_23' title="bbox 2130 1021 3711 1093; baseline 0.007 -21"><span class='ocrx_word' id='word_1_174' title='bbox 2130 1026 2259 1074; x_wconf 86' lang='lat' dir='ltr'><strong><em>tate.</em></strong></span> <span class='ocrx_word' id='word_1_175' title='bbox 2295 1021 2395 1087; x_wconf 78' lang='lat' dir='ltr'><strong><em>Qui</em></strong></span> <span class='ocrx_word' id='word_1_176' title='bbox 2426 1023 2609 1091; x_wconf 86' lang='lat' dir='ltr'><strong><em>dignos</em></strong></span> <span class='ocrx_word' id='word_1_177' title='bbox 2651 1038 2744 1075; x_wconf 86' lang='lat' dir='ltr'><strong><em>nos</em></strong></span> <span class='ocrx_word' id='word_1_178' title='bbox 2773 1025 2911 1090; x_wconf 79' lang='lat' dir='ltr'><strong><em>fecit.</em></strong></span> <span class='ocrx_word' id='word_1_179' title='bbox 2944 1022 3068 1077; x_wconf 90' lang='lat' dir='ltr'><strong><em>Plus</em></strong></span> <span class='ocrx_word' id='word_1_180' title='bbox 3099 1039 3193 1079; x_wconf 86' lang='lat' dir='ltr'><strong><em>vos</em></strong></span> <span class='ocrx_word' id='word_1_181' title='bbox 3222 1026 3434 1081; x_wconf 82' lang='lat' dir='ltr'><strong><em>vocatio</em></strong></span> <span class='ocrx_word' id='word_1_182' title='bbox 3465 1028 3711 1093; x_wconf 75' lang='lat' dir='ltr'><strong><em>lcetilicet,</em></strong></span> 
     </span>
    </p>
   </div>
   <div class='ocr_carea' id='block_1_24' title="bbox 2128 1111 3716 1183">
    <p class='ocr_par' dir='ltr' id='par_1_24' title="bbox 2128 1111 3716 1183">
     <span class='ocr_line' id='line_1_24' title="bbox 2128 1111 3716 1183; baseline 0.006 -21"><span class='ocrx_word' id='word_1_183' title='bbox 2128 1125 2286 1179; x_wconf 89' lang='lat' dir='ltr'><strong><em>quam</em></strong></span> <span class='ocrx_word' id='word_1_184' title='bbox 2320 1111 2595 1178; x_wconf 84' lang='lat' dir='ltr'><strong><em>passiones</em></strong></span> <span class='ocrx_word' id='word_1_185' title='bbox 2624 1114 2967 1169; x_wconf 74' lang='lat' dir='ltr'><strong><em>contristent.</em></strong></span> <span class='ocrx_word' id='word_1_186' title='bbox 2999 1112 3065 1167; x_wconf 85' lang='lat' dir='ltr'><strong><em>In</em></strong></span> <span class='ocrx_word' id='word_1_187' title='bbox 3097 1116 3294 1183; x_wconf 86' lang='lat' dir='ltr'><strong><em>partem</em></strong></span> <span class='ocrx_word' id='word_1_188' title='bbox 3321 1118 3481 1171; x_wconf 85' lang='lat' dir='ltr'><strong><em>sortis</em></strong></span> <span class='ocrx_word' id='word_1_189' title='bbox 3524 1135 3627 1172; x_wconf 86' lang='lat' dir='ltr'><strong><em>san</em></strong></span> <span class='ocrx_word' id='word_1_190' title='bbox 3648 1130 3716 1172; x_wconf 84' lang='lat' dir='ltr'><strong><em>to-</em></strong></span> 
     </span>
    </p>
   </div>
   <div class='ocr_carea' id='block_1_25' title="bbox 2127 1202 3716 1278">
    <p class='ocr_par' dir='ltr' id='par_1_25' title="bbox 2127 1202 3716 1278">
     <span class='ocr_line' id='line_1_25' title="bbox 2127 1202 3716 1278; baseline 0.008 -26"><span class='ocrx_word' id='word_1_191' title='bbox 2127 1216 2263 1255; x_wconf 90' lang='lat' dir='ltr'><strong><em>rum.</em></strong></span> <span class='ocrx_word' id='word_1_192' title='bbox 2315 1202 2526 1257; x_wconf 90' lang='lat' dir='ltr'><strong><em>Sortem</em></strong></span> <span class='ocrx_word' id='word_1_193' title='bbox 2574 1202 2941 1257; x_wconf 66' lang='lat' dir='ltr'><strong><em>[nereditatem</em></strong></span> <span class='ocrx_word' id='word_1_194' title='bbox 2985 1205 3035 1258; x_wconf 90' lang='lat' dir='ltr'><strong><em>in</em></strong></span> <span class='ocrx_word' id='word_1_195' title='bbox 3078 1205 3369 1275; x_wconf 83' lang='lat' dir='ltr'><strong><em>Scripturis</em></strong></span> <span class='ocrx_word' id='word_1_196' title='bbox 3413 1208 3716 1278; x_wconf 82' lang='lat' dir='ltr'><strong><em>frequenter</em></strong></span> 
     </span>
    </p>
   </div>
   <div class='ocr_carea' id='block_1_26' title="bbox 2130 1295 3713 1371">
    <p class='ocr_par' dir='ltr' id='par_1_26' title="bbox 2130 1295 3713 1371">
     <span class='ocr_line' id='line_1_26' title="bbox 2130 1295 3713 1371; baseline 0.006 -24"><span class='ocrx_word' id='word_1_197' title='bbox 2130 1295 2448 1350; x_wconf 84' lang='lat' dir='ltr'><strong><em>invenimus.</em></strong></span> <span class='ocrx_word' id='word_1_198' title='bbox 2492 1295 2554 1349; x_wconf 87' lang='lat' dir='ltr'><strong><em>In</em></strong></span> <span class='ocrx_word' id='word_1_199' title='bbox 2599 1296 2810 1351; x_wconf 84' lang='lat' dir='ltr'><strong><em>lumine.</em></strong></span> <span class='ocrx_word' id='word_1_200' title='bbox 2857 1296 3108 1353; x_wconf 74' lang='lat' dir='ltr'><strong><em>Scientiae</em></strong></span> <span class='ocrx_word' id='word_1_201' title='bbox 3155 1299 3245 1354; x_wconf 90' lang='lat' dir='ltr'><strong><em>Dei</em></strong></span> <span class='ocrx_word' id='word_1_202' title='bbox 3285 1301 3354 1355; x_wconf 90' lang='lat' dir='ltr'><strong><em>ab</em></strong></span> <span class='ocrx_word' id='word_1_203' title='bbox 3398 1302 3713 1371; x_wconf 77' lang='lat' dir='ltr'><strong><em>ignorantia.</em></strong></span> 
     </span>
    </p>
   </div>
   <div class='ocr_carea' id='block_1_27' title="bbox 2133 1387 3715 1466">
    <p class='ocr_par' dir='ltr' id='par_1_27' title="bbox 2133 1387 3715 1466">
     <span class='ocr_line' id='line_1_27' title="bbox 2133 1387 3715 1466; baseline 0.006 -26"><span class='ocrx_word' id='word_1_204' title='bbox 2133 1387 2232 1454; x_wconf 84' lang='lat' dir='ltr'><strong><em>Qui</em></strong></span> <span class='ocrx_word' id='word_1_205' title='bbox 2250 1388 2429 1457; x_wconf 72' lang='lat' dir='ltr'><strong><em>eripuit</em></strong></span> <span class='ocrx_word' id='word_1_206' title='bbox 2448 1403 2541 1441; x_wconf 91' lang='lat' dir='ltr'><strong><em>nos</em></strong></span> <span class='ocrx_word' id='word_1_207' title='bbox 2563 1389 2624 1441; x_wconf 91' lang='lat' dir='ltr'><strong><em>de</em></strong></span> <span class='ocrx_word' id='word_1_208' title='bbox 2646 1397 2890 1456; x_wconf 86' lang='lat' dir='ltr'><strong><em>potestate</em></strong></span> <span class='ocrx_word' id='word_1_209' title='bbox 2911 1392 3250 1447; x_wconf 86' lang='lat' dir='ltr'><strong><em>tenebrarum.</em></strong></span> <span class='ocrx_word' id='word_1_210' title='bbox 3273 1394 3404 1460; x_wconf 87' lang='lat' dir='ltr'><strong><em>Quia</em></strong></span> <span class='ocrx_word' id='word_1_211' title='bbox 3431 1395 3557 1463; x_wconf 88' lang='lat' dir='ltr'><strong><em>quis</em></strong></span> <span class='ocrx_word' id='word_1_212' title='bbox 3575 1411 3602 1448; x_wconf 83' lang='lat' dir='ltr'><strong><em>a</em></strong></span> <span class='ocrx_word' id='word_1_213' title='bbox 3619 1412 3715 1466; x_wconf 91' lang='lat' dir='ltr'><strong><em>quo</em></strong></span> 
     </span>
    </p>
   </div>
   <div class='ocr_carea' id='block_1_28' title="bbox 2092 1479 3717 1557">
    <p class='ocr_par' dir='ltr' id='par_1_28' title="bbox 2092 1479 3717 1557">
     <span class='ocr_line' id='line_1_28' title="bbox 2092 1479 3717 1557; baseline 0.005 -25"><span class='ocrx_word' id='word_1_214' title='bbox 2092 1498 2097 1503; x_wconf 89' lang='grc'>·</span> <span class='ocrx_word' id='word_1_215' title='bbox 2130 1487 2435 1546; x_wconf 84' lang='lat' dir='ltr'><strong><em>superatur,</em></strong></span> <span class='ocrx_word' id='word_1_216' title='bbox 2464 1479 2621 1549; x_wconf 89' lang='lat' dir='ltr'><strong><em>hujus</em></strong></span> <span class='ocrx_word' id='word_1_217' title='bbox 2651 1487 2737 1535; x_wconf 89' lang='lat' dir='ltr'><strong><em>est</em></strong></span> <span class='ocrx_word' id='word_1_218' title='bbox 2761 1495 2965 1535; x_wconf 86' lang='lat' dir='ltr'><strong><em>servus.</em></strong></span> <span class='ocrx_word' id='word_1_219' title='bbox 2992 1482 3292 1538; x_wconf 83' lang='lat' dir='ltr'><strong><em>Notandum</em></strong></span> <span class='ocrx_word' id='word_1_220' title='bbox 3320 1494 3427 1551; x_wconf 89' lang='lat' dir='ltr'><strong><em>est,</em></strong></span> <span class='ocrx_word' id='word_1_221' title='bbox 3463 1487 3588 1555; x_wconf 84' lang='lat' dir='ltr'><strong><em>quia</em></strong></span> <span class='ocrx_word' id='word_1_222' title='bbox 3614 1488 3717 1557; x_wconf 83' lang='lat' dir='ltr'><strong><em>ipse</em></strong></span> 
     </span>
    </p>
   </div>
   <div class='ocr_carea' id='block_1_29' title="bbox 2132 1572 3714 1647">
    <p class='ocr_par' dir='ltr' id='par_1_29' title="bbox 2132 1572 3714 1647">
     <span class='ocr_line' id='line_1_29' title="bbox 2132 1572 3714 1647; baseline 0.007 -24"><span class='ocrx_word' id='word_1_223' title='bbox 2132 1586 2229 1625; x_wconf 89' lang='lat' dir='ltr'><strong><em>nos</em></strong></span> <span class='ocrx_word' id='word_1_224' title='bbox 2259 1572 2474 1640; x_wconf 86' lang='lat' dir='ltr'><strong><em>eripuit,</em></strong></span> <span class='ocrx_word' id='word_1_225' title='bbox 2506 1588 2612 1627; x_wconf 92' lang='lat' dir='ltr'><strong><em>non</em></strong></span> <span class='ocrx_word' id='word_1_226' title='bbox 2641 1580 2822 1628; x_wconf 86' lang='lat' dir='ltr'><strong><em>nostra</em></strong></span> <span class='ocrx_word' id='word_1_227' title='bbox 2869 1574 3061 1640; x_wconf 90' lang='lat' dir='ltr'><strong><em>virtus,</em></strong></span> <span class='ocrx_word' id='word_1_228' title='bbox 3092 1575 3174 1631; x_wconf 88' lang='lat' dir='ltr'><strong><em>vel</em></strong></span> <span class='ocrx_word' id='word_1_229' title='bbox 3221 1584 3432 1641; x_wconf 87' lang='lat' dir='ltr'><strong><em>natura,</em></strong></span> <span class='ocrx_word' id='word_1_230' title='bbox 3471 1593 3575 1647; x_wconf 89' lang='lat' dir='ltr'><strong><em>qua</em></strong></span> <span class='ocrx_word' id='word_1_231' title='bbox 3605 1594 3714 1634; x_wconf 82' lang='lat' dir='ltr'><strong><em>era-</em></strong></span> 
     </span>
    </p>
   </div>
   <div class='ocr_carea' id='block_1_30' title="bbox 2132 1660 3715 1736">
    <p class='ocr_par' dir='ltr' id='par_1_30' title="bbox 2132 1660 3715 1736">
     <span class='ocr_line' id='line_1_30' title="bbox 2132 1660 3715 1736; baseline 0.007 -22"><span class='ocrx_word' id='word_1_232' title='bbox 2132 1675 2249 1715; x_wconf 87' lang='lat' dir='ltr'><strong><em>mus</em></strong></span> <span class='ocrx_word' id='word_1_233' title='bbox 2283 1660 2375 1715; x_wconf 85' lang='lat' dir='ltr'><strong><em>lilii</em></strong></span> <span class='ocrx_word' id='word_1_234' title='bbox 2408 1661 2519 1716; x_wconf 65' lang='lat' dir='ltr'><strong><em>ira}.</em></strong></span> <span class='ocrx_word' id='word_1_235' title='bbox 2554 1661 2623 1716; x_wconf 85' lang='lat' dir='ltr'><strong><em>Et</em></strong></span> <span class='ocrx_word' id='word_1_236' title='bbox 2661 1664 2923 1717; x_wconf 84' lang='lat' dir='ltr'><strong><em>transtulit</em></strong></span> <span class='ocrx_word' id='word_1_237' title='bbox 2952 1666 3005 1718; x_wconf 89' lang='lat' dir='ltr'><strong><em>in</em></strong></span> <span class='ocrx_word' id='word_1_238' title='bbox 3035 1682 3247 1736; x_wconf 85' lang='lat' dir='ltr'><strong><em>regnum</em></strong></span> <span class='ocrx_word' id='word_1_239' title='bbox 3272 1667 3399 1723; x_wconf 87' lang='lat' dir='ltr'><strong><em>Filii</em></strong></span> <span class='ocrx_word' id='word_1_240' title='bbox 3432 1670 3715 1725; x_wconf 84' lang='lat' dir='ltr'><strong><em>dilectionis</em></strong></span> 
     </span>
    </p>
   </div>
   <div class='ocr_carea' id='block_1_31' title="bbox 2132 1748 3715 1821">
    <p class='ocr_par' dir='ltr' id='par_1_31' title="bbox 2132 1748 3715 1821">
     <span class='ocr_line' id='line_1_31' title="bbox 2132 1748 3715 1821; baseline 0.01 -20"><span class='ocrx_word' id='word_1_241' title='bbox 2132 1766 2257 1803; x_wconf 82' lang='lat' dir='ltr'><strong><em>sute.</em></strong></span> <span class='ocrx_word' id='word_1_242' title='bbox 2290 1751 2364 1805; x_wconf 86' lang='lat' dir='ltr'><strong><em>De</em></strong></span> <span class='ocrx_word' id='word_1_243' title='bbox 2393 1766 2557 1821; x_wconf 86' lang='lat' dir='ltr'><strong><em>regno</em></strong></span> <span class='ocrx_word' id='word_1_244' title='bbox 2586 1753 2784 1808; x_wconf 89' lang='lat' dir='ltr'><strong><em>erroris</em></strong></span> <span class='ocrx_word' id='word_1_245' title='bbox 2814 1761 2867 1809; x_wconf 92' lang='lat' dir='ltr'><strong><em>et</em></strong></span> <span class='ocrx_word' id='word_1_246' title='bbox 2910 1757 3122 1821; x_wconf 90' lang='lat' dir='ltr'><strong><em>mortis,</em></strong></span> <span class='ocrx_word' id='word_1_247' title='bbox 3157 1765 3214 1811; x_wconf 91' lang='lat' dir='ltr'><strong><em>ut</em></strong></span> <span class='ocrx_word' id='word_1_248' title='bbox 3242 1775 3338 1814; x_wconf 86' lang='lat' dir='ltr'><strong><em>nos</em></strong></span> <span class='ocrx_word' id='word_1_249' title='bbox 3368 1760 3559 1815; x_wconf 85' lang='lat' dir='ltr'><strong><em>dilecti</em></strong></span> <span class='ocrx_word' id='word_1_250' title='bbox 3590 1748 3715 1816; x_wconf 70' lang='lat' dir='ltr'><strong><em>essc-</em></strong></span> 
     </span>
    </p>
   </div>
   <div class='ocr_carea' id='block_1_32' title="bbox 2134 1840 3713 1917">
    <p class='ocr_par' dir='ltr' id='par_1_32' title="bbox 2134 1840 3713 1917">
     <span class='ocr_line' id='line_1_32' title="bbox 2134 1840 3713 1917; baseline 0.006 -22"><span class='ocrx_word' id='word_1_251' title='bbox 2134 1856 2250 1895; x_wconf 87' lang='lat' dir='ltr'><strong><em>mus</em></strong></span> <span class='ocrx_word' id='word_1_252' title='bbox 2279 1853 2333 1896; x_wconf 90' lang='lat' dir='ltr'><strong><em>et</em></strong></span> <span class='ocrx_word' id='word_1_253' title='bbox 2364 1842 2473 1896; x_wconf 82' lang='lat' dir='ltr'><strong><em>lilii.</em></strong></span> <span class='ocrx_word' id='word_1_254' title='bbox 2508 1840 2574 1896; x_wconf 86' lang='lat' dir='ltr'><strong><em>In</em></strong></span> <span class='ocrx_word' id='word_1_255' title='bbox 2604 1860 2707 1914; x_wconf 78' lang='lat' dir='ltr'><strong><em>quo.</em></strong></span> <span class='ocrx_word' id='word_1_256' title='bbox 2735 1845 2975 1901; x_wconf 77' lang='lat' dir='ltr'><strong><em>habemus</em></strong></span> <span class='ocrx_word' id='word_1_257' title='bbox 3017 1849 3433 1917; x_wconf 84' lang='lat' dir='ltr'><strong><em>redemptionem.</em></strong></span> <span class='ocrx_word' id='word_1_258' title='bbox 3480 1852 3579 1907; x_wconf 87' lang='lat' dir='ltr'><strong><em>Per</em></strong></span> <span class='ocrx_word' id='word_1_259' title='bbox 3605 1868 3713 1907; x_wconf 88' lang='lat' dir='ltr'><strong><em>san-</em></strong></span> 
     </span>
    </p>
   </div>
   <div class='ocr_carea' id='block_1_33' title="bbox 2133 1920 3711 2009">
    <p class='ocr_par' dir='ltr' id='par_1_33' title="bbox 2133 1920 3711 2009">
     <span class='ocr_line' id='line_1_33' title="bbox 2133 1920 3711 2009; baseline 0.01 -28"><span class='ocrx_word' id='word_1_260' title='bbox 2133 1934 2346 2001; x_wconf 81' lang='lat' dir='ltr'><strong><em>guinem</em></strong></span> <span class='ocrx_word' id='word_1_261' title='bbox 2374 1934 2513 2004; x_wconf 87' lang='lat' dir='ltr'><strong><em>ejus.</em></strong></span> <span class='ocrx_word' id='word_1_262' title='bbox 2564 1933 2628 1989; x_wconf 85' lang='lat' dir='ltr'><strong><em>Et</em></strong></span> <span class='ocrx_word' id='word_1_263' title='bbox 2672 1938 3017 1992; x_wconf 72' lang='lat' dir='ltr'><strong><em>remissionem</em></strong></span> <span class='ocrx_word' id='word_1_264' title='bbox 3062 1920 3403 2008; x_wconf 72' lang='lat' dir='ltr'><strong><em>peccatorum.</em></strong></span> <span class='ocrx_word' id='word_1_265' title='bbox 3440 1942 3711 2009; x_wconf 64' lang='lat' dir='ltr'><strong><em>Redempti</em></strong></span> 
     </span>
    </p>
   </div>
   <div class='ocr_carea' id='block_1_34' title="bbox 2134 2024 3712 2098">
    <p class='ocr_par' dir='ltr' id='par_1_34' title="bbox 2134 2024 3712 2098">
     <span class='ocr_line' id='line_1_34' title="bbox 2134 2024 3712 2098; baseline 0.006 -23"><span class='ocrx_word' id='word_1_266' title='bbox 2134 2024 2389 2092; x_wconf 75' lang='lat' dir='ltr'><strong><em>sanguine</em></strong></span> <span class='ocrx_word' id='word_1_267' title='bbox 2412 2040 2531 2089; x_wconf 91' lang='lat' dir='ltr'><strong><em>suo,</em></strong></span> <span class='ocrx_word' id='word_1_268' title='bbox 2564 2041 2656 2092; x_wconf 87' lang='lat' dir='ltr'><strong><em>per</em></strong></span> <span class='ocrx_word' id='word_1_269' title='bbox 2678 2025 2995 2095; x_wconf 76' lang='lat' dir='ltr'><strong><em>baptismum</em></strong></span> <span class='ocrx_word' id='word_1_270' title='bbox 3026 2038 3241 2098; x_wconf 81' lang='lat' dir='ltr'><strong><em>peccata</em></strong></span> <span class='ocrx_word' id='word_1_271' title='bbox 3268 2033 3505 2086; x_wconf 86' lang='lat' dir='ltr'><strong><em>remisit.</em></strong></span> <span class='ocrx_word' id='word_1_272' title='bbox 3536 2035 3630 2098; x_wconf 72' lang='lat' dir='ltr'><strong><em>Qui</em></strong></span> <span class='ocrx_word' id='word_1_273' title='bbox 3648 2045 3712 2087; x_wconf 83' lang='lat' dir='ltr'><strong><em>est</em></strong></span> 
     </span>
    </p>
   </div>
   <div class='ocr_carea' id='block_1_35' title="bbox 414 2110 3711 2194">
    <p class='ocr_par' dir='ltr' id='par_1_35' title="bbox 414 2110 3711 2194">
     <span class='ocr_line' id='line_1_35' title="bbox 414 2110 3711 2194; baseline 0.001 -19"><span class='ocrx_word' id='word_1_274' title='bbox 414 2130 421 2137; x_wconf 96' lang='lat'>&#39;</span> <span class='ocrx_word' id='word_1_275' title='bbox 452 2139 720 2193; x_wconf 66' lang='lat' dir='ltr'><strong><em>salvamur</em></strong></span> <span class='ocrx_word' id='word_1_276' title='bbox 766 2136 883 2189; x_wconf 68' lang='lat' dir='ltr'><strong><em>sine</em></strong></span> <span class='ocrx_word' id='word_1_277' title='bbox 928 2110 1049 2189; x_wconf 68' lang='lat' dir='ltr'><strong><em>uilis</em></strong></span> <span class='ocrx_word' id='word_1_278' title='bbox 1096 2110 1297 2188; x_wconf 56' lang='grc' dir='ltr'><strong><em>,ᾖεήῃε</em></strong></span> <span class='ocrx_word' id='word_1_279' title='bbox 1338 2110 1554 2188; x_wconf 45' lang='lat' dir='ltr'><strong><em>nostris,</em></strong></span> <span class='ocrx_word' id='word_1_280' title='bbox 1595 2110 1670 2187; x_wconf 68' lang='grc' dir='ltr'>Ἐι</span> <span class='ocrx_word' id='word_1_281' title='bbox 1713 2110 2034 2191; x_wconf 56' lang='grc' dir='ltr'><strong><em>άξιεεηοάεηι</em></strong></span> <span class='ocrx_word' id='word_1_282' title='bbox 2068 2110 2111 2169; x_wconf 89' lang='grc' dir='ltr'><strong>Β</strong></span> <span class='ocrx_word' id='word_1_283' title='bbox 2139 2116 2305 2185; x_wconf 76' lang='lat' dir='ltr'><strong><em>imago</em></strong></span> <span class='ocrx_word' id='word_1_284' title='bbox 2333 2114 2428 2169; x_wconf 87' lang='lat' dir='ltr'><strong><em>Dei</em></strong></span> <span class='ocrx_word' id='word_1_285' title='bbox 2456 2117 2739 2172; x_wconf 82' lang='lat' dir='ltr'><strong><em>invisibilis.</em></strong></span> <span class='ocrx_word' id='word_1_286' title='bbox 2774 2120 3077 2175; x_wconf 87' lang='lat' dir='ltr'><strong><em>Secundum</em></strong></span> <span class='ocrx_word' id='word_1_287' title='bbox 3104 2121 3497 2179; x_wconf 73' lang='lat' dir='ltr'><strong><em>humanitatem</em></strong></span> <span class='ocrx_word' id='word_1_288' title='bbox 3527 2127 3711 2194; x_wconf 72' lang='lat' dir='ltr'><strong><em>ab~que</em></strong></span> 
     </span>
    </p>
   </div>
   <div class='ocr_carea' id='block_1_36' title="bbox 451 2224 2067 2301">
    <p class='ocr_par' dir='ltr' id='par_1_36' title="bbox 451 2224 2067 2301">
     <span class='ocr_line' id='line_1_36' title="bbox 451 2224 2067 2301; baseline 0.001 -21"><span class='ocrx_word' id='word_1_289' title='bbox 451 2243 609 2297; x_wconf 83' lang='lat' dir='ltr'><strong><em>quam</em></strong></span> <span class='ocrx_word' id='word_1_290' title='bbox 642 2224 835 2279; x_wconf 81' lang='lat' dir='ltr'><strong><em>habetis</em></strong></span> <span class='ocrx_word' id='word_1_291' title='bbox 858 2225 912 2278; x_wconf 90' lang='lat' dir='ltr'><strong><em>in</em></strong></span> <span class='ocrx_word' id='word_1_292' title='bbox 938 2234 1139 2278; x_wconf 85' lang='lat' dir='ltr'><strong><em>sanctos</em></strong></span> <span class='ocrx_word' id='word_1_293' title='bbox 1166 2239 1358 2278; x_wconf 86' lang='lat' dir='ltr'><strong><em>omnes.</em></strong></span> <span class='ocrx_word' id='word_1_294' title='bbox 1393 2224 1520 2279; x_wconf 86' lang='lat' dir='ltr'><strong><em>Sine</em></strong></span> <span class='ocrx_word' id='word_1_295' title='bbox 1557 2227 1867 2294; x_wconf 79' lang='lat' dir='ltr'><strong><em>exceptione</em></strong></span> <span class='ocrx_word' id='word_1_296' title='bbox 1898 2229 2034 2281; x_wconf 88' lang='lat' dir='ltr'><strong><em>noti-</em></strong></span> <span class='ocrx_word' id='word_1_297' title='bbox 2064 2300 2067 2301; x_wconf 15' lang='grc' dir='ltr'><em>ν</em></span> 
     </span>
    </p>
   </div>
   <div class='ocr_carea' id='block_1_37' title="bbox 414 2317 2034 2389">
    <p class='ocr_par' dir='ltr' id='par_1_37' title="bbox 414 2317 2034 2389">
     <span class='ocr_line' id='line_1_37' title="bbox 414 2317 2034 2389; baseline 0.002 -15"><span class='ocrx_word' id='word_1_298' title='bbox 414 2356 417 2359; x_wconf 54' lang='grc' dir='ltr'><strong><em>ν</em></strong></span> <span class='ocrx_word' id='word_1_299' title='bbox 455 2324 542 2374; x_wconf 67' lang='lat' dir='ltr'><strong><em>tia:</em></strong></span> <span class='ocrx_word' id='word_1_300' title='bbox 568 2320 651 2375; x_wconf 89' lang='lat' dir='ltr'><strong><em>vel</em></strong></span> <span class='ocrx_word' id='word_1_301' title='bbox 685 2333 951 2388; x_wconf 65' lang='lat' dir='ltr'><strong><em>personae,</em></strong></span> <span class='ocrx_word' id='word_1_302' title='bbox 983 2319 1152 2373; x_wconf 88' lang='lat' dir='ltr'><strong><em>solam</em></strong></span> <span class='ocrx_word' id='word_1_303' title='bbox 1181 2317 1235 2371; x_wconf 88' lang='lat' dir='ltr'><strong><em>in</em></strong></span> <span class='ocrx_word' id='word_1_304' title='bbox 1264 2318 1513 2372; x_wconf 89' lang='lat' dir='ltr'><strong><em>omnibus</em></strong></span> <span class='ocrx_word' id='word_1_305' title='bbox 1541 2317 1757 2389; x_wconf 79' lang='lat' dir='ltr'><strong><em>diligitis</em></strong></span> <span class='ocrx_word' id='word_1_306' title='bbox 1784 2323 2034 2376; x_wconf 87' lang='lat' dir='ltr'><strong><em>sanctita-</em></strong></span> 
     </span>
    </p>
   </div>
   <div class='ocr_carea' id='block_1_38' title="bbox 455 2408 2036 2479">
    <p class='ocr_par' dir='ltr' id='par_1_38' title="bbox 455 2408 2036 2479">
     <span class='ocr_line' id='line_1_38' title="bbox 455 2408 2036 2479; baseline 0 -12"><span class='ocrx_word' id='word_1_307' title='bbox 455 2420 584 2467; x_wconf 88' lang='lat' dir='ltr'><strong><em>tem.</em></strong></span> <span class='ocrx_word' id='word_1_308' title='bbox 634 2410 856 2479; x_wconf 87' lang='lat' dir='ltr'><strong><em>Propter</em></strong></span> <span class='ocrx_word' id='word_1_309' title='bbox 897 2423 1074 2478; x_wconf 88' lang='lat' dir='ltr'><strong><em>spem,</em></strong></span> <span class='ocrx_word' id='word_1_310' title='bbox 1129 2424 1242 2476; x_wconf 75' lang='lat' dir='ltr'><strong><em>qua:</em></strong></span> <span class='ocrx_word' id='word_1_311' title='bbox 1279 2408 1500 2478; x_wconf 88' lang='lat' dir='ltr'><strong><em>reposita</em></strong></span> <span class='ocrx_word' id='word_1_312' title='bbox 1529 2417 1606 2463; x_wconf 88' lang='lat' dir='ltr'><strong><em>est</em></strong></span> <span class='ocrx_word' id='word_1_313' title='bbox 1633 2410 1792 2464; x_wconf 89' lang='lat' dir='ltr'><strong><em>vobis.</em></strong></span> <span class='ocrx_word' id='word_1_314' title='bbox 1823 2411 1938 2466; x_wconf 82' lang='lat' dir='ltr'><strong><em>Non</em></strong></span> <span class='ocrx_word' id='word_1_315' title='bbox 1980 2424 2036 2467; x_wconf 89' lang='lat' dir='ltr'><strong><em>ut</em></strong></span> 
     </span>
    </p>
   </div>
   <div class='ocr_carea' id='block_1_39' title="bbox 455 2498 2035 2571">
    <p class='ocr_par' dir='ltr' id='par_1_39' title="bbox 455 2498 2035 2571">
     <span class='ocr_line' id='line_1_39' title="bbox 455 2498 2035 2571; baseline 0.001 -14"><span class='ocrx_word' id='word_1_316' title='bbox 455 2502 625 2557; x_wconf 84' lang='lat' dir='ltr'><strong><em>sancti</em></strong></span> <span class='ocrx_word' id='word_1_317' title='bbox 650 2502 717 2555; x_wconf 81' lang='lat' dir='ltr'><strong><em>ab</em></strong></span> <span class='ocrx_word' id='word_1_318' title='bbox 746 2499 1047 2555; x_wconf 88' lang='lat' dir='ltr'><strong><em>hominibus</em></strong></span> <span class='ocrx_word' id='word_1_319' title='bbox 1073 2499 1379 2553; x_wconf 88' lang='lat' dir='ltr'><strong><em>videamini.</em></strong></span> <span class='ocrx_word' id='word_1_320' title='bbox 1413 2498 1479 2553; x_wconf 90' lang='lat' dir='ltr'><strong><em>In</em></strong></span> <span class='ocrx_word' id='word_1_321' title='bbox 1501 2500 1638 2554; x_wconf 72' lang='lat' dir='ltr'><strong><em>caelis</em></strong></span> <span class='ocrx_word' id='word_1_322' title='bbox 1667 2517 1686 2555; x_wconf 92' lang='lat'><strong><em>:</em></strong></span> <span class='ocrx_word' id='word_1_323' title='bbox 1713 2518 1865 2571; x_wconf 85' lang='lat' dir='ltr'><strong><em>quam</em></strong></span> <span class='ocrx_word' id='word_1_324' title='bbox 1886 2504 2035 2558; x_wconf 85' lang='lat' dir='ltr'><strong><em>audi-</em></strong></span> 
     </span>
    </p>
   </div>
   <div class='ocr_carea' id='block_1_40' title="bbox 455 2587 2031 2659">
    <p class='ocr_par' dir='ltr' id='par_1_40' title="bbox 455 2587 2031 2659">
     <span class='ocr_line' id='line_1_40' title="bbox 455 2587 2031 2659; baseline 0 -11"><span class='ocrx_word' id='word_1_325' title='bbox 455 2594 546 2649; x_wconf 87' lang='lat' dir='ltr'><strong><em>stis</em></strong></span> <span class='ocrx_word' id='word_1_326' title='bbox 574 2594 627 2646; x_wconf 88' lang='lat' dir='ltr'><strong><em>in</em></strong></span> <span class='ocrx_word' id='word_1_327' title='bbox 654 2591 802 2646; x_wconf 76' lang='lat' dir='ltr'><strong><em>verbo</em></strong></span> <span class='ocrx_word' id='word_1_328' title='bbox 829 2590 1053 2643; x_wconf 80' lang='lat' dir='ltr'><strong><em>veritatis</em></strong></span> <span class='ocrx_word' id='word_1_329' title='bbox 1082 2587 1367 2659; x_wconf 80' lang='lat' dir='ltr'><strong><em>Evangelii,</em></strong></span> <span class='ocrx_word' id='word_1_330' title='bbox 1397 2591 1535 2659; x_wconf 88' lang='lat' dir='ltr'><strong><em>quod</em></strong></span> <span class='ocrx_word' id='word_1_331' title='bbox 1562 2593 1784 2659; x_wconf 76' lang='lat' dir='ltr'><strong><em>pervenit</em></strong></span> <span class='ocrx_word' id='word_1_332' title='bbox 1823 2593 1890 2646; x_wconf 89' lang='lat' dir='ltr'><strong><em>ad</em></strong></span> <span class='ocrx_word' id='word_1_333' title='bbox 1926 2610 2031 2649; x_wconf 91' lang='lat' dir='ltr'><strong><em>vos.</em></strong></span> 
     </span>
    </p>
   </div>
   <div class='ocr_carea' id='block_1_41' title="bbox 460 2683 2035 2756">
    <p class='ocr_par' dir='ltr' id='par_1_41' title="bbox 460 2683 2035 2756">
     <span class='ocr_line' id='line_1_41' title="bbox 460 2683 2035 2756; baseline 0.003 -16"><span class='ocrx_word' id='word_1_334' title='bbox 460 2686 633 2741; x_wconf 85' lang='lat' dir='ltr'><strong><em>Verbo</em></strong></span> <span class='ocrx_word' id='word_1_335' title='bbox 650 2685 773 2740; x_wconf 68' lang='lat' dir='ltr'><strong><em>vim</em></strong></span> <span class='ocrx_word' id='word_1_336' title='bbox 796 2695 1030 2739; x_wconf 65' lang='lat' dir='ltr'><strong><em>aeterna.</em></strong></span> <span class='ocrx_word' id='word_1_337' title='bbox 1064 2683 1210 2737; x_wconf 89' lang='lat' dir='ltr'><strong><em>Sicut</em></strong></span> <span class='ocrx_word' id='word_1_338' title='bbox 1234 2693 1280 2738; x_wconf 91' lang='lat' dir='ltr'><strong><em>et</em></strong></span> <span class='ocrx_word' id='word_1_339' title='bbox 1304 2685 1356 2737; x_wconf 90' lang='lat' dir='ltr'><strong><em>in</em></strong></span> <span class='ocrx_word' id='word_1_340' title='bbox 1387 2685 1623 2740; x_wconf 89' lang='lat' dir='ltr'><strong><em>universo</em></strong></span> <span class='ocrx_word' id='word_1_341' title='bbox 1650 2690 1839 2742; x_wconf 87' lang='lat' dir='ltr'><strong><em>mundo</em></strong></span> <span class='ocrx_word' id='word_1_342' title='bbox 1866 2699 1959 2756; x_wconf 91' lang='lat' dir='ltr'><strong><em>est,</em></strong></span> <span class='ocrx_word' id='word_1_343' title='bbox 1988 2701 2035 2747; x_wconf 86' lang='lat' dir='ltr'><strong><em>et</em></strong></span> 
     </span>
    </p>
   </div>
   <div class='ocr_carea' id='block_1_42' title="bbox 460 2772 2032 2847">
    <p class='ocr_par' dir='ltr' id='par_1_42' title="bbox 460 2772 2032 2847">
     <span class='ocr_line' id='line_1_42' title="bbox 460 2772 2032 2847; baseline 0.003 -18"><span class='ocrx_word' id='word_1_344' title='bbox 460 2775 753 2846; x_wconf 74' lang='lat' dir='ltr'><strong><em>fructiﬁcat.</em></strong></span> <span class='ocrx_word' id='word_1_345' title='bbox 803 2772 959 2827; x_wconf 86' lang='lat' dir='ltr'><strong><em>Aliud</em></strong></span> <span class='ocrx_word' id='word_1_346' title='bbox 1006 2772 1365 2842; x_wconf 80' lang='lat' dir='ltr'><strong><em>trigesimum,</em></strong></span> <span class='ocrx_word' id='word_1_347' title='bbox 1416 2775 1556 2829; x_wconf 90' lang='lat' dir='ltr'><strong><em>aliud</em></strong></span> <span class='ocrx_word' id='word_1_348' title='bbox 1606 2780 2032 2847; x_wconf 76' lang='lat' dir='ltr'><strong><em>sexagesimum,</em></strong></span> 
     </span>
    </p>
   </div>
   <div class='ocr_carea' id='block_1_43' title="bbox 457 2862 2037 2929">
    <p class='ocr_par' dir='ltr' id='par_1_43' title="bbox 457 2862 2037 2929">
     <span class='ocr_line' id='line_1_43' title="bbox 457 2862 2037 2929; baseline 0.003 -8"><span class='ocrx_word' id='word_1_349' title='bbox 457 2867 598 2921; x_wconf 86' lang='lat' dir='ltr'><strong><em>aliud</em></strong></span> <span class='ocrx_word' id='word_1_350' title='bbox 634 2864 1003 2920; x_wconf 89' lang='lat' dir='ltr'><strong><em>centesimum.</em></strong></span> <span class='ocrx_word' id='word_1_351' title='bbox 1046 2862 1110 2917; x_wconf 84' lang='lat' dir='ltr'><strong><em>Et</em></strong></span> <span class='ocrx_word' id='word_1_352' title='bbox 1135 2865 1331 2929; x_wconf 84' lang='lat' dir='ltr'><strong><em>crescit,</em></strong></span> <span class='ocrx_word' id='word_1_353' title='bbox 1364 2867 1491 2918; x_wconf 86' lang='lat' dir='ltr'><strong><em>sicut</em></strong></span> <span class='ocrx_word' id='word_1_354' title='bbox 1515 2876 1562 2920; x_wconf 92' lang='lat' dir='ltr'><strong><em>et</em></strong></span> <span class='ocrx_word' id='word_1_355' title='bbox 1591 2869 1643 2920; x_wconf 87' lang='lat' dir='ltr'><strong><em>in</em></strong></span> <span class='ocrx_word' id='word_1_356' title='bbox 1669 2870 1823 2923; x_wconf 86' lang='lat' dir='ltr'><strong><em>vobis.</em></strong></span> <span class='ocrx_word' id='word_1_357' title='bbox 1856 2870 1911 2924; x_wconf 85' lang='lat' dir='ltr'><strong><em>in</em></strong></span> <span class='ocrx_word' id='word_1_358' title='bbox 1941 2886 2037 2925; x_wconf 91' lang='lat' dir='ltr'><strong><em>nu-</em></strong></span> 
     </span>
    </p>
   </div>
   <div class='ocr_carea' id='block_1_44' title="bbox 458 2951 2037 3031">
    <p class='ocr_par' dir='ltr' id='par_1_44' title="bbox 458 2951 2037 3031">
     <span class='ocr_line' id='line_1_44' title="bbox 458 2951 2037 3031; baseline 0.003 -20"><span class='ocrx_word' id='word_1_359' title='bbox 458 2971 607 3011; x_wconf 88' lang='lat' dir='ltr'><strong><em>mero</em></strong></span> <span class='ocrx_word' id='word_1_360' title='bbox 650 2955 999 3009; x_wconf 79' lang='lat' dir='ltr'><strong><em>credentium.</em></strong></span> <span class='ocrx_word' id='word_1_361' title='bbox 1049 2951 1131 3007; x_wconf 83' lang='lat' dir='ltr'><strong><em>Ea:</em></strong></span> <span class='ocrx_word' id='word_1_362' title='bbox 1168 2970 1227 3007; x_wconf 88' lang='lat' dir='ltr'><strong><em>ea</em></strong></span> <span class='ocrx_word' id='word_1_363' title='bbox 1265 2956 1349 3009; x_wconf 88' lang='lat' dir='ltr'><strong><em>die</em></strong></span> <span class='ocrx_word' id='word_1_364' title='bbox 1387 2972 1486 3025; x_wconf 85' lang='lat' dir='ltr'><strong><em>qua</em></strong></span> <span class='ocrx_word' id='word_1_365' title='bbox 1510 2958 1747 3026; x_wconf 85' lang='lat' dir='ltr'><strong><em>audistis,</em></strong></span> <span class='ocrx_word' id='word_1_366' title='bbox 1778 2968 1826 3013; x_wconf 92' lang='lat' dir='ltr'><strong><em>et</em></strong></span> <span class='ocrx_word' id='word_1_367' title='bbox 1851 2976 2037 3031; x_wconf 84' lang='lat' dir='ltr'><strong><em>cogno-</em></strong></span> 
     </span>
    </p>
   </div>
   <div class='ocr_carea' id='block_1_45' title="bbox 459 3043 2038 3118">
    <p class='ocr_par' dir='ltr' id='par_1_45' title="bbox 459 3043 2038 3118">
     <span class='ocr_line' id='line_1_45' title="bbox 459 3043 2038 3118; baseline 0.003 -17"><span class='ocrx_word' id='word_1_368' title='bbox 459 3048 595 3101; x_wconf 82' lang='lat' dir='ltr'><strong><em>sistis</em></strong></span> <span class='ocrx_word' id='word_1_369' title='bbox 620 3046 836 3117; x_wconf 82' lang='lat' dir='ltr'><strong><em>gratiam</em></strong></span> <span class='ocrx_word' id='word_1_370' title='bbox 863 3043 957 3097; x_wconf 87' lang='lat' dir='ltr'><strong><em>Dei</em></strong></span> <span class='ocrx_word' id='word_1_371' title='bbox 988 3045 1041 3098; x_wconf 90' lang='lat' dir='ltr'><strong><em>in</em></strong></span> <span class='ocrx_word' id='word_1_372' title='bbox 1067 3045 1295 3097; x_wconf 82' lang='lat' dir='ltr'><strong><em>veritate.</em></strong></span> <span class='ocrx_word' id='word_1_373' title='bbox 1331 3045 1421 3099; x_wconf 89' lang='lat' dir='ltr'><strong><em>Ille</em></strong></span> <span class='ocrx_word' id='word_1_374' title='bbox 1453 3048 1542 3101; x_wconf 90' lang='lat' dir='ltr'><strong><em>Dei</em></strong></span> <span class='ocrx_word' id='word_1_375' title='bbox 1574 3049 1795 3118; x_wconf 87' lang='lat' dir='ltr'><strong><em>gratiam</em></strong></span> <span class='ocrx_word' id='word_1_376' title='bbox 1823 3052 1873 3105; x_wconf 92' lang='lat' dir='ltr'><strong><em>in</em></strong></span> <span class='ocrx_word' id='word_1_377' title='bbox 1900 3052 2038 3106; x_wconf 87' lang='lat' dir='ltr'><strong><em>veri-</em></strong></span> 
     </span>
    </p>
   </div>
   <div class='ocr_carea' id='block_1_46' title="bbox 461 3135 2033 3211">
    <p class='ocr_par' dir='ltr' id='par_1_46' title="bbox 461 3135 2033 3211">
     <span class='ocr_line' id='line_1_46' title="bbox 461 3135 2033 3211; baseline 0.003 -20"><span class='ocrx_word' id='word_1_378' title='bbox 461 3146 567 3191; x_wconf 87' lang='lat' dir='ltr'><strong><em>tate</em></strong></span> <span class='ocrx_word' id='word_1_379' title='bbox 593 3135 887 3205; x_wconf 84' lang='lat' dir='ltr'><strong><em>cognoscit,</em></strong></span> <span class='ocrx_word' id='word_1_380' title='bbox 931 3136 1018 3203; x_wconf 90' lang='lat' dir='ltr'><strong><em>qui</em></strong></span> <span class='ocrx_word' id='word_1_381' title='bbox 1061 3136 1245 3204; x_wconf 81' lang='lat' dir='ltr'><strong><em>gratite</em></strong></span> <span class='ocrx_word' id='word_1_382' title='bbox 1288 3136 1379 3190; x_wconf 89' lang='lat' dir='ltr'><strong><em>Dei</em></strong></span> <span class='ocrx_word' id='word_1_383' title='bbox 1430 3152 1534 3192; x_wconf 92' lang='lat' dir='ltr'><strong><em>non</em></strong></span> <span class='ocrx_word' id='word_1_384' title='bbox 1565 3142 1745 3194; x_wconf 83' lang='lat' dir='ltr'><strong><em>existit</em></strong></span> <span class='ocrx_word' id='word_1_385' title='bbox 1774 3143 2033 3211; x_wconf 79' lang='lat' dir='ltr'><strong><em>ingratus,</em></strong></span> 
     </span>
    </p>
   </div>
   <div class='ocr_carea' id='block_1_47' title="bbox 461 3226 2034 3304">
    <p class='ocr_par' dir='ltr' id='par_1_47' title="bbox 461 3226 2034 3304">
     <span class='ocr_line' id='line_1_47' title="bbox 461 3226 2034 3304; baseline 0.006 -23"><span class='ocrx_word' id='word_1_386' title='bbox 461 3230 549 3298; x_wconf 88' lang='lat' dir='ltr'><strong><em>qui</em></strong></span> <span class='ocrx_word' id='word_1_387' title='bbox 580 3228 687 3282; x_wconf 84' lang='lat' dir='ltr'><strong><em>suis</em></strong></span> <span class='ocrx_word' id='word_1_388' title='bbox 717 3227 922 3282; x_wconf 86' lang='lat' dir='ltr'><strong><em>meritis</em></strong></span> <span class='ocrx_word' id='word_1_389' title='bbox 953 3226 1085 3280; x_wconf 87' lang='lat' dir='ltr'><strong><em>nihil</em></strong></span> <span class='ocrx_word' id='word_1_390' title='bbox 1115 3228 1386 3294; x_wconf 88' lang='lat' dir='ltr'><strong><em>attribuit;</em></strong></span> <span class='ocrx_word' id='word_1_391' title='bbox 1419 3229 1511 3283; x_wconf 89' lang='lat' dir='ltr'><strong><em>sed</em></strong></span> <span class='ocrx_word' id='word_1_392' title='bbox 1544 3230 1613 3284; x_wconf 90' lang='lat' dir='ltr'><strong><em>illi</em></strong></span> <span class='ocrx_word' id='word_1_393' title='bbox 1645 3233 1735 3287; x_wconf 88' lang='lat' dir='ltr'><strong><em>dat</em></strong></span> <span class='ocrx_word' id='word_1_394' title='bbox 1778 3237 1997 3303; x_wconf 86' lang='lat' dir='ltr'><strong><em>gloriam</em></strong></span> <span class='ocrx_word' id='word_1_395' title='bbox 2018 3278 2034 3304; x_wconf 93' lang='lat'><strong><em>,</em></strong></span> 
     </span>
    </p>
   </div>
   <div class='ocr_carea' id='block_1_48' title="bbox 459 3318 2039 3395">
    <p class='ocr_par' dir='ltr' id='par_1_48' title="bbox 459 3318 2039 3395">
     <span class='ocr_line' id='line_1_48' title="bbox 459 3318 2039 3395; baseline 0.003 -20"><span class='ocrx_word' id='word_1_396' title='bbox 459 3322 610 3390; x_wconf 84' lang='lat' dir='ltr'><strong><em>cujus</em></strong></span> <span class='ocrx_word' id='word_1_397' title='bbox 640 3319 780 3374; x_wconf 70' lang='lat' dir='ltr'><strong><em>dono</em></strong></span> <span class='ocrx_word' id='word_1_398' title='bbox 808 3328 890 3373; x_wconf 90' lang='lat' dir='ltr'><strong><em>est</em></strong></span> <span class='ocrx_word' id='word_1_399' title='bbox 918 3318 1169 3387; x_wconf 84' lang='lat' dir='ltr'><strong><em>quidquid</em></strong></span> <span class='ocrx_word' id='word_1_400' title='bbox 1200 3328 1300 3373; x_wconf 88' lang='lat' dir='ltr'><strong><em>est.</em></strong></span> <span class='ocrx_word' id='word_1_401' title='bbox 1334 3319 1480 3374; x_wconf 85' lang='lat' dir='ltr'><strong><em>Sicut</em></strong></span> <span class='ocrx_word' id='word_1_402' title='bbox 1519 3322 1770 3378; x_wconf 86' lang='lat' dir='ltr'><strong><em>didicistis</em></strong></span> <span class='ocrx_word' id='word_1_403' title='bbox 1799 3326 1861 3377; x_wconf 87' lang='lat' dir='ltr'><strong><em>ub</em></strong></span> <span class='ocrx_word' id='word_1_404' title='bbox 1895 3326 2039 3395; x_wconf 81' lang='lat' dir='ltr'><strong><em>Epa-</em></strong></span> 
     </span>
    </p>
   </div>
   <div class='ocr_carea' id='block_1_49' title="bbox 460 3409 2036 3484">
    <p class='ocr_par' dir='ltr' id='par_1_49' title="bbox 460 3409 2036 3484">
     <span class='ocr_line' id='line_1_49' title="bbox 460 3409 2036 3484; baseline 0.004 -20"><span class='ocrx_word' id='word_1_405' title='bbox 460 3412 591 3481; x_wconf 71' lang='grc' dir='ltr'><strong><em>ριν-α</em></strong></span> <span class='ocrx_word' id='word_1_406' title='bbox 619 3409 916 3463; x_wconf 82' lang='lat' dir='ltr'><strong><em>charissima</em></strong></span> <span class='ocrx_word' id='word_1_407' title='bbox 946 3424 1182 3462; x_wconf 84' lang='lat' dir='ltr'><strong><em>conservo</em></strong></span> <span class='ocrx_word' id='word_1_408' title='bbox 1216 3420 1405 3463; x_wconf 72' lang='lat' dir='ltr'><strong><em>nosfro.</em></strong></span> <span class='ocrx_word' id='word_1_409' title='bbox 1440 3411 1536 3477; x_wconf 88' lang='lat' dir='ltr'><strong><em>Qui</em></strong></span> <span class='ocrx_word' id='word_1_410' title='bbox 1568 3413 1649 3467; x_wconf 86' lang='lat' dir='ltr'><strong><em>eis</em></strong></span> <span class='ocrx_word' id='word_1_411' title='bbox 1688 3425 2036 3484; x_wconf 82' lang='lat' dir='ltr'><strong><em>exposuerat,</em></strong></span> 
     </span>
    </p>
   </div>
   <div class='ocr_carea' id='block_1_50' title="bbox 2108 2197 3708 2287">
    <p class='ocr_par' dir='ltr' id='par_1_50' title="bbox 2108 2197 3708 2287">
     <span class='ocr_line' id='line_1_50' title="bbox 2108 2197 3708 2287; baseline 0.003 -25"><span class='ocrx_word' id='word_1_412' title='bbox 2108 2197 2352 2278; x_wconf 46' lang='lat' dir='ltr'><strong><em>&#39;peccati</em></strong></span> <span class='ocrx_word' id='word_1_413' title='bbox 2382 2228 2395 2263; x_wconf 90' lang='lat'>:</span> <span class='ocrx_word' id='word_1_414' title='bbox 2429 2211 2546 2280; x_wconf 83' lang='lat' dir='ltr'><strong><em>quia</em></strong></span> <span class='ocrx_word' id='word_1_415' title='bbox 2578 2214 2871 2267; x_wconf 89' lang='lat' dir='ltr'><strong><em>secundum</em></strong></span> <span class='ocrx_word' id='word_1_416' title='bbox 2903 2214 3234 2270; x_wconf 84' lang='lat' dir='ltr'><strong><em>divinitatem</em></strong></span> <span class='ocrx_word' id='word_1_417' title='bbox 3263 2231 3366 2271; x_wconf 83' lang='lat' dir='ltr'><strong><em>non</em></strong></span> <span class='ocrx_word' id='word_1_418' title='bbox 3395 2227 3490 2271; x_wconf 86' lang='lat' dir='ltr'><strong><em>est</em></strong></span> <span class='ocrx_word' id='word_1_419' title='bbox 3531 2218 3708 2287; x_wconf 74' lang='lat' dir='ltr'><strong><em>imagn,</em></strong></span> 
     </span>
    </p>
   </div>
   <div class='ocr_carea' id='block_1_51' title="bbox 2135 2301 3712 2375">
    <p class='ocr_par' dir='ltr' id='par_1_51' title="bbox 2135 2301 3712 2375">
     <span class='ocr_line' id='line_1_51' title="bbox 2135 2301 3712 2375; baseline 0.004 -20"><span class='ocrx_word' id='word_1_420' title='bbox 2135 2301 2231 2355; x_wconf 89' lang='lat' dir='ltr'><strong><em>sed</em></strong></span> <span class='ocrx_word' id='word_1_421' title='bbox 2255 2302 2469 2355; x_wconf 85' lang='lat' dir='ltr'><strong><em>veritas.</em></strong></span> <span class='ocrx_word' id='word_1_422' title='bbox 2504 2302 2601 2357; x_wconf 81' lang='lat' dir='ltr'><strong><em>Per</em></strong></span> <span class='ocrx_word' id='word_1_423' title='bbox 2628 2302 2765 2359; x_wconf 90' lang='lat' dir='ltr'><strong><em>hanc</em></strong></span> <span class='ocrx_word' id='word_1_424' title='bbox 2787 2302 3067 2373; x_wconf 76' lang='lat' dir='ltr'><strong><em>imaginem</em></strong></span> <span class='ocrx_word' id='word_1_425' title='bbox 3096 2304 3340 2375; x_wconf 83' lang='lat' dir='ltr'><strong><em>Philippo</em></strong></span> <span class='ocrx_word' id='word_1_426' title='bbox 3369 2306 3593 2362; x_wconf 67' lang='lat' dir='ltr'><strong><em>Patrem</em></strong></span> <span class='ocrx_word' id='word_1_427' title='bbox 3624 2310 3712 2361; x_wconf 86' lang='lat' dir='ltr'><strong><em>Do-</em></strong></span> 
     </span>
    </p>
   </div>
   <div class='ocr_carea' id='block_1_52' title="bbox 2138 2392 3713 2470">
    <p class='ocr_par' dir='ltr' id='par_1_52' title="bbox 2138 2392 3713 2470">
     <span class='ocr_line' id='line_1_52' title="bbox 2138 2392 3713 2470; baseline 0.006 -25"><span class='ocrx_word' id='word_1_428' title='bbox 2138 2393 2313 2446; x_wconf 89' lang='lat' dir='ltr'><strong><em>minus</em></strong></span> <span class='ocrx_word' id='word_1_429' title='bbox 2357 2392 2775 2448; x_wconf 79' lang='lat' dir='ltr'><strong><em>demOnstrabat.</em></strong></span> <span class='ocrx_word' id='word_1_430' title='bbox 2815 2394 2991 2464; x_wconf 87' lang='lat' dir='ltr'><strong><em>Imago</em></strong></span> <span class='ocrx_word' id='word_1_431' title='bbox 3032 2396 3129 2450; x_wconf 84' lang='lat' dir='ltr'><strong><em>ista</em></strong></span> <span class='ocrx_word' id='word_1_432' title='bbox 3162 2400 3358 2453; x_wconf 85' lang='lat' dir='ltr'><strong><em>veritas</em></strong></span> <span class='ocrx_word' id='word_1_433' title='bbox 3387 2406 3517 2463; x_wconf 88' lang='lat' dir='ltr'><strong><em>est,</em></strong></span> <span class='ocrx_word' id='word_1_434' title='bbox 3557 2400 3713 2470; x_wconf 80' lang='lat' dir='ltr'><strong><em>imago</em></strong></span> 
     </span>
    </p>
   </div>
   <div class='ocr_carea' id='block_1_53' title="bbox 2136 2482 3711 2557">
    <p class='ocr_par' dir='ltr' id='par_1_53' title="bbox 2136 2482 3711 2557">
     <span class='ocr_line' id='line_1_53' title="bbox 2136 2482 3711 2557; baseline 0.005 -20"><span class='ocrx_word' id='word_1_435' title='bbox 2136 2482 2237 2537; x_wconf 87' lang='lat' dir='ltr'><strong><em>ista</em></strong></span> <span class='ocrx_word' id='word_1_436' title='bbox 2267 2483 2472 2552; x_wconf 76' lang='lat' dir='ltr'><strong><em>iustitia</em></strong></span> <span class='ocrx_word' id='word_1_437' title='bbox 2514 2491 2626 2552; x_wconf 90' lang='lat' dir='ltr'><strong><em>est,</em></strong></span> <span class='ocrx_word' id='word_1_438' title='bbox 2660 2500 2762 2540; x_wconf 88' lang='lat' dir='ltr'><strong><em>non</em></strong></span> <span class='ocrx_word' id='word_1_439' title='bbox 2794 2495 2961 2551; x_wconf 89' lang='lat' dir='ltr'><strong><em>muta,</em></strong></span> <span class='ocrx_word' id='word_1_440' title='bbox 2997 2487 3116 2557; x_wconf 89' lang='lat' dir='ltr'><strong><em>quia</em></strong></span> <span class='ocrx_word' id='word_1_441' title='bbox 3148 2488 3241 2542; x_wconf 90' lang='lat' dir='ltr'><strong><em>Dei</em></strong></span> <span class='ocrx_word' id='word_1_442' title='bbox 3276 2489 3517 2545; x_wconf 80' lang='lat' dir='ltr'><strong><em>Verbum</em></strong></span> <span class='ocrx_word' id='word_1_443' title='bbox 3566 2508 3579 2542; x_wconf 73' lang='grc' dir='ltr'><strong>ε</strong></span> <span class='ocrx_word' id='word_1_444' title='bbox 3620 2508 3711 2545; x_wconf 86' lang='lat' dir='ltr'><strong><em>non</em></strong></span> 
     </span>
    </p>
   </div>
   <div class='ocr_carea' id='block_1_54' title="bbox 2138 2574 3716 2651">
    <p class='ocr_par' dir='ltr' id='par_1_54' title="bbox 2138 2574 3716 2651">
     <span class='ocr_line' id='line_1_54' title="bbox 2138 2574 3716 2651; baseline 0.004 -22"><span class='ocrx_word' id='word_1_445' title='bbox 2138 2574 2483 2643; x_wconf 88' lang='lat' dir='ltr'><strong><em>insensibilis,</em></strong></span> <span class='ocrx_word' id='word_1_446' title='bbox 2517 2578 2639 2644; x_wconf 86' lang='lat' dir='ltr'><strong><em>quia</em></strong></span> <span class='ocrx_word' id='word_1_447' title='bbox 2668 2578 2924 2645; x_wconf 87' lang='lat' dir='ltr'><strong><em>sapientia</em></strong></span> <span class='ocrx_word' id='word_1_448' title='bbox 2949 2589 3068 2644; x_wconf 88' lang='lat' dir='ltr'><strong><em>est;</em></strong></span> <span class='ocrx_word' id='word_1_449' title='bbox 3101 2594 3204 2634; x_wconf 90' lang='lat' dir='ltr'><strong><em>non</em></strong></span> <span class='ocrx_word' id='word_1_450' title='bbox 3237 2580 3434 2647; x_wconf 85' lang='lat' dir='ltr'><strong><em>inanis,</em></strong></span> <span class='ocrx_word' id='word_1_451' title='bbox 3468 2584 3595 2651; x_wconf 82' lang='lat' dir='ltr'><strong><em>quia</em></strong></span> <span class='ocrx_word' id='word_1_452' title='bbox 3620 2585 3716 2636; x_wconf 63' lang='lat' dir='ltr'><strong><em>viro</em></strong></span> 
     </span>
    </p>
   </div>
   <div class='ocr_carea' id='block_1_55' title="bbox 2139 2668 3714 2738">
    <p class='ocr_par' dir='ltr' id='par_1_55' title="bbox 2139 2668 3714 2738">
     <span class='ocr_line' id='line_1_55' title="bbox 2139 2668 3714 2738; baseline 0.003 -18"><span class='ocrx_word' id='word_1_453' title='bbox 2139 2674 2224 2720; x_wconf 86' lang='lat' dir='ltr'><strong><em>tus</em></strong></span> <span class='ocrx_word' id='word_1_454' title='bbox 2246 2675 2359 2732; x_wconf 92' lang='lat' dir='ltr'><strong><em>est;</em></strong></span> <span class='ocrx_word' id='word_1_455' title='bbox 2385 2682 2489 2721; x_wconf 91' lang='lat' dir='ltr'><strong><em>non</em></strong></span> <span class='ocrx_word' id='word_1_456' title='bbox 2514 2682 2696 2733; x_wconf 90' lang='lat' dir='ltr'><strong><em>vacua,</em></strong></span> <span class='ocrx_word' id='word_1_457' title='bbox 2721 2668 2839 2737; x_wconf 87' lang='lat' dir='ltr'><strong><em>quia</em></strong></span> <span class='ocrx_word' id='word_1_458' title='bbox 2865 2668 3140 2738; x_wconf 90' lang='lat' dir='ltr'><strong><em>plenitudo</em></strong></span> <span class='ocrx_word' id='word_1_459' title='bbox 3165 2671 3319 2735; x_wconf 74' lang='lat' dir='ltr'><strong><em>vite;</em></strong></span> <span class='ocrx_word' id='word_1_460' title='bbox 3349 2687 3460 2724; x_wconf 87' lang='lat' dir='ltr'><strong><em>non</em></strong></span> <span class='ocrx_word' id='word_1_461' title='bbox 3498 2681 3714 2736; x_wconf 72' lang='lat' dir='ltr'><strong><em>mortua,</em></strong></span> 
     </span>
    </p>
   </div>
   <div class='ocr_carea' id='block_1_56' title="bbox 2139 2760 3716 2834">
    <p class='ocr_par' dir='ltr' id='par_1_56' title="bbox 2139 2760 3716 2834">
     <span class='ocr_line' id='line_1_56' title="bbox 2139 2760 3716 2834; baseline 0.003 -22"><span class='ocrx_word' id='word_1_462' title='bbox 2139 2760 2261 2825; x_wconf 84' lang='lat' dir='ltr'><strong><em>quia</em></strong></span> <span class='ocrx_word' id='word_1_463' title='bbox 2292 2761 2613 2815; x_wconf 87' lang='lat' dir='ltr'><strong><em>resurrectio</em></strong></span> <span class='ocrx_word' id='word_1_464' title='bbox 2642 2770 2745 2816; x_wconf 91' lang='lat' dir='ltr'><strong><em>est.</em></strong></span> <span class='ocrx_word' id='word_1_465' title='bbox 2783 2762 2980 2833; x_wconf 85' lang='lat' dir='ltr'><strong><em>Imago,</em></strong></span> <span class='ocrx_word' id='word_1_466' title='bbox 3013 2774 3067 2818; x_wconf 89' lang='lat' dir='ltr'><strong><em>et</em></strong></span> <span class='ocrx_word' id='word_1_467' title='bbox 3095 2764 3375 2834; x_wconf 65' lang='lat' dir='ltr'><strong><em>aequalitas</em></strong></span> <span class='ocrx_word' id='word_1_468' title='bbox 3395 2807 3410 2830; x_wconf 92' lang='lat'><strong><em>,</em></strong></span> <span class='ocrx_word' id='word_1_469' title='bbox 3441 2774 3503 2819; x_wconf 87' lang='lat' dir='ltr'><strong><em>et</em></strong></span> <span class='ocrx_word' id='word_1_470' title='bbox 3544 2766 3716 2819; x_wconf 79' lang='lat' dir='ltr'><strong><em>simili-</em></strong></span> 
     </span>
    </p>
   </div>
   <div class='ocr_carea' id='block_1_57' title="bbox 2143 2853 3715 2925">
    <p class='ocr_par' dir='ltr' id='par_1_57' title="bbox 2143 2853 3715 2925">
     <span class='ocr_line' id='line_1_57' title="bbox 2143 2853 3715 2925; baseline 0.003 -20"><span class='ocrx_word' id='word_1_471' title='bbox 2143 2853 2269 2907; x_wconf 90' lang='lat' dir='ltr'><strong><em>tudo</em></strong></span> <span class='ocrx_word' id='word_1_472' title='bbox 2294 2853 2660 2923; x_wconf 88' lang='lat' dir='ltr'><strong><em>distinguenda</em></strong></span> <span class='ocrx_word' id='word_1_473' title='bbox 2685 2863 2810 2909; x_wconf 89' lang='lat' dir='ltr'><strong><em>sunt</em></strong></span> <span class='ocrx_word' id='word_1_474' title='bbox 2839 2874 2851 2909; x_wconf 93' lang='lat'>:</span> <span class='ocrx_word' id='word_1_475' title='bbox 2884 2856 3008 2925; x_wconf 89' lang='lat' dir='ltr'><strong><em>quia</em></strong></span> <span class='ocrx_word' id='word_1_476' title='bbox 3036 2855 3123 2910; x_wconf 89' lang='lat' dir='ltr'><strong><em>ubi</em></strong></span> <span class='ocrx_word' id='word_1_477' title='bbox 3146 2856 3341 2925; x_wconf 69' lang='lat' dir='ltr'><strong><em>imago,</em></strong></span> <span class='ocrx_word' id='word_1_478' title='bbox 3368 2858 3629 2911; x_wconf 87' lang='lat' dir='ltr'><strong><em>continuo</em></strong></span> <span class='ocrx_word' id='word_1_479' title='bbox 3647 2858 3715 2910; x_wconf 82' lang='lat' dir='ltr'><strong><em>si-</em></strong></span> 
     </span>
    </p>
   </div>
   <div class='ocr_carea' id='block_1_58' title="bbox 2141 2944 3717 3017">
    <p class='ocr_par' dir='ltr' id='par_1_58' title="bbox 2141 2944 3717 3017">
     <span class='ocr_line' id='line_1_58' title="bbox 2141 2944 3717 3017; baseline 0.003 -21"><span class='ocrx_word' id='word_1_480' title='bbox 2141 2945 2419 3009; x_wconf 81' lang='lat' dir='ltr'><strong><em>militudo,</em></strong></span> <span class='ocrx_word' id='word_1_481' title='bbox 2472 2959 2574 2998; x_wconf 90' lang='lat' dir='ltr'><strong><em>non</em></strong></span> <span class='ocrx_word' id='word_1_482' title='bbox 2618 2944 2871 3000; x_wconf 91' lang='lat' dir='ltr'><strong><em>continuo</em></strong></span> <span class='ocrx_word' id='word_1_483' title='bbox 2920 2947 3215 3017; x_wconf 63' lang='lat' dir='ltr'><strong><em>inqualitas.</em></strong></span> <span class='ocrx_word' id='word_1_484' title='bbox 3264 2948 3363 3004; x_wconf 90' lang='lat' dir='ltr'><strong><em>Ubi</em></strong></span> <span class='ocrx_word' id='word_1_485' title='bbox 3409 2950 3717 3017; x_wconf 65' lang='lat' dir='ltr'><strong><em>aequalitas,</em></strong></span> 
     </span>
    </p>
   </div>
   <div class='ocr_carea' id='block_1_59' title="bbox 2140 3035 3719 3108">
    <p class='ocr_par' dir='ltr' id='par_1_59' title="bbox 2140 3035 3719 3108">
     <span class='ocr_line' id='line_1_59' title="bbox 2140 3035 3719 3108; baseline 0.003 -20"><span class='ocrx_word' id='word_1_486' title='bbox 2140 3036 2393 3089; x_wconf 82' lang='lat' dir='ltr'><strong><em>continuo</em></strong></span> <span class='ocrx_word' id='word_1_487' title='bbox 2423 3035 2732 3103; x_wconf 86' lang='lat' dir='ltr'><strong><em>similitudo,</em></strong></span> <span class='ocrx_word' id='word_1_488' title='bbox 2759 3052 2863 3091; x_wconf 90' lang='lat' dir='ltr'><strong><em>non</em></strong></span> <span class='ocrx_word' id='word_1_489' title='bbox 2886 3040 3135 3092; x_wconf 90' lang='lat' dir='ltr'><strong><em>continuo</em></strong></span> <span class='ocrx_word' id='word_1_490' title='bbox 3159 3039 3351 3108; x_wconf 84' lang='lat' dir='ltr'><strong><em>imago.</em></strong></span> <span class='ocrx_word' id='word_1_491' title='bbox 3400 3039 3503 3094; x_wconf 59' lang='lat' dir='ltr'><strong><em>libi</em></strong></span> <span class='ocrx_word' id='word_1_492' title='bbox 3542 3042 3719 3094; x_wconf 83' lang='lat' dir='ltr'><strong><em>simili-</em></strong></span> 
     </span>
    </p>
   </div>
   <div class='ocr_carea' id='block_1_60' title="bbox 2144 3126 3715 3198">
    <p class='ocr_par' dir='ltr' id='par_1_60' title="bbox 2144 3126 3715 3198">
     <span class='ocr_line' id='line_1_60' title="bbox 2144 3126 3715 3198; baseline 0 -18"><span class='ocrx_word' id='word_1_493' title='bbox 2144 3126 2289 3192; x_wconf 84' lang='lat' dir='ltr'><strong><em>tudo,</em></strong></span> <span class='ocrx_word' id='word_1_494' title='bbox 2322 3143 2426 3181; x_wconf 88' lang='lat' dir='ltr'><strong><em>non</em></strong></span> <span class='ocrx_word' id='word_1_495' title='bbox 2456 3127 2709 3182; x_wconf 89' lang='lat' dir='ltr'><strong><em>continuo</em></strong></span> <span class='ocrx_word' id='word_1_496' title='bbox 2739 3128 2945 3198; x_wconf 86' lang='lat' dir='ltr'><strong><em>imago,</em></strong></span> <span class='ocrx_word' id='word_1_497' title='bbox 2976 3143 3078 3182; x_wconf 91' lang='lat' dir='ltr'><strong><em>non</em></strong></span> <span class='ocrx_word' id='word_1_498' title='bbox 3111 3130 3370 3183; x_wconf 87' lang='lat' dir='ltr'><strong><em>continuo</em></strong></span> <span class='ocrx_word' id='word_1_499' title='bbox 3396 3130 3671 3197; x_wconf 74' lang='lat' dir='ltr'><strong><em>aequalitas</em></strong></span> <span class='ocrx_word' id='word_1_500' title='bbox 3703 3144 3715 3180; x_wconf 89' lang='lat'><strong>:</strong></span> 
     </span>
    </p>
   </div>
   <div class='ocr_carea' id='block_1_61' title="bbox 2144 3218 3719 3289">
    <p class='ocr_par' dir='ltr' id='par_1_61' title="bbox 2144 3218 3719 3289">
     <span class='ocr_line' id='line_1_61' title="bbox 2144 3218 3719 3289; baseline 0 -16"><span class='ocrx_word' id='word_1_501' title='bbox 2144 3220 2272 3273; x_wconf 87' lang='lat' dir='ltr'><strong><em>utin</em></strong></span> <span class='ocrx_word' id='word_1_502' title='bbox 2298 3220 2514 3288; x_wconf 88' lang='lat' dir='ltr'><strong><em>speculo</em></strong></span> <span class='ocrx_word' id='word_1_503' title='bbox 2541 3227 2620 3271; x_wconf 77' lang='lat' dir='ltr'><strong><em>est</em></strong></span> <span class='ocrx_word' id='word_1_504' title='bbox 2644 3220 2816 3284; x_wconf 78' lang='lat' dir='ltr'><strong><em>imago</em></strong></span> <span class='ocrx_word' id='word_1_505' title='bbox 2840 3219 3091 3285; x_wconf 86' lang='lat' dir='ltr'><strong><em>hominis,</em></strong></span> <span class='ocrx_word' id='word_1_506' title='bbox 3113 3219 3234 3288; x_wconf 89' lang='lat' dir='ltr'><strong><em>quia</em></strong></span> <span class='ocrx_word' id='word_1_507' title='bbox 3256 3218 3327 3275; x_wconf 83' lang='lat' dir='ltr'><strong><em>de</em></strong></span> <span class='ocrx_word' id='word_1_508' title='bbox 3349 3220 3443 3274; x_wconf 91' lang='lat' dir='ltr'><strong><em>illo</em></strong></span> <span class='ocrx_word' id='word_1_509' title='bbox 3470 3234 3719 3289; x_wconf 79' lang='lat' dir='ltr'><strong><em>expressa</em></strong></span> 
     </span>
    </p>
   </div>
   <div class='ocr_carea' id='block_1_62' title="bbox 2142 3308 3719 3377">
    <p class='ocr_par' dir='ltr' id='par_1_62' title="bbox 2142 3308 3719 3377">
     <span class='ocr_line' id='line_1_62' title="bbox 2142 3308 3719 3377; baseline 0 -15"><span class='ocrx_word' id='word_1_510' title='bbox 2142 3319 2224 3362; x_wconf 86' lang='lat' dir='ltr'><strong><em>est</em></strong></span> <span class='ocrx_word' id='word_1_511' title='bbox 2275 3326 2287 3360; x_wconf 90' lang='lat'><strong>:</strong></span> <span class='ocrx_word' id='word_1_512' title='bbox 2338 3316 2424 3362; x_wconf 89' lang='lat' dir='ltr'><strong><em>est</em></strong></span> <span class='ocrx_word' id='word_1_513' title='bbox 2470 3308 2629 3362; x_wconf 88' lang='lat' dir='ltr'><strong><em>etiam</em></strong></span> <span class='ocrx_word' id='word_1_514' title='bbox 2684 3309 2985 3363; x_wconf 80' lang='lat' dir='ltr'><strong><em>necessario</em></strong></span> <span class='ocrx_word' id='word_1_515' title='bbox 3040 3310 3361 3377; x_wconf 89' lang='lat' dir='ltr'><strong><em>similitudo,</em></strong></span> <span class='ocrx_word' id='word_1_516' title='bbox 3403 3325 3515 3364; x_wconf 91' lang='lat' dir='ltr'><strong><em>non</em></strong></span> <span class='ocrx_word' id='word_1_517' title='bbox 3553 3320 3719 3364; x_wconf 87' lang='lat' dir='ltr'><strong><em>tamen</em></strong></span> 
     </span>
    </p>
   </div>
   <div class='ocr_carea' id='block_1_63' title="bbox 2145 3390 3720 3472">
    <p class='ocr_par' dir='ltr' id='par_1_63' title="bbox 2145 3390 3720 3472">
     <span class='ocr_line' id='line_1_63' title="bbox 2145 3390 3720 3472; baseline 0.001 -18"><span class='ocrx_word' id='word_1_518' title='bbox 2145 3400 2416 3470; x_wconf 59' lang='lat' dir='ltr'><strong><em>aequalitas</em></strong></span> <span class='ocrx_word' id='word_1_519' title='bbox 2446 3416 2460 3453; x_wconf 91' lang='lat'>:</span> <span class='ocrx_word' id='word_1_520' title='bbox 2488 3400 2607 3469; x_wconf 90' lang='lat' dir='ltr'><strong><em>quia</em></strong></span> <span class='ocrx_word' id='word_1_521' title='bbox 2641 3390 2809 3455; x_wconf 80' lang='lat' dir='ltr'><strong><em>multa</em></strong></span> <span class='ocrx_word' id='word_1_522' title='bbox 2834 3400 3027 3456; x_wconf 88' lang='lat' dir='ltr'><strong><em>desunt</em></strong></span> <span class='ocrx_word' id='word_1_523' title='bbox 3052 3403 3263 3472; x_wconf 86' lang='lat' dir='ltr'><strong><em>imagini</em></strong></span> <span class='ocrx_word' id='word_1_524' title='bbox 3291 3419 3413 3472; x_wconf 67' lang='lat' dir='ltr'><strong><em>qua:</em></strong></span> <span class='ocrx_word' id='word_1_525' title='bbox 3439 3416 3621 3459; x_wconf 85' lang='lat' dir='ltr'><strong><em>tamen</em></strong></span> <span class='ocrx_word' id='word_1_526' title='bbox 3646 3403 3720 3457; x_wconf 89' lang='lat' dir='ltr'><strong><em>in-</em></strong></span> 
     </span>
    </p>
   </div>
   <div class='ocr_carea' id='block_1_64' title="bbox 463 3489 3721 3577">
    <p class='ocr_par' dir='ltr' id='par_1_64' title="bbox 463 3489 3721 3577">
     <span class='ocr_line' id='line_1_64' title="bbox 463 3489 3721 3577; baseline -0.002 -23"><span class='ocrx_word' id='word_1_527' title='bbox 463 3503 556 3557; x_wconf 87' lang='lat' dir='ltr'><strong><em>Dei</em></strong></span> <span class='ocrx_word' id='word_1_528' title='bbox 579 3516 699 3557; x_wconf 85' lang='lat' dir='ltr'><strong><em>esse</em></strong></span> <span class='ocrx_word' id='word_1_529' title='bbox 722 3515 884 3555; x_wconf 88' lang='lat' dir='ltr'><strong><em>omne</em></strong></span> <span class='ocrx_word' id='word_1_530' title='bbox 912 3500 1049 3561; x_wconf 65' lang='lat' dir='ltr'><strong><em>«,uud</em></strong></span> <span class='ocrx_word' id='word_1_531' title='bbox 1080 3508 1346 3571; x_wconf 87' lang='lat' dir='ltr'><strong><em>poterant.</em></strong></span> <span class='ocrx_word' id='word_1_532' title='bbox 1373 3502 1472 3567; x_wconf 84' lang='lat' dir='ltr'><strong><em>Qui</em></strong></span> <span class='ocrx_word' id='word_1_533' title='bbox 1499 3513 1571 3557; x_wconf 74' lang='lat' dir='ltr'><strong><em>est</em></strong></span> <span class='ocrx_word' id='word_1_534' title='bbox 1597 3506 1763 3573; x_wconf 70' lang='grc' dir='ltr'><strong><em>βάειί.</em></strong></span> <span class='ocrx_word' id='word_1_535' title='bbox 1784 3526 1876 3577; x_wconf 65' lang='lat' dir='ltr'><strong><em>pro</em></strong></span> <span class='ocrx_word' id='word_1_536' title='bbox 1902 3513 2039 3564; x_wconf 62' lang='grc' dir='ltr'><strong><em>υοιξε</em></strong></span> <span class='ocrx_word' id='word_1_537' title='bbox 2066 3489 2110 3549; x_wconf 90' lang='lat' dir='ltr'><strong><em>C</em></strong></span> <span class='ocrx_word' id='word_1_538' title='bbox 2146 3499 2271 3546; x_wconf 89' lang='lat' dir='ltr'><strong><em>sunt</em></strong></span> <span class='ocrx_word' id='word_1_539' title='bbox 2294 3491 2367 3545; x_wconf 91' lang='lat' dir='ltr'><strong><em>illi</em></strong></span> <span class='ocrx_word' id='word_1_540' title='bbox 2401 3492 2476 3546; x_wconf 88' lang='lat' dir='ltr'><strong><em>rei</em></strong></span> <span class='ocrx_word' id='word_1_541' title='bbox 2508 3491 2575 3545; x_wconf 89' lang='lat' dir='ltr'><strong><em>de</em></strong></span> <span class='ocrx_word' id='word_1_542' title='bbox 2596 3506 2699 3561; x_wconf 90' lang='lat' dir='ltr'><strong><em>qua</em></strong></span> <span class='ocrx_word' id='word_1_543' title='bbox 2729 3506 2981 3561; x_wconf 78' lang='lat' dir='ltr'><strong><em>expressa</em></strong></span> <span class='ocrx_word' id='word_1_544' title='bbox 3006 3502 3110 3549; x_wconf 89' lang='lat' dir='ltr'><strong><em>est.</em></strong></span> <span class='ocrx_word' id='word_1_545' title='bbox 3139 3493 3239 3549; x_wconf 86' lang='lat' dir='ltr'><strong><em>Ubi</em></strong></span> <span class='ocrx_word' id='word_1_546' title='bbox 3266 3494 3574 3565; x_wconf 67' lang='lat' dir='ltr'><strong><em>aequalitas,</em></strong></span> <span class='ocrx_word' id='word_1_547' title='bbox 3602 3509 3721 3549; x_wconf 79' lang='lat' dir='ltr'><strong><em>con-</em></strong></span> 
     </span>
    </p>
   </div>
   <div class='ocr_carea' id='block_1_65' title="bbox 463 3590 2045 3663">
    <p class='ocr_par' dir='ltr' id='par_1_65' title="bbox 463 3590 2045 3663">
     <span class='ocr_line' id='line_1_65' title="bbox 463 3590 2045 3663; baseline 0.005 -17"><span class='ocrx_word' id='word_1_548' title='bbox 463 3594 692 3648; x_wconf 82' lang='lat' dir='ltr'><strong><em>ininister</em></strong></span> <span class='ocrx_word' id='word_1_549' title='bbox 718 3591 806 3646; x_wconf 87' lang='lat' dir='ltr'><strong><em>Ch.</em></strong></span> <span class='ocrx_word' id='word_1_550' title='bbox 825 3592 907 3645; x_wconf 82' lang='lat' dir='ltr'><strong><em>isti</em></strong></span> <span class='ocrx_word' id='word_1_551' title='bbox 935 3590 1082 3645; x_wconf 83' lang='lat' dir='ltr'><strong><em>Jesu.</em></strong></span> <span class='ocrx_word' id='word_1_552' title='bbox 1117 3592 1374 3648; x_wconf 83' lang='lat' dir='ltr'><strong><em>Fideliter</em></strong></span> <span class='ocrx_word' id='word_1_553' title='bbox 1404 3610 1499 3663; x_wconf 88' lang='lat' dir='ltr'><strong><em>pro</em></strong></span> <span class='ocrx_word' id='word_1_554' title='bbox 1541 3598 1691 3651; x_wconf 88' lang='lat' dir='ltr'><strong><em>vobis</em></strong></span> <span class='ocrx_word' id='word_1_555' title='bbox 1721 3600 1771 3652; x_wconf 91' lang='lat' dir='ltr'><strong><em>in</em></strong></span> <span class='ocrx_word' id='word_1_556' title='bbox 1802 3604 2045 3658; x_wconf 61' lang='lat' dir='ltr'><strong><em>oratione</em></strong></span> 
     </span>
    </p>
   </div>
   <div class='ocr_carea' id='block_1_66' title="bbox 465 3681 2044 3757">
    <p class='ocr_par' dir='ltr' id='par_1_66' title="bbox 465 3681 2044 3757">
     <span class='ocr_line' id='line_1_66' title="bbox 465 3681 2044 3757; baseline 0.003 -18"><span class='ocrx_word' id='word_1_557' title='bbox 465 3684 798 3747; x_wconf 85' lang='lat' dir='ltr'><strong><em>incumbens,</em></strong></span> <span class='ocrx_word' id='word_1_558' title='bbox 820 3683 1078 3736; x_wconf 83' lang='lat' dir='ltr'><strong><em>voluntati</em></strong></span> <span class='ocrx_word' id='word_1_559' title='bbox 1105 3681 1304 3757; x_wconf 84' lang='lat' dir='ltr'><strong><em>Christi</em></strong></span> <span class='ocrx_word' id='word_1_560' title='bbox 1331 3685 1617 3740; x_wconf 89' lang='lat' dir='ltr'><strong><em>ministrat.</em></strong></span> <span class='ocrx_word' id='word_1_561' title='bbox 1648 3688 1749 3753; x_wconf 83' lang='lat' dir='ltr'><strong><em>Qui</em></strong></span> <span class='ocrx_word' id='word_1_562' title='bbox 1768 3693 1918 3744; x_wconf 84' lang='lat' dir='ltr'><strong><em>etiam</em></strong></span> <span class='ocrx_word' id='word_1_563' title='bbox 1940 3711 2044 3749; x_wconf 87' lang='lat' dir='ltr'><strong><em>ma-</em></strong></span> 
     </span>
    </p>
   </div>
   <div class='ocr_carea' id='block_1_67' title="bbox 464 3773 2040 3849">
    <p class='ocr_par' dir='ltr' id='par_1_67' title="bbox 464 3773 2040 3849">
     <span class='ocr_line' id='line_1_67' title="bbox 464 3773 2040 3849; baseline 0.005 -19"><span class='ocrx_word' id='word_1_564' title='bbox 464 3777 719 3841; x_wconf 74' lang='lat' dir='ltr'><strong><em>nifestavit</em></strong></span> <span class='ocrx_word' id='word_1_565' title='bbox 748 3773 890 3829; x_wconf 86' lang='lat' dir='ltr'><strong><em>nobis</em></strong></span> <span class='ocrx_word' id='word_1_566' title='bbox 930 3774 1249 3828; x_wconf 78' lang='lat' dir='ltr'><strong><em>dilectionem</em></strong></span> <span class='ocrx_word' id='word_1_567' title='bbox 1288 3785 1504 3829; x_wconf 79' lang='lat' dir='ltr'><strong><em>vestram</em></strong></span> <span class='ocrx_word' id='word_1_568' title='bbox 1539 3778 1594 3830; x_wconf 90' lang='lat' dir='ltr'><strong><em>in</em></strong></span> <span class='ocrx_word' id='word_1_569' title='bbox 1636 3780 1840 3845; x_wconf 88' lang='lat' dir='ltr'><strong><em>spiritu.</em></strong></span> <span class='ocrx_word' id='word_1_570' title='bbox 1874 3783 2040 3849; x_wconf 87' lang='lat' dir='ltr'><strong><em>Quam</em></strong></span> 
     </span>
    </p>
   </div>
   <div class='ocr_carea' id='block_1_68' title="bbox 466 3860 2044 3935">
    <p class='ocr_par' dir='ltr' id='par_1_68' title="bbox 466 3860 2044 3935">
     <span class='ocr_line' id='line_1_68' title="bbox 466 3860 2044 3935; baseline 0.004 -16"><span class='ocrx_word' id='word_1_571' title='bbox 466 3866 672 3920; x_wconf 81' lang='lat' dir='ltr'><strong><em>habetis</em></strong></span> <span class='ocrx_word' id='word_1_572' title='bbox 702 3864 755 3918; x_wconf 85' lang='lat' dir='ltr'><strong><em>in</em></strong></span> <span class='ocrx_word' id='word_1_573' title='bbox 781 3862 1130 3932; x_wconf 85' lang='lat' dir='ltr'><strong><em>spiritalibus.</em></strong></span> <span class='ocrx_word' id='word_1_574' title='bbox 1167 3860 1296 3917; x_wconf 85' lang='lat' dir='ltr'><strong><em>Ideo</em></strong></span> <span class='ocrx_word' id='word_1_575' title='bbox 1324 3873 1371 3917; x_wconf 89' lang='lat' dir='ltr'><strong><em>et</em></strong></span> <span class='ocrx_word' id='word_1_576' title='bbox 1408 3880 1494 3919; x_wconf 85' lang='lat' dir='ltr'><strong><em>vos</em></strong></span> <span class='ocrx_word' id='word_1_577' title='bbox 1524 3881 1585 3919; x_wconf 81' lang='lat' dir='ltr'><strong><em>ea:</em></strong></span> <span class='ocrx_word' id='word_1_578' title='bbox 1609 3883 1708 3935; x_wconf 80' lang='lat' dir='ltr'><strong><em>qua</em></strong></span> <span class='ocrx_word' id='word_1_579' title='bbox 1737 3870 1819 3922; x_wconf 83' lang='lat' dir='ltr'><strong><em>die</em></strong></span> <span class='ocrx_word' id='word_1_580' title='bbox 1846 3872 2044 3927; x_wconf 81' lang='lat' dir='ltr'><strong><em>audivi-</em></strong></span> 
     </span>
    </p>
   </div>
   <div class='ocr_carea' id='block_1_69' title="bbox 400 3956 2044 4028">
    <p class='ocr_par' dir='ltr' id='par_1_69' title="bbox 400 3956 2044 4028">
     <span class='ocr_line' id='line_1_69' title="bbox 400 3956 2044 4028; baseline 0.004 -18"><span class='ocrx_word' id='word_1_581' title='bbox 400 4005 413 4024; x_wconf 55' lang='lat'><strong><em>,</em></strong></span> <span class='ocrx_word' id='word_1_582' title='bbox 464 3973 596 4020; x_wconf 88' lang='lat' dir='ltr'><strong><em>mus,</em></strong></span> <span class='ocrx_word' id='word_1_583' title='bbox 630 3972 727 4009; x_wconf 91' lang='lat' dir='ltr'><strong><em>non</em></strong></span> <span class='ocrx_word' id='word_1_584' title='bbox 753 3970 1006 4008; x_wconf 89' lang='lat' dir='ltr'><strong><em>cessamus</em></strong></span> <span class='ocrx_word' id='word_1_585' title='bbox 1033 3970 1127 4025; x_wconf 92' lang='lat' dir='ltr'><strong><em>pro</em></strong></span> <span class='ocrx_word' id='word_1_586' title='bbox 1154 3956 1291 4008; x_wconf 89' lang='lat' dir='ltr'><strong><em>vobis</em></strong></span> <span class='ocrx_word' id='word_1_587' title='bbox 1316 3966 1516 4011; x_wconf 85' lang='lat' dir='ltr'><strong><em>orantes</em></strong></span> <span class='ocrx_word' id='word_1_588' title='bbox 1542 3966 1589 4011; x_wconf 85' lang='lat' dir='ltr'><strong><em>et</em></strong></span> <span class='ocrx_word' id='word_1_589' title='bbox 1613 3960 1956 4028; x_wconf 84' lang='lat' dir='ltr'><strong><em>postulantes,</em></strong></span> <span class='ocrx_word' id='word_1_590' title='bbox 1990 3974 2044 4017; x_wconf 90' lang='lat' dir='ltr'><strong><em>ut</em></strong></span> 
     </span>
    </p>
   </div>
   <div class='ocr_carea' id='block_1_70' title="bbox 463 4045 2039 4117">
    <p class='ocr_par' dir='ltr' id='par_1_70' title="bbox 463 4045 2039 4117">
     <span class='ocr_line' id='line_1_70' title="bbox 463 4045 2039 4117; baseline 0.004 -16"><span class='ocrx_word' id='word_1_591' title='bbox 463 4046 774 4116; x_wconf 86' lang='lat' dir='ltr'><strong><em>impleamini</em></strong></span> <span class='ocrx_word' id='word_1_592' title='bbox 802 4045 1062 4117; x_wconf 84' lang='lat' dir='ltr'><strong><em>agnitione</em></strong></span> <span class='ocrx_word' id='word_1_593' title='bbox 1106 4046 1377 4099; x_wconf 84' lang='lat' dir='ltr'><strong><em>voluntatis</em></strong></span> <span class='ocrx_word' id='word_1_594' title='bbox 1424 4049 1554 4117; x_wconf 88' lang='lat' dir='ltr'><strong><em>ejus.</em></strong></span> <span class='ocrx_word' id='word_1_595' title='bbox 1601 4047 1699 4113; x_wconf 85' lang='lat' dir='ltr'><strong><em>Qui</em></strong></span> <span class='ocrx_word' id='word_1_596' title='bbox 1741 4050 1895 4105; x_wconf 86' lang='lat' dir='ltr'><strong><em>aliter</em></strong></span> <span class='ocrx_word' id='word_1_597' title='bbox 1923 4068 2039 4107; x_wconf 87' lang='lat' dir='ltr'><strong><em>eam</em></strong></span> 
     </span>
    </p>
   </div>
   <div class='ocr_carea' id='block_1_71' title="bbox 465 4135 2044 4211">
    <p class='ocr_par' dir='ltr' id='par_1_71' title="bbox 465 4135 2044 4211">
     <span class='ocr_line' id='line_1_71' title="bbox 465 4135 2044 4211; baseline 0.003 -17"><span class='ocrx_word' id='word_1_598' title='bbox 465 4138 641 4194; x_wconf 78' lang='lat' dir='ltr'><strong><em>facere</em></strong></span> <span class='ocrx_word' id='word_1_599' title='bbox 670 4153 772 4192; x_wconf 90' lang='lat' dir='ltr'><strong><em>non</em></strong></span> <span class='ocrx_word' id='word_1_600' title='bbox 807 4137 1050 4206; x_wconf 79' lang='lat' dir='ltr'><strong><em>potestis.</em></strong></span> <span class='ocrx_word' id='word_1_601' title='bbox 1081 4135 1234 4203; x_wconf 84' lang='lat' dir='ltr'><strong><em>Quod</em></strong></span> <span class='ocrx_word' id='word_1_602' title='bbox 1269 4138 1523 4206; x_wconf 89' lang='lat' dir='ltr'><strong><em>propheta</em></strong></span> <span class='ocrx_word' id='word_1_603' title='bbox 1567 4139 1871 4211; x_wconf 86' lang='lat' dir='ltr'><strong><em>intelligens</em></strong></span> <span class='ocrx_word' id='word_1_604' title='bbox 1899 4144 2044 4199; x_wconf 84' lang='lat' dir='ltr'><strong><em>dice-</em></strong></span> 
     </span>
    </p>
   </div>
   <div class='ocr_carea' id='block_1_72' title="bbox 466 4227 2038 4301">
    <p class='ocr_par' dir='ltr' id='par_1_72' title="bbox 466 4227 2038 4301">
     <span class='ocr_line' id='line_1_72' title="bbox 466 4227 2038 4301; baseline 0.003 -18"><span class='ocrx_word' id='word_1_605' title='bbox 466 4229 640 4283; x_wconf 89' lang='lat' dir='ltr'><strong><em>batad</em></strong></span> <span class='ocrx_word' id='word_1_606' title='bbox 672 4227 950 4282; x_wconf 89' lang='lat' dir='ltr'><strong><em>Dominum</em></strong></span> <span class='ocrx_word' id='word_1_607' title='bbox 982 4243 996 4280; x_wconf 89' lang='lat'><strong>:</strong></span> <span class='ocrx_word' id='word_1_608' title='bbox 1035 4227 1174 4280; x_wconf 87' lang='lat' dir='ltr'><strong><em>Doce</em></strong></span> <span class='ocrx_word' id='word_1_609' title='bbox 1203 4241 1288 4281; x_wconf 89' lang='lat' dir='ltr'><strong><em>me</em></strong></span> <span class='ocrx_word' id='word_1_610' title='bbox 1315 4228 1489 4283; x_wconf 81' lang='lat' dir='ltr'><strong><em>facere</em></strong></span> <span class='ocrx_word' id='word_1_611' title='bbox 1515 4231 1842 4285; x_wconf 87' lang='lat' dir='ltr'><strong><em>voluntatem</em></strong></span> <span class='ocrx_word' id='word_1_612' title='bbox 1875 4240 2038 4301; x_wconf 89' lang='lat' dir='ltr'><strong><em>tuam,</em></strong></span> 
     </span>
    </p>
   </div>
   <div class='ocr_carea' id='block_1_73' title="bbox 464 4318 2040 4393">
    <p class='ocr_par' dir='ltr' id='par_1_73' title="bbox 464 4318 2040 4393">
     <span class='ocr_line' id='line_1_73' title="bbox 464 4318 2040 4393; baseline 0.002 -17"><span class='ocrx_word' id='word_1_613' title='bbox 464 4326 584 4391; x_wconf 85' lang='lat' dir='ltr'><strong><em>quia</em></strong></span> <span class='ocrx_word' id='word_1_614' title='bbox 618 4324 755 4377; x_wconf 85' lang='lat' dir='ltr'><strong><em>Deus</em></strong></span> <span class='ocrx_word' id='word_1_615' title='bbox 784 4336 936 4375; x_wconf 88' lang='lat' dir='ltr'><strong><em>meus</em></strong></span> <span class='ocrx_word' id='word_1_616' title='bbox 961 4335 1040 4374; x_wconf 86' lang='lat' dir='ltr'><strong><em>es.</em></strong></span> <span class='ocrx_word' id='word_1_617' title='bbox 1075 4318 1141 4371; x_wconf 86' lang='lat' dir='ltr'><strong><em>In</em></strong></span> <span class='ocrx_word' id='word_1_618' title='bbox 1173 4322 1308 4373; x_wconf 89' lang='lat' dir='ltr'><strong><em>omni</em></strong></span> <span class='ocrx_word' id='word_1_619' title='bbox 1338 4324 1607 4391; x_wconf 75' lang='lat' dir='ltr'><strong><em>sapientia.</em></strong></span> <span class='ocrx_word' id='word_1_620' title='bbox 1639 4324 1798 4393; x_wconf 79' lang='lat' dir='ltr'><strong><em>chis</em></strong></span> <span class='ocrx_word' id='word_1_621' title='bbox 1832 4328 1944 4381; x_wconf 90' lang='lat' dir='ltr'><strong><em>Dei.</em></strong></span> <span class='ocrx_word' id='word_1_622' title='bbox 1976 4327 2040 4381; x_wconf 87' lang='lat' dir='ltr'><strong><em>Et</em></strong></span> 
     </span>
    </p>
   </div>
   <div class='ocr_carea' id='block_1_74' title="bbox 467 4408 2038 4480">
    <p class='ocr_par' dir='ltr' id='par_1_74' title="bbox 467 4408 2038 4480">
     <span class='ocr_line' id='line_1_74' title="bbox 467 4408 2038 4480; baseline 0.004 -16"><span class='ocrx_word' id='word_1_623' title='bbox 467 4411 725 4464; x_wconf 89' lang='lat' dir='ltr'><strong><em>intellectu</em></strong></span> <span class='ocrx_word' id='word_1_624' title='bbox 756 4409 997 4477; x_wconf 87' lang='lat' dir='ltr'><strong><em>spiritali.</em></strong></span> <span class='ocrx_word' id='word_1_625' title='bbox 1026 4408 1126 4474; x_wconf 88' lang='lat' dir='ltr'><strong><em>Qui</em></strong></span> <span class='ocrx_word' id='word_1_626' title='bbox 1163 4416 1218 4462; x_wconf 89' lang='lat' dir='ltr'><strong><em>et</em></strong></span> <span class='ocrx_word' id='word_1_627' title='bbox 1244 4409 1626 4480; x_wconf 87' lang='lat' dir='ltr'><strong><em>intelligentem</em></strong></span> <span class='ocrx_word' id='word_1_628' title='bbox 1650 4423 1706 4468; x_wconf 90' lang='lat' dir='ltr'><strong><em>et</em></strong></span> <span class='ocrx_word' id='word_1_629' title='bbox 1736 4416 2038 4472; x_wconf 89' lang='lat' dir='ltr'><strong><em>audientem</em></strong></span> 
     </span>
    </p>
   </div>
   <div class='ocr_carea' id='block_1_75' title="bbox 469 4498 2039 4576">
    <p class='ocr_par' dir='ltr' id='par_1_75' title="bbox 469 4498 2039 4576">
     <span class='ocr_line' id='line_1_75' title="bbox 469 4498 2039 4576; baseline 0.006 -21"><span class='ocrx_word' id='word_1_630' title='bbox 469 4502 624 4555; x_wconf 79' lang='lat' dir='ltr'><strong><em>I‘aeiat</em></strong></span> <span class='ocrx_word' id='word_1_631' title='bbox 647 4500 963 4570; x_wconf 88' lang='lat' dir='ltr'><strong><em>spiritalem.</em></strong></span> <span class='ocrx_word' id='word_1_632' title='bbox 992 4498 1058 4553; x_wconf 88' lang='lat' dir='ltr'><strong><em>Ut</em></strong></span> <span class='ocrx_word' id='word_1_633' title='bbox 1079 4499 1363 4555; x_wconf 86' lang='lat' dir='ltr'><strong><em>ambuletis.</em></strong></span> <span class='ocrx_word' id='word_1_634' title='bbox 1399 4503 1655 4572; x_wconf 81' lang='lat' dir='ltr'><strong><em>Exposuit</em></strong></span> <span class='ocrx_word' id='word_1_635' title='bbox 1677 4523 1795 4576; x_wconf 76' lang='lat' dir='ltr'><strong><em>qum</em></strong></span> <span class='ocrx_word' id='word_1_636' title='bbox 1818 4510 1887 4563; x_wconf 86' lang='lat' dir='ltr'><strong><em>ob</em></strong></span> <span class='ocrx_word' id='word_1_637' title='bbox 1914 4525 2039 4565; x_wconf 90' lang='lat' dir='ltr'><strong><em>cura</em></strong></span> 
     </span>
    </p>
   </div>
   <div class='ocr_carea' id='block_1_76' title="bbox 466 4589 2041 4671">
    <p class='ocr_par' dir='ltr' id='par_1_76' title="bbox 466 4589 2041 4671">
     <span class='ocr_line' id='line_1_76' title="bbox 466 4589 2041 4671; baseline 0.004 -23"><span class='ocrx_word' id='word_1_638' title='bbox 466 4594 679 4661; x_wconf 78' lang='lat' dir='ltr'><strong><em>dicebat</em></strong></span> <span class='ocrx_word' id='word_1_639' title='bbox 708 4589 975 4659; x_wconf 88' lang='lat' dir='ltr'><strong><em>quomodo</em></strong></span> <span class='ocrx_word' id='word_1_640' title='bbox 1005 4591 1143 4645; x_wconf 83' lang='lat' dir='ltr'><strong><em>Deus</em></strong></span> <span class='ocrx_word' id='word_1_641' title='bbox 1185 4590 1279 4645; x_wconf 90' lang='lat' dir='ltr'><strong><em>det</em></strong></span> <span class='ocrx_word' id='word_1_642' title='bbox 1309 4594 1463 4660; x_wconf 85' lang='lat' dir='ltr'><strong><em>velle,</em></strong></span> <span class='ocrx_word' id='word_1_643' title='bbox 1496 4605 1554 4651; x_wconf 89' lang='lat' dir='ltr'><strong><em>et</em></strong></span> <span class='ocrx_word' id='word_1_644' title='bbox 1595 4598 1839 4667; x_wconf 89' lang='lat' dir='ltr'><strong><em>adjuvet,</em></strong></span> <span class='ocrx_word' id='word_1_645' title='bbox 1883 4610 2041 4671; x_wconf 87' lang='lat' dir='ltr'><strong><em>atque</em></strong></span> 
     </span>
    </p>
   </div>
   <div class='ocr_carea' id='block_1_77' title="bbox 466 4681 2039 4753">
    <p class='ocr_par' dir='ltr' id='par_1_77' title="bbox 466 4681 2039 4753">
     <span class='ocr_line' id='line_1_77' title="bbox 466 4681 2039 4753; baseline 0.004 -13"><span class='ocrx_word' id='word_1_646' title='bbox 466 4685 757 4740; x_wconf 82' lang='lat' dir='ltr'><strong><em>continuet</em></strong></span> <span class='ocrx_word' id='word_1_647' title='bbox 779 4681 1105 4749; x_wconf 87' lang='lat' dir='ltr'><strong><em>inspirando,</em></strong></span> <span class='ocrx_word' id='word_1_648' title='bbox 1138 4681 1377 4738; x_wconf 81' lang='lat' dir='ltr'><strong><em>docendo</em></strong></span> <span class='ocrx_word' id='word_1_649' title='bbox 1406 4688 1763 4753; x_wconf 54' lang='lat' dir='ltr'><strong><em>sapientiam;</em></strong></span> <span class='ocrx_word' id='word_1_650' title='bbox 1791 4698 1846 4745; x_wconf 91' lang='lat' dir='ltr'><strong><em>et</em></strong></span> <span class='ocrx_word' id='word_1_651' title='bbox 1888 4692 2039 4746; x_wconf 90' lang='lat' dir='ltr'><strong><em>intel-</em></strong></span> 
     </span>
    </p>
   </div>
   <div class='ocr_carea' id='block_1_78' title="bbox 467 4772 2039 4842">
    <p class='ocr_par' dir='ltr' id='par_1_78' title="bbox 467 4772 2039 4842">
     <span class='ocr_line' id='line_1_78' title="bbox 467 4772 2039 4842; baseline 0.002 -11"><span class='ocrx_word' id='word_1_652' title='bbox 467 4781 661 4831; x_wconf 75' lang='lat' dir='ltr'><strong><em>lectum</em></strong></span> <span class='ocrx_word' id='word_1_653' title='bbox 700 4772 948 4827; x_wconf 72' lang='lat' dir='ltr'><strong><em>doaando</em></strong></span> <span class='ocrx_word' id='word_1_654' title='bbox 978 4787 1071 4840; x_wconf 89' lang='lat' dir='ltr'><strong><em>per</em></strong></span> <span class='ocrx_word' id='word_1_655' title='bbox 1098 4773 1319 4842; x_wconf 84' lang='lat' dir='ltr'><strong><em>gratiam</em></strong></span> <span class='ocrx_word' id='word_1_656' title='bbox 1359 4790 1542 4839; x_wconf 86' lang='lat' dir='ltr'><strong><em>suam;</em></strong></span> <span class='ocrx_word' id='word_1_657' title='bbox 1576 4777 1870 4833; x_wconf 88' lang='lat' dir='ltr'><strong><em>libertatem</em></strong></span> <span class='ocrx_word' id='word_1_658' title='bbox 1901 4782 2039 4835; x_wconf 85' lang='lat' dir='ltr'><strong><em>arbi-</em></strong></span> 
     </span>
    </p>
   </div>
   <div class='ocr_carea' id='block_1_79' title="bbox 2147 3583 3721 3654">
    <p class='ocr_par' dir='ltr' id='par_1_79' title="bbox 2147 3583 3721 3654">
     <span class='ocr_line' id='line_1_79' title="bbox 2147 3583 3721 3654; baseline 0.003 -17"><span class='ocrx_word' id='word_1_659' title='bbox 2147 3583 2293 3637; x_wconf 85' lang='lat' dir='ltr'><strong><em>tinuo</em></strong></span> <span class='ocrx_word' id='word_1_660' title='bbox 2319 3583 2610 3638; x_wconf 88' lang='lat' dir='ltr'><strong><em>similitudo</em></strong></span> <span class='ocrx_word' id='word_1_661' title='bbox 2630 3627 2644 3652; x_wconf 91' lang='lat'><strong><em>,</em></strong></span> <span class='ocrx_word' id='word_1_662' title='bbox 2676 3598 2781 3637; x_wconf 90' lang='lat' dir='ltr'><strong><em>non</em></strong></span> <span class='ocrx_word' id='word_1_663' title='bbox 2814 3587 3067 3640; x_wconf 89' lang='lat' dir='ltr'><strong><em>continuo</em></strong></span> <span class='ocrx_word' id='word_1_664' title='bbox 3096 3585 3301 3654; x_wconf 83' lang='lat' dir='ltr'><strong><em>imago,</em></strong></span> <span class='ocrx_word' id='word_1_665' title='bbox 3328 3587 3481 3640; x_wconf 85' lang='lat' dir='ltr'><strong><em>velut</em></strong></span> <span class='ocrx_word' id='word_1_666' title='bbox 3512 3587 3565 3641; x_wconf 89' lang='lat' dir='ltr'><strong><em>iu</em></strong></span> <span class='ocrx_word' id='word_1_667' title='bbox 3599 3587 3721 3641; x_wconf 79' lang='lat' dir='ltr'><strong><em>duo-</em></strong></span> 
     </span>
    </p>
   </div>
   <div class='ocr_carea' id='block_1_80' title="bbox 2147 3675 3721 3746">
    <p class='ocr_par' dir='ltr' id='par_1_80' title="bbox 2147 3675 3721 3746">
     <span class='ocr_line' id='line_1_80' title="bbox 2147 3675 3721 3746; baseline -0.001 -18"><span class='ocrx_word' id='word_1_668' title='bbox 2147 3677 2243 3729; x_wconf 89' lang='lat' dir='ltr'><strong><em>bus</em></strong></span> <span class='ocrx_word' id='word_1_669' title='bbox 2269 3675 2383 3729; x_wconf 86' lang='lat' dir='ltr'><strong><em>ovis</em></strong></span> <span class='ocrx_word' id='word_1_670' title='bbox 2415 3675 2650 3744; x_wconf 90' lang='lat' dir='ltr'><strong><em>paribus,</em></strong></span> <span class='ocrx_word' id='word_1_671' title='bbox 2683 3676 2804 3745; x_wconf 91' lang='lat' dir='ltr'><strong><em>quia</em></strong></span> <span class='ocrx_word' id='word_1_672' title='bbox 2839 3677 2973 3729; x_wconf 87' lang='lat' dir='ltr'><strong><em>inest</em></strong></span> <span class='ocrx_word' id='word_1_673' title='bbox 3001 3677 3295 3746; x_wconf 67' lang='lat' dir='ltr'><strong><em>aequalitas,</em></strong></span> <span class='ocrx_word' id='word_1_674' title='bbox 3327 3678 3472 3733; x_wconf 71' lang='lat' dir='ltr'><strong><em>ineat</em></strong></span> <span class='ocrx_word' id='word_1_675' title='bbox 3500 3688 3556 3739; x_wconf 81' lang='lat' dir='ltr'><strong><em>et</em></strong></span> <span class='ocrx_word' id='word_1_676' title='bbox 3581 3678 3721 3732; x_wconf 85' lang='lat' dir='ltr'><strong><em>simi-</em></strong></span> 
     </span>
    </p>
   </div>
   <div class='ocr_carea' id='block_1_81' title="bbox 2144 3769 3720 3840">
    <p class='ocr_par' dir='ltr' id='par_1_81' title="bbox 2144 3769 3720 3840">
     <span class='ocr_line' id='line_1_81' title="bbox 2144 3769 3720 3840; baseline 0 -16"><span class='ocrx_word' id='word_1_677' title='bbox 2144 3770 2313 3825; x_wconf 88' lang='lat' dir='ltr'><strong><em>litudo</em></strong></span> <span class='ocrx_word' id='word_1_678' title='bbox 2337 3788 2350 3823; x_wconf 89' lang='lat'><strong>:</strong></span> <span class='ocrx_word' id='word_1_679' title='bbox 2375 3784 2706 3840; x_wconf 68' lang='lat' dir='ltr'><strong><em>quaecunque</em></strong></span> <span class='ocrx_word' id='word_1_680' title='bbox 2727 3769 2867 3824; x_wconf 91' lang='lat' dir='ltr'><strong><em>enim</em></strong></span> <span class='ocrx_word' id='word_1_681' title='bbox 2890 3770 3082 3824; x_wconf 87' lang='lat' dir='ltr'><strong><em>adsunt</em></strong></span> <span class='ocrx_word' id='word_1_682' title='bbox 3103 3771 3214 3836; x_wconf 92' lang='lat' dir='ltr'><strong><em>uni,</em></strong></span> <span class='ocrx_word' id='word_1_683' title='bbox 3238 3770 3433 3825; x_wconf 77' lang='lat' dir='ltr'><strong><em>adsunt</em></strong></span> <span class='ocrx_word' id='word_1_684' title='bbox 3453 3780 3513 3826; x_wconf 89' lang='lat' dir='ltr'><strong><em>et</em></strong></span> <span class='ocrx_word' id='word_1_685' title='bbox 3540 3771 3688 3825; x_wconf 84' lang='lat' dir='ltr'><strong><em>alteri</em></strong></span> <span class='ocrx_word' id='word_1_686' title='bbox 3704 3808 3720 3833; x_wconf 87' lang='lat'><em>.</em></span> 
     </span>
    </p>
   </div>
   <div class='ocr_carea' id='block_1_82' title="bbox 2145 3862 3720 3933">
    <p class='ocr_par' dir='ltr' id='par_1_82' title="bbox 2145 3862 3720 3933">
     <span class='ocr_line' id='line_1_82' title="bbox 2145 3862 3720 3933; baseline 0.003 -17"><span class='ocrx_word' id='word_1_687' title='bbox 2145 3862 2320 3931; x_wconf 87' lang='lat' dir='ltr'><strong><em>imago</em></strong></span> <span class='ocrx_word' id='word_1_688' title='bbox 2343 3870 2517 3915; x_wconf 88' lang='lat' dir='ltr'><strong><em>tamen</em></strong></span> <span class='ocrx_word' id='word_1_689' title='bbox 2542 3878 2647 3916; x_wconf 92' lang='lat' dir='ltr'><strong><em>non</em></strong></span> <span class='ocrx_word' id='word_1_690' title='bbox 2670 3869 2776 3927; x_wconf 91' lang='lat' dir='ltr'><strong><em>est,</em></strong></span> <span class='ocrx_word' id='word_1_691' title='bbox 2800 3862 2919 3931; x_wconf 83' lang='lat' dir='ltr'><strong><em>quia</em></strong></span> <span class='ocrx_word' id='word_1_692' title='bbox 2948 3871 3192 3917; x_wconf 89' lang='lat' dir='ltr'><strong><em>neutrum</em></strong></span> <span class='ocrx_word' id='word_1_693' title='bbox 3219 3863 3287 3917; x_wconf 87' lang='lat' dir='ltr'><strong><em>de</em></strong></span> <span class='ocrx_word' id='word_1_694' title='bbox 3313 3864 3488 3919; x_wconf 87' lang='lat' dir='ltr'><strong><em>altero</em></strong></span> <span class='ocrx_word' id='word_1_695' title='bbox 3515 3874 3720 3933; x_wconf 60' lang='lat' dir='ltr'><strong><em>expres-</em></strong></span> 
     </span>
    </p>
   </div>
   <div class='ocr_carea' id='block_1_83' title="bbox 2143 3951 3720 4023">
    <p class='ocr_par' dir='ltr' id='par_1_83' title="bbox 2143 3951 3720 4023">
     <span class='ocr_line' id='line_1_83' title="bbox 2143 3951 3720 4023; baseline 0 -16"><span class='ocrx_word' id='word_1_696' title='bbox 2143 3967 2259 4007; x_wconf 90' lang='lat' dir='ltr'><strong><em>sum</em></strong></span> <span class='ocrx_word' id='word_1_697' title='bbox 2290 3960 2390 4005; x_wconf 89' lang='lat' dir='ltr'><strong><em>est.</em></strong></span> <span class='ocrx_word' id='word_1_698' title='bbox 2427 3951 2525 4007; x_wconf 91' lang='lat' dir='ltr'><strong><em>Ubi</em></strong></span> <span class='ocrx_word' id='word_1_699' title='bbox 2573 3952 2893 4017; x_wconf 89' lang='lat' dir='ltr'><strong><em>similitudo,</em></strong></span> <span class='ocrx_word' id='word_1_700' title='bbox 2943 3968 3049 4007; x_wconf 89' lang='lat' dir='ltr'><strong><em>non</em></strong></span> <span class='ocrx_word' id='word_1_701' title='bbox 3097 3952 3349 4009; x_wconf 89' lang='lat' dir='ltr'><strong><em>continuo</em></strong></span> <span class='ocrx_word' id='word_1_702' title='bbox 3391 3955 3588 4023; x_wconf 84' lang='lat' dir='ltr'><strong><em>imago,</em></strong></span> <span class='ocrx_word' id='word_1_703' title='bbox 3619 3967 3720 4008; x_wconf 89' lang='lat' dir='ltr'><strong><em>non</em></strong></span> 
     </span>
    </p>
   </div>
   <div class='ocr_carea' id='block_1_84' title="bbox 2143 4042 3719 4114">
    <p class='ocr_par' dir='ltr' id='par_1_84' title="bbox 2143 4042 3719 4114">
     <span class='ocr_line' id='line_1_84' title="bbox 2143 4042 3719 4114; baseline -0.002 -16"><span class='ocrx_word' id='word_1_704' title='bbox 2143 4043 2396 4098; x_wconf 87' lang='lat' dir='ltr'><strong><em>continuo</em></strong></span> <span class='ocrx_word' id='word_1_705' title='bbox 2443 4042 2719 4110; x_wconf 73' lang='lat' dir='ltr'><strong><em>:eqnalitas</em></strong></span> <span class='ocrx_word' id='word_1_706' title='bbox 2753 4059 2766 4096; x_wconf 88' lang='lat'><strong>:</strong></span> <span class='ocrx_word' id='word_1_707' title='bbox 2800 4058 2958 4097; x_wconf 86' lang='lat' dir='ltr'><strong><em>omne</em></strong></span> <span class='ocrx_word' id='word_1_708' title='bbox 2991 4045 3187 4114; x_wconf 88' lang='lat' dir='ltr'><strong><em>quippe</em></strong></span> <span class='ocrx_word' id='word_1_709' title='bbox 3213 4059 3372 4098; x_wconf 90' lang='lat' dir='ltr'><strong><em>ovum</em></strong></span> <span class='ocrx_word' id='word_1_710' title='bbox 3416 4044 3563 4099; x_wconf 90' lang='lat' dir='ltr'><strong><em>omni</em></strong></span> <span class='ocrx_word' id='word_1_711' title='bbox 3594 4056 3719 4106; x_wconf 84' lang='lat' dir='ltr'><strong><em>ovo,</em></strong></span> 
     </span>
    </p>
   </div>
   <div class='ocr_carea' id='block_1_85' title="bbox 2143 4136 3719 4205">
    <p class='ocr_par' dir='ltr' id='par_1_85' title="bbox 2143 4136 3719 4205">
     <span class='ocr_line' id='line_1_85' title="bbox 2143 4136 3719 4205; baseline -0.002 -14"><span class='ocrx_word' id='word_1_712' title='bbox 2143 4136 2457 4205; x_wconf 88' lang='lat' dir='ltr'><strong><em>inquantum</em></strong></span> <span class='ocrx_word' id='word_1_713' title='bbox 2486 4151 2642 4190; x_wconf 90' lang='lat' dir='ltr'><strong><em>ovum</em></strong></span> <span class='ocrx_word' id='word_1_714' title='bbox 2669 4143 2774 4205; x_wconf 83' lang='lat' dir='ltr'><strong><em>est,</em></strong></span> <span class='ocrx_word' id='word_1_715' title='bbox 2811 4137 2985 4192; x_wconf 80' lang='lat' dir='ltr'><strong><em>simile</em></strong></span> <span class='ocrx_word' id='word_1_716' title='bbox 3014 4145 3128 4202; x_wconf 90' lang='lat' dir='ltr'><strong><em>est;</em></strong></span> <span class='ocrx_word' id='word_1_717' title='bbox 3161 4136 3253 4191; x_wconf 85' lang='lat' dir='ltr'><strong><em>sed</em></strong></span> <span class='ocrx_word' id='word_1_718' title='bbox 3286 4152 3444 4191; x_wconf 90' lang='lat' dir='ltr'><strong><em>ovum</em></strong></span> <span class='ocrx_word' id='word_1_719' title='bbox 3470 4136 3719 4205; x_wconf 86' lang='lat' dir='ltr'><strong><em>perdicis,</em></strong></span> 
     </span>
    </p>
   </div>
   <div class='ocr_carea' id='block_1_86' title="bbox 2142 4226 3716 4297">
    <p class='ocr_par' dir='ltr' id='par_1_86' title="bbox 2142 4226 3716 4297">
     <span class='ocr_line' id='line_1_86' title="bbox 2142 4226 3716 4297; baseline 0 -19"><span class='ocrx_word' id='word_1_720' title='bbox 2142 4230 2383 4295; x_wconf 87' lang='lat' dir='ltr'><strong><em>quamvis</em></strong></span> <span class='ocrx_word' id='word_1_721' title='bbox 2405 4227 2713 4297; x_wconf 85' lang='lat' dir='ltr'><strong><em>inquantum</em></strong></span> <span class='ocrx_word' id='word_1_722' title='bbox 2737 4242 2893 4281; x_wconf 89' lang='lat' dir='ltr'><strong><em>ovum</em></strong></span> <span class='ocrx_word' id='word_1_723' title='bbox 2918 4236 3018 4292; x_wconf 87' lang='lat' dir='ltr'><strong><em>est,</em></strong></span> <span class='ocrx_word' id='word_1_724' title='bbox 3048 4226 3220 4282; x_wconf 86' lang='lat' dir='ltr'><strong><em>simile</em></strong></span> <span class='ocrx_word' id='word_1_725' title='bbox 3244 4237 3325 4281; x_wconf 89' lang='lat' dir='ltr'><strong><em>est</em></strong></span> <span class='ocrx_word' id='word_1_726' title='bbox 3352 4241 3454 4280; x_wconf 90' lang='lat' dir='ltr'><strong><em>ovo</em></strong></span> <span class='ocrx_word' id='word_1_727' title='bbox 3480 4227 3716 4295; x_wconf 65' lang='lat' dir='ltr'><strong><em>gallinae,</em></strong></span> 
     </span>
    </p>
   </div>
   <div class='ocr_carea' id='block_1_87' title="bbox 2145 4318 3718 4388">
    <p class='ocr_par' dir='ltr' id='par_1_87' title="bbox 2145 4318 3718 4388">
     <span class='ocr_line' id='line_1_87' title="bbox 2145 4318 3718 4388; baseline -0.001 -17"><span class='ocrx_word' id='word_1_728' title='bbox 2145 4334 2241 4372; x_wconf 90' lang='lat' dir='ltr'><strong><em>nec</em></strong></span> <span class='ocrx_word' id='word_1_729' title='bbox 2264 4321 2434 4388; x_wconf 86' lang='lat' dir='ltr'><strong><em>imago</em></strong></span> <span class='ocrx_word' id='word_1_730' title='bbox 2457 4328 2631 4373; x_wconf 89' lang='lat' dir='ltr'><strong><em>tamen</em></strong></span> <span class='ocrx_word' id='word_1_731' title='bbox 2655 4319 2772 4387; x_wconf 88' lang='lat' dir='ltr'><strong><em>ejus</em></strong></span> <span class='ocrx_word' id='word_1_732' title='bbox 2793 4328 2901 4383; x_wconf 88' lang='lat' dir='ltr'><strong><em>est,</em></strong></span> <span class='ocrx_word' id='word_1_733' title='bbox 2926 4318 3049 4387; x_wconf 88' lang='lat' dir='ltr'><strong><em>quia</em></strong></span> <span class='ocrx_word' id='word_1_734' title='bbox 3072 4319 3139 4373; x_wconf 89' lang='lat' dir='ltr'><strong><em>de</em></strong></span> <span class='ocrx_word' id='word_1_735' title='bbox 3164 4318 3258 4372; x_wconf 88' lang='lat' dir='ltr'><strong><em>illo</em></strong></span> <span class='ocrx_word' id='word_1_736' title='bbox 3279 4334 3592 4387; x_wconf 78' lang='lat' dir='ltr'><strong><em>expressum</em></strong></span> <span class='ocrx_word' id='word_1_737' title='bbox 3619 4331 3718 4371; x_wconf 89' lang='lat' dir='ltr'><strong><em>non</em></strong></span> 
     </span>
    </p>
   </div>
   <div class='ocr_carea' id='block_1_88' title="bbox 2142 4409 3719 4479">
    <p class='ocr_par' dir='ltr' id='par_1_88' title="bbox 2142 4409 3719 4479">
     <span class='ocr_line' id='line_1_88' title="bbox 2142 4409 3719 4479; baseline -0.002 -15"><span class='ocrx_word' id='word_1_738' title='bbox 2142 4417 2257 4474; x_wconf 88' lang='lat' dir='ltr'><strong><em>est;</em></strong></span> <span class='ocrx_word' id='word_1_739' title='bbox 2289 4425 2389 4464; x_wconf 89' lang='lat' dir='ltr'><strong><em>nec</em></strong></span> <span class='ocrx_word' id='word_1_740' title='bbox 2413 4410 2633 4479; x_wconf 64' lang='lat' dir='ltr'><strong><em>aequale,</em></strong></span> <span class='ocrx_word' id='word_1_741' title='bbox 2664 4410 2784 4478; x_wconf 91' lang='lat' dir='ltr'><strong><em>quia</em></strong></span> <span class='ocrx_word' id='word_1_742' title='bbox 2809 4410 3022 4464; x_wconf 85' lang='lat' dir='ltr'><strong><em>brevius</em></strong></span> <span class='ocrx_word' id='word_1_743' title='bbox 3050 4416 3154 4479; x_wconf 87' lang='lat' dir='ltr'><strong><em>est,</em></strong></span> <span class='ocrx_word' id='word_1_744' title='bbox 3180 4416 3236 4464; x_wconf 89' lang='lat' dir='ltr'><strong><em>et</em></strong></span> <span class='ocrx_word' id='word_1_745' title='bbox 3262 4410 3485 4463; x_wconf 87' lang='lat' dir='ltr'><strong><em>alterius</em></strong></span> <span class='ocrx_word' id='word_1_746' title='bbox 3510 4409 3719 4479; x_wconf 82' lang='lat' dir='ltr'><strong><em>generis</em></strong></span> 
     </span>
    </p>
   </div>
   <div class='ocr_carea' id='block_1_89' title="bbox 2141 4500 3719 4569">
    <p class='ocr_par' dir='ltr' id='par_1_89' title="bbox 2141 4500 3719 4569">
     <span class='ocr_line' id='line_1_89' title="bbox 2141 4500 3719 4569; baseline -0.001 -13"><span class='ocrx_word' id='word_1_747' title='bbox 2141 4502 2513 4557; x_wconf 89' lang='lat' dir='ltr'><strong><em>animantium.</em></strong></span> <span class='ocrx_word' id='word_1_748' title='bbox 2566 4500 2670 4557; x_wconf 87' lang='lat' dir='ltr'><strong><em>Sed</em></strong></span> <span class='ocrx_word' id='word_1_749' title='bbox 2717 4500 2806 4555; x_wconf 88' lang='lat' dir='ltr'><strong><em>ubi</em></strong></span> <span class='ocrx_word' id='word_1_750' title='bbox 2854 4501 3064 4567; x_wconf 91' lang='lat' dir='ltr'><strong><em>dicitur,</em></strong></span> <span class='ocrx_word' id='word_1_751' title='bbox 3098 4516 3203 4555; x_wconf 91' lang='lat' dir='ltr'><strong><em>non</em></strong></span> <span class='ocrx_word' id='word_1_752' title='bbox 3234 4501 3512 4565; x_wconf 88' lang='lat' dir='ltr'><strong><em>continuo,</em></strong></span> <span class='ocrx_word' id='word_1_753' title='bbox 3544 4500 3719 4569; x_wconf 83' lang='lat' dir='ltr'><strong><em>utique</em></strong></span> 
     </span>
    </p>
   </div>
   <div class='ocr_carea' id='block_1_90' title="bbox 2144 4592 3823 4663">
    <p class='ocr_par' dir='ltr' id='par_1_90' title="bbox 2144 4592 3823 4663">
     <span class='ocr_line' id='line_1_90' title="bbox 2144 4592 3823 4663; baseline -0.004 -15"><span class='ocrx_word' id='word_1_754' title='bbox 2144 4595 2479 4663; x_wconf 82' lang='lat' dir='ltr'><strong><em>intelligitur,</em></strong></span> <span class='ocrx_word' id='word_1_755' title='bbox 2510 4594 2631 4663; x_wconf 85' lang='lat' dir='ltr'><strong><em>quia</em></strong></span> <span class='ocrx_word' id='word_1_756' title='bbox 2675 4606 2795 4647; x_wconf 86' lang='lat' dir='ltr'><strong><em>esse</em></strong></span> <span class='ocrx_word' id='word_1_757' title='bbox 2836 4592 3123 4662; x_wconf 88' lang='lat' dir='ltr'><strong><em>aliquando</em></strong></span> <span class='ocrx_word' id='word_1_758' title='bbox 3152 4598 3345 4661; x_wconf 85' lang='lat' dir='ltr'><strong><em>potest.</em></strong></span> <span class='ocrx_word' id='word_1_759' title='bbox 3387 4592 3565 4645; x_wconf 88' lang='lat' dir='ltr'><strong><em>Potest</em></strong></span> <span class='ocrx_word' id='word_1_760' title='bbox 3593 4604 3718 4659; x_wconf 85' lang='lat' dir='ltr'><strong><em>ergo</em></strong></span> <span class='ocrx_word' id='word_1_761' title='bbox 3814 4622 3823 4633; x_wconf 71' lang='grc' dir='ltr'><strong><em>ο</em></strong></span> 
     </span>
    </p>
   </div>
   <div class='ocr_carea' id='block_1_91' title="bbox 2142 4679 3717 4761">
    <p class='ocr_par' dir='ltr' id='par_1_91' title="bbox 2142 4679 3717 4761">
     <span class='ocr_line' id='line_1_91' title="bbox 2142 4679 3717 4761; baseline -0.006 -21"><span class='ocrx_word' id='word_1_762' title='bbox 2142 4700 2263 4741; x_wconf 69' lang='grc' dir='ltr'><strong><em>θεεε</em></strong></span> <span class='ocrx_word' id='word_1_763' title='bbox 2292 4686 2465 4754; x_wconf 89' lang='lat' dir='ltr'><strong><em>aliqua</em></strong></span> <span class='ocrx_word' id='word_1_764' title='bbox 2496 4685 2690 4761; x_wconf 77' lang='lat' dir='ltr'><strong><em>imago,</em></strong></span> <span class='ocrx_word' id='word_1_765' title='bbox 2722 4683 2772 4737; x_wconf 93' lang='lat' dir='ltr'><strong><em>in</em></strong></span> <span class='ocrx_word' id='word_1_766' title='bbox 2803 4696 2904 4751; x_wconf 88' lang='lat' dir='ltr'><strong><em>qua</em></strong></span> <span class='ocrx_word' id='word_1_767' title='bbox 2933 4683 3003 4736; x_wconf 90' lang='lat' dir='ltr'><strong><em>sit</em></strong></span> <span class='ocrx_word' id='word_1_768' title='bbox 3028 4683 3187 4738; x_wconf 89' lang='lat' dir='ltr'><strong><em>etiam</em></strong></span> <span class='ocrx_word' id='word_1_769' title='bbox 3218 4680 3494 4750; x_wconf 65' lang='lat' dir='ltr'><strong><em>mqualitas</em></strong></span> <span class='ocrx_word' id='word_1_770' title='bbox 3521 4694 3536 4735; x_wconf 91' lang='lat'><strong>:</strong></span> <span class='ocrx_word' id='word_1_771' title='bbox 3569 4688 3627 4733; x_wconf 86' lang='lat' dir='ltr'><strong><em>ut</em></strong></span> <span class='ocrx_word' id='word_1_772' title='bbox 3666 4679 3717 4732; x_wconf 89' lang='lat' dir='ltr'><strong><em>in</em></strong></span> 
     </span>
    </p>
   </div>
   <div class='ocr_carea' id='block_1_92' title="bbox 2145 4772 3717 4847">
    <p class='ocr_par' dir='ltr' id='par_1_92' title="bbox 2145 4772 3717 4847">
     <span class='ocr_line' id='line_1_92' title="bbox 2145 4772 3717 4847; baseline -0.004 -15"><span class='ocrx_word' id='word_1_773' title='bbox 2145 4777 2454 4847; x_wconf 87' lang='lat' dir='ltr'><strong><em>parentibus</em></strong></span> <span class='ocrx_word' id='word_1_774' title='bbox 2482 4785 2536 4831; x_wconf 89' lang='lat' dir='ltr'><strong><em>et</em></strong></span> <span class='ocrx_word' id='word_1_775' title='bbox 2567 4776 2688 4830; x_wconf 83' lang='lat' dir='ltr'><strong><em>(iliis</em></strong></span> <span class='ocrx_word' id='word_1_776' title='bbox 2721 4776 3051 4830; x_wconf 86' lang='lat' dir='ltr'><strong><em>inveniretur</em></strong></span> <span class='ocrx_word' id='word_1_777' title='bbox 3078 4775 3252 4844; x_wconf 84' lang='lat' dir='ltr'><strong><em>imago</em></strong></span> <span class='ocrx_word' id='word_1_778' title='bbox 3281 4783 3335 4828; x_wconf 91' lang='lat' dir='ltr'><strong><em>et</em></strong></span> <span class='ocrx_word' id='word_1_779' title='bbox 3362 4772 3636 4842; x_wconf 67' lang='lat' dir='ltr'><strong><em>aequalitas</em></strong></span> <span class='ocrx_word' id='word_1_780' title='bbox 3665 4779 3717 4825; x_wconf 78' lang='lat' dir='ltr'><strong><em>et</em></strong></span> 
     </span>
    </p>
   </div>
   <div class='ocr_carea' id='block_1_93' title="bbox 467 4844 3715 4936">
    <p class='ocr_par' dir='ltr' id='par_1_93' title="bbox 467 4844 3715 4936">
     <span class='ocr_line' id='line_1_93' title="bbox 467 4844 3715 4936; baseline -0.003 -11"><span class='ocrx_word' id='word_1_781' title='bbox 467 4872 549 4925; x_wconf 81' lang='lat' dir='ltr'><strong><em>trii</em></strong></span> <span class='ocrx_word' id='word_1_782' title='bbox 584 4864 882 4936; x_wconf 79' lang='lat' dir='ltr'><strong><em>reparando</em></strong></span> <span class='ocrx_word' id='word_1_783' title='bbox 910 4872 965 4918; x_wconf 89' lang='lat' dir='ltr'><strong><em>et</em></strong></span> <span class='ocrx_word' id='word_1_784' title='bbox 992 4865 1356 4918; x_wconf 80' lang='lat' dir='ltr'><strong><em>continuando</em></strong></span> <span class='ocrx_word' id='word_1_785' title='bbox 1379 4865 1683 4934; x_wconf 84' lang='lat' dir='ltr'><strong><em>quotidiana</em></strong></span> <span class='ocrx_word' id='word_1_786' title='bbox 1709 4871 1876 4936; x_wconf 88' lang='lat' dir='ltr'><strong><em>gratia</em></strong></span> <span class='ocrx_word' id='word_1_787' title='bbox 1901 4885 1995 4923; x_wconf 90' lang='lat' dir='ltr'><strong><em>sua</em></strong></span> <span class='ocrx_word' id='word_1_788' title='bbox 2020 4889 2034 4926; x_wconf 85' lang='lat'>:</span> <span class='ocrx_word' id='word_1_789' title='bbox 2072 4844 2121 4903; x_wconf 81' lang='lat' dir='ltr'><strong><em>D</em></strong></span> <span class='ocrx_word' id='word_1_790' title='bbox 2143 4844 2453 4933; x_wconf 76' lang='lat' dir='ltr'><strong><em>similitudo,</em></strong></span> <span class='ocrx_word' id='word_1_791' title='bbox 2482 4869 2525 4921; x_wconf 89' lang='lat' dir='ltr'><strong><em>si</em></strong></span> <span class='ocrx_word' id='word_1_792' title='bbox 2554 4867 2888 4921; x_wconf 87' lang='lat' dir='ltr'><strong><em>intervallum</em></strong></span> <span class='ocrx_word' id='word_1_793' title='bbox 2919 4865 3171 4935; x_wconf 81' lang='lat' dir='ltr'><strong><em>temporis</em></strong></span> <span class='ocrx_word' id='word_1_794' title='bbox 3194 4865 3448 4918; x_wconf 77' lang='lat' dir='ltr'><strong><em>defuisset</em></strong></span> <span class='ocrx_word' id='word_1_795' title='bbox 3480 4881 3492 4913; x_wconf 88' lang='lat'><strong>:</strong></span> <span class='ocrx_word' id='word_1_796' title='bbox 3521 4876 3638 4916; x_wconf 89' lang='lat' dir='ltr'><strong><em>nam</em></strong></span> <span class='ocrx_word' id='word_1_797' title='bbox 3662 4869 3715 4914; x_wconf 88' lang='lat' dir='ltr'><strong><em>et</em></strong></span> 
     </span>
    </p>
   </div>
   <div class='ocr_carea' id='block_1_94' title="bbox 465 4958 2039 5035">
    <p class='ocr_par' dir='ltr' id='par_1_94' title="bbox 465 4958 2039 5035">
     <span class='ocr_line' id='line_1_94' title="bbox 465 4958 2039 5035; baseline 0.001 -19"><span class='ocrx_word' id='word_1_798' title='bbox 465 4964 599 5017; x_wconf 78' lang='lat' dir='ltr'><strong><em>sicut</em></strong></span> <span class='ocrx_word' id='word_1_799' title='bbox 631 4962 682 5014; x_wconf 88' lang='lat' dir='ltr'><strong><em>in</em></strong></span> <span class='ocrx_word' id='word_1_800' title='bbox 714 4958 959 5035; x_wconf 63' lang='lat' dir='ltr'><strong><em>pra&#39;senti</em></strong></span> <span class='ocrx_word' id='word_1_801' title='bbox 986 4964 1109 5011; x_wconf 87' lang='lat' dir='ltr'><strong><em>orat</em></strong></span> <span class='ocrx_word' id='word_1_802' title='bbox 1134 4964 1191 5010; x_wconf 92' lang='lat' dir='ltr'><strong><em>ut</em></strong></span> <span class='ocrx_word' id='word_1_803' title='bbox 1220 4958 1537 5025; x_wconf 78' lang='lat' dir='ltr'><strong><em>impleantur</em></strong></span> <span class='ocrx_word' id='word_1_804' title='bbox 1560 4961 1829 5027; x_wconf 64' lang='lat' dir='ltr'><strong><em>agnitione</em></strong></span> <span class='ocrx_word' id='word_1_805' title='bbox 1856 4963 2039 5017; x_wconf 71' lang='lat' dir='ltr'><strong><em>volun-</em></strong></span> 
     </span>
    </p>
   </div>
   <div class='ocr_carea' id='block_1_95' title="bbox 470 5047 2035 5121">
    <p class='ocr_par' dir='ltr' id='par_1_95' title="bbox 470 5047 2035 5121">
     <span class='ocr_line' id='line_1_95' title="bbox 470 5047 2035 5121; baseline 0.003 -16"><span class='ocrx_word' id='word_1_806' title='bbox 470 5055 588 5106; x_wconf 86' lang='lat' dir='ltr'><strong><em>tatis</em></strong></span> <span class='ocrx_word' id='word_1_807' title='bbox 614 5051 750 5120; x_wconf 84' lang='lat' dir='ltr'><strong><em>ejus,</em></strong></span> <span class='ocrx_word' id='word_1_808' title='bbox 784 5051 836 5105; x_wconf 91' lang='lat' dir='ltr'><strong><em>in</em></strong></span> <span class='ocrx_word' id='word_1_809' title='bbox 864 5047 1010 5104; x_wconf 88' lang='lat' dir='ltr'><strong><em>omni</em></strong></span> <span class='ocrx_word' id='word_1_810' title='bbox 1035 5049 1316 5115; x_wconf 81' lang='lat' dir='ltr'><strong><em>sa;-ienlia,</em></strong></span> <span class='ocrx_word' id='word_1_811' title='bbox 1347 5065 1446 5120; x_wconf 82' lang='lat' dir='ltr'><strong><em>qua</em></strong></span> <span class='ocrx_word' id='word_1_812' title='bbox 1479 5051 1688 5120; x_wconf 80' lang='lat' dir='ltr'><strong><em>possint</em></strong></span> <span class='ocrx_word' id='word_1_813' title='bbox 1730 5052 1885 5121; x_wconf 86' lang='lat' dir='ltr'><strong><em>digne</em></strong></span> <span class='ocrx_word' id='word_1_814' title='bbox 1929 5055 2035 5109; x_wconf 91' lang='lat' dir='ltr'><strong><em>Deo</em></strong></span> 
     </span>
    </p>
   </div>
   <div class='ocr_carea' id='block_1_96' title="bbox 467 5138 2038 5214">
    <p class='ocr_par' dir='ltr' id='par_1_96' title="bbox 467 5138 2038 5214">
     <span class='ocr_line' id='line_1_96' title="bbox 467 5138 2038 5214; baseline 0.003 -21"><span class='ocrx_word' id='word_1_815' title='bbox 467 5143 518 5195; x_wconf 87' lang='lat' dir='ltr'><strong><em>in</em></strong></span> <span class='ocrx_word' id='word_1_816' title='bbox 550 5142 795 5194; x_wconf 81' lang='lat' dir='ltr'><strong><em>omnibus</em></strong></span> <span class='ocrx_word' id='word_1_817' title='bbox 822 5140 1116 5195; x_wconf 86' lang='lat' dir='ltr'><strong><em>ambulare.</em></strong></span> <span class='ocrx_word' id='word_1_818' title='bbox 1150 5138 1342 5211; x_wconf 82' lang='lat' dir='ltr'><strong><em>Digne,</em></strong></span> <span class='ocrx_word' id='word_1_819' title='bbox 1378 5139 1483 5194; x_wconf 84' lang='lat' dir='ltr'><strong><em>Deo</em></strong></span> <span class='ocrx_word' id='word_1_820' title='bbox 1519 5158 1607 5211; x_wconf 88' lang='lat' dir='ltr'><strong><em>per</em></strong></span> <span class='ocrx_word' id='word_1_821' title='bbox 1637 5144 1805 5195; x_wconf 77' lang='lat' dir='ltr'><strong><em>o-mia</em></strong></span> <span class='ocrx_word' id='word_1_822' title='bbox 1832 5147 2038 5214; x_wconf 85' lang='lat' dir='ltr'><strong><em>placen-</em></strong></span> 
     </span>
    </p>
   </div>
   <div class='ocr_carea' id='block_1_97' title="bbox 466 5230 2036 5301">
    <p class='ocr_par' dir='ltr' id='par_1_97' title="bbox 466 5230 2036 5301">
     <span class='ocr_line' id='line_1_97' title="bbox 466 5230 2036 5301; baseline 0.005 -19"><span class='ocrx_word' id='word_1_823' title='bbox 466 5242 570 5294; x_wconf 88' lang='lat' dir='ltr'><strong><em>tes,</em></strong></span> <span class='ocrx_word' id='word_1_824' title='bbox 599 5231 654 5283; x_wconf 85' lang='lat' dir='ltr'><strong><em>in</em></strong></span> <span class='ocrx_word' id='word_1_825' title='bbox 683 5230 819 5282; x_wconf 87' lang='lat' dir='ltr'><strong><em>omni</em></strong></span> <span class='ocrx_word' id='word_1_826' title='bbox 846 5246 995 5297; x_wconf 88' lang='lat' dir='ltr'><strong><em>opere</em></strong></span> <span class='ocrx_word' id='word_1_827' title='bbox 1019 5233 1144 5283; x_wconf 78' lang='lat' dir='ltr'><strong><em>bono</em></strong></span> <span class='ocrx_word' id='word_1_828' title='bbox 1173 5232 1562 5301; x_wconf 78' lang='lat' dir='ltr'><strong><em>fructiﬁcantes,</em></strong></span> <span class='ocrx_word' id='word_1_829' title='bbox 1602 5242 1648 5285; x_wconf 89' lang='lat' dir='ltr'><strong><em>et</em></strong></span> <span class='ocrx_word' id='word_1_830' title='bbox 1679 5246 1955 5289; x_wconf 85' lang='lat' dir='ltr'><strong><em>crescentes</em></strong></span> <span class='ocrx_word' id='word_1_831' title='bbox 1983 5237 2036 5290; x_wconf 88' lang='lat' dir='ltr'><strong><em>in</em></strong></span> 
     </span>
    </p>
   </div>
   <div class='ocr_carea' id='block_1_98' title="bbox 464 5319 2034 5395">
    <p class='ocr_par' dir='ltr' id='par_1_98' title="bbox 464 5319 2034 5395">
     <span class='ocr_line' id='line_1_98' title="bbox 464 5319 2034 5395; baseline 0.004 -20"><span class='ocrx_word' id='word_1_832' title='bbox 464 5323 674 5376; x_wconf 86' lang='lat' dir='ltr'><strong><em>scientia</em></strong></span> <span class='ocrx_word' id='word_1_833' title='bbox 723 5319 834 5374; x_wconf 90' lang='lat' dir='ltr'><strong><em>Dei.</em></strong></span> <span class='ocrx_word' id='word_1_834' title='bbox 871 5321 1032 5389; x_wconf 73' lang='lat' dir='ltr'><strong><em>Digne</em></strong></span> <span class='ocrx_word' id='word_1_835' title='bbox 1065 5322 1170 5375; x_wconf 89' lang='lat' dir='ltr'><strong><em>Deo</em></strong></span> <span class='ocrx_word' id='word_1_836' title='bbox 1209 5323 1477 5391; x_wconf 69' lang='lat' dir='ltr'><strong><em>ambulat,</em></strong></span> <span class='ocrx_word' id='word_1_837' title='bbox 1529 5325 1615 5393; x_wconf 90' lang='lat' dir='ltr'><strong><em>qui</em></strong></span> <span class='ocrx_word' id='word_1_838' title='bbox 1657 5326 1703 5379; x_wconf 93' lang='lat' dir='ltr'><strong><em>ei</em></strong></span> <span class='ocrx_word' id='word_1_839' title='bbox 1738 5342 1831 5395; x_wconf 85' lang='lat' dir='ltr'><strong><em>per</em></strong></span> <span class='ocrx_word' id='word_1_840' title='bbox 1861 5328 2034 5382; x_wconf 89' lang='lat' dir='ltr'><strong><em>omnia</em></strong></span> 
     </span>
    </p>
   </div>
   <div class='ocr_carea' id='block_1_99' title="bbox 466 5409 2035 5483">
    <p class='ocr_par' dir='ltr' id='par_1_99' title="bbox 466 5409 2035 5483">
     <span class='ocr_line' id='line_1_99' title="bbox 466 5409 2035 5483; baseline 0.002 -16"><span class='ocrx_word' id='word_1_841' title='bbox 466 5416 635 5483; x_wconf 84' lang='lat' dir='ltr'><strong><em>placet</em></strong></span> <span class='ocrx_word' id='word_1_842' title='bbox 661 5428 675 5465; x_wconf 87' lang='lat'><strong>:</strong></span> <span class='ocrx_word' id='word_1_843' title='bbox 709 5411 809 5463; x_wconf 88' lang='lat' dir='ltr'><strong><em>hoc</em></strong></span> <span class='ocrx_word' id='word_1_844' title='bbox 834 5416 939 5472; x_wconf 84' lang='lat' dir='ltr'><strong><em>est,</em></strong></span> <span class='ocrx_word' id='word_1_845' title='bbox 972 5409 1022 5462; x_wconf 89' lang='lat' dir='ltr'><strong><em>in</em></strong></span> <span class='ocrx_word' id='word_1_846' title='bbox 1052 5411 1196 5464; x_wconf 89' lang='lat' dir='ltr'><strong><em>omni</em></strong></span> <span class='ocrx_word' id='word_1_847' title='bbox 1222 5426 1384 5477; x_wconf 82' lang='lat' dir='ltr'><strong><em>Opere</em></strong></span> <span class='ocrx_word' id='word_1_848' title='bbox 1416 5414 1575 5478; x_wconf 66' lang='lat' dir='ltr'><strong><em>hunc,</em></strong></span> <span class='ocrx_word' id='word_1_849' title='bbox 1607 5423 1664 5467; x_wconf 91' lang='lat' dir='ltr'><strong><em>ut</em></strong></span> <span class='ocrx_word' id='word_1_850' title='bbox 1690 5418 1913 5470; x_wconf 75' lang='lat' dir='ltr'><strong><em>scicntia</em></strong></span> <span class='ocrx_word' id='word_1_851' title='bbox 1947 5419 2035 5471; x_wconf 79' lang='lat' dir='ltr'><strong><em>Dei</em></strong></span> 
     </span>
    </p>
   </div>
   <div class='ocr_carea' id='block_1_100' title="bbox 464 5497 2036 5563">
    <p class='ocr_par' dir='ltr' id='par_1_100' title="bbox 464 5497 2036 5563">
     <span class='ocr_line' id='line_1_100' title="bbox 464 5497 2036 5563; baseline 0.002 -5"><span class='ocrx_word' id='word_1_852' title='bbox 464 5512 665 5558; x_wconf 65' lang='lat' dir='ltr'><strong><em>eri-seat</em></strong></span> <span class='ocrx_word' id='word_1_853' title='bbox 694 5509 748 5556; x_wconf 89' lang='lat' dir='ltr'><strong><em>et</em></strong></span> <span class='ocrx_word' id='word_1_854' title='bbox 778 5498 1002 5555; x_wconf 81' lang='lat' dir='ltr'><strong><em>fructus.</em></strong></span> <span class='ocrx_word' id='word_1_855' title='bbox 1050 5497 1116 5551; x_wconf 87' lang='lat' dir='ltr'><strong><em>lu</em></strong></span> <span class='ocrx_word' id='word_1_856' title='bbox 1160 5502 1297 5553; x_wconf 86' lang='lat' dir='ltr'><strong><em>omni</em></strong></span> <span class='ocrx_word' id='word_1_857' title='bbox 1340 5502 1539 5556; x_wconf 70' lang='lat' dir='ltr'><strong><em>virzute.</em></strong></span> <span class='ocrx_word' id='word_1_858' title='bbox 1590 5505 1766 5558; x_wconf 80' lang='lat' dir='ltr'><strong><em>Virtus</em></strong></span> <span class='ocrx_word' id='word_1_859' title='bbox 1806 5515 1889 5559; x_wconf 85' lang='lat' dir='ltr'><strong><em>est</em></strong></span> <span class='ocrx_word' id='word_1_860' title='bbox 1916 5523 2036 5563; x_wconf 89' lang='lat' dir='ltr'><strong><em>cum</em></strong></span> 
     </span>
    </p>
   </div>
   <div class='ocr_carea' id='block_1_101' title="bbox 465 5589 2038 5669">
    <p class='ocr_par' dir='ltr' id='par_1_101' title="bbox 465 5589 2038 5669">
     <span class='ocr_line' id='line_1_101' title="bbox 465 5589 2038 5669; baseline 0.003 -23"><span class='ocrx_word' id='word_1_861' title='bbox 465 5596 756 5648; x_wconf 78' lang='lat' dir='ltr'><strong><em>inveterata</em></strong></span> <span class='ocrx_word' id='word_1_862' title='bbox 790 5589 1040 5644; x_wconf 87' lang='lat' dir='ltr'><strong><em>vitiorum</em></strong></span> <span class='ocrx_word' id='word_1_863' title='bbox 1065 5591 1468 5656; x_wconf 79' lang='lat' dir='ltr'><strong><em>consuetudine,</em></strong></span> <span class='ocrx_word' id='word_1_864' title='bbox 1499 5595 1583 5645; x_wconf 87' lang='lat' dir='ltr'><strong><em>vel</em></strong></span> <span class='ocrx_word' id='word_1_865' title='bbox 1614 5595 1664 5647; x_wconf 90' lang='lat' dir='ltr'><strong><em>in</em></strong></span> <span class='ocrx_word' id='word_1_866' title='bbox 1691 5596 1932 5669; x_wconf 82' lang='lat' dir='ltr'><strong><em>passione</em></strong></span> <span class='ocrx_word' id='word_1_867' title='bbox 1960 5598 2038 5650; x_wconf 83' lang='lat' dir='ltr'><strong><em>in-</em></strong></span> 
     </span>
    </p>
   </div>
   <div class='ocr_carea' id='block_1_102' title="bbox 466 5678 2035 5757">
    <p class='ocr_par' dir='ltr' id='par_1_102' title="bbox 466 5678 2035 5757">
     <span class='ocr_line' id='line_1_102' title="bbox 466 5678 2035 5757; baseline 0.002 -21"><span class='ocrx_word' id='word_1_868' title='bbox 466 5685 766 5738; x_wconf 70' lang='lat' dir='ltr'><strong><em>ﬁrmitatem</em></strong></span> <span class='ocrx_word' id='word_1_869' title='bbox 800 5682 977 5738; x_wconf 79' lang='lat' dir='ltr'><strong><em>carnis</em></strong></span> <span class='ocrx_word' id='word_1_870' title='bbox 1006 5695 1275 5750; x_wconf 82' lang='lat' dir='ltr'><strong><em>superare.</em></strong></span> <span class='ocrx_word' id='word_1_871' title='bbox 1306 5678 1592 5750; x_wconf 76' lang='lat' dir='ltr'><strong><em>Confertati</em></strong></span> <span class='ocrx_word' id='word_1_872' title='bbox 1633 5687 1909 5738; x_wconf 81' lang='lat' dir='ltr'><strong><em>secundum</em></strong></span> <span class='ocrx_word' id='word_1_873' title='bbox 1946 5703 2035 5757; x_wconf 87' lang='lat' dir='ltr'><strong><em>po-</em></strong></span> 
     </span>
    </p>
   </div>
   <div class='ocr_carea' id='block_1_103' title="bbox 2142 4951 3715 5028">
    <p class='ocr_par' dir='ltr' id='par_1_103' title="bbox 2142 4951 3715 5028">
     <span class='ocr_line' id='line_1_103' title="bbox 2142 4951 3715 5028; baseline -0.007 -14"><span class='ocrx_word' id='word_1_874' title='bbox 2142 4960 2211 5014; x_wconf 91' lang='lat' dir='ltr'><strong><em>de</em></strong></span> <span class='ocrx_word' id='word_1_875' title='bbox 2236 4970 2455 5028; x_wconf 86' lang='lat' dir='ltr'><strong><em>parente</em></strong></span> <span class='ocrx_word' id='word_1_876' title='bbox 2479 4970 2731 5026; x_wconf 73' lang='lat' dir='ltr'><strong><em>expressa</em></strong></span> <span class='ocrx_word' id='word_1_877' title='bbox 2759 4966 2838 5009; x_wconf 88' lang='lat' dir='ltr'><strong><em>est</em></strong></span> <span class='ocrx_word' id='word_1_878' title='bbox 2868 4956 3160 5010; x_wconf 86' lang='lat' dir='ltr'><strong><em>similitudo</em></strong></span> <span class='ocrx_word' id='word_1_879' title='bbox 3189 4954 3373 5020; x_wconf 72' lang='lat' dir='ltr'><strong><em>lilii,ut</em></strong></span> <span class='ocrx_word' id='word_1_880' title='bbox 3403 4959 3547 5008; x_wconf 78' lang='lat' dir='ltr'><strong><em>recte</em></strong></span> <span class='ocrx_word' id='word_1_881' title='bbox 3571 4951 3715 5005; x_wconf 68' lang='lat' dir='ltr'><strong><em>dica.</em></strong></span> 
     </span>
    </p>
   </div>
   <div class='ocr_carea' id='block_1_104' title="bbox 2146 5041 3721 5120">
    <p class='ocr_par' dir='ltr' id='par_1_104' title="bbox 2146 5041 3721 5120">
     <span class='ocr_line' id='line_1_104' title="bbox 2146 5041 3721 5120; baseline -0.007 -15"><span class='ocrx_word' id='word_1_882' title='bbox 2146 5060 2231 5106; x_wconf 88' lang='lat' dir='ltr'><strong><em>tur</em></strong></span> <span class='ocrx_word' id='word_1_883' title='bbox 2261 5053 2434 5120; x_wconf 87' lang='lat' dir='ltr'><strong><em>imago</em></strong></span> <span class='ocrx_word' id='word_1_884' title='bbox 2463 5064 2477 5101; x_wconf 87' lang='lat'><strong>:</strong></span> <span class='ocrx_word' id='word_1_885' title='bbox 2507 5056 2563 5104; x_wconf 90' lang='lat' dir='ltr'><strong><em>et</em></strong></span> <span class='ocrx_word' id='word_1_886' title='bbox 2590 5059 2760 5118; x_wconf 79' lang='lat' dir='ltr'><strong><em>poteSt</em></strong></span> <span class='ocrx_word' id='word_1_887' title='bbox 2787 5061 2907 5103; x_wconf 90' lang='lat' dir='ltr'><strong><em>esse</em></strong></span> <span class='ocrx_word' id='word_1_888' title='bbox 2937 5056 3102 5113; x_wconf 88' lang='lat' dir='ltr'><strong><em>tanta,</em></strong></span> <span class='ocrx_word' id='word_1_889' title='bbox 3133 5055 3192 5101; x_wconf 91' lang='lat' dir='ltr'><strong><em>ut</em></strong></span> <span class='ocrx_word' id='word_1_890' title='bbox 3221 5060 3363 5101; x_wconf 90' lang='lat' dir='ltr'><strong><em>recte</em></strong></span> <span class='ocrx_word' id='word_1_891' title='bbox 3390 5048 3551 5100; x_wconf 69' lang='lat' dir='ltr'><strong><em>etiam</em></strong></span> <span class='ocrx_word' id='word_1_892' title='bbox 3578 5041 3721 5096; x_wconf 83' lang='lat' dir='ltr'><strong><em>dica-</em></strong></span> 
     </span>
    </p>
   </div>
   <div class='ocr_carea' id='block_1_105' title="bbox 2146 5132 3713 5210">
    <p class='ocr_par' dir='ltr' id='par_1_105' title="bbox 2146 5132 3713 5210">
     <span class='ocr_line' id='line_1_105' title="bbox 2146 5132 3713 5210; baseline -0.011 -12"><span class='ocrx_word' id='word_1_893' title='bbox 2146 5155 2232 5198; x_wconf 86' lang='lat' dir='ltr'><strong><em>tur</em></strong></span> <span class='ocrx_word' id='word_1_894' title='bbox 2268 5141 2563 5210; x_wconf 69' lang='lat' dir='ltr'><strong><em>mqualitas,</em></strong></span> <span class='ocrx_word' id='word_1_895' title='bbox 2595 5140 2697 5196; x_wconf 88' lang='lat' dir='ltr'><strong><em>nisi</em></strong></span> <span class='ocrx_word' id='word_1_896' title='bbox 2731 5139 2870 5207; x_wconf 90' lang='lat' dir='ltr'><strong><em>quod</em></strong></span> <span class='ocrx_word' id='word_1_897' title='bbox 2912 5152 3104 5208; x_wconf 88' lang='lat' dir='ltr'><strong><em>parens</em></strong></span> <span class='ocrx_word' id='word_1_898' title='bbox 3142 5146 3382 5205; x_wconf 86' lang='lat' dir='ltr'><strong><em>tempore</em></strong></span> <span class='ocrx_word' id='word_1_899' title='bbox 3428 5132 3713 5202; x_wconf 68' lang='lat' dir='ltr'><strong><em>imcessit.</em></strong></span> 
     </span>
    </p>
   </div>
   <div class='ocr_carea' id='block_1_106' title="bbox 2146 5226 3715 5303">
    <p class='ocr_par' dir='ltr' id='par_1_106' title="bbox 2146 5226 3715 5303">
     <span class='ocr_line' id='line_1_106' title="bbox 2146 5226 3715 5303; baseline -0.009 -14"><span class='ocrx_word' id='word_1_900' title='bbox 2146 5236 2220 5289; x_wconf 81' lang='lat' dir='ltr'><strong><em>Ex</em></strong></span> <span class='ocrx_word' id='word_1_901' title='bbox 2247 5250 2351 5303; x_wconf 92' lang='lat' dir='ltr'><strong><em>quo</em></strong></span> <span class='ocrx_word' id='word_1_902' title='bbox 2378 5231 2689 5301; x_wconf 86' lang='lat' dir='ltr'><strong><em>intelligitur</em></strong></span> <span class='ocrx_word' id='word_1_903' title='bbox 2708 5238 2761 5285; x_wconf 88' lang='lat' dir='ltr'><strong><em>et</em></strong></span> <span class='ocrx_word' id='word_1_904' title='bbox 2787 5228 3070 5299; x_wconf 89' lang='lat' dir='ltr'><strong><em>aliquando</em></strong></span> <span class='ocrx_word' id='word_1_905' title='bbox 3096 5226 3475 5296; x_wconf 67' lang='lat' dir='ltr'><strong><em>aequalitatem,</em></strong></span> <span class='ocrx_word' id='word_1_906' title='bbox 3503 5240 3598 5277; x_wconf 88' lang='lat' dir='ltr'><strong><em>non</em></strong></span> <span class='ocrx_word' id='word_1_907' title='bbox 3622 5236 3715 5276; x_wconf 83' lang='lat' dir='ltr'><strong><em>so-</em></strong></span> 
     </span>
    </p>
   </div>
   <div class='ocr_carea' id='block_1_107' title="bbox 2142 5310 3749 5388">
    <p class='ocr_par' dir='ltr' id='par_1_107' title="bbox 2142 5310 3749 5388">
     <span class='ocr_line' id='line_1_107' title="bbox 2142 5310 3749 5388; baseline -0.011 -8"><span class='ocrx_word' id='word_1_908' title='bbox 2142 5327 2247 5380; x_wconf 93' lang='lat' dir='ltr'><strong><em>lum</em></strong></span> <span class='ocrx_word' id='word_1_909' title='bbox 2273 5322 2670 5378; x_wconf 88' lang='lat' dir='ltr'><strong><em>similitudinem</em></strong></span> <span class='ocrx_word' id='word_1_910' title='bbox 2695 5322 2912 5385; x_wconf 87' lang='lat' dir='ltr'><strong><em>habere,</em></strong></span> <span class='ocrx_word' id='word_1_911' title='bbox 2934 5320 3026 5374; x_wconf 87' lang='lat' dir='ltr'><strong><em>sed</em></strong></span> <span class='ocrx_word' id='word_1_912' title='bbox 3047 5321 3206 5375; x_wconf 86' lang='lat' dir='ltr'><strong><em>etiam</em></strong></span> <span class='ocrx_word' id='word_1_913' title='bbox 3229 5318 3507 5388; x_wconf 78' lang='lat' dir='ltr'><strong><em>imaginem</em></strong></span> <span class='ocrx_word' id='word_1_914' title='bbox 3532 5331 3546 5371; x_wconf 88' lang='lat'><strong>:</strong></span> <span class='ocrx_word' id='word_1_915' title='bbox 3569 5310 3709 5383; x_wconf 79' lang='lat' dir='ltr'><strong><em>quod</em></strong></span> <span class='ocrx_word' id='word_1_916' title='bbox 3744 5324 3749 5327; x_wconf 43' lang='grc' dir='ltr'><strong>ν</strong></span> 
     </span>
    </p>
   </div>
   <div class='ocr_carea' id='block_1_108' title="bbox 2140 5403 3701 5482">
    <p class='ocr_par' dir='ltr' id='par_1_108' title="bbox 2140 5403 3701 5482">
     <span class='ocr_line' id='line_1_108' title="bbox 2140 5403 3701 5482; baseline -0.009 -15"><span class='ocrx_word' id='word_1_917' title='bbox 2140 5416 2195 5468; x_wconf 89' lang='lat' dir='ltr'><strong><em>in</em></strong></span> <span class='ocrx_word' id='word_1_918' title='bbox 2224 5414 2482 5482; x_wconf 89' lang='lat' dir='ltr'><strong><em>superiori</em></strong></span> <span class='ocrx_word' id='word_1_919' title='bbox 2514 5411 2760 5479; x_wconf 74' lang='lat' dir='ltr'><strong><em>exemplo</em></strong></span> <span class='ocrx_word' id='word_1_920' title='bbox 2790 5408 3128 5463; x_wconf 79' lang='lat' dir='ltr'><strong><em>manifestum</em></strong></span> <span class='ocrx_word' id='word_1_921' title='bbox 3173 5417 3273 5461; x_wconf 88' lang='lat' dir='ltr'><strong><em>cst.</em></strong></span> <span class='ocrx_word' id='word_1_922' title='bbox 3327 5408 3505 5461; x_wconf 80' lang='lat' dir='ltr'><strong><em>Potest</em></strong></span> <span class='ocrx_word' id='word_1_923' title='bbox 3547 5403 3701 5457; x_wconf 86' lang='lat' dir='ltr'><strong><em>etiam</em></strong></span> 
     </span>
    </p>
   </div>
   <div class='ocr_carea' id='block_1_109' title="bbox 2139 5495 3703 5571">
    <p class='ocr_par' dir='ltr' id='par_1_109' title="bbox 2139 5495 3703 5571">
     <span class='ocr_line' id='line_1_109' title="bbox 2139 5495 3703 5571; baseline -0.007 -15"><span class='ocrx_word' id='word_1_924' title='bbox 2139 5502 2423 5571; x_wconf 88' lang='lat' dir='ltr'><strong><em>aliquando</em></strong></span> <span class='ocrx_word' id='word_1_925' title='bbox 2448 5500 2742 5556; x_wconf 87' lang='lat' dir='ltr'><strong><em>similitudo</em></strong></span> <span class='ocrx_word' id='word_1_926' title='bbox 2770 5512 2890 5553; x_wconf 86' lang='lat' dir='ltr'><strong><em>esse</em></strong></span> <span class='ocrx_word' id='word_1_927' title='bbox 2917 5507 2972 5553; x_wconf 91' lang='lat' dir='ltr'><strong><em>et</em></strong></span> <span class='ocrx_word' id='word_1_928' title='bbox 3001 5498 3307 5566; x_wconf 67' lang='lat' dir='ltr'><strong><em>aequalitas,</em></strong></span> <span class='ocrx_word' id='word_1_929' title='bbox 3339 5495 3571 5566; x_wconf 87' lang='lat' dir='ltr'><strong><em>quamvis</em></strong></span> <span class='ocrx_word' id='word_1_930' title='bbox 3598 5506 3703 5545; x_wconf 87' lang='lat' dir='ltr'><strong><em>non</em></strong></span> 
     </span>
    </p>
   </div>
   <div class='ocr_carea' id='block_1_110' title="bbox 2140 5582 3702 5663">
    <p class='ocr_par' dir='ltr' id='par_1_110' title="bbox 2140 5582 3702 5663">
     <span class='ocr_line' id='line_1_110' title="bbox 2140 5582 3702 5663; baseline -0.01 -13"><span class='ocrx_word' id='word_1_931' title='bbox 2140 5597 2208 5650; x_wconf 89' lang='lat' dir='ltr'><strong><em>sit</em></strong></span> <span class='ocrx_word' id='word_1_932' title='bbox 2233 5596 2409 5663; x_wconf 83' lang='lat' dir='ltr'><strong><em>imago</em></strong></span> <span class='ocrx_word' id='word_1_933' title='bbox 2434 5611 2451 5647; x_wconf 88' lang='lat'><strong>:</strong></span> <span class='ocrx_word' id='word_1_934' title='bbox 2480 5603 2536 5647; x_wconf 90' lang='lat' dir='ltr'><strong><em>ut</em></strong></span> <span class='ocrx_word' id='word_1_935' title='bbox 2558 5593 2627 5649; x_wconf 87' lang='lat' dir='ltr'><strong><em>de</em></strong></span> <span class='ocrx_word' id='word_1_936' title='bbox 2654 5592 2860 5647; x_wconf 89' lang='lat' dir='ltr'><strong><em>duobus</em></strong></span> <span class='ocrx_word' id='word_1_937' title='bbox 2882 5591 2994 5646; x_wconf 89' lang='lat' dir='ltr'><strong><em>ovis</em></strong></span> <span class='ocrx_word' id='word_1_938' title='bbox 3023 5590 3237 5659; x_wconf 75' lang='lat' dir='ltr'><strong><em>paribus</em></strong></span> <span class='ocrx_word' id='word_1_939' title='bbox 3261 5587 3457 5643; x_wconf 89' lang='lat' dir='ltr'><strong><em>dictum</em></strong></span> <span class='ocrx_word' id='word_1_940' title='bbox 3485 5594 3575 5638; x_wconf 84' lang='lat' dir='ltr'><strong><em>est.</em></strong></span> <span class='ocrx_word' id='word_1_941' title='bbox 3604 5582 3702 5635; x_wconf 77' lang='lat' dir='ltr'><strong><em>l‘o-</em></strong></span> 
     </span>
    </p>
   </div>
   <div class='ocr_carea' id='block_1_111' title="bbox 2144 5676 3699 5755">
    <p class='ocr_par' dir='ltr' id='par_1_111' title="bbox 2144 5676 3699 5755">
     <span class='ocr_line' id='line_1_111' title="bbox 2144 5676 3699 5755; baseline -0.01 -12"><span class='ocrx_word' id='word_1_942' title='bbox 2144 5696 2245 5744; x_wconf 85' lang='lat' dir='ltr'><strong><em>test</em></strong></span> <span class='ocrx_word' id='word_1_943' title='bbox 2275 5688 2435 5745; x_wconf 84' lang='lat' dir='ltr'><strong><em>etiam</em></strong></span> <span class='ocrx_word' id='word_1_944' title='bbox 2464 5683 2758 5741; x_wconf 81' lang='lat' dir='ltr'><strong><em>similitudo</em></strong></span> <span class='ocrx_word' id='word_1_945' title='bbox 2784 5694 2836 5743; x_wconf 87' lang='lat' dir='ltr'><strong><em>et</em></strong></span> <span class='ocrx_word' id='word_1_946' title='bbox 2868 5685 3040 5755; x_wconf 79' lang='lat' dir='ltr'><strong><em>imago</em></strong></span> <span class='ocrx_word' id='word_1_947' title='bbox 3071 5695 3208 5749; x_wconf 89' lang='lat' dir='ltr'><strong><em>esse,</em></strong></span> <span class='ocrx_word' id='word_1_948' title='bbox 3240 5680 3478 5746; x_wconf 82' lang='lat' dir='ltr'><strong><em>quamvis</em></strong></span> <span class='ocrx_word' id='word_1_949' title='bbox 3506 5689 3603 5732; x_wconf 85' lang='lat' dir='ltr'><strong><em>non</em></strong></span> <span class='ocrx_word' id='word_1_950' title='bbox 3631 5676 3699 5728; x_wconf 77' lang='lat' dir='ltr'><strong><em>sit</em></strong></span> 
     </span>
    </p>
   </div>
  </div>
