3910 6174
232 218 336 277 653

1016 214 1080 272 IN
1122 212 1506 273 ΕΡιεΤοιΑιι
1546 212 1637 269 AD
1675 200 2151 267 COLOSSENSES
2190 199 2709 259 COMMENTARIA.

3395 194 3497 252 651

232 332 542 403 aequalitas,
585 340 636 384 ut
670 329 722 385 iu
750 328 970 400 speculo
998 330 1352 385 ostendimus.
1379 328 1563 383 Potest
1587 333 1638 381 et
1667 323 1817 379 simi-
1845 329 1891 383 Α
1920 318 2053 386 quod
2102 317 2336 370 audistis.
2383 316 2542 385 Spem
2594 314 2891 382 Evangelii,
2939 313 3038 369 nisi
3085 314 3175 383 qui
3216 316 3503 368 secundum

233 426 399 481 lttudo
425 414 567 487 esse,
601 423 690 477 ubi
734 430 790 477 et
819 422 1097 491 mqualitas
1127 429 1184 476 et
1214 424 1389 491 imago
1432 421 1535 483 sit,
1585 420 1722 472 sicut
1749 418 1815 469 de

234 520 356 573 ﬁliis
381 516 944 583 commemoravimus,
968 524 1193 581 excepto
1221 525 1460 582 tempore
1488 526 1595 582 quo
1618 524 1816 578 praten-

232 613 363 664 dunt
396 616 666 678 parentes.
700 606 789 662 Sic
815 607 959 660 enim
991 604 1250 675 {aqualem
1298 603 1556 674 syllabam
1603 599 1820 671 syllabae

233 701 463 755 dicimus
496 714 509 751 :
541 695 784 775 quamvis
809 696 978 750 altera
1007 694 1294 766 prmcedat,
1329 693 1495 747 altera
1525 692 1818 759 suDSequa-

232 802 342 851 tur.
366 790 423 846 in
452 792 561 845 Deo
589 796 769 844 autem
798 788 922 858 quia
950 785 1189 841 conditio
1215 787 1471 854 temporis
1498 792 1647 837 vacat
1671 799 1688 836 :
1716 795 1822 834 non

232 878 380 938 enim
413 886 592 951 potest
632 885 780 934 recte
804 876 981 933 videri
1009 876 1154 934 Deus
1182 876 1237 932 in
1269 884 1511 945 tempore
1539 886 1824 942 generasse

224 972 457 1034 Filium,
479 986 573 1039 per
599 984 756 1039 quem
788 967 1031 1023 condidit
1061 978 1303 1037 tempora
1329 982 1347 1020 :
1375 978 1712 1033 consequens
1739 972 1823 1019 est

235 1073 292 1118 ut
324 1078 431 1116 non
464 1063 636 1115 solmn
666 1060 736 1114 sit
782 1059 962 1129 imago
990 1057 1137 1129 ejus,
1168 1057 1289 1126 quia
1321 1056 1387 1110 de
1416 1055 1510 1110 illo
1539 1065 1650 1119 est,
1680 1065 1735 1110 et
1757 1055 1828 1108 si-

236 1154 507 1219 militudo,
536 1152 659 1222 quia
688 1151 898 1219 imago;
928 1148 1023 1205 sed
1054 1148 1215 1203 etiam
1256 1146 1531 1216 aequalitas
1571 1152 1737 1209 tanta,
1769 1153 1829 1197 ut

236 1262 340 1300 nec
372 1243 628 1310 temporis
659 1241 873 1310 quidem
901 1238 1239 1295 intervallum
1268 1235 1717 1306 impedimentum
1735 1235 1824 1290 sit.

235 1338 373 1392 Item
399 1335 574 1389 aliter.
606 1332 715 1387 Cur
741 1332 916 1399 imago
944 1329 1347 1385 similitudinem
1378 1328 1539 1383 habet
1567 1328 1619 1382 in
1653 1328 1827 1395 pictu-

236 1430 341 1494 ris,
370 1427 611 1481 homines
635 1425 818 1479 nolunt
837 1439 959 1480 esse
981 1421 1306 1489 dissimiles?
1334 1431 1390 1477 et
1413 1420 1571 1474 Arius
1599 1418 1830 1474 dissimi-

239 1522 352 1575 lem
379 1520 670 1587 contendit,
696 1528 751 1574 et
771 1520 882 1572 vult
904 1528 959 1573 ut
983 1527 1130 1587 pater
1150 1514 1465 1571 dissimilem
1488 1511 1826 1581 generetsui.

242 1612 630 1682 Primogenitus
654 1610 817 1664 omnis
836 1617 1103 1663 creaturcc.
1123 1608 1307 1660 Omnis
1331 1604 1660 1659 rationabilis
1682 1616 1833 1657 crea-

1922 412 2096 479 ipsum
2123 408 2320 473 vivunt,
2342 421 2560 476 sperare
2586 420 2687 459 non
2720 415 2963 474 possunt.
2998 404 3148 471 Quod
3174 404 3507 474 praedicatum

1922 511 1995 554 est
2024 500 2079 552 in
2107 500 2335 552 universa
2363 510 2619 562 crea'ura,
2652 511 2765 566 qua:
2791 497 2880 548 sub
2909 498 3035 549 (telo
3071 504 3165 549 est.
3205 494 3507 550 Notandum

1921 592 2193 646 hominem
2232 590 2335 644 dici
2382 604 2594 645 omnem
2624 595 2942 643 creaturam.
2989 586 3148 657 Cujus
3194 585 3361 656 [actus
3397 602 3537 640 sum.

1888 701 2014 757 ,ego
2058 683 2257 737 Paulus
2299 684 2548 747 minister,
2590 682 2675 751 qui
2717 694 2851 732 nunc
2878 681 3076 747 gaudeo
3107 678 3157 731 in
3190 679 3511 747 passionibus

1923 792 2016 847 pro
2038 776 2199 832 vobis.
2228 774 2330 829 Pro
2353 774 2507 829 nobis
2538 772 2644 842 pati
2673 788 2756 839 ur,
2789 783 2846 824 ut
2869 769 3179 824 aediﬁcaret.
3204 767 3309 824 Sed
3334 779 3386 823 ct
3409 784 3507 838 pro

1925 865 2044 936 ipso
2072 874 2195 920 ante
2225 879 2411 934 passus
2434 876 2517 919 est
2545 864 2808 917 Christus.
2836 860 2901 915 Et
2921 862 3177 929 adimpleo
3205 876 3264 913 ea
3287 877 3398 932 quae
3424 861 3514 912 dc-

1925 964 2045 1027 sunt
2072 956 2372 1025 passionum
2399 952 2589 1008 Christi
2617 954 2670 1006 in
2695 968 2847 1006 carne
2872 968 2985 1005 mea
3014 967 3107 1022 pro
3136 965 3196 1003 co
3226 964 3347 1016 pore
3377 952 3511 1016 eius.

1929 1047 2161 1102 Christus
2178 1048 2319 1101 enim
2342 1062 2370 1100 a
2393 1047 2520 1102 solis
2544 1045 2743 1101 ludatis
2766 1045 3025 1098 adduetus
3047 1045 3109 1096 ad
3134 1051 3359 1095 mortem
3389 1052 3511 1105 est;

1929 1156 2057 1209 ergo
2088 1157 2183 1210 pro
2209 1141 2441 1195 Ecclesia
2468 1140 2607 1210 ejus,
2634 1148 2687 1193 et
2713 1155 2740 1191 a
2769 1138 3274 1208 gentibusChristus
3300 1136 3517 1191 inclma-

1930 1232 2008 1284 vit
2036 1232 2370 1299 passionem,
2404 1226 2506 1284 nun
2538 1230 2794 1298 implevit.
2827 1229 2932 1285 Sed
2966 1231 3016 1281 in
3052 1243 3279 1296 corpore
3309 1243 3428 1289 suo,
3463 1229 3514 1280 id

1931 1329 2014 1375 est
2043 1322 2092 1374 in
2126 1322 2385 1385 Ecclesia,
2416 1337 2556 1375 nunc
2586 1321 2925 1389 adimpletur.
2974 1320 3122 1385 Quod
3154 1331 3225 1373 est
3259 1318 3516 1373 Ecclesia.

1933 1410 2095 1481 Cujus
2127 1416 2293 1481 factus
2334 1429 2446 1466 sum
2474 1429 2564 1484 ego
2593 1414 2839 1479 minister,
2872 1414 3150 1466 secundum
3182 1403 3521 1480 dispensatio-

1934 1519 2047 1556 nem
2076 1504 2188 1571 Dei,
2216 1520 2327 1571 qua:
2356 1505 2476 1556 data
2503 1515 2575 1557 est
2602 1504 2725 1556 mihi
2753 1505 2806 1557 in
2829 1519 2934 1557 vos.
2962 1503 3114 1577 Dono
3142 1502 3372 1571 Spiritus
3403 1519 3520 1556 san-

1935 1596 2038 1660 cti,
2080 1604 2135 1650 ct
2163 1595 2420 1650 doctrinae
2449 1596 2799 1665 evangelicae,
2831 1610 2987 1664 quam
3033 1595 3182 1649 vobis
3222 1594 3404 1663 jussus
3437 1605 3522 1649 est

242 1714 386 1757 turre
414 1674 704 1757 secundum
732 1714 947 1754 carnem
992 1697 1194 1766 primus
1226 1696 1473 1763 allectus,
1510 1694 1831 1764 primogeni—
1862 1703 1909 1762 Β
1934 1674 2178 1758 erogare.
2228 1688 2294 1742 Ut
2340 1689 2579 1757 impleam
2633 1688 2849 1743 Verbum
2902 1688 3013 1752 Dii,
3057 1692 3352 1759 mysterium
3383 1697 3517 1757 quod

241 1805 355 1859 tus,
389 1793 578 1862 inquit.
612 1807 717 1846 non
750 1792 920 1860 primo
947 1799 1180 1852 creatus,
1212 1798 1267 1843 ut
1295 1798 1348 1842 et
1373 1787 1581 1858 genitus
1611 1802 1707 1856 pro
1740 1800 1834 1840 na-

243 1900 393 1951 tura,
417 1899 470 1941 et
500 1886 699 1955 primus
736 1900 832 1954 pro
864 1884 1213 1952 perpetuitate
1243 1883 1490 1936 credatur
1522 1894 1538 1933 :
1576 1879 1658 1934 vel
1689 1888 1837 1951 certe

251 1978 644 2050 ptituogenitus
682 1992 748 2030 ex
788 1976 1030 2029 mortuis.
1082 1974 1215 2039 Quia
1254 1973 1306 2025 in
1348 1972 1459 2041 ipso
1488 1971 1695 2024 condita
1720 1979 1851 2041 sunt

248 2073 491 2125 uniuersa
520 2070 572 2122 in
598 2067 734 2122 oculis
759 2075 806 2119 et
835 2068 885 2117 in
917 2076 1070 2129 terra,
1101 2064 1321 2117 visibilia
1347 2071 1392 2117 et
1420 2061 1713 2126 invisibilis,
1736 2061 1839 2115 sive

244 2163 448 2227 throni,
472 2164 576 2213 sive
600 2157 992 2218 dominationes,
1008 2156 1109 2208 sive
1134 2154 1474 2225 principatus,
1497 2153 1601 2206 sive
1622 2160 1839 2231 potesta-

244 2269 345 2309 tes.
380 2251 438 2307 in
468 2252 635 2320 ipso:
666 2248 791 2318 quia
818 2258 1031 2314 semper
1061 2245 1204 2299 .dem
1235 2254 1336 2313 est,
1368 2245 1508 2298 sicut
1535 2241 1610 2294 ait
1638 2240 1801 2295 indas
1822 2280 1837 2304 ,

245 2344 411 2399 Jesus
438 2340 691 2411 p0pulum
729 2353 886 2395 suum
928 2336 995 2391 de
1025 2345 1167 2391 terra
1196 2334 1414 2405 Egypti
1446 2332 1706 2387 lil.eravit.
1753 2331 1835 2395 Et,

248 2433 428 2488 Nemo
457 2432 700 2487 ascendit
728 2432 778 2485 iu
805 2429 1023 2494 cmlum,
1053 2427 1152 2481 nisi
1182 2426 1272 2496 qui
1302 2424 1371 2481 de
1399 2424 1539 2479 coelo
1565 2421 1843 2478 descendit

249 2523 425 2577 Filius
470 2521 720 2575 hominis;
780 2518 966 2571 Omnia
1010 2530 1099 2587 per
1143 2516 1311 2585 ipsum
1358 2524 1402 2568 et
1455 2515 1507 2567 in
1536 2513 1646 2581 ipso
1675 2521 1842 2566 creata

244 2618 400 2665 sunt.
436 2610 505 2677 Et
532 2624 624 2678 per
654 2609 824 2677 ipsum
851 2606 1031 2661 omnia
1061 2605 1196 2660 iacta
1226 2613 1370 2671 sunt,
1398 2614 1453 2659 et
1478 2604 1616 2674 quod
1648 2602 1843 2658 iactum

249 2709 373 2765 est,
399 2698 453 2753 in
479 2698 596 2766 ipso
618 2697 725 2750 vita
747 2706 850 2751 est.
874 2694 941 2749 Et
963 2696 1070 2766 ipse
1088 2704 1163 2750 est
1184 2704 1305 2747 ante
1324 2709 1517 2748 omnes.
1538 2692 1845 2748 Creaturas.

256 2791 324 2843 lt't
359 2788 529 2841 omnia
560 2787 612 2839 in
641 2787 755 2855 ipso
781 2793 1037 2839 constant.
1068 2782 1287 2840 Vivont.
1324 2781 1392 2837 Et
1433 2783 1539 2853 ipse
1580 2790 1653 2837 est
1691 2789 1847 2850 caput

250 2881 492 2948 corporis
522 2872 797 2940 Ecclesia,
827 2875 1007 2946 quiest
1036 2874 1369 2945 principium,
1394 2874 1761 2945 primogenitus
1785 2886 1848 2927 ea:

253 2970 500 3023 mortuis.
535 2966 649 3023 Hoc
676 2968 839 3022 modo
866 2975 1025 3043 caput
1052 2976 1134 3021 est
1166 2964 1441 3021 Ecclesiae.
1474 2964 1540 3019 Et
1567 2966 1631 3029 sit
1660 2966 1712 3017 in
1740 2979 1848 3017 om-

1940 1776 2292 1830 absconditum
2330 1778 2426 1845 fuit
2465 1794 2497 1830 a
2535 1779 2827 1832 sa'culis.ct
2866 1778 3296 1848 generationibus.
3332 1779 3397 1833 Ut
3429 1793 3525 1846 per

1940 1882 2026 1921 me
2071 1867 2379 1937 praedicatio
2421 1869 2723 1935 impleatur.
2763 1869 2915 1923 Nunc
2939 1878 3105 1923 autem
3137 1872 3526 1941 manifestatum

1930 1970 2010 2031 est
2039 1963 2230 2015 sanctis
2259 1962 2390 2032 ejus.
2426 1962 2692 2031 Tempore
2722 1977 2825 2031 quo
2849 1962 3016 2016 Voluit
3041 1965 3301 2015 revelare.
3334 1961 3525 2028 Qu‘bns

1942 2053 2098 2105 voluit
2124 2051 2261 2105 Deus
2292 2063 2434 2107 ttolas
2467 2054 2635 2123 facere
2657 2053 2858 2108 divitias
2880 2056 3066 2124 gloria:
3094 2054 3399 2107 sacramenti
3423 2056 3523 2104 hu-

1932 2143 2024 2212 jus
2047 2143 2098 2195 in
2125 2143 2379 2212 gentibus.
2409 2144 2541 2210 Quia
2577 2145 2713 2198 idem
2740 2145 2879 2199 Deus
2900 2146 3137 2199 omnium
3161 2145 3311 2199 dives
3335 2146 3386 2198 in
3400 2152 3526 2197 ’om-

1946 2235 2134 2301 nibus,
2184 2236 2453 2305 quomodo
2495 2238 2697 2301 voluit,
2744 2238 2822 2292 sic
2850 2247 2902 2292 et
2934 2237 3080 2303 fecit,
3126 2237 3248 2307 quia
3278 2238 3526 2292 voluntas

1945 2322 2063 2393 ejus
2101 2323 2245 2394 justa
2290 2335 2392 2379 cst.
2443 2326 2593 2393 Quod
2633 2312 2707 2380 esi
2749 2328 2981 2381 Christus
3023 2329 3074 2380 in
3111 2328 3267 2381 t-obis.
3301 2328 3418 2397 ipse
3446 2337 3529 2382 est

1949 2418 2286 2488 mysterium,
2319 2419 2458 2486 quod
2494 2419 2812 2487 patefactum
2843 2428 2925 2474 est
2950 2420 3222 2489 gentibus.
3259 2420 3388 2490 Spes
3419 2425 3529 2491 glo-

1944 2508 2057 2573 riae,
2089 2524 2232 2575 quem
2262 2524 2355 2561 nos
2381 2512 2767 2563 annuntiamus.
2792 2510 2973 2577 Vobis,
2999 2527 3092 2580 per
3114 2527 3269 2581 quem
3298 2511 3529 2566 futuram

1947 2600 2167 2669 gloriam
2193 2604 2443 2670 speratis.
2475 2601 2814 2670 Corripientcs
2842 2619 3038 2656 omnem
3063 2604 3339 2670 hominem,
3363 2615 3412 2658 et
3434 2607 3531 2658 do-

1945 2700 2111 2744 centes
2131 2679 2328 2744 omnem
2355 2691 2609 2745 hominem
2660 2694 2711 2746 in
2732 2693 2878 2747 omni
2907 2694 3182 2763 sapientia.
3209 2695 3449 2749 indutum
3479 2706 3536 2750 ct

1948 2783 2214 2848 Gratcum,
2239 2795 2449 2837 servum
2474 2790 2529 2838 et
2555 2783 2806 2838 liberum.
2836 2785 2901 2839 Et
2928 2786 3029 2842 hoc
3053 2786 3365 2854 notandum,
3389 2787 3531 2856 quod

1953 2884 2140 2926 omnes
2170 2871 2414 2928 homines
2461 2873 2571 2928 vult
2617 2874 2872 2930 exhibere
2913 2875 3207 2944 perfectos,
3238 2878 3532 2933 secundum

1951 2961 2094 3017 illam
2126 2963 2502 3032 perfectionem
2545 2981 2704 3035 quam
2729 2967 2855 3021 alibi
2883 2967 3013 3023 dicit
3043 2983 3058 3022 :
3091 2970 3362 3039 Quotquot
3390 2971 3533 3023 extim

255 3059 415 3110 nibus
466 3058 573 3126 ipse
616 3056 890 3126 primatum
928 3064 1116 3109 tenens.
1162 3053 1449 3125 Propterea
1490 3054 1634 3123 prius
1670 3066 1850 3109 resur-
1880 3075 1925 3135 ς
1955 3052 2198 3123 perfecti,
2225 3054 2767 3124 hocsapiamuszcum
2785 3066 2928 3112 retro
2943 3057 3411 3123 dixerit,Fratres,
3437 3072 3540 3127 ego

256 3145 427 3202 rexit.
458 3146 587 3212 Quia
605 3146 656 3199 in
681 3146 791 3216 ipso
812 3145 1137 3216 complacuit,
1159 3160 1354 3198 onmem
1380 3144 1748 3215 plenitudinem
1776 3143 1856 3197 di-

256 3239 497 3293 trinitatis
522 3238 771 3291 habitare.
802 3237 859 3292 in
883 3238 1033 3292 nullo
1052 3237 1195 3293 enim
1216 3236 1321 3291 alio
1343 3237 1416 3290 ita
1440 3235 1686 3290 divinitas
1709 3233 1857 3291 habi-

259 3328 423 3385 tavit.
457 3327 512 3383 ln
541 3330 663 3385 aliis
689 3330 832 3386 enim
862 3330 1032 3400 gratia
1056 3344 1127 3385 ex
1153 3338 1304 3399 parte
1327 3328 1444 3395 fuit,
1469 3329 1523 3383 in
1546 3328 1649 3383 isto
1666 3336 1857 3384 natura

261 3420 529 3492 permota.
544 3418 911 3489 Corporatiter.
930 3418 1271 3488 Nequeenim
1286 3417 1532 3473 divinLtas
1546 3431 1740 3485 corpus
1753 3424 1855 3473 est.

263 3512 381 3570 Sed
402 3513 522 3583 quia
547 3520 879 3567 sacramenta
910 3510 1112 3566 Veteris
1131 3509 1455 3565 Testamenti
1478 3508 1713 3580 appellat
1739 3522 1858 3563 um-

266 3606 424 3660 bram
451 3600 611 3658 lutnri
628 3643 642 3667 ,
670 3611 881 3671 propter
905 3604 1208 3657 umbrarum
1235 3599 1684 3669 comparationem
1700 3639 1719 3665 ,
1740 3612 1860 3653 cor-

268 3694 533 3764 poraliter
555 3693 685 3749 dixit
712 3689 953 3746 habitare
978 3690 1029 3745 in
1051 3691 1265 3746 Christo
1287 3690 1665 3759 plenitudinem
1678 3688 1862 3744 d.vini-
1910 3712 1913 3715 ς

266 3786 423 3848 tatis,
442 3786 584 3854 quod
609 3786 661 3839 in
687 3784 776 3837 illo
800 3784 1119 3853 impleantur
1133 3784 1314 3838 omnia
1330 3798 1449 3853 qua:
1463 3786 1513 3838 in
1535 3782 1638 3837 illis
1659 3781 1862 3838 umbris

268 3877 499 3946 ﬁgurata
521 3886 668 3943 sunt,
695 3892 756 3932 ac
778 3882 854 3930 sic
877 3876 1105 3946 quodam
1136 3875 1297 3932 modo
1322 3877 1629 3934 umbrarum
1654 3877 1860 3931 illarum

270 3969 398 4034 ipse
424 3970 495 4022 sit
518 3984 740 4037 corpus,
774 3969 876 4023 hoc
906 3979 987 4023 est
1018 3968 1301 4039 ﬁgurarum
1333 3978 1387 4023 et
1415 3967 1859 4036 signiﬁcationum

270 4056 490 4113 idarum
517 4057 633 4127 ipse
662 4059 731 4111 sit
762 4058 978 4114 veritas.
1011 4054 1143 4113 Item
1172 4060 1326 4113 aliter
1359 4076 1374 4112 :
1409 4055 1677 4121 Pet-lecte,
1710 4057 1859 4126 quasi

270 4150 419 4204 dicat
462 4146 813 4203 summaliter.
863 4146 925 4202 Et
967 4164 1052 4216 per
1088 4165 1204 4203 eum
1243 4149 1572 4203 reconciliare
1609 4148 1779 4202 omnia
1807 4151 1863 4203 in

272 4240 467 4304 ipsum.
499 4237 736 4291 Terrena
762 4236 1071 4292 caelestibus
1100 4253 1219 4307 qua:
1247 4238 1313 4291 ab
1341 4237 1419 4292 eis
1448 4251 1544 4308 per
1571 4238 1864 4293 contrarie-

272 4338 445 4383 tatem
467 4328 590 4382 vitae
612 4326 824 4383 fuerant
847 4338 1109 4398 separata,
1138 4328 1282 4385 unde
1302 4329 1558 4384 Dominus
1584 4343 1739 4386 orare
1759 4345 1858 4387 nos

1965 3157 2052 3199 me
2078 3158 2182 3198 non
2207 3144 2441 3199 arbitror
2463 3147 2956 3215 eotnprehetdisse,
2986 3157 3039 3202 et
3069 3149 3291 3217 reliqua.
3324 3149 3426 3204 Sed
3456 3157 3543 3203 est

1956 3237 2198 3307 quadam
2244 3235 2555 3308 imperfecta
2584 3240 2860 3309 perfectio,
2887 3252 2941 3295 ιιι
2981 3242 3116 3297 sciat
3147 3244 3305 3298 homo
3341 3258 3401 3299 se
3437 3259 3540 3298 non

1958 3344 2080 3386 esse
2111 3330 2400 3400 perfectura
2427 3333 2477 3389 in
2510 3333 2610 3389 hac
2639 3335 2763 3391 vita.
2795 3334 2865 3391 Ut
2890 3335 3213 3393 erhibeamus
3236 3353 3431 3392 onmem
3450 3337 3547 3391 ho-

1956 3427 2143 3480 minem
2174 3426 2452 3496 perfectum
2472 3427 2524 3479 in
2547 3425 2754 3481 Christo
2775 3425 2923 3482 Jesu.
2949 3429 3252 3484 Secundum
3274 3430 3543 3500 synecdo-

1959 3515 2095 3571 chen
2127 3516 2326 3572 dictum
2357 3525 2527 3573 totum
2560 3534 2654 3588 pro
2686 3529 2853 3585 parte.
2889 3517 2954 3573 In
2997 3537 3096 3589 quo
3141 3530 3188 3573 et
3227 3522 3403 3574 laboro
3431 3536 3544 3573 cer-

1960 3606 2116 3659 tando
2148 3606 2430 3660 secundum
2473 3609 2816 3676 operationem
2843 3609 2979 3678 ejus,
3010 3625 3163 3675 quam
3207 3619 3449 3679 aperatur
3488 3612 3544 3664 in

1961 3709 2041 3748 me
2069 3694 2122 3747 in
2149 3695 2351 3749 virtute.
2376 3695 2684 3766 Signorum.

2032 3783 2161 3839 Car.
2196 3800 2253 3840 ll.
2305 3784 2433 3839 Volo
2462 3788 2595 3840 enim
2624 3772 2711 3841 tios
2740 3788 2891 3855 scire,
2915 3789 3118 3856 qualem
3149 3788 3544 3844 sollicitudinem

1962 3874 2171 3928 habeam
2201 3890 2293 3943 pro
2325 3876 2483 3944 vobis,
2516 3886 2562 3930 et
2591 3893 2682 3948 pro
2710 3877 2789 3931 his
2817 3879 2903 3944 qui
2932 3889 3051 3933 sunt
3081 3879 3366 3939 Laodicete.
3396 3870 3537 3951 Ago-

1962 3962 2141 4019 niam.‘
2162 3964 2226 4016 Et
2258 3966 2546 4035 quicunque
2582 3968 2669 4020 alii
2702 3984 2805 4021 non
2838 3968 3053 4023 viderint
3083 3971 3264 4041 faciem
3295 3987 3453 4025 meant
3491 3974 3545 4027 in

1962 4072 2132 4120 carne,
2162 4066 2217 4109 ut
2247 4073 2395 4110 consv.
2408 4059 2572 4111 lentur
2591 4060 2749 4113 corda
2768 4061 3017 4131 ipsorum,
3040 4063 3273 4115 instructi
3298 4064 3350 4117 in
3377 4065 3547 4118 chari-

1963 4154 2083 4207 tate,
2098 4155 2144 4197 et
2164 4145 2214 4199 in
2241 4161 2409 4201 omnes
2423 4148 2625 4202 divitias
2647 4149 2984 4216 plenitudinis
3005 4149 3311 4215 intellectus,
3327 4153 3378 4205 in
3399 4156 3545 4223 agni.

1954 4235 2097 4288 tione
2121 4234 2348 4305 mysterii
2374 4237 2464 4291 Dei
2488 4237 2682 4304 Patris,
2708 4250 2754 4293 et
2785 4239 2989 4295 Domini
3013 4240 3138 4298 Iesu
3168 4241 3375 4298 Christi.
3408 4245 3542 4312 Quia

1959 4325 2007 4383 si
2040 4341 2126 4381 me
2154 4327 2449 4395 vidissent,
2480 4337 2533 4385 et
2558 4330 2874 4387 chari'atem
2905 4347 3076 4389 meam
3102 4349 3226 4406 erga
3254 4349 3333 4404 se,
3370 4345 3426 4391 et
3466 4337 3547 4392 tli-

271 4419 460 4484 docct,
485 4427 544 4473 ut
570 4420 641 4472 ita
669 4419 913 4474 voluntas
945 4420 1038 4476 Dei
1063 4419 1154 4475 ﬁat
1178 4420 1231 4475 in
1258 4432 1423 4488 terra,
1449 4422 1587 4477 sicut
1608 4421 1661 4477 in
1687 4422 1847 4478 oculis.

1968 4414 2392 4495 vitias'mysterii
2426 4419 2520 4475 Dei
2549 4420 2760 4490 plenius
2786 4425 3180 4493 cognovissent,
3204 4425 3330 4481 dum
3355 4436 3408 4483 et
3435 4442 3550 4482 toa-

274 4511 578 4579 Paciﬁcans
600 4528 689 4582 per
709 4513 1004 4583 sanguinem
1026 4514 1191 4567 crucis
1212 4515 1348 4586 ejus,
1369 4514 1474 4568 sive
1492 4529 1604 4584 qua:
1623 4514 1676 4568 in
1701 4514 1861 4581 ctelis,

272 4603 385 4656 sive
412 4610 528 4671 qua?
551 4603 604 4655 in
634 4610 770 4656 terra
799 4612 932 4656 sunt.
965 4601 1066 4657 Per
1093 4618 1212 4672 quae
1239 4612 1365 4658 sunt
1406 4604 1650 4660 homines
1679 4618 1865 4660 emen-

276 4693 415 4747 dati.
451 4692 516 4746 Et
562 4708 647 4746 eos
676 4708 791 4746 cum
812 4693 982 4747 essetis
1010 4691 1289 4762 aliquando
1320 4693 1551 4760 alienati,
1579 4704 1625 4747 et
1669 4694 1866 4748 inimici

277 4801 436 4839 sensu
461 4785 512 4838 in
544 4785 779 4854 operibus
820 4784 992 4838 malis.
1023 4783 1283 4851 Exposuit
1321 4784 1623 4841 inimicitias
1653 4794 1865 4841 nostras

277 4890 408 4929 cum
426 4875 533 4930 Deo
556 4884 609 4930 et
634 4874 750 4943 ejus
777 4873 1053 4928 ministris.
1071 4872 1225 4928 Nunc
1248 4882 1418 4928 autem
1444 4876 1787 4930 reconciliavit
1810 4876 1864 4930 in

281 4980 501 5034 corpore
526 4966 697 5018 carnis
724 4966 833 5035 ejus
859 4980 949 5033 per
978 4975 1211 5018 mortem.
1243 4964 1297 5019 In
1327 4980 1431 5035 qua
1461 4966 1705 5035 baptizati
1734 4966 1865 5020 estis

282 5069 500 5110 Omnes.
536 5054 602 5109 Ut
628 5054 878 5108 exhiberet
908 5070 992 5109 vos
1021 5065 1242 5121 sanctos,
1286 5066 1341 5137 et
1371 5056 1746 5110 immaculatos.
1790 5054 1869 5110 Ne

282 5146 407 5211 ejus
439 5145 753 5200 beneﬁcium
796 5146 1004 5201 irritum
1036 5146 1261 5212 faciatis,
1303 5156 1359 5202 et
1402 5148 1595 5203 iterum
1623 5148 1740 5203 sitis
1770 5146 1866 5203 ini-

283 5235 437 5289 mici.
464 5234 529 5287 Et
552 5235 1033 5307 irreprehensibiles.
1064 5237 1522 5294 Considerandum
1560 5254 1718 5310 quam
1746 5254 1863 5308 per-

283 5327 486 5379 fectum
516 5325 629 5379 vult
671 5339 791 5381 esse
832 5342 1262 5397 unmuquemque
1302 5329 1636 5385 credentem.
1681 5329 1866 5384 Coram

284 5417 422 5484 ipso.
453 5413 565 5468 Non
594 5429 773 5469 coram
818 5416 1140 5470 hominibus.
1176 5415 1237 5471 Si
1274 5426 1440 5471 tamen
1471 5420 1774 5487 permanetis
1814 5420 1867 5473 in

281 5502 397 5570 [ide
421 5504 625 5571 fundati
642 5515 689 5557 et
713 5505 916 5559 stabiles
936 5514 981 5559 ct
1003 5505 1301 5561 immobiles.
1331 5507 1478 5561 Tunc
1501 5508 1743 5576 poteritis
1772 5509 1867 5562 im-

288 5596 542 5648 maculati
584 5606 726 5661 esse,
770 5596 817 5649 si
858 5612 954 5650 vos
996 5596 1266 5650 hominum
1306 5598 1553 5665 exempla
1591 5610 1695 5651 non
1728 5599 1870 5652 decia-

292 5683 465 5751 pinnl,
494 5683 586 5737 sed
624 5684 846 5738 ﬁrmiter
872 5684 1045 5741 futura
1086 5686 1335 5740 credatis.
1376 5688 1418 5739 Α
1449 5703 1538 5757 spe
1568 5685 1864 5759 Evangelii,

1965 4506 2136 4579 jorem
2167 4509 2443 4578 praesentis
2473 4510 2722 4567 allectum
2750 4515 3057 4582 probarent,
3086 4526 3137 4571 et
3165 4517 3548 4576 abundantiam

1968 4599 2189 4654 rationis
2214 4614 2245 4655 a
2273 4614 2379 4667 tuo;
2407 4602 2495 4671 qui
2527 4603 2741 4673 proprie
2767 4619 2798 4659 tt
2828 4605 3042 4660 Christo
3072 4607 3253 4667 didici.
3286 4611 3550 4665 doceren-

1971 4694 2076 4745 tur.
2108 4688 2173 4742 In
2202 4706 2302 4760 quo
2332 4706 2502 4745 omnes
2540 4692 2767 4749 thesauri
2802 4697 3066 4764 sapientia:
3092 4708 3139 4750 et
3168 4700 3412 4755 scicntia.
3437 4702 3543 4766 Qui

1969 4778 2226 4845 latebant,
2259 4782 2500 4851 quamvis
2528 4798 2703 4839 essvnt
2736 4785 2788 4839 in
2818 4784 3007 4839 litteris
3034 4786 3185 4855 legis,
3215 4787 3354 4841 sicut
3383 4790 3547 4845 Isaias

1971 4874 2066 4940 ait,
2098 4874 2153 4928 in
2183 4874 2449 4931 thesauris
2474 4877 2619 4931 salus
2649 4887 2826 4932 nostra
2850 4916 2865 4942 ,
2898 4878 3142 4934 Christus
3166 4882 3307 4935 venit
3337 4883 3547 4951 sapien-

1974 4964 2045 5017 tia
2071 4972 2125 5018 et
2148 4964 2369 5019 scicntia
2391 4983 2419 5018 a
2446 4966 2686 5022 Domino.
2715 4967 2777 5021 lii
2798 4978 2921 5021 sunt
2949 4970 3067 5022 thes
3086 4972 3183 5025 uri
3207 4973 3548 5040 septiformes

1973 5054 2265 5123 gratiarum
2293 5069 2317 5105 θ
2331 5056 2515 5123 piritus
2536 5057 2724 5111 sancti.
2750 5059 3063 5112 Absconditi.
3084 5060 3184 5129 Qui
3206 5074 3354 5117 erant
3380 5065 3548 5138 Moysi

1975 5145 2098 5199 tecti
2128 5145 2413 5201 velamine.
2448 5145 2561 5199 Hoc
2589 5156 2757 5201 autem
2783 5149 2919 5216 dico,
2952 5161 3015 5225 uti
3038 5169 3183 5207 nemo
3212 5171 3298 5211 vos
3325 5160 3561 5226 decipiat

1973 5235 2027 5289 in
2056 5233 2369 5288 sublimitate
2409 5250 2718 5291 sermonum.
2769 5239 2893 5295 Ideo
2924 5243 3053 5298 dico.
3082 5246 3272 5302 melius
3301 5248 3463 5303 fuisse
3493 5263 3551 5304 ut

1975 5339 2075 5395 ego
2121 5338 2217 5380 vos
2265 5339 2518 5395 prtesens-
2549 5326 2898 5396 instruerem,
2950 5333 3043 5388 sed
3088 5345 3264 5390 tamen
3314 5339 3551 5394 breviter

1978 5417 2288 5485 complexus
2333 5432 2487 5483 sum,
2536 5433 2753 5475 omnem
2814 5423 3118 5480 thesaurum
3166 5427 3441 5494 sapientia:
3476 5442 3551 5501 Δ(ιι

1974 5509 2212 5564 scientiae
2238 5510 2290 5564 in
2319 5512 2433 5579 ipso
2460 5526 2602 5574 esse,
2637 5525 2691 5568 ut
2720 5529 2933 5571 omnem
2962 5532 3259 5574 sermonem
3292 5522 3374 5576 vel
3420 5537 3548 5578 sen-

1976 5614 2113 5661 snm,
2138 5600 2225 5670 qui
2252 5611 2447 5670 praeter
2469 5601 2613 5657 illum
2644 5612 2758 5671 est,
2792 5621 2897 5660 non
2922 5608 3093 5661 solum
3122 5624 3227 5663 non
3257 5613 3546 5683 miremini,

1976 5691 2070 5745 sed
2122 5690 2279 5745 etiam
2352 5692 2626 5748 stultitiam
2688 5696 2976 5765 depuletis.
3026 5696 3162 5752 Nam
3205 5704 3300 5755 etsi
3343 5718 3551 5775 corpore
