3884 6172
304 234 313 247 ’
395 244 501 297 653)

1477 239 1772 302 PRIMAS'II
1814 241 2267 300 ADRUMETANI
2308 243 2523 301 EPISC.

3542 248 3640 305 (3‘6

377 361 556 416 absens
594 377 727 431 sum,
759 361 847 416 sed
888 362 1072 431 spiritu
1099 361 1354 415 vobiscum
1379 379 1513 416 sum.
1550 362 1793 417 llabcbat
1824 360 1960 417 hanc
1990 364 2033 420 A
2065 362 2207 415 enim
2236 379 2249 415 :
2281 362 2590 417 Maledictus
2626 364 2801 417 omnis
2842 363 2931 432 qui
2978 365 3233 433 pependit
3268 364 3319 418 in
3370 363 3529 433 ligno.
3582 367 3647 420 Et

378 454 625 527 gratiam,
642 465 700 508 ut
723 454 851 510 alibi
879 456 1104 524 positus,
1122 454 1244 524 quid
1268 455 1390 509 alibi
1419 464 1687 524 ageretur,
1705 469 1958 522 agnosce-

378 556 461 601 ret
492 564 505 600 :
540 547 678 600 sicut
704 546 928 600 Elisaeus
951 544 1081 599 vidit
1106 546 1157 598 in
1184 545 1372 615 spiritu
1400 544 1546 601 Giezi
1575 555 1693 615 post
1720 544 1955 599 Naaman

376 647 703 692 currentem.
738 636 998 701 Gaudeas,
1041 647 1087 690 et
1116 638 1289 690 uidens
1331 637 1563 691 ordinem
1603 646 1845 693 vestrum.
1892 638 1959 693 Et

389 730 539 782 rideo
573 738 625 784 et
669 729 825 793 cupio
867 744 1101 793 praesens
1134 729 1353 797 implere
1394 745 1555 786 omne
1600 730 1743 800 quod
1780 718 1965 785 deest.

337 819 401 877 Et
422 824 1043 892 ’nndomentumejusquw
1064 822 1117 874 in
1139 821 1340 877 Christo
1366 831 1438 875 est
1460 823 1584 892 ﬁdei
1603 832 1797 880 vestrm.
1821 823 1958 892 Sup-

383 912 705 979 plementum
724 912 942 967 credere
960 913 1132 968 Deum
1150 929 1358 983 verum,
1379 924 1432 969 et
1455 916 1724 971 hominem
1749 931 1955 984 verum,

382 1017 538 1054 unam
569 1016 850 1070 personam
880 1017 946 1056 ex
976 1003 1182 1058 duabus
1211 1004 1524 1059 substantiis
1543 1044 1559 1069 ,
1594 1005 1715 1073 quia
1750 1007 1850 1059 hoc
1877 1015 1959 1059 est

382 1091 502 1145 fidei
558 1091 997 1159 fundamentum,
1045 1094 1187 1162 quod
1233 1095 1384 1149 vobis
1431 1095 1631 1150 suiticit
1674 1096 1738 1150 ad
1773 1096 1955 1158 vitam,

381 1183 588 1237 etiamsi
614 1182 808 1251 aliquid
835 1183 1069 1238 scientias
1090 1186 1265 1240 minus
1283 1185 1495 1240 interim
1524 1185 1784 1240 habeatis.
1810 1186 1958 1240 Sicut

378 1288 499 1341 ergo
527 1273 793 1339 accepistis
813 1270 1069 1326 Christum
1109 1271 1283 1327 Jesum
1314 1274 1594 1327 Dominum
1622 1283 1872 1340 nostrum,
1904 1278 1957 1328 in

378 1366 490 1437 ipso
511 1362 790 1432 ambulate,
818 1370 1057 1423 radicati.
1085 1370 1249 1424 Deum
1280 1370 1560 1425 credentes
1585 1380 1639 1424 et
1665 1370 1957 1425 hominem.

381 1457 447 1511 Et
491 1459 891 1529 superwdiﬁcati
937 1460 991 1512 in
1038 1461 1171 1531 ipso.
1211 1456 1728 1516 Secundum‘robur
1767 1460 1956 1515 funda-

378 1549 542 1602 menti
576 1548 806 1602 validum
837 1548 1117 1603 aedilicium
1148 1560 1538 1618 supercrescat.
1570 1548 1638 1602 Et
1672 1551 1958 1619 confirmati

376 1638 430 1690 in
460 1638 583 1706 ﬁde,
623 1640 754 1692 sicut
782 1650 828 1692 et
859 1640 1133 1693 didicistis.
1173 1641 1516 1695 Futurorum.
1544 1641 1873 1695 Abundantes
1900 1642 1953 1696 in

2060 450 2227 521 ipsum
2264 452 2380 505 tulit
2418 455 2482 505 de
2505 454 2695 517 medio,
2725 453 2932 523 aﬂigens
2962 454 3096 507 illud
3129 457 3288 507 cruci.
3320 454 3434 508 Neu
3475 457 3643 510 solum

2064 554 2277 610 peccata
2337 545 2678 598 mortiﬁcavit
2723 546 2773 597 in
2822 560 3004 605 cruce,
3060 545 3154 598 sed
3203 545 3366 601 etiam
3409 546 3645 600 incorru-

2061 636 2324 702 ptionem.
2358 643 2412 689 et
2442 635 2658 704 prtemia
2689 634 2910 690 donavit
2952 653 3047 705 per
3073 637 3361 692 indebitam
3394 650 3644 694 mortem.

2062 724 2382 794 Exspatians
2414 728 2735 797 principatus
2775 739 2819 781 et
2852 737 3144 799 potestates.
3169 730 3239 786 Ut
3280 745 3377 801 per
3416 739 3650 785 mortem

2059 816 2364 873 destrueret
2403 833 2525 872 eum
2584 820 2674 889 qui
2732 820 2960 875 habebat
3010 822 3200 877 mortis
3239 824 3547 890 imperium,
3592 838 3654 875 se

2059 907 2336 963 otl'erendo
2361 924 2458 979 pro
2487 910 2597 964 reis
2626 910 2807 964 morti.
2842 909 3099 965 Traduxit
3140 912 3479 978 conﬁdenter.
3508 914 3563 966 ln
3596 929 3656 966 se

2063 1008 2282 1069 peccata
2309 1001 2628 1070 suscipiens,
2659 1008 2717 1056 et
2738 1010 3048 1070 peccatores
3074 1002 3383 1068 absolvens,
3406 1003 3534 1057 dum
3564 1004 3655 1059 ita

2059 1091 2207 1144 cruci
2252 1090 2443 1159 attigit.
2480 1090 2665 1145 Palam
2703 1092 3026 1160 triumphans
3055 1094 3192 1147 illos.
3226 1093 3444 1150 Publice
3474 1097 3657 1149 cruci-

2062 1178 2218 1231 ﬁxus.
2252 1177 2315 1231 In
2358 1181 2645 1249 semetipso.
2687 1180 3015 1236 Confusione
3057 1190 3387 1252 contempta,
3420 1197 3529 1236 non
3560 1198 3654 1237 0c-

2059 1270 2309 1337 cidendo,
2342 1271 2436 1326 sed
2466 1271 2767 1338 moriendo,
2799 1288 2899 1327 nec
2929 1274 3037 1326 vim
3064 1272 3343 1328 inferendo
3362 1314 3378 1338 ,
3408 1274 3505 1328 sed
3530 1290 3658 1328 sus-

2028 1370 2031 1379 ‘
2060 1361 2304 1427 tineudo,
2334 1371 2393 1415 ut
2419 1362 2573 1416 nobis
2618 1362 2892 1417 confracta
2922 1365 3066 1418 omni
3109 1363 3360 1433 superbia
3397 1364 3658 1419 vincendi

2057 1452 2214 1506 daret
2241 1453 2570 1518 exemplum.
2618 1453 2783 1507 Nemo
2812 1469 2930 1524 ergo
2958 1471 3047 1509 vos
3068 1454 3267 1527 judicet
3291 1456 3346 1509 in
3392 1455 3527 1521 cibo,
3565 1467 3659 1508 aut

2058 1541 2111 1594 in
2140 1551 2283 1611 potu.
2313 1542 2526 1596 Nullum
2555 1558 2687 1613 ergo
2715 1544 2767 1597 iu
2793 1544 2895 1598 hoc
2919 1544 3177 1614 judicium
3218 1553 3321 1611 est,
3366 1548 3491 1614 quia
3521 1561 3655 1601 cum

2058 1634 2247 1687 umbra
2275 1642 2442 1701 esset,
2482 1637 2713 1690 cessavit
2739 1651 2963 1705 corpore
2989 1638 3257 1702 veniente,
3292 1652 3392 1691 nec
3419 1638 3660 1707 imagine

373 1727 466 1782 illo
507 1730 558 1782 in
586 1731 873 1797 gratiarum
901 1731 1116 1784 actione.
1143 1732 1369 1797 Semper
1405 1742 1708 1787 crescentes
1739 1732 1789 1785 in
1823 1731 1949 1797 illo,
1982 1713 2031 1770 Β
2056 1736 2190 1791 opus
2223 1731 2329 1787 εει.
2370 1724 2594 1779 veritate
2624 1735 2910 1794 Praisean.
2944 1728 3045 1779 Αιιε
3088 1727 3141 1779 in
3184 1736 3329 1797 parte
3363 1728 3468 1780 dici
3500 1729 3648 1793 {esti-

376 1828 429 1873 et
455 1834 549 1886 pro
573 1820 728 1874 douis
754 1818 870 1889 ejus
895 1820 1251 1877 abundantius
1278 1823 1475 1892 gratias
1506 1821 1817 1877 referentes.
1860 1821 1950 1875 Vi-

376 1915 507 1973 dete,
539 1930 601 1966 ne
626 1914 736 1982 quis
758 1929 843 1968 vos
881 1913 1101 1983 decipiat
1130 1931 1219 1984 per
1247 1915 1647 1985 philosOphiam,
1674 1926 1720 1968 et
1749 1918 1953 1969 inanem

374 2006 657 2071 fallaciam.
703 2003 898 2075 Contra
934 2005 1277 2075 philosophos
1326 2007 1465 2075 agit,
1513 2022 1739 2072 quarunt
1778 2005 1953 2059 oninis

376 2096 664 2162 disputatio
694 2096 759 2147 de
789 2096 1070 2151 elementis
1099 2106 1199 2163 est,
1228 2107 1283 2152 et
1310 2097 1608 2151 visibilibns
1652 2111 1775 2151 crea
1803 2098 1910 2150 uris
1934 2138 1949 2161 ,

376 2200 429 2239 et
460 2186 547 2254 qui
595 2202 660 2239 ex
705 2187 863 2241 rebus
894 2188 1221 2242 naturalibus
1250 2192 1496 2242 virtutem
1526 2189 1789 2255 aestimant
1826 2190 1915 2243 Dei
1935 2230 1950 2254 ,

374 2272 634 2341 dicentes,
666 2292 730 2331 ex
765 2273 933 2331 niliild
963 2278 1076 2332 ﬁeri
1120 2279 1249 2333 nihil
1284 2292 1441 2347 posse
1473 2296 1485 2331 :
1518 2288 1574 2335 et
1601 2282 1830 2333 animum
1860 2290 1953 2334 aut

375 2366 582 2419 initium
607 2382 707 2421 ηοω
736 2368 954 2432 habere,
986 2378 1077 2421 aut
1106 2383 1226 2423 esse
1252 2369 1531 2422 mortalem
1565 2387 1579 2424 :
1609 2379 1663 2424 et
1694 2372 1948 2438 virginem

376 2474 561 2524 parere
588 2475 696 2513 non
725 2475 880 2529 posse
910 2476 927 2515 :
959 2454 1009 2514 et
1039 2460 1204 2515 Deum
1228 2476 1292 2516 ex
1325 2462 1538 2516 liOmine
1569 2465 1746 2526 nasci,
1782 2464 1946 2531 mori,

372 2564 532 2620 atque
559 2566 839 2621 resurgere
865 2553 1083 2606 stultum
1110 2567 1228 2607 esse
1254 2552 1493 2609 credere.
1522 2552 1820 2608 Secundum
1845 2564 1951 2608 tra-

372 2642 615 2696 ditionem
652 2643 934 2709 hominum,
961 2645 1239 2701 secundum
1266 2645 1512 2699 elementa
1544 2649 1739 2699 mundi.
1775 2647 1948 2701 Srdu-

370 2734 624 2787 etinneiu.
675 2732 741 2785 Et
771 2750 872 2787 non
900 2736 1177 2789 secundum
1203 2735 1483 2813 Christum.
1512 2737 1612 2802 Qui
1654 2739 1948 2793 secundum

373 2828 641 2880 Christum
684 2826 842 2892 sapit,
875 2841 1062 2881 sanum
1093 2830 1250 2897 sapit.
1289 2816 1424 2894 Quia
1460 2830 1513 2882 in
1555 2830 1665 2896 ipso
1695 2831 1947 2884 inhabitat

369 2920 534 2972 amnis
577 2918 838 2985 plenitudo
880 2919 1177 2973 divinitatis.
1222 2921 1408 2974 Omnis
1451 2922 1726 2988 plenitudo
1754 2922 1948 2975 divinas

371 3009 584 3063 virtutis
610 3026 659 3061 ιιι
686 3024 912 3077 corpore
936 3010 1052 3077 ejus
1079 3011 1357 3064 inhabitat.
1385 3010 1948 3077 Corporaliter,etestis

2056 1812 2327 1879 Calendre,
2352 1814 2465 1869 sive
2497 1815 2616 1869 luna
2650 1830 2809 1869 nova.
2834 1816 2944 1868 ‘Aut
2972 1818 3267 1881 neomenicr,
3299 1825 3389 1868 aut
3409 1817 3658 1871 sabbato-

2055 1922 2190 1960 rum.
2225 1906 2517 1963 Neomenia
2546 1923 2697 1961 novre
2724 1908 2844 1962 vitae
2896 1908 2978 1962 vel
3007 1907 3257 1963 secunda:
3290 1909 3517 1975 ﬁguram
3555 1908 3655 1962 ha-

2056 1994 2193 2059 buit,
2223 1996 2503 2050 sabbatum
2531 1997 2769 2065 requiem
2790 1998 2915 2052 vitae
2946 1996 3158 2052 futura}.
3205 2000 3336 2063 Qua:
3378 2009 3498 2053 sunt
3524 2016 3651 2075 uin-

2057 2085 2146 2139 bra
2173 2090 2484 2155 futurorum.
2519 2087 2716 2142 Umbra
2746 2087 2878 2157 legis
2906 2095 3046 2152 erat,
3074 2103 3269 2157 corpus
3292 2098 3377 2142 est
3409 2087 3645 2143 Christi.

2056 2176 2255 2242 Corpus
2279 2186 2451 2229 autem
2480 2175 2689 2230 Christi.
2724 2176 2918 2231 Futura
2960 2185 3134 2239 erant,
3166 2192 3283 2246 quas
3314 2177 3654 2246 modo'prte-

2055 2269 2226 2321 tentia
2260 2278 2405 2323 sunt.
2439 2268 2607 2322 Nemo
2635 2285 2722 2322 vos
2747 2272 2954 2323 sedarat
2993 2269 3165 2322 volens
3191 2269 3243 2321 in
3278 2268 3577 2322 humilitate
3608 2278 3653 2321 et

2058 2361 2310 2429 religione
2333 2361 2633 2430 angelorum
2661 2377 2772 2431 qua:
2795 2377 2898 2414 non
2944 2361 3089 2427 cidit,
3134 2360 3406 2415 ambulans
3448 2361 3654 2429 frustra

2052 2452 2266 2520 inﬂatus
2294 2469 2445 2507 sensu
2487 2453 2657 2505 carnis
2686 2469 2809 2507 sine.
2843 2454 3013 2507 Nemo
3058 2453 3179 2507 ilcta
3212 2453 3519 2507 humilitate
3558 2468 3654 2507 su-

2053 2543 2270 2609 perbus.
2316 2546 2441 2613 quia
2488 2557 2547 2597 se
2587 2543 2807 2612 angelos
2847 2542 3027 2598 videre
3071 2542 3381 2606 mentiatur,
3415 2550 3473 2596 et
3516 2541 3650 2595 ideo

2052 2631 2249 2686 [rustra
2298 2648 2357 2687 se
2398 2648 2558 2702 super
2586 2634 2827 2688 homines
2852 2632 3042 2703 jactet,
3087 2633 3177 2703 qui
3206 2633 3443 2688 visiones
3472 2648 3505 2686 a
3542 2647 3651 2687 suo

2052 2723 2287 2793 loquitur
2329 2726 2514 2780 corde.
2565 2723 2631 2777 Et
2681 2741 2783 2779 non
2832 2735 3003 2779 tenens
3046 2735 3219 2794 caput.
3268 2724 3489 2779 Christo
3536 2740 3649 2780 non

2052 2816 2276 2870 credens
2318 2817 2477 2884 capiti
2532 2817 2771 2871 omnium
2824 2824 3154 2871 sanctorum.
3200 2814 3281 2869 Ea:
3324 2833 3427 2886 quo
3478 2826 3652 2870 totum

2052 2921 2260 2976 corpus.
2305 2907 2580 2961 Ecclesi:e.
2610 2907 2710 2962 Per
2740 2925 2898 2963 nexus
2937 2918 2983 2961 et
3030 2909 3414 2979 conjunctiones
3443 2908 3649 2961 submi-

2052 2997 2341 3050 nistratum.
2384 2998 2519 3063 Quia
2571 3000 2826 3054 membris
2873 3014 2902 3052 a
2933 3001 3108 3069 capite
3147 3014 3315 3067 usque
3357 2999 3423 3051 ad
3475 2999 3653 3068 pedes

370 3106 421 3156 in
448 3104 557 3156 illo.
587 3104 1020 3158 Sub-tantialiter
1043 3112 1097 3159 et
1126 3105 1357 3158 realiter.
1394 3105 1610 3171 licpleti,
1658 3108 1745 3174 qui
1771 3117 1845 3159 est
1871 3124 1948 3159 ca-

2055 3091 2289 3143 membra
2315 3091 2633 3160 junguntur.
2664 3093 2980 3160 Quicunque
3026 3105 3154 3162 ergo
3202 3100 3352 3145 extra
3388 3089 3496 3146 hoc
3524 3106 3650 3145 cor-

368 3206 460 3267 put
486 3197 650 3249 omnis
676 3195 990 3264 principatus
1018 3205 1064 3249 et
1095 3197 1378 3265 potestatis.
1411 3196 1466 3251 Si
1499 3198 1641 3250 illius
1671 3198 1945 3253 scientiam

369 3289 656 3352 doceiniui,
682 3290 770 3356 qui
796 3288 941 3340 dedit
970 3288 1173 3343 initium
1202 3288 1361 3341 etiam
1390 3288 1637 3342 invisibili
1666 3299 1944 3355 creaturas,

370 3381 494 3450 quid
519 3380 670 3434 vobis
695 3380 994 3448 conterent,
1020 3370 1265 3448 quiiuihil
1294 3381 1410 3447 plus
1439 3380 1756 3449 intelligunt,
1784 3397 1944 3451 quam

367 3472 506 3539 quod
541 3471 760 3525 vident?
786 3469 847 3525 In
876 3488 974 3540 quo
1010 3481 1057 3525 et
1078 3472 1322 3525 circnmci
1350 3472 1368 3523 i
1394 3472 1535 3536 estis,
1567 3473 1949 3528 circumcisione

369 3582 469 3629 non
495 3581 647 3617 manu
676 3566 834 3635 facta.
878 3564 972 3617 llic
1000 3565 1105 3632 jam
1137 3563 1349 3616 Judmos
1383 3565 1945 3631 et‘pseudoapostolos

368 3665 533 3718 taxat,
554 3670 620 3708 ne
640 3656 720 3707 vel
746 3657 812 3707 ab
836 3655 962 3720 ipsis
985 3653 1327 3707 seducantur.
1355 3652 1417 3705 In
1444 3655 1808 3721 exspoliatione
1834 3673 1947 3708 cor-

365 3746 503 3816 poris
545 3745 735 3809 carnis,
778 3746 867 3797 sed
906 3745 959 3797 in
999 3746 1381 3797 circumcisione
1417 3742 1546 3798 Iesu
1591 3744 1800 3799 Christi.
1845 3746 1946 3800 Per

365 3852 525 3905 quam
550 3851 640 3888 ves
672 3846 836 3889 totum
861 3846 1099 3890 veterem
1122 3828 1390 3888 hominem
1417 3837 1776 3904 exspoliastis.
1810 3837 1943 3889 lion-

364 3925 544 3997 srpNtt
562 3927 625 3979 ei.
640 3926 989 3979 Commortui.
1008 3923 1071 3979 In
1085 3925 1355 3993 baptismo.
1376 3925 1499 3980 llmc
1512 3925 1943 3979 estcircumcisio

365 4020 421 4072 (Ξ.
447 4020 580 4071 risti.
614 4016 681 4071 In
721 4034 821 4085 quo
866 4025 912 4068 et
953 4016 1307 4070 resurrexistis
1335 4031 1424 4085 per
1453 4017 1607 4082 [idem
1637 4017 1944 4085 operationis

368 4109 484 4174 Dei,
514 4110 602 4180 qui
629 4110 890 4163 suscitavit
929 4109 1077 4163 illum
1122 4125 1153 4160 a
1199 4110 1430 4163 mortuis.
1479 4107 1860 4164 lzesurri-xistis
1887 4110 1941 4163 in

368 4217 557 4255 imvaiu
606 4202 791 4263 vitam.
835 4202 1117 4257 credentes
1160 4211 1214 4256 et
1248 4203 1615 4267 ‘intelligentes
1646 4202 1788 4255 illius
1824 4217 1943 4257 esse

366 4296 746 4361 Operationem.
784 4292 849 4347 Et
877 4309 965 4347 vus
1002 4309 1117 4345 cum
1160 4296 1349 4347 mortui
1383 4299 1555 4347 essetis
1589 4295 1641 4346 in
1670 4292 1867 4349 delictis
1893 4305 1941 4348 et

367 4384 618 4453 prtrputio
638 4384 804 4436 carnis
826 4394 1020 4436 vestrae.
1047 4385 1268 4446 Quando
1292 4399 1392 4435 non
1419 4385 1591 4437 solum
1619 4386 1938 4454 pra-pullati,

2055 3194 2172 3249 pus.
2204 3182 2546 3249 quantumvis
2584 3196 2643 3237 se
2665 3182 2829 3251 jactet
2880 3198 2983 3237 non
3028 3183 3180 3247 vivit,
3212 3183 3299 3252 qui
3336 3196 3505 3253 caput
3538 3199 3650 3237 non

2053 3269 2214 3325 habet
2241 3279 2294 3325 et
2322 3273 2505 3327 vitam.
2542 3272 2608 3325 Et
2635 3282 2974 3326 constructum
3014 3273 3193 3327 crescit
3223 3274 3276 3325 in
3304 3285 3651 3344 augmentum

2051 3360 2169 3416 Dei.
2203 3363 2258 3417 In
2298 3374 2641 3433 augmentum
2688 3365 2832 3419 illius
2869 3367 3109 3435 corporis
3146 3368 3286 3435 quod
3318 3368 3539 3424 unitum
3561 3379 3649 3425 est

2055 3455 2181 3509 Deo.
2215 3456 2277 3509 Si
2313 3457 2504 3509 mortui
2545 3459 2665 3510 estis
2696 3474 2813 3510 cum
2843 3458 3046 3512 Christo
3088 3460 3149 3512 ab
3189 3459 3451 3513 elementis
3481 3461 3648 3533 hujus

2052 3548 2247 3601 nnmdi.
2279 3548 2556 3602 Elementa
2585 3548 2741 3618 hujus
2767 3549 2948 3603 mundi
2981 3558 3207 3620 possunt
3228 3550 3441 3605 deliniri
3473 3554 3649 3609 etiam

2048 3639 2268 3693 avaritia
2313 3649 2370 3694 et
2407 3642 2629 3696 ambitio
2677 3642 2961 3708 honorum,
3004 3651 3059 3697 et
3103 3652 3296 3698 czetera
3339 3645 3649 3702 mundana.

2051 3733 2189 3799 Quid
2219 3733 2389 3786 adhuc
2414 3730 2654 3801 tanquam
2684 3736 2903 3789 viventes
2931 3735 3144 3789 mundo.
3176 3735 3284 3790 Nec
3320 3736 3653 3791 similitudi-

2047 3838 2167 3879 nem
2199 3826 2490 3879 viventium
2523 3827 2576 3879 in
2609 3826 2805 3879 mundo
2836 3826 3005 3880 voluit
3036 3841 3134 3881 nos
3180 3826 3401 3881 habere.
3447 3827 3646 3882 Decer-

2044 3916 2204 3970 nitis?
2229 3916 2381 3970 Sicut
2408 3916 2484 3971 illi
2507 3918 2594 3985 qui
2631 3919 2805 3972 futura
2831 3933 2933 3972 non
2957 3919 3203 3973 credunt.
3238 3917 3318 3971 Ne
3338 3921 3649 3991 tetigerim,

2047 4024 2205 4076 neque
2234 4011 2580 4079 gustaveritis,
2614 4027 2771 4081 neque
2810 4012 3255 4065 contrectaveritis.
3296 4010 3525 4067 Illorum
3565 4023 3649 4068 ta-

2046 4102 2155 4164 ctu,
2187 4108 2244 4154 et
2271 4110 2449 4169 gustu,
2480 4111 2534 4155 et
2554 4082 3002 4166 contrectatione,
3033 4104 3126 4172 qui
3160 4104 3209 4156 in
3238 4105 3644 4173 concupiscen-

2047 4193 2135 4247 tiis
2158 4195 2471 4259 abutuntur,
2502 4205 2557 4249 et
2578 4194 2803 4264 diligunt
2824 4210 2921 4261 pro
2946 4195 3183 4250 aeternis.
3213 4195 3341 4264 Qua:
3368 4207 3495 4251 sunt
3528 4215 3648 4254 ons-

2046 4288 2131 4339 nia
2162 4287 2214 4339 in
2243 4286 2508 4339 interitum
2537 4288 2645 4355 ipso
2689 4304 2805 4341 usu.
2832 4286 2913 4342 Ex
2955 4289 3193 4355 partibus
3224 4290 3409 4345 mundi
3439 4293 3638 4348 condi-

2047 4377 2244 4431 tionem
2288 4376 2405 4446 ejus
2448 4378 2685 4444 adverte,
2713 4379 2865 4448 cujus
2900 4379 3062 4435 etiam
3102 4380 3340 4436 membra
3382 4396 3649 4438 corrum-

368 4451 461 4525 sed
486 4481 541 4525 et
561 4472 858 4524 circumcisi
885 4474 1082 4538 pariter
1103 4474 1258 4526 morti
1281 4482 1495 4528 aeternae
1514 4477 1678 4530 eratis
1701 4477 1939 4532 obnoxii.
1971 4451 2027 4511 Ῑ)
2052 4479 2246 4536 pantur
2298 4484 2524 4523 necesse
2567 4480 2680 4534 est,
2732 4479 2792 4523 ut
2831 4480 2972 4525 totus
3010 4472 3328 4541 quandoque
3361 4474 3636 4528 solvatur.

368 4563 499 4616 Cum
525 4576 651 4629 ergo
673 4560 955 4631 dupliciter
974 4563 1169 4629 indigni
1190 4564 1397 4627 essetis,
1420 4566 1645 4619 ﬁliorum
1667 4569 1795 4619 estis
1818 4581 1945 4619 con-

366 4662 539 4706 sortes
567 4652 760 4707 ellecti.
786 4653 1161 4719 Conviui/‘icarit
1185 4671 1297 4706 cum
1328 4656 1436 4719 illo,
1460 4657 1658 4709 donans
1679 4657 1817 4709 vobis
1839 4673 1947 4708 om-

365 4746 453 4797 nia
483 4744 686 4811 delicta,
717 4746 888 4798 deletis
919 4746 1055 4813 quod
1086 4746 1331 4799 adversus
1356 4762 1448 4798 nos
1477 4755 1607 4799 erat.
1640 4747 1945 4801 Auferendo

365 4850 465 4889 can
478 4849 555 4889 ~as
568 4850 677 4888 mor
686 4837 752 4889 tis
765 4837 988 4905 peccati.
1001 4835 1408 4907 Chirojqraphum
1420 4839 1621 4889 decreti.
1642 4839 1942 4893 Evacuans.

370 4925 517 4990 Quod
539 4940 644 4979 erat
667 4927 977 4980 contrarium
998 4929 1163 4980 nobis.
1184 4926 1603 4995 Chirographum
1626 4927 1840 4997 quidam
1863 4928 1944 4982 di-

370 5028 491 5068 cunt
527 5030 649 5070 esse
678 5018 827 5087 quasi
858 5017 1107 5085 scriptam
1128 5018 1359 5086 aliquam
1386 5018 1527 5085 apud
1547 5018 1710 5072 Deum
1744 5035 1945 5074 memo-

368 5108 500 5158 riam
540 5120 898 5174 peccatorum,
932 5107 1069 5163 unde
1096 5107 1212 5174 ipse
1237 5110 1365 5163 dicit
1408 5111 1457 5163 iu
1489 5108 1727 5175 Cantica,
1758 5110 1945 5167 Nonne

370 5198 481 5252 hinc
510 5186 990 5268 congregataapud
1021 5217 1127 5265 ine,
1170 5213 1221 5258 et
1248 5203 1450 5271 signata
1480 5213 1602 5256 sunt
1641 5202 1691 5256 in
1724 5203 1944 5257 thesau-

368 5289 445 5342 ris
466 5284 641 5340 meis?
687 5286 751 5339 Et
783 5287 834 5341 in
871 5286 1101 5343 leremia
1135 5308 1147 5344 :
1179 5290 1460 5347 Peccatum
1500 5292 1649 5346 Judie
1690 5294 1944 5362 scriptum

368 5382 452 5432 est
495 5379 544 5431 in
578 5390 751 5444 ungue
794 5375 1159 5434 adamantino.
1203 5379 1329 5435 Haec
1357 5396 1485 5451 ergo
1526 5382 1697 5437 deleta
1737 5394 1861 5437 sunt
1889 5385 1941 5439 in

368 5484 548 5532 cruce,
599 5469 725 5524 dum
771 5468 1086 5525 dimittendo
1133 5483 1369 5540 peccata,
1420 5478 1579 5530 etiam
1632 5479 1942 5533 memoriam

370 5557 548 5612 abolet
582 5558 923 5614 delictorum.
959 5558 1203 5613 Christus
1233 5575 1331 5614 nos
1361 5563 1588 5618 redemit
1627 5565 1693 5619 de
1724 5566 1945 5621 maledi-

372 5662 457 5702 cio
485 5651 643 5719 legis,
665 5651 837 5708 iactus
866 5667 959 5721 pro
983 5653 1134 5708 nobis
1161 5651 1523 5707 maledictum.
1565 5656 1829 5725 Scriptum
1860 5668 1944 5715 est

2048 4558 2158 4612 Nec
2182 4559 2281 4612 coli
2331 4573 2460 4627 ergo
2507 4560 2767 4613 elementa
2814 4562 2953 4628 ejus,
3004 4568 3065 4614 ut
3106 4563 3373 4625 mortalia,
3405 4562 3641 4629 debent,

2054 4662 2153 4702 nec
2192 4649 2339 4715 diligi
2369 4665 2464 4717 pro
2490 4650 2730 4704 uternis.
2761 4649 3061 4705 Secundum
3084 4663 3334 4724 pra'cepta
3360 4662 3410 4706 et
3440 4657 3646 4710 docui.

2050 4755 2170 4791 nam
2204 4739 2485 4804 hominum,
2533 4757 2646 4809 qua:
2697 4752 2814 4795 sunt
2849 4746 3105 4798 rationem
3147 4746 3351 4816 quidem
3388 4748 3643 4803 habentia

2048 4832 2312 4898 sapientia:
2337 4832 2387 4883 in
2415 4832 2772 4901 superstitione
2797 4845 2843 4887 et
2876 4835 3185 4900 humilitate,
3211 4846 3257 4890 et
3285 4853 3384 4890 non
3414 4841 3485 4890 ad
3512 4858 3642 4908 ροτ-

2051 4920 2268 4972 cendum
2299 4922 2523 4989 corpori,
2553 4938 2655 4975 non
2685 4923 2738 4976 in
2782 4925 2972 4977 honore
3000 4925 3171 4993 aliqua
3196 4926 3263 4978 ad
3305 4928 3639 4983 saturitatem

2049 5010 2237 5064 carnis.
2285 5011 2463 5080 Aliqui
2503 5012 2582 5066 sic
2610 5014 2898 5089 accipiunt,
2926 5023 3109 5069 contra
3140 5029 3235 5070 eos
3275 5016 3378 5069 dici
3422 5017 3516 5083 qui
3565 5034 3641 5074 ex

2048 5099 2250 5155 Jtldzﬁis
2267 5101 2631 5169 crediderunt,
2658 5112 2713 5158 et
2733 5104 2981 5159 dicebant
3002 5104 3130 5174 legis
3153 5106 3507 5159 caeremonias
3527 5108 3635 5160 ob-

2049 5200 2251 5253 servari
2305 5199 2525 5266 debere,
2573 5201 2694 5257 ideo
2742 5212 2795 5257 et
2823 5204 3090 5259 doctrinas
3132 5204 3404 5260 hominum
3446 5218 3635 5273 vocat,

2051 5293 2174 5359 quia
2232 5301 2496 5361 praecepta
2540 5294 2830 5349 carnaliter
2883 5296 3200 5365 intelligant,
3250 5296 3508 5361 dicentes.
3580 5300 3639 5353 in

2049 5382 2168 5451 lege
2197 5382 2462 5451 prohibita
2486 5398 2590 5439 non
2623 5384 2823 5440 debere
2851 5386 3159 5441 mandurari
3181 5402 3198 5453 ;
3220 5387 3316 5442 sed
3343 5402 3533 5443 omnes
3570 5391 3641 5443 il-

2048 5475 2114 5529 la:
2151 5476 2579 5544 observationes,
2637 5478 2764 5534 licet
2794 5479 3026 5549 aliquam
3057 5481 3370 5548 sapientiam
3418 5495 3527 5549 pra:
3574 5497 3638 5538 se

2046 5574 2188 5628 ferre
2229 5574 2508 5629 videantur
2545 5578 2661 5645 lege
2707 5588 2994 5648 praecepta,
3044 5590 3219 5637 tamen
3266 5580 3320 5634 in
3370 5581 3638 5649 supersti-

2047 5664 2190 5718 tione
2217 5675 2336 5719 sunt
2362 5664 2415 5719 in
2443 5666 2623 5735 aliquo
2649 5667 2852 5725 honore
2875 5670 2993 5738 Dei,
3015 5670 3137 5741 quia
3159 5680 3279 5725 sunt
3307 5671 3376 5725 ad
3404 5670 3639 5738 explen-
