3884 6172
358 358 461 413 ὕὶιθ

1438 354 1738 411 PRIMASII
1789 352 2236 409 ADBUMETANI
2277 352 2487 409 EPISC.

3499 352 3602 407 060

354 467 526 520 oumia
567 464 785 529 dominis
816 462 1129 518 carnalibus.
1176 454 1311 531 Quia
1341 465 1485 517 carni
1519 465 1775 521 serviunt.
1820 479 1923 517 non
1955 468 2000 524 Α
2034 458 2100 516 ile
2127 462 2346 517 stultitia
2378 472 2557 520 nostra
2588 462 2774 533 religio
2802 477 2830 517 a
2873 463 3205 533 philosophis
3235 473 3288 519 et
3317 466 3607 531 gentilibus

354 555 587 625 spiritui.
623 555 742 609 Non
786 555 854 607 ad
882 555 1086 608 oculum
1123 556 1411 619 servientes,
1456 556 1602 624 quasi
1640 554 1929 608 hominibus

354 647 627 715 placentes.
674 644 897 712 Quando
928 657 1022 709 vos
1054 644 1234 699 vident
1261 645 1486 697 domini.
1530 641 1637 699 Sed
1683 644 1931 710 simplici-

358 748 461 789 tate
503 738 689 800 cordis,
741 737 968 789 timentes
1016 734 1198 787 Deum.
1255 734 1598 800 Quodcunque
1631 733 1821 803 facitis,
1868 748 1931 787 ea:

355 829 524 879 animo
552 826 848 896 operamini,
889 823 1176 889 sicuttDeo,
1210 834 1258 877 et
1286 841 1385 877 non
1417 823 1725 889 hominibus,
1768 829 1932 878 scien-

357 927 429 970 tes
450 918 584 987 quod
605 934 633 969 a
667 917 883 969 Domino
913 917 1172 984 accipietis
1194 917 1571 970 retributionem
1596 916 1926 973 ltwi'editatis.

355 1007 455 1073 Qui
484 1008 679 1076 ulnque
707 1023 918 1076 semper
949 1007 1111 1073 videt,
1154 1018 1206 1061 et
1254 1007 1365 1061 odit
1405 1023 1566 1061 omne
1598 1007 1929 1076 ligatientum.

361 1095 489 1148 Nam
522 1096 785 1149 humanus
835 1096 1018 1149 oculus
1050 1094 1156 1149 falli
1194 1105 1385 1164 potest,
1419 1109 1468 1149 et
1502 1098 1622 1151 ideo
1649 1098 1727 1151 sic
1766 1097 1928 1165 agite;

361 1193 415 1238 at
441 1185 765 1245 conditionis
814 1186 1208 1256 necessitatem,
1245 1188 1566 1241 voluntatem
1597 1188 1801 1243 faciatis
1847 1205 1934 1242 re-

361 1266 588 1345 rigioais,
637 1286 691 1329 ut
741 1290 835 1344 per
865 1283 1040 1330 vestra
1093 1291 1254 1343 opera
1301 1277 1437 1331 bona
1485 1279 1709 1331 Domino
1748 1279 1933 1348 gratiae

361 1365 679 1429 celerantur,
710 1380 832 1420 cum
865 1381 959 1421 vos
990 1381 1176 1421 omnes
1204 1367 1430 1421 viderint
1453 1382 1517 1423 es
1558 1367 1936 1422 Christianita-

360 1458 425 1512 tis
453 1466 697 1527 tempore
747 1458 1060 1527 profecisse.
1098 1458 1315 1513 Domino
1356 1457 1553 1513 Christo
1595 1461 1798 1515 set-vite.
1829 1460 1934 1528 ipsi

360 1551 501 1604 enim
534 1551 725 1613 servit,
767 1551 859 1619 qui
900 1560 1118 1620 propter
1150 1552 1319 1619 ipsum
1370 1551 1569 1606 homini
1612 1553 1798 1609 servit.
1835 1555 1937 1621 Qui

361 1642 496 1693 enim
535 1632 779 1711 injuriam
812 1642 971 1711 facit,
1016 1644 1221 1711 recipiet
1259 1644 1313 1695 id
1352 1643 1488 1711 quod
1526 1645 1703 1714 inique
1741 1640 1932 1714 geSsit,

362 1740 405 1787 et
433 1748 535 1786 non
563 1741 634 1787 est
658 1749 994 1803 personarum
1033 1736 1256 1802 acceptio
1284 1736 1425 1804 apud
1456 1734 1637 1790 Deum.
1668 1734 1791 1791 Sive
1824 1750 1938 1791 ser-

2030 553 2345 607 ieslimetur.
2386 551 2451 605 Ut
2475 554 2652 607 sciatis
2679 557 2932 619 quomodo
2959 571 3046 608 vos
3073 565 3305 624 aperteat
3335 556 3609 625 unicuique

2029 645 2356 713 respondere.
2390 644 2539 701 Sicut
2567 654 2622 699 et
2652 645 2862 699 Petrus.
2893 645 3070 700 Parati
3096 654 3267 702 estote
3296 662 3513 717 semper
3540 648 3609 703 ad

2030 736 2471 801 satisfactionem,
2506 736 2664 790 aliter
2709 738 2948 806 paganis,
2998 728 3154 793 aliter
3195 738 3419 804 ludatis,
3455 738 3615 793 aliter

2033 828 2320 892 haereticis,
2374 829 2530 884 aliter
2577 828 2929 896 philosophis,
2989 828 3149 882 aliter
3197 828 3516 897 astrologis,
3560 837 3619 883 et

2032 919 2242 970 caeteris
2285 926 2366 971 est
2399 918 2851 985 respondendum.
2889 918 3014 983 Qute
3050 920 3189 972 circa
3219 934 3296 972 me
3325 929 3467 982 sunt,
3502 935 3619 971 orn-

2034 1008 2121 1059 nia
2152 1009 2292 1061 vobis
2329 1019 2451 1061 nota
2482 1010 2637 1077 faciet
2680 1008 2936 1077 Tychicus
2978 1010 3305 1064 charissimus
3334 1012 3522 1080 frater,
3570 1016 3622 1061 et

2034 1101 2203 1166 ﬁdelis
2226 1101 2473 1165 minister,
2506 1111 2553 1155 et
2579 1117 2849 1156 conservus
2872 1102 2926 1154 in
2960 1099 3205 1154 Domino.
3235 1102 3471 1156 Securos
3495 1100 3621 1154 illos

2034 1192 2141 1247 vult
2176 1208 2297 1247 esse
2328 1194 2393 1247 de
2416 1208 2496 1256 se,
2538 1208 2604 1247 ne
2634 1196 2716 1247 vel
2748 1208 2779 1247 a
2818 1193 3031 1248 tristitia
3070 1204 3418 1262 occupentur.
3454 1194 3626 1260 Quem

2036 1283 2151 1336 misi
2176 1284 2243 1335 ad
2268 1298 2355 1338 vos
2383 1282 2452 1336 ad
2496 1281 2592 1336 hoc
2622 1283 2792 1351 ipsum
2836 1294 2891 1336 ut
2923 1292 3197 1353 cognoscat
3222 1298 3335 1351 qua:
3364 1284 3508 1335 circa
3540 1299 3626 1336 vos

2035 1382 2175 1437 sunt,
2206 1382 2251 1425 et
2283 1373 2572 1425 consoletur
2600 1373 2757 1425 corda
2787 1384 2972 1441 vestra,
3004 1390 3117 1427 cum
3147 1372 3389 1427 Onesimo
3419 1374 3627 1433 charis-

2035 1463 2188 1528 simo,
2221 1473 2270 1517 et
2292 1463 2437 1531 fideli
2462 1463 2641 1532 fratre,
2681 1464 2772 1534 qui
2805 1474 2878 1518 est
2904 1481 2968 1519 ex
2992 1466 3150 1533 vobis,
3188 1467 3277 1535 qui
3302 1462 3476 1519 munia
3507 1481 3628 1535 qua

2038 1552 2123 1605 hic
2156 1564 2381 1625 aguntur
2428 1565 2549 1607 nota
2586 1556 2779 1624 faciant
2828 1556 2989 1610 vobis.
3037 1557 3140 1610 Pro
3186 1555 3359 1612 nobis.
3410 1552 3631 1610 Salutat

2037 1657 2122 1695 vos
2149 1641 2475 1696 Aristarchus
2504 1646 2830 1715 concaptivus
2851 1662 3014 1710 meus,
3045 1655 3093 1699 et
3116 1645 3327 1701 Marcus
3357 1647 3630 1700 consobri-

2039 1748 2134 1785 nus
2161 1730 2414 1787 Barnaba:
2440 1735 2504 1787 de
2542 1738 2643 1804 quo
2668 1737 2930 1806 accepistis
2960 1738 3224 1791 mandata.
3266 1738 3366 1803 Qui
3405 1754 3627 1792 mecum

363 1837 481 1887 vus,
526 1824 612 1892 qui
642 1824 918 1878 dominum
947 1826 1331 1896 contempserit
1361 1845 1373 1879 :
1405 1826 1518 1881 sive
1546 1826 1816 1893 dominus,
1847 1829 1937 1895 qui
1972 1823 2014 1882 Β
2045 1832 2254 1878 tenetur
2279 1824 2331 1879 in
2365 1826 2609 1891 vinculis,
2633 1836 2722 1880 aut
2750 1830 3072 1897 compatitur
3092 1831 3221 1884 mihi
3242 1829 3529 1886 charitatis
3551 1832 3628 1885 af-

361 1929 572 1968 servnm
597 1915 776 1984 inique
804 1916 1129 1982 tractaverit,
1161 1927 1218 1970 ut
1245 1917 1574 1984 consoletur,
1597 1918 1771 1972 sciens
1796 1919 1932 1986 apud

364 2006 530 2059 Deum
577 2015 782 2061 mut-am
814 2022 918 2061 non
949 2023 1067 2062 esse
1104 2023 1253 2062 suam
1286 2009 1557 2077 injuriam.

435 2095 563 2150 Car.
595 2113 663 2150 tv.
699 2098 1072 2167 Domini,quod
1102 2102 1301 2171 justum
1327 2111 1399 2153 est
1427 2108 1475 2153 et
1513 2116 1738 2168 aequum,
1781 2101 1936 2155 servis

362 2196 617 2255 prastate.
642 2186 828 2242 Patres
859 2203 956 2243 ves
980 2189 1175 2243 debent
1220 2191 1390 2261 magis
1415 2194 1617 2244 sentire
1657 2205 1813 2259 quam
1841 2192 1936 2245 do-

362 2277 536 2330 minos
556 2294 568 2329 :
586 2277 725 2332 unde
751 2279 909 2347 vulgo
937 2280 1345 2345 patres'amilias
1370 2280 1737 2348 appellatnini.
1762 2278 1939 2335 Scien-

362 2376 436 2421 tes
460 2368 702 2437 quoniam
729 2377 777 2422 et
805 2384 895 2423 vos
932 2368 1204 2424 Dominum
1244 2370 1439 2425 habetis
1467 2373 1521 2425 in
1549 2372 1690 2425 ctelo.
1715 2371 1934 2439 Qualem

362 2473 490 2529 ergo
520 2459 674 2515 vobis
703 2459 984 2516 Dominum
1031 2478 1149 2519 esse
1196 2465 1376 2529 vultis,
1421 2465 1554 2521 tales
1594 2476 1765 2521 estote
1793 2467 1933 2520 circa

364 2542 657 2606 conservos
683 2553 855 2621 potius
898 2569 1055 2624 tinam
1098 2570 1306 2612 servos.
1352 2556 1584 2610 Orationi
1620 2557 1825 2624 instate,
1856 2557 1932 2609 vi-

366 2641 582 2710 gilantes
612 2643 662 2696 in
693 2660 771 2697 ea.
804 2643 1093 2719 Negligens
1121 2647 1286 2715 enim,
1314 2657 1365 2700 et
1396 2647 1692 2701 dormitans
1723 2648 1930 2717 petitio,

366 2746 467 2784 nec
494 2733 560 2785 ab
591 2732 804 2789 homine
841 2741 1034 2802 poterit
1059 2737 1255 2807 aliquid
1288 2737 1597 2806 impetrare.
1630 2735 1697 2791 In
1726 2740 1936 2808 gratia-
1982 2798 1985 2803 ,

362 2836 479 2874 rum
505 2823 723 2890 actione,
754 2834 956 2879 orantes
1000 2827 1169 2879 simul.
1219 2827 1322 2880 Pro
1353 2828 1600 2882 omnibus
1638 2844 1753 2898 qum
1786 2830 1936 2885 vobis

360 2924 488 2968 sunt
514 2930 789 2984 concessn,
824 2917 904 2972 vel
952 2919 1111 2973 etiam
1144 2922 1194 2972 in
1226 2921 1486 2987 adversis,
1515 2936 1633 2990 quae
1679 2921 1793 2988 ipso
1822 2922 1936 2976 dis-

365 2990 622 3072 pensante
671 3006 942 3061 eveniunt.
981 3007 1095 3062 Non
1133 3012 1275 3064 enim
1316 3012 1520 3064 orando
1564 3022 1835 3079 peteretur
1869 3014 1936 3066 ab

361 3109 451 3162 eo,
482 3096 583 3150 nisi
613 3097 680 3151 ab
703 3097 820 3166 ipso
861 3100 1020 3153 tribui
1063 3100 1397 3168 crederetur,
1430 3110 1489 3155 ut
1529 3102 1726 3157 ostium
1756 3104 1934 3174 aperi-

362 3193 512 3238 retur
532 3187 793 3253 sermoni,
838 3187 887 3241 id
920 3196 1023 3254 est,
1057 3199 1113 3241 ut
1155 3189 1359 3243 initium
1410 3190 1531 3244 lidei
1561 3192 1811 3246 cordibus
1842 3180 1932 3247 5n-
1961 3179 2004 3242 (ἶ

362 3272 595 3327 ditorum
640 3275 981 3330 tribueretur.
1028 3275 1094 3329 Et
1138 3293 1230 3344 pro
1270 3277 1430 3341 nobis,
1479 3287 1532 3331 ut
1560 3277 1701 3333 Deus
1739 3284 1935 3348 aperiat

365 3365 508 3419 nobis
537 3368 720 3421 ostium
742 3371 1007 3434 sermonis,
1038 3370 1107 3422 ad
1133 3371 1440 3442 loquendum
1466 3377 1758 3443 mysterium
1783 3376 1931 3431 Chri-

363 3459 453 3512 sti.
483 3460 631 3524 ρυοά
665 3476 759 3528 pro
791 3462 942 3517 nobis
971 3464 1157 3528 oratis,
1188 3464 1338 3519 vob's
1370 3466 1607 3537 perficiet
1654 3468 1705 3521 in
1737 3468 1936 3524 doctri-

367 3564 512 3609 nam.
548 3549 674 3603 Nam
706 3552 973 3621 quomodo
1000 3555 1233 3623 aperitur
1260 3557 1451 3610 ostium
1486 3558 1653 3625 verbi,
1688 3560 1789 3614 nisi
1817 3576 1934 3614 cum

367 3655 558 3697 sensus
588 3644 823 3711 aperitur
862 3646 1146 3712 audientis,
1200 3656 1259 3701 ut
1287 3648 1489 3714 credat,
1533 3658 1589 3704 et
1633 3650 1784 3704 initio
1815 3651 1934 3705 fnlei

267 3775 273 3781 .
364 3730 527 3794 facto,
556 3746 619 3786 ea
647 3746 767 3800 qua:
806 3733 870 3785 ad
909 3733 1275 3788 aediﬁcandam
1327 3736 1594 3791 salubrem
1640 3738 1934 3793 doctrinam

365 3821 724 3889 prmdicantur
778 3828 833 3876 et
871 3822 1208 3892 disputantur
1238 3825 1476 3893 recipiat,
1523 3842 1591 3881 ne
1623 3843 1717 3895 per
1747 3828 1935 3883 inlide-

365 3910 566 3966 litatetn
600 3913 760 3967 Corde
786 3913 991 3979 clauso,
1019 3928 1079 3967 ea
1109 3931 1226 3980 qua:
1260 3914 1538 3980 dicuntur,
1570 3918 1831 3986 improbet
1875 3936 1937 3974 ac

365 4003 624 4071 repellat?
652 3993 872 4073 Propter
901 4006 1038 4075 quod
1066 4007 1220 4059 etiam
1250 4007 1445 4060 vinctus
1476 4024 1609 4074 sum,
1640 4019 1692 4063 ut
1723 4010 1936 4079 manife-

361 4105 487 4145 stem
516 4094 664 4156 illud,
694 4096 763 4145 ita
793 4104 846 4147 ut
887 4106 1084 4163 Oportet
1114 4113 1191 4149 me
1224 4096 1381 4166 loqui.
1431 4097 1499 4153 Ut
1528 4098 1642 4167 ipse
1668 4099 1757 4153 det
1786 4100 1933 4168 quid,

362 4183 594 4251 quando,
623 4194 673 4238 et
701 4185 785 4238 cui
817 4186 1145 4241 rationaliter
1174 4187 1365 4242 debeat
1402 4189 1703 4256 prtedicari,
1735 4191 1855 4260 quia
1884 4200 1938 4246 et

367 4272 520 4327 nobis
577 4273 640 4325 ad
692 4287 873 4328 aurem
917 4277 1333 4343 praedicantibus
1382 4279 1471 4333 ille
1511 4277 1723 4334 interim
1771 4282 1934 4337 corde

367 4376 641 4432 Operatur.
716 4364 782 4418 In
848 4364 1097 4435 sapientia
1155 4369 1408 4421 ambulate
1463 4371 1531 4423 ad
1585 4388 1667 4424 eos
1718 4373 1818 4441 qui
1858 4376 1938 4443 fo-

366 4454 440 4506 ris
495 4464 652 4516 sunt,
701 4463 900 4521 tempus
952 4457 1273 4511 redimentcs.
1321 4458 1579 4526 Quoniam
1638 4462 1753 4517 dies
1809 4463 1935 4517 mali

2038 1913 2197 1968 fectu.
2228 1914 2287 1969 Si
2324 1917 2511 1988 venerit
2548 1918 2615 1969 ad
2648 1933 2755 1985 vos,
2794 1920 3011 1988 excipite
3040 1920 3205 1982 illum,
3248 1932 3293 1974 et
3323 1918 3502 1986 Iesus,
3534 1922 3628 1988 qui

2036 2004 2224 2056 dicitur
2245 1978 2569 2075 justuszui
2608 2015 2724 2060 sunt
2764 2024 2826 2061 ea:
2855 2010 3256 2063 circumcisione.
3306 2009 3432 2063 ch
3462 2025 3626 2064 man-

2035 2091 2153 2149 data
2173 2095 2240 2146 ah
2262 2109 2327 2147 eo
2353 2104 2684 2162 acceperant.
2724 2094 2791 2148 lli
2822 2098 2919 2150 soli
2938 2106 3053 2151 sunt
3083 2099 3342 2167 adjutores
3373 2101 3429 2152 in
3457 2115 3626 2169 regno

2036 2182 2152 2245 Dei,
2179 2184 2266 2251 qui
2289 2184 2417 2237 nti/ti
2446 2187 2657 2252 fuerunt
2685 2186 2890 2241 solatio.
2935 2187 2997 2241 lli
3029 2187 3365 2243 solummodo
3395 2202 3619 2241 mecum

2034 2283 2176 2334 sunt.
2210 2274 2324 2329 sive
2347 2275 2401 2329 hi
2433 2275 2534 2331 soli
2565 2291 2631 2331 es
2655 2276 3059 2334 circumcisione
3077 2278 3348 2347 adjutores
3378 2279 3431 2331 in
3463 2277 3621 2333 Novo

2035 2362 2402 2431 Testamento,
2428 2381 2525 2437 per
2554 2366 2696 2438 quod
2724 2368 2953 2423 intratur
2980 2368 3033 2423 in
3072 2384 3317 2441 regnum,
3347 2368 3496 2424 sicut
3531 2369 3626 2426 Sa-

2037 2463 2188 2509 tanas
2209 2456 2403 2511 dicitur
2429 2472 2593 2523 mors,
2626 2458 2746 2527 quia
2768 2472 2928 2514 causa
2957 2468 3041 2514 est
3067 2459 3271 2513 mortis.
3299 2457 3516 2514 Salutat
3539 2475 3627 2513 vos

2036 2543 2328 2615 Epaphras,
2352 2549 2441 2617 qui
2467 2563 2529 2601 ea:
2552 2549 2690 2602 vobis
2714 2556 2811 2613 est,
2833 2564 3003 2603 servus
3025 2547 3218 2602 Christi
3239 2548 3388 2615 Jesu,
3421 2565 3629 2616 semper

2035 2639 2284 2693 sollicitus
2332 2656 2424 2708 pro
2468 2639 2608 2694 vobis
2654 2641 2708 2693 in
2753 2641 3089 2696 orationibus.
3134 2640 3229 2696 Ille
3257 2656 3384 2697 vere
3429 2655 3626 2696 servus

2035 2730 2233 2786 Christi
2262 2741 2365 2796 est,
2395 2732 2484 2801 qui
2513 2747 2610 2801 pro
2640 2731 2756 2802 ejus
2781 2747 3008 2802 corpore
3029 2733 3289 2787 sollicitus
3319 2732 3621 2787 invenitur.

2041 2821 2108 2877 Ut
2134 2824 2277 2877 stetis
2302 2826 2534 2895 perfecti,
2565 2832 2613 2877 et
2634 2825 2774 2894 pleni
2801 2825 2852 2877 in
2894 2825 3032 2877 enini
3056 2826 3311 2877 voluntate
3339 2821 3457 2876 Dei.
3488 2820 3627 2877 Ora-

2038 2913 2272 2968 tionibus
2302 2913 2413 2983 snis
2450 2914 2615 2968 Deum
2650 2914 2839 2984 poscit,
2869 2924 2924 2969 ut
2954 2914 3310 2985 perseveretis
3341 2914 3394 2967 in
3429 2913 3628 2968 volun-

2040 3016 2146 3057 tate
2171 3002 2286 3068 Dei,
2315 3013 2369 3059 et
2402 3003 2490 3072 qui
2515 3003 2679 3072 coepit
2711 3004 2763 3057 in
2796 3006 2964 3066 vobis,
3001 3004 3116 3071 ipse
3156 3000 3417 3071 perﬁciat.
3448 3000 3628 3055 Testi-

2039 3076 2430 3147 moniumenim
2455 3093 2534 3147 illi
2565 3093 2822 3162 perhibeo,
2848 3086 2985 3163 quod
3023 3092 3172 3147 habet
3208 3091 3430 3147 multum
3467 3092 3630 3147 labo-

2035 3200 2144 3237 rem
2173 3200 2266 3254 pro
2308 3184 2467 3250 vobis,
2510 3193 2559 3239 et
2599 3200 2693 3253 pro
2732 3184 2810 3238 his
2832 3186 2922 3249 qui
2952 3193 3075 3237 sunt
3114 3181 3402 3250 Laodicea,
3435 3193 3485 3238 et
3530 3184 3627 3254 qui

2046 3274 2332 3343 Hierapoli.
2378 3275 2537 3331 Tales
2571 3258 2725 3330 erant
2770 3274 2923 3342 primi
2956 3273 3211 3343 temporis
3248 3272 3526 3340 discipuli,
3570 3283 3629 3329 et

2045 3364 2343 3421 imitatores
2378 3366 2521 3421 Pauli
2552 3375 2609 3421 et
2647 3366 2864 3421 Christi.
2900 3366 3109 3423 Salutat
3136 3382 3222 3420 vos
3251 3364 3419 3419 Lucas
3455 3366 3625 3420 medi.

2037 3473 2127 3511 cus
2164 3458 2515 3526 cltarisaimus,
2561 3467 2608 3512 et
2653 3458 2860 3513 Demos.
2895 3458 3126 3513 Salutate
3145 3458 3332 3526 fratres
3369 3457 3459 3526 qui
3499 3467 3626 3511 sunt

2040 3549 2340 3617 Laodicea,
2386 3559 2433 3603 et
2484 3548 2817 3620 Nympham,
2862 3556 2909 3603 et
2937 3564 3052 3618 qua:
3094 3550 3148 3601 in
3178 3551 3332 3601 donto
3384 3548 3499 3617 ejus
3547 3560 3626 3601 cst

2037 3644 2319 3698 ecclesiam.
2363 3642 2430 3695 Et
2481 3659 2594 3696 cum
2649 3644 2777 3697 lecta
2826 3643 2977 3712 fuerit
3028 3641 3167 3710 apud
3214 3656 3300 3694 vos
3337 3639 3621 3708 Epistola,

2038 3735 2190 3805 facite
2235 3747 2290 3788 ut
2333 3743 2379 3786 et
2428 3735 2482 3787 in
2512 3733 2903 3786 Laodicensium
2949 3733 3159 3795 ecclesia
3182 3730 3398 3800 legatur,
3456 3738 3508 3783 et
3556 3746 3623 3783 ea

2037 3839 2152 3893 qua:
2191 3822 2587 3877 Laodicensium
2625 3834 2720 3890 est,
2763 3823 2904 3877 vobis
2952 3823 3170 3893 legatur.
3216 3822 3351 3889 Quia
3380 3820 3518 3875 tales
3568 3821 3623 3874 in

2037 3913 2197 3967 domo
2218 3925 2312 3965 sua
2346 3912 2595 3978 habebat,
2616 3912 2825 3983 qualem
2849 3913 3134 3982 Apostolus
3160 3912 3400 3967 deﬁnivit
3433 3912 3617 3967 eccleo

2036 4005 2191 4059 siam.
2218 4003 2283 4057 Et
2307 4004 2459 4061 dicite
2489 4006 2782 4076 Archippo:
2801 4005 2923 4059 Vide
2946 4005 3273 4059 ministerium
3296 4004 3434 4073 quod
3455 4020 3614 4059 acce-

2039 4095 2160 4160 pisti
2188 4095 2239 4147 in
2266 4094 2507 4159 Domino,
2538 4106 2593 4148 ut
2613 4095 2747 4148 illud
2770 4095 3002 4165 impleas.
3033 4094 3292 4151 Salutatio
3314 4109 3426 4147 mea
3450 4110 3616 4148 manu

2045 4186 2221 4241 Pauli.
2267 4188 2535 4243 Diaconos
2553 4180 2739 4242 ’fuisse
2780 4187 3117 4256 intelligitur,
3161 4202 3264 4239 non
3302 4185 3623 4254 episcopus,

2038 4260 2400 4349 nequeenim
2438 4278 2723 4347 episcopus
2761 4276 2983 4331 haberet
3021 4288 3240 4331 necesse
3281 4273 3333 4328 in
3384 4273 3622 4328 ecclesia

2038 4374 2390 4435 eonimoneri,
2420 4381 2479 4425 ut
2499 4385 2653 4425 suum
2696 4378 2935 4427 servaret
2959 4368 3336 4423 ministerium.
3362 4364 3625 4420 leniores

2038 4472 2190 4518 estote
2206 4463 2523 4517 vinculorum
2546 4464 2793 4515 mearum.
2821 4461 2947 4516 Sive
2970 4470 3122 4515 orate
3144 4467 3203 4513 ut
3225 4457 3420 4513 reddar
3440 4456 3620 4522 vobis,

363 4554 510 4596 sunt.
545 4544 619 4598 De
652 4545 788 4598 malo
820 4555 1059 4615 tempore
1088 4545 1284 4602 bonum
1319 4546 1492 4603 ve5tra
1523 4550 1682 4606 faciet
1723 4553 1932 4621 sapieu-
1963 4543 2014 4602 D
2037 4554 2151 4610 sive
2171 4561 2520 4618 mementote,
2544 4554 2667 4623 quia
2688 4547 2853 4607 vestri
2877 4565 3035 4606 causa
3058 4550 3174 4604 haec
3196 4550 3392 4617 patior,
3422 4557 3477 4603 et
3498 4547 3625 4602 imi-

366 4634 461 4701 till,
496 4634 576 4688 vel
622 4646 781 4687 etiam
828 4650 922 4704 pro
963 4635 1142 4704 quiete
1174 4646 1347 4690 vestra
1378 4638 1575 4706 aliquid
1619 4642 1931 4711 temporale,

365 4728 408 4781 si
440 4742 662 4782 necesse
700 4738 799 4791 est,
845 4739 901 4784 ut
942 4739 1142 4798 pereat,
1182 4731 1528 4785 contemnite.
1569 4734 1753 4789 Sermo
1778 4746 1935 4789 vester

361 4836 559 4886 semper
584 4821 635 4873 in
667 4822 833 4890 gratia
860 4822 966 4875 sale
1004 4822 1070 4875 sit
1098 4823 1352 4876 conditus.
1386 4823 1672 4892 Sapientia:
1703 4828 1931 4892 ratione,

2038 4644 2224 4701 tamini
2270 4644 2576 4709 exemplum
2622 4656 2821 4697 meum.
2863 4638 3046 4695 Gratia
3092 4639 3368 4693 uobiscum.
3430 4635 3619 4690 Amen.

2038 4734 2168 4789 Cum
2198 4714 2458 4788 illis’vere
2484 4737 2564 4788 est
2594 4732 2785 4802 gratia,
2825 4732 2915 4799 qui
2946 4746 3066 4786 cum
3101 4744 3164 4783 ea
3203 4725 3620 4799 permanserint,

2041 4838 2093 4881 et
2116 4843 2235 4884 eam
2264 4842 2324 4883 se
2346 4827 2510 4895 gratis
2536 4825 2811 4895 accepisse
2833 4824 3087 4878 fatentur.

366 4939 3614 4968 ———'———-——-—'——_——___—_—__——_———n

1138 5020 1270 5099 AD
1320 5019 1943 5133 TIMOTHEUM
1990 5022 2481 5103 EPISTOLA
2528 5019 2866 5101 PRIMA.

907 5192 1404 5251 ARGUMENTUM.

364 5280 947 5356 Timothcumhinstruit,
988 5296 1036 5338 et
1065 5288 1210 5340 docet
1238 5288 1301 5341 de
1323 5287 1644 5340 ordinatione
1677 5287 1946 5356 episcOpao

434 5364 551 5426 tus,
581 5363 631 5408 et
672 5354 919 5426 diaconii,
952 5364 1003 5426 et
1040 5357 1594 5426 omnisiecclesiastica:
1631 5354 1939 5426 disciplina».

435 5425 647 5489 Scripta
685 5426 747 5477 de
772 5423 922 5495 _urbe
969 5423 1146 5495 Roma.
1193 5425 1489 5480 Timotheus
1525 5423 1790 5495 eptsmpus
1840 5427 1942 5495 fuit

436 5496 721 5562 discipulus
764 5493 955 5559 Pauli;
992 5494 1109 5548 huic
1130 5512 1215 5565 per
1248 5496 1441 5551 litteras
1471 5493 1825 5551 auctoritatem
1842 5493 1941 5549 dat

434 5568 724 5636 corrigendi
782 5582 981 5620 onmem
1033 5567 1429 5636 ecclesiasticam
1481 5566 1846 5636 disciplinam,
1894 5574 1940 5618 et

440 5635 690 5705 tpiscopos
739 5646 786 5690 et
834 5636 1079 5689 diaconos
1114 5635 1421 5699 ordinandi;
1465 5635 1707 5705 praterea
1736 5635 1941 5688 instruit

437 5720 550 5759 sunt
583 5708 834 5771 quomodo
862 5707 1300 5773 pseudoapostolis
1323 5706 1649 5774 respondeat,
1672 5706 1935 5760 detrahen-

2122 5199 2253 5252 tibus
2279 5198 2466 5263 Paulo,
2492 5197 2745 5252 rationem
2772 5196 2993 5251 reddens
3011 5197 3151 5267 quod
3178 5212 3279 5267 non
3298 5266 3301 5267 ν
3318 5196 3384 5249 sit
3406 5196 3609 5261 mirum,

2118 5271 2163 5322 si
2191 5270 2298 5336 ipse
2323 5285 2385 5322 ea:
2409 5278 2723 5334 persecutore
2748 5269 2971 5322 salvatus
2996 5265 3080 5331 sit,
3106 5283 3220 5321 cum
3242 5265 3478 5320 Christus
3500 5281 3613 5332 pec-

2119 5351 2315 5393 catores
2345 5340 2533 5393 venerit
2568 5338 2799 5393 liberare.
2831 5338 2909 5391 Ad
2935 5348 3219 5391 extremum
3246 5336 3397 5391 aliter
3424 5338 3612 5389 docen-

2117 5420 2188 5459 tes
2222 5419 2391 5463 manet
2413 5425 2521 5463 esse
2541 5409 2774 5463 vitandos
2809 5422 2859 5462 et
2888 5409 3139 5462 cavendas
3167 5406 3404 5460 omnibus
3429 5405 3609 5461 modis.

2113 5522 2289 5577 Carus
2326 5536 2545 5575 pntuuu.
2582 5519 2777 5575 Paulus
2823 5518 3087 5590 apestolus
3123 5517 3332 5573 Christi.
3367 5515 3613 5586 Proponit

2044 5620 2095 5665 et
2117 5612 2351 5665 nominis
2380 5608 2750 5665 auctoritatem
2780 5617 2836 5665 et
2874 5608 3097 5664 ordinis.
3130 5606 3429 5663 Secundum
3455 5608 3611 5673 imps-

2040 5705 2171 5758 rium
2213 5701 2307 5756 Dei
2339 5702 2619 5759 Salvatoris
2674 5701 2854 5770 nostri,
2886 5710 2933 5756 et
2984 5697 3172 5755 Christi
3216 5696 3342 5755 Iesu
3369 5698 3610 5769 spei.”-
