3910 6174
253 346 348 399 ϐω
1031 341 1095 396 ΙΝ
1130 339 1512 396 EPISTOLMI
1554 336 1570 388 l
1613 335 1702 392 AD
1742 331 2151 389 TIMOTIIEUM
2190 326 2706 390 COMMENTARIA.

251 469 389 510 stre.
416 454 530 509 Non
559 455 850 510 secundum
880 460 1053 509 meam
1079 454 1571 524 praesumptionem.
1596 446 1835 505 Simulet
1864 445 1914 505 Α
1938 443 2145 513 fortarit
2174 447 2224 500 in
2253 446 2455 501 Christo
2503 446 2628 502 Iesu
2677 444 2898 502 Domino
2943 457 3136 503 nostro.
3168 445 3299 503 Cum
3340 464 3510 505 essent

257 546 430 600 Patris
473 556 527 600 et
559 546 675 599 Filii
710 561 869 599 unum
902 545 1180 613 imperium
1208 558 1328 599 esse
1366 543 1719 597 demonstrat.
1746 536 1832 590 Ti.
1944 536 2184 591 infirmus
2214 546 2267 593 et
2315 538 2533 593 inutilis.
2572 538 2707 605 Quia
2736 538 2938 608 ﬁdelem
2966 554 3046 594 me
3068 541 3400 605 existimauit,
3427 539 3516 610 po-

251 639 457 691 motheo
485 638 518 689 d
540 638 670 690 lecto
690 637 800 705 ﬁlio
830 639 882 689 in
904 637 1024 704 ﬁde.
1056 636 1169 688 Nm
1204 634 1254 688 in
1287 649 1469 687 carne.
1508 631 1711 694 Gratia,
1740 628 1835 681 mi—
1941 644 2063 681 nens
2093 632 2143 682 in
2174 616 2477 685 ministerio.
2508 630 2586 684 Ad
2622 629 2923 698 ponendum
2971 631 3022 684 in
3066 630 3382 686 ministerio.
3420 632 3523 699 Qus

250 730 536 783 sericordia
566 736 613 781 et
635 744 737 795 pax
761 743 793 780 a
826 727 933 779 Deo
967 726 1124 779 Patre
1154 734 1203 779 et
1236 724 1437 779 Christo
1465 722 1494 775 ,Ι
1505 739 1591 775 esu
1617 720 1838 773 Domino
1940 724 2084 792 prius
2116 723 2192 790 fui
2217 721 2561 790 blasphemus,
2594 733 2639 776 et
2679 731 2987 791 persecutor,
3016 732 3064 774 et
3103 725 3533 791 contumeliosus,

251 827 454 871 nostra.
477 818 626 871 Sicut
649 819 822 889 rogari
843 827 991 882 te,~ut
1018 834 1305 871 remaneres
1338 815 1546 883 Ephesi,
1580 830 1693 866 cum
1715 814 1840 865 irem
1942 815 2031 866 sed
2068 814 2471 866 misericordiam
2499 825 2797 867 consecutus
2823 829 2955 866 sum.
2993 812 3179 869 Justus
3224 815 3437 883 quidem
3467 817 3519 869 in

252 908 310 961 in
333 908 707 977 Macedoniam,
735 919 787 961 ut
810 909 1130 962 denuntiares
1154 908 1474 976 quibusdam,
1495 920 1555 957 ne
1576 904 1724 956 aliter
1743 903 1841 954 do-
1944 904 2234 972 primordio
2264 915 2542 961 accusator
2563 914 2645 959 est
2664 906 2852 973 sui,,ut
2871 920 2992 959 cum
3021 906 3245 975 cmperit
3270 907 3520 960 adversa-

252 1009 447 1054 cerent.
478 1000 627 1067 Quos
654 999 972 1069 praedixerat
1019 999 1070 1054 in
1098 999 1342 1062 Aetibus,
1377 992 1669 1050 intraturos
1689 994 1841 1062 lupus
1942 1001 2054 1054 rius
2074 1043 2091 1067 ν
2119 999 2495 1054 confundatur,
2549 999 2655 1055 Sed
2706 999 2805 1053 iste
2834 999 2935 1053 hoc
2962 1013 3148 1053 verum
3178 999 3309 1053 dixit
3329 1000 3534 1065 ,'sicut

254 1105 454 1160 graves
483 1105 589 1144 non
621 1103 899 1157 parcenzes
928 1089 1092 1160 gregi.
1132 1088 1309 1157 Neque
1347 1087 1661 1140 intenderent
1693 1084 1839 1153 fabu-
1943 1091 2169 1161 legimus
2211 1090 2265 1143 in
2306 1090 2548 1146 Actibus.
2584 1091 2716 1157 Quia
2756 1091 2996 1161 ignorans
3027 1091 3147 1160 feci.
3176 1090 3367 1145 Levius
3404 1106 3528 1158 pec-

258 1182 347 1234 “'-
373 1182 517 1247 Quas
544 1182 614 1237 de
645 1182 837 1237 θεηεεῖ
862 1182 1118 1251 appelli“.
1144 1181 1193 1234 id
1222 1189 1303 1234 est
1329 1178 1619 1233 secundum
1648 1176 1839 1244 legem.
1943 1191 2066 1235 cant
2088 1183 2413 1251 ignorantes.
2435 1181 2501 1236 In
2523 1183 2896 1237 incredulitate.
2917 1183 2971 1236 ln
2991 1198 3094 1249 qua
3120 1195 3273 1239 nalus
3302 1182 3532 1239 fueram.

3417 337 3533 387 lini

260 1270 410 1325 unde
451 1286 483 1324 a
513 1272 738 1325 Domino
782 1278 1120 1339 accusantur,
1153 1270 1409 1324 docentes
1438 1267 1711 1321 doctrinas
1742 1265 1843 1319 ho-

261 1365 495 1419 minum.
546 1364 612 1417 Et
656 1365 966 1437 genealogiis
1009 1361 1520 1428 interminatis,,qute
1544 1361 1844 1428 qurestiones

260 1466 512 1525 praestant
532 1456 692 1524 magis
712 1472 866 1524 quam
887 1454 1273 1524 cedi/irationem
1298 1452 1411 1516 Dei,
1430 1468 1543 1519 qua:
1563 1461 1635 1504 est
1652 1452 1702 1503 in
1718 1450 1841 1518 ﬁde.

263 1545 716 1602 Generationibus
752 1547 1121 1614 antiquorum,
1151 1545 1202 1599 in
1234 1543 1428 1614 quibus
1452 1542 1553 1596 Silii
1584 1556 1843 1595 summam

262 1640 549 1694 scientiam
596 1639 897 1704 vindicant,
932 1640 976 1693 si
1008 1639 1074 1693 ab
1111 1638 1262 1693 initio
1298 1636 1669 1707 generationes
1717 1650 1850 1688 enu-

264 1736 513 1785 merent:
543 1736 651 1782 tam
698 1729 1051 1783 deuteroseon
1091 1726 1461 1790 contrarietas,
1495 1740 1653 1794 quam
1685 1738 1845 1792 geue~

1947 1272 2396 1341 Superabundauit
2424 1278 2592 1326 autem
2613 1272 2779 1343 gratia
2805 1272 3012 1326 Domini
3033 1273 3194 1326 nostri
3217 1290 3330 1326 cum
3350 1274 3453 1342 ﬁde
3485 1281 3533 1325 et

1946 1365 2237 1419 dilectione.
2261 1365 2390 1419 Tam
2418 1364 2694 1419 abundans
2724 1363 2823 1417 fuit
2861 1364 3029 1433 gratia
3057 1364 3192 1432 ejus,
3237 1364 3314 1419 vel
3342 1373 3447 1431 est,
3470 1375 3531 1421 ut

1947 1456 2279 1525 iniquitatum
2311 1470 2549 1510 mearum
2576 1455 2815 1510 vinceret
2839 1456 3133 1519 cumulum,
3167 1472 3284 1521 qua:
3315 1456 3444 1510 mihi
3475 1466 3530 1511 et

1948 1543 2104 1599 [idem
2129 1545 2365 1609 donavit,
2396 1556 2450 1600 ct
2469 1544 2833 1611 dilectionem,
2860 1555 2913 1599 ut
2941 1559 3046 1600 non
3076 1547 3411 1612 necessitate,
3436 1526 3551 1602 sed;

1948 1637 2209 1691 charitatc
2256 1639 2536 1693 servirem.
2594 1640 2723 1704 Quae
2773 1647 2847 1693 est
2892 1639 2945 1692 in
2991 1638 3194 1693 Christo
3243 1633 3390 1692 Iesu.
3430 1636 3535 1693 Per

1949 1724 2217 1779 Christum
2248 1728 2340 1796 qui
2383 1727 2512 1782 mihi
2541 1726 2742 1797 majora
2770 1728 2973 1783 dimisit
3009 1745 3022 1780 :
3054 1743 3175 1782 nam
3207 1742 3311 1782 non
3340 1727 3394 1781 in
3435 1743 3534 1781 na-

264 1818 538 1872 ratioaum
567 1818 872 1873 sollicitudo
904 1818 1187 1887 superﬂua.
1219 1815 1369 1869 Finis
1400 1824 1570 1868 autem
1610 1814 1848 1883 prn’cepti
1881 1816 1923 1875 Β
1955 1825 2091 1870 tura.
2121 1818 2183 1872 Et
2206 1820 2373 1884 ﬁdelis
2400 1836 2588 1888 sermo,
2620 1829 2667 1874 et
2692 1822 2832 1874 omni
2855 1822 3145 1890 acceptione
3168 1822 3387 1891 dignus:
3414 1823 3539 1890 quia

269 1918 346 1962 est
376 1909 602 1961 charitas
627 1910 689 1961 de
729 1910 880 1981 corde
911 1925 1059 1978 puro,
1091 1918 1138 1962 et
1164 1910 1469 1961 conscientia
1496 1910 1645 1971 bona,
1670 1914 1717 1959 et
1748 1905 1849 1972 ﬁde

269 1992 383 2051 non
400 1999 540 2065 ﬁcto.
564 1995 808 2052 Charitas
836 1998 928 2051 Dei
954 2006 1009 2051 et
1035 1996 1284 2068 proximi,
1310 1995 1361 2049 in
1389 2010 1488 2065 qua
1516 2002 1688 2048 tamen
1723 2008 1851 2060 pen-
1904 2072 1905 2075 η

271 2089 369 2143 det
397 2090 478 2144 lex
525 2096 582 2143 et
607 2089 905 2159 praphctaa.
939 2089 1062 2143 Haec
1090 2088 1135 2143 si
1163 2089 1230 2142 de
1271 2088 1595 2155 cordepnro
1617 2087 1708 2151 sit,
1745 2085 1852 2137 De.)

273 2190 363 2237 est
388 2182 519 2253 placi
547 2197 600 2245 a,
628 2190 682 2237 et
702 2182 746 2234 si
778 2180 904 2235 nihil
931 2181 1075 2235 aliud
1105 2196 1262 2251 quam
1282 2181 1333 2234 id
1362 2180 1503 2249 quod
1530 2177 1852 2248 diligendum

271 2279 363 2326 est
408 2272 675 2341 diligatur.
709 2270 1101 2326 Conscientiam
1151 2284 1279 2323 vero
1309 2269 1504 2323 bonam
1537 2268 1810 2335 subjunxit
1838 2305 1851 2329 ,

274 2369 498 2432 propter
518 2377 666 2430 spem
697 2378 711 2412 :
743 2359 833 2415 ille
866 2361 1007 2415 enim
1036 2375 1095 2414 se
1120 2359 1185 2414 ad
1210 2359 1260 2414 id
1291 2358 1430 2429 quod
1458 2358 1631 2413 credit
1661 2366 1716 2410 et
1740 2357 1856 2410 dili-

271 2454 373 2522 git,
400 2460 773 2520 perventurum
792 2463 914 2505 esse
938 2450 1208 2518 desperat,
1232 2450 1315 2503 cui
1338 2447 1492 2502 make
1518 2446 1860 2501 conscientiae

270 2544 560 2610 scrupulus
588 2543 744 2597 inest.
770 2542 954 2596 Tertio
986 2558 999 2595 :
1032 2541 1099 2595 Et
1125 2539 1249 2609 ﬁde,
1276 2537 1467 2609 inquit,
1497 2554 1600 2593 non
1632 2536 1750 2591 ﬁcta
1779 2553 1792 2589 :
1816 2537 1863 2591 si

275 2635 429 2687 enim
455 2634 589 2687 lides‘
613 2641 791 2688 nostra
809 2629 1088 2687 mendacio
1111 2629 1366 2694 caruerit,
1391 2637 1449 2684 ut
1472 2638 1525 2684 et
1548 2644 1653 2682 non
1681 2628 1862 2696 diliga-

274 2741 404 2778 usus
418 2726 557 2793 quod
582 2739 687 2778 non
710 2739 769 2779 es
812 2724 1162 2793 diligendum,
1186 2730 1243 2776 et
1257 2728 1402 2776 recte
1423 2722 1651 2775 vivendo
1674 2720 1725 2774 id
1747 2735 1866 2788 Spe-

278 2830 489 2880 remus,
517 2824 579 2869 ut
608 2816 749 2869 nullo
776 2816 937 2870 modo
978 2830 1102 2883 spes
1133 2822 1315 2868 nostra
1366 2813 1597 2867 l’allalur.
1632 2812 1700 2866 Et
1738 2827 1869 2866 con-

276 2906 528 2972 scientia,
563 2906 751 2975 inquit,
784 2906 943 2961 bona.
975 2905 1312 2960 Conscientia
1347 2917 1473 2972 pura
1499 2902 1865 2957 testimonium

282 2997 570 3066 perliibeat
610 2998 882 3061 charitati,
936 3005 992 3053 et
1019 2997 1121 3051 ﬁde
1171 3012 1274 3051 non
1307 2996 1448 3051 (icta.
1485 2998 1527 3049 A
1553 2996 1733 3065 quibus
1781 2995 1870 3047 ab-

279 3099 516 3142 errantes
543 3088 770 3157 quidam.
798 3088 895 3142 Est
923 3091 1065 3143 enim
1113 3088 1244 3143 ﬁdes
1276 3088 1329 3141 ﬁt
1347 3097 1419 3157 ta,
1464 3103 1581 3158 quae
1611 3088 1661 3141 in
1693 3088 1868 3141 verbis

1954 1909 2184 1964 Christus
2200 1910 2231 1964 J
2239 1928 2351 1966 esus
2374 1913 2507 1966 venit
2527 1914 2577 1966 in
2602 1914 2867 1968 mundum.
2890 1915 3055 1981 Quem
3078 1928 3266 1968 omnes
3287 1915 3539 1983 credunt,

1908 2054 1925 2077 ,
1952 2010 2006 2057 et
2032 2018 2189 2071 quem
2217 2004 2455 2058 omnium
2487 2005 2833 2060 conscientia:
2856 2020 3039 2059 verum
3071 2014 3387 2076 agnoscunt.
3407 2003 3540 2059 Pec-

1955 2102 2150 2148 calores
2178 2095 2346 2148 salvos
2376 2094 2564 2163 facere.
2600 2095 2739 2165 Ergo
2762 2104 2817 2150 et
2840 2111 2927 2151 me
2958 2096 3187 2151 salvavit
3215 2094 3355 2150 inter
3380 2104 3540 2149 caete-

1954 2196 2045 2235 ros
2077 2192 2403 2249 peccatores.
2429 2183 2659 2250 Quorum
2690 2186 2885 2254 primus
2906 2202 2998 2255 ego
3024 2201 3157 2239 sum.
3189 2185 3319 2240 Sum
3342 2200 3437 2254 pro
3463 2184 3539 2239 iui

1958 2271 2080 2341 poni
2112 2273 2268 2327 solet.
2305 2273 2415 2329 Sed
2436 2275 2549 2329 ideo
2571 2276 2975 2329 misericordiam
2996 2286 3293 2330 consecutus
3320 2292 3455 2344 sum,
3483 2290 3540 2329 ut

1959 2369 2010 2421 in
2039 2385 2117 2424 me
2146 2372 2367 2438 primum
2398 2371 2681 2425 ostenderet
2722 2370 2955 2425 Christus
2998 2370 3169 2425 Jrssts.
3202 2372 3348 2427 Sicut
3375 2370 3561 2426 David.

1961 2462 2033 2515 ait
2063 2479 2076 2515 :
2114 2462 2325 2516 Docebo
2353 2462 2565 2533 iniquos
2594 2460 2708 2517 vias
2732 2470 2875 2529 tuas,
2896 2474 2948 2518 et
2972 2463 3123 2534 impii
3148 2463 3214 2517 ad
3244 2473 3297 2519 te
3318 2478 3553 2518 conver-r

1964 2561 2181 2609 tentur:
2205 2554 2409 2608 scilicet
2435 2555 2480 2608 si
2511 2554 2641 2608 mihi
2685 2553 2994 2620 indulseris,
3026 2555 3229 2610 docebo
3271 2557 3547 2612 neminem

1964 2648 2251 2715 desperare
2280 2648 2497 2702 debere.
2549 2646 2764 2700 Omnem
2811 2648 3128 2717 patientiam.
3175 2647 3343 2715 Quam
3384 2649 3567 2703 etiam.

1969 2740 2393 2807 persecutoribus
2415 2754 2518 2792 non
2547 2738 2718 2792 solum
2744 2738 3002 2807 indulget,
3026 2738 3120 2793 sed
3152 2739 3311 2794 etiam
3332 2751 3571 2809 aposto-.

1969 2829 2106 2883 latus
2134 2830 2339 2883 confert
2380 2828 2657 2883 honorem.
2701 2829 2779 2881 Ad
2807 2829 3219 2899 informationem
3261 2846 3434 2883 eorum
3456 2834 3546 2902 qui

1968 2920 2212 2973 credituri
2236 2928 2353 2973 sunt
2381 2918 2462 2973 illi
2484 2920 2535 2972 in
2562 2921 2715 2972 vitam
2738 2928 2999 2973 wternam.
3020 2919 3087 2974 Ut
3106 2934 3263 2974 nemo
3278 2920 3571 2989 ἀθέριξε-οι..

1972 3010 2098 3081 Regi
2128 3021 2297 3065 autem
2349 3012 2649 3067 sa‘culorum
2682 3012 2976 3077 immortali,
3008 3012 3247 3066 invisibili
3289 3013 3387 3067 soli
3419 3013 3567 3068 Deo-

1972 3104 2083 3173 Qui.
2102 3103 2233 3156 mihi
2263 3104 2471 3158 veniam
2502 3102 2687 3157 tribuit
2715 3120 2821 3158 non
2853 3104 3098 3159 merenti.
3132 3103 3318 3159 Honor
3344 3114 3392 3159 et
3431 3105 3579 3176 glo-.

280 3186 377 3235 est
394 3178 546 3243 so'is,
574 3179 656 3233 vel
687 3179 1078 3245 hereticorum,
1102 3181 1191 3249 qui
1222 3183 1273 3233 in
1303 3180 1537 3235 Ecclesia
1569 3182 1767 3233 intrare
1794 3178 1865 3232 vi-

1974 3195 2073 3260 ria,
2102 3196 2153 3247 in
2180 3194 2371 3248 swcula
2388 3197 2712 3250 saeculorum.
2743 3195 2926 3249 Amen.
2952 3195 3235 3265 Rexparvi
3268 3197 3547 3266 temporis,
3572 3248 3579 3253 .

282 3272 510 3335 dentur,
542 3274 625 3326 vel
660 3273 905 3327 lictorum
950 3273 1356 3327 catholicorum.
1391 3271 1625 3327 Conversi
1649 3280 1768 3325 sunt
1816 3273 1871 3324 in

286 3363 665 3432 vaniloquium,
697 3364 917 3417 uolentes
943 3379 1053 3417 esse
1080 3363 1205 3433 legis
1253 3364 1507 3417 doctores.
1554 3362 1608 3416 lu
1663 3361 1870 3415 vanil‘o-
1918 3378 1922 3382 ‘

285 3454 475 3524 quium
507 3452 800 3509 fabularum
829 3456 1184 3510 saecularium.
1214 3454 1336 3508 Non
1357 3456 1693 3524 intelligentes
1713 3470 1873 3522 neque

284 3562 409 3616 qua?
455 3546 766 3617 loquuntur,
795 3563 954 3614 neque
998 3548 1062 3601 de
1106 3547 1281 3616 quibus
1331 3547 1603 3615 a/ﬁrmant.
1644 3545 1870 3599 Grandis

286 3637 524 3691 stultitia
568 3644 672 3702 est,
706 3652 808 3689 non
838 3636 1108 3691 intellecta
1135 3636 1202 3691 de
1242 3638 1407 3705 magis
1452 3651 1556 3690 non
1586 3635 1871 3689 intellectis

288 3729 437 3783 velle
463 3727 751 3783 affirmare.
777 3728 979 3784 Scimus
1008 3737 1177 3783 autem
1204 3729 1321 3797 quia
1350 3727 1477 3781 bona
1504 3737 1575 3780 est
1603 3731 1702 3780 lex.
1736 3727 1873 3779 Con-

290 3830 378 3871 tra
408 3818 728 3873 Manichazos
752 3819 816 3872 ad
848 3819 1118 3873 Romanos
1142 3818 1254 3870 ait:
1282 3818 1386 3870 Lex
1416 3817 1629 3887 quidem
1661 3822 1868 3879 sancta,

289 3920 347 3962 et
382 3908 685 3962 mandatum
717 3917 979 3963 sanctum.
1005 3908 1112 3961 Lex
1152 3918 1206 3960 ut
1234 3924 1262 3961 a
1296 3908 1405 3960 Dio
1431 3907 1552 3960 data
1579 3894 1673 3974 pro
1702 3906 1874 3960 horni-

292 4015 422 4053 mnn
445 3999 644 4068 qualita
671 4013 719 4053 e.
747 3997 808 4053 Si
829 4001 939 4067 quis
960 4015 1024 4051 ea
1048 4000 1264 4068 legitime
1284 4008 1495 4051 utatur:
1517 4000 1727 4051 scientes
1756 3999 1869 4049 hoc.

289 4093 346 4146 Si
377 4094 495 4157 qus
522 4091 641 4160 scit,
672 4092 895 4160 quibus,
927 4107 1125 4160 quare,
1154 4099 1210 4147 et
1239 4093 1473 4161 quandiu
1520 4091 1765 4144 habenda
1802 4091 1875 4144 sit

290 4184 418 4238 data
450 4184 779 4255 spiritaliter.
816 4183 947 4248 Quia
966 4186 1108 4254 justo
1130 4185 1211 4237 lex
1239 4200 1339 4237 non
1369 4191 1443 4236 est
1467 4183 1645 4251 posita,
1672 4182 1759 4236 sed
1787 4182 1871 4235 in-

281 4277 473 4348 justis,
495 4286 541 4329 et
569 4291 668 4330 non
697 4276 931 4330 subditis.
956 4276 1013 4332 Si
1043 4291 1171 4347 ergo
1196 4276 1269 4331 ita
1290 4283 1392 4340 est,
1422 4274 1738 4330 Christianis
1765 4290 1872 4329 non

291 4381 390 4429 est
408 4388 561 4442 opus,
595 4376 717 4442 quia
756 4375 1033 4442 iustificati
1074 4383 1200 4429 sunt
1244 4389 1341 4443 per
1379 4372 1670 4439 Christum,
1703 4379 1758 4427 et
1785 4373 1873 4444 qui

290 4463 598 4518 didicerunt
622 4462 931 4517 occasiones
949 4475 1137 4517 cavere
1166 4469 1524 4529 peccatorum.
1548 4459 1678 4515 Nam
1710 4474 1874 4531 quare

1974 3296 2029 3343 et
2057 3288 2319 3355 mortalis,
2348 3301 2409 3342 ac
2432 3288 2655 3343 visibilis
2681 3295 2735 3343 et
2759 3302 2949 3358 capax,
2972 3297 3250 3343 consortes
3291 3288 3547 3343 honorem
3580 3330 3585 3340 .

1972 3390 2027 3437 et
2069 3381 2290 3451 gloriam
2325 3379 2483 3434 habet
2531 3379 2917 3446 temporalem,
2967 3393 3073 3433 non
3105 3387 3384 3434 aeternam.
3436 3376 3579 3433 Hoc.

1973 3478 2303 3541 prmeeptum.
2331 3469 2637 3524 Doctrinam
2671 3469 2827 3524 hanc.
2854 3468 3135 3538 [lucusque
3156 3468 3223 3523 de
3251 3477 3393 3523 statu
3418 3482 3551 3521 suo:

1974 3560 2134 3615 modo
2172 3558 2263 3614 dat
2297 3550 2669 3614 auctoritatem
2711 3558 2958 3614 docendi.
2986 3556 3294 3613 Commendo
3325 3557 3438 3619 tibi,
3474 3556 3554 3624 ﬁli
3584 3604 3587 3605 ν

1976 3650 2256 3719 Tintotltee,
2273 3651 2553 3705 secundum
2568 3649 2905 3718 pra'cedentes
2933 3649 2984 3700 in
3009 3657 3057 3700 te
3080 3646 3393 3717 prop/actias.
3418 3646 3555 3711 Quia
3584 3692 3587 3697 .

1973 3745 2132 3799 etiam
2162 3751 2286 3796 ante
2317 3743 2417 3796 hoc
2448 3741 2686 3795 habebas
2732 3740 2870 3795 hanc
2897 3740 3142 3810 gratiam.
3176 3737 3243 3791 Ut
3272 3737 3455 3789 milites
3499 3737 3555 3789 in

1974 3835 2077 3887 illis
2099 3833 2281 3886 bonam
2308 3833 2561 3885 militiam.
2605 3831 2749 3886 Bona
2791 3831 2975 3884 militia
3006 3838 3109 3891 est,
3137 3830 3188 3882 in
3236 3843 3337 3898 qua
3366 3835 3555 3882 Contra

1974 3924 2246 3979 diabolum
2271 3931 2324 3977 et
2355 3923 2485 3975 vitia
2507 3921 2809 3987 dimicatur,
2835 3931 2887 3976 et
2914 3922 3005 3974 Dei
3036 3920 3293 3974 voluntati
3318 3926 3550 3988 paretur.

1977 4015 2182 4070 Habcns
2205 4015 2359 4083 ﬁdem
2379 4026 2423 4066 et
2442 4015 2625 4066 bonam
2646 4013 3028 4066 conscientiam.
3057 4012 3238 4066 Fidem
3267 4014 3552 4077 perl‘cCtam
3576 4054 3580 4059 .

1976 4108 2029 4161 in
2057 4106 2301 4171 Christo,
2327 4114 2381 4159 et
2405 4107 2597 4159 honam
2624 4103 3005 4159 conscientiam
3032 4105 3083 4157 in
3114 4103 3518 4159 conversatione
3536 4143 3552 4164 ,

1976 4198 2089 4253 sive
2129 4198 2393 4252 doctrina.
2431 4197 2597 4262 Quam
2640 4198 2846 4264 quidam
2886 4198 3183 4264 repellentes
3229 4199 3364 4251 circa
3402 4197 3557 4264 ﬁdem

1976 4289 2447 4359 naufragaverunt:
2469 4304 2532 4342 ea:
2552 4288 2730 4358 quibus
2751 4296 2824 4343 est
2840 4291 3153 4359 Hymemeus
3173 4297 3220 4342 et
3245 4288 3554 4345 Alexander.

1978 4381 2093 4437 Non
2125 4382 2386 4450 integram
2415 4396 2531 4436 eam
2564 4388 2827 4446 tenentes,
2860 4382 2966 4448 jam
3001 4380 3142 4434 Villis
3174 4380 3456 4450 implicati,
3482 4381 3558 4441 li-

1980 4473 2099 4528 dem
2125 4482 2178 4528 et
2198 4474 2359 4527 vitam
2386 4473 2734 4527 maculantes.
2766 4471 2905 4538 Quos
2929 4474 3117 4527 tradidi
3142 4472 3451 4536 Satantehut
3471 4473 3579 4531 άίτν

288 4556 505 4611 dicatur
535 4556 653 4609 his:
684 4555 797 4609 Non
829 4555 1040 4610 occides
1072 4573 1085 4609 :
1112 4555 1363 4627 quoniam
1412 4569 1511 4609 nec
1555 4553 1711 4609 irasci
1738 4554 1871 4622 jussi
1904 4541 1952 4601 ί)
1975 4573 2119 4618 scant
2140 4578 2239 4617 non
2262 4562 2632 4632 blaspliemare.
2659 4563 2725 4619 Ut
2755 4580 2823 4620 ex
2850 4565 3095 4634 praesenti
3115 4568 3454 4632 correptione
3478 4564 3573 4619 di‘

288 4663 441 4719 sunt,
472 4652 567 4708 nisi
593 4662 652 4708 ut
670 4668 787 4708 eam
808 4654 1116 4723 spiritaliter
1142 4653 1436 4721 impleant?
1467 4650 1653 4722 Impiis
1685 4662 1732 4707 et
1758 4670 1872 4725 pec-

290 4743 576 4811 catoribus,
608 4744 870 4798 sceleratis
899 4752 946 4797 et
973 4730 1367 4806 contaminatis,
1395 4743 1660 4812 patricidis
1689 4751 1734 4798 et
1765 4759 1874 4796 ma-

290 4836 513 4901 tricidis,
543 4836 830 4902 homicidia,
862 4835 1178 4905 fornicariis,
1208 4835 1553 4889 masculorum
1582 4835 1873 4889 concubito-

286 4928 461 4992 ribus,
489 4926 783 4997 plagiariis,
816 4926 1173 4989 mendacibus,
1202 4924 1441 4995 perjuris.
1489 4923 1595 4979 Illis
1622 4925 1870 4979 omnibus

286 5020 416 5072 data
446 5025 550 5083 est,
582 5025 642 5071 ut
663 5019 731 5073 ab
757 5019 872 5072 iStis
892 5017 1203 5072 criminibus
1224 5026 1566 5071 revocentur.
1596 5015 1659 5069 Et
1678 5016 1722 5069 si
1749 5016 1872 5086 quid

287 5112 439 5164 aliud
492 5127 633 5165 sana:
680 5112 923 5165 doctrina:
965 5111 1295 5173 adversatur,
1324 5124 1439 5175 qua:
1483 5117 1557 5163 est
1595 5109 1874 5162 secundum

292 5200 631 5271 Evangelium
676 5200 854 5273 gloria
875 5201 1004 5253 beati
1051 5198 1146 5253 Dei
1174 5198 1307 5267 quod
1334 5199 1584 5252 creditum
1616 5208 1689 5252 est
1727 5197 1867 5253 mihi.

288 5294 434 5351 Sunt
462 5293 602 5348 enim
633 5294 816 5348 multae
839 5292 1040 5349 insana:
1069 5292 1347 5355 doctrinae,
1376 5305 1494 5361 qua:
1524 5291 1769 5346 homines
1797 5288 1874 5343 fa-

288 5384 724 5451 ciuntjnsanire.
746 5381 943 5438 Contra
965 5382 1052 5437 illa
1079 5382 1162 5437 lex
1184 5389 1287 5446 est,
1318 5397 1437 5451 qua:
1459 5381 1727 5436 contraria
1749 5389 1875 5435 sunt
1900 5431 1907 5437 .

287 5475 618 5544 evangelicis
647 5474 927 5545 praeceptis
965 5490 980 5527 :
1010 5488 1137 5543 ergo
1166 5472 1291 5542 quid
1319 5481 1564 5540 quaerunt
1594 5471 1664 5525 ibi
1694 5481 1749 5526 ut
1774 5486 1875 5525 no-

292 5580 421 5618 vum
447 5606 462 5630 ,
504 5565 646 5635 quod
674 5566 835 5619 etiam
875 5565 927 5619 in
971 5564 1083 5632 lege
1130 5563 1369 5617 habent?
1394 5562 1563 5617 Simul
1610 5574 1664 5617 et
1704 5564 1874 5633 legem

294 5655 602 5724 Eungeiiis
640 5653 968 5709 concordare
988 5654 1338 5709 demonstrat.
1364 5648 1570 5705 Gratias
1587 5668 1684 5723 ago
1705 5653 1771 5707 ei.
1801 5652 1877 5709 Ne

294 5747 575 5813 dicerent,
592 5746 718 5813 Quis
739 5754 822 5803 est
850 5745 958 5811 ille,
985 5745 1070 5801 cui
1095 5742 1356 5803 creditum
1385 5742 1499 5800 est?
1529 5741 1630 5811 Qui
1655 5759 1736 5797 nte
1756 5759 1876 5799 con-

1975 4663 2126 4707 scant
2146 4653 2377 4707 futurum
2399 4651 2660 4721 judicium
2685 4668 2788 4706 non
2815 4669 3033 4723 negare.
3057 4654 3137 4709 Ad
3164 4654 3557 4709 emendandum
3582 4698 3585 4699 ν

1976 4745 2149 4800 traditi
2172 4752 2316 4811 sunt,
2341 4760 2448 4799 non
2477 4745 2541 4800 ad
2566 4746 2919 4816 perdendum,
2943 4754 2997 4801 et
3024 4756 3082 4801 ut
3103 4746 3347 4815 exemplo
3371 4760 3584 4800 eorum.

1973 4834 2060 4889 alii
2089 4843 2437 4891 terrerentur.

2043 4926 2171 4981 CAP.
2204 4942 2261 4981 lt.
2298 4926 2517 4981 Obsecro
2547 4928 2705 5000 igitur
2735 4927 2899 4995 primo
2932 4926 3158 4979 omnium
3187 4925 3303 4995 ﬁeri
3326 4925 3565 4979 obsecra-

1981 5021 2165 5085 tiones,
2219 5021 2503 5085 orationes,
2554 5020 2936 5089 postulationes.
2991 5018 3306 5075 Obsecratio
3357 5020 3563 5078 lirm'et'

1979 5110 2219 5165 oratione
2242 5118 2344 5165 est.
2370 5111 2496 5165 Item
2519 5111 2705 5165 aliter:
2725 5109 3139 5166 Obsecrationes
3163 5112 3297 5167 fiunt
3319 5128 3415 5182 pro
3441 5130 3562 5181 pec-

1982 5201 2116 5253 catis
2148 5200 2451 5267 prmteritis,
2485 5199 2569 5254 vel
2599 5199 2947 5268 praesentibus
2978 5217 2993 5259 :
3026 5205 3297 5259 orationes
3319 5219 3415 5274 pro
3446 5204 3563 5257 adi-

1983 5288 2247 5358 piscendis
2266 5305 2387 5357 quae
2407 5304 2685 5359 speramus
2712 5308 2725 5344 :
2753 5292 3162 5361 postulationes,
3182 5308 3301 5349 cum
3327 5311 3421 5362 pro
3443 5294 3560 5349 aliis

1984 5379 2375 5434 intervenimus
2410 5396 2422 5433 :
2454 5381 2748 5450 gratiarum
2787 5383 3045 5450 actiones,
3075 5399 3196 5439 cum
3219 5400 3280 5441 ea
3312 5399 3431 5456 quze
3461 5400 3559 5455 p0-

1980 5467 2208 5537 scimus,
2240 5469 2626 5538 impetramus;
2659 5471 2745 5526 vel
2774 5482 2952 5539 certe,
3001 5488 3121 5528 cum
3156 5488 3251 5542 pro
3289 5475 3560 5528 immensis

1984 5564 2073 5620 Dei
2104 5562 2380 5619 beneﬁciis
2403 5566 2601 5636 gratias
2625 5567 2913 5637 laudesque
2943 5566 3244 5622 referimus.
3264 5564 3590 5627 Gratiarum,

1982 5656 2224 5711 actiones.
2248 5654 2460 5711 Gratias
2482 5671 2701 5727 agamus
2719 5657 2768 5713 ei
2797 5659 2885 5728 qui
2912 5672 3011 5712 nos
3030 5657 3223 5728 dignos
3253 5657 3375 5714 fecit
3398 5659 3560 5715 etiam

1981 5763 2081 5821 pro
2108 5745 2226 5804 aliis
2270 5746 2575 5817 impetrare.
2619 5747 2725 5803 Pro
2754 5748 2988 5805 omnibus
3038 5748 3345 5807 hominibus.
3386 5748 3586 5815 Etiam.
