3884 6172
433 271 539 326 665

1550 266 1847 325 PRIMASII
1896 265 2344 324 ADRUMETANI
2388 267 2599 327 EPISC.
3544 281 3630 336 (ξω

433 407 531 459 pro
558 392 993 456 persecutoribus
1021 406 1195 445 orare.
1231 390 1328 443 Pro
1360 392 1560 463 regibus
1595 400 1641 442 et
1672 389 1899 442 omnibus
1927 390 2013 455 qui
2042 386 2084 443 Α
2123 384 2285 437 discit
2314 404 2428 439 cum
2457 388 2595 441 omni
2625 388 2953 459 subjectione.
2988 388 3154 467 Discat
3188 391 3415 460 quidem,
3436 396 3517 449 sed
3542 413 3643 455 curn

430 484 482 537 in
507 484 816 538 sublimitate
862 496 998 547 sunt,
1042 494 1095 537 ut
1126 485 1348 555 quietum
1391 494 1437 537 et
1485 485 1813 555 tranquil/ant
1864 488 2014 537 vitum

429 592 643 645 agamus
683 577 735 628 in
788 576 929 630 omni
973 577 1156 646 pietate
1198 587 1244 630 et
1282 576 1535 630 castitate.
1580 578 1646 632 Ut
1690 587 2017 646 cognoscant

434 665 625 732 Deum,
652 668 787 733 sive,
820 677 871 719 ut
900 660 1169 737 subjectas
1200 666 1434 722 habeant
1461 664 1648 738 gentes
1674 686 1687 722 :
1722 670 1773 723 in
1800 669 2011 723 illorum

430 761 571 813 enim
603 774 732 829 pace
773 760 922 828 quies
950 768 1135 814 nostra
1164 760 1448 814 consistit:
1483 762 1527 813 si
1560 760 1703 814 enim
1726 760 2013 815 Christiani

430 862 575 919 sunt,
605 851 836 906 cessabit
854 851 1239 920 persecutionis
1260 852 1509 920 impetus.
1533 851 1649 905 Hoc
1669 852 1805 906 enim
1826 854 2014 905 bonum

429 951 502 994 est
526 952 573 994 et
594 951 854 1010 acceptum
877 942 1331 996 coramSalvatore
1355 952 1529 996 nostro
1562 941 1689 998 Deo.
1718 942 1785 998 Ut
1814 954 1863 997 et
1897 958 2013 1004 vos.

429 1034 568 1086 sicut
596 1032 704 1098 ille,
732 1046 921 1087 omnes
952 1032 1194 1107 homines
1219 1033 1413 1087 salvari
1444 1034 1688 1103 eupiatis.
1718 1034 1818 1099 Qui
1840 1052 2013 1089 omnes

429 1124 677 1176 homines.
712 1123 844 1176 llinc
874 1124 1126 1192 probatur
1153 1124 1321 1179 Deum
1367 1124 1567 1179 nemini
1597 1120 1700 1179 vim
1734 1124 1933 1181 inferre
1958 1134 2014 1178 ut

429 1223 645 1279 pereat;
676 1214 768 1267 sed
791 1215 879 1280 qui
903 1215 1042 1284 perit
1068 1230 1167 1270 suo
1193 1218 1385 1271 merito
1409 1218 1578 1287 perit;
1609 1228 1661 1273 et
1683 1219 1773 1287 qui
1801 1220 2011 1272 salvan-

430 1312 535 1367 tur,
573 1305 663 1358 Dei
691 1306 859 1374 gratia
900 1316 954 1361 et
983 1309 1328 1363 miseratione
1357 1309 1648 1363 salvantur.
1689 1309 1818 1363 Nam
1860 1311 2011 1378 juxta

427 1393 650 1464 ﬁguram
684 1397 1059 1466 synecdochen
1092 1398 1195 1466 hic,
1229 1414 1440 1465 omnes,
1472 1418 1498 1452 a
1524 1414 1673 1471 parte
1714 1409 1879 1455 totum
1914 1401 2011 1455 dc-

425 1485 613 1540 bemus
644 1487 908 1554 accipere.
945 1487 1065 1542 Vult
1091 1489 1259 1542 salvos
1285 1490 1550 1559 ﬁeri.'Sed
1571 1506 1736 1560 quare
1766 1506 1870 1545 non
1899 1508 2013 1543 uru-

427 1589 527 1631 nes
555 1576 832 1647 salventur
857 1579 881 1633 τ
909 1581 1043 1646 Quia
1088 1582 1264 1649 justus
1295 1594 1375 1637 est
1408 1592 1463 1636 et
1489 1583 1795 1637 misericors
1828 1582 1967 1636 Deus
1996 1598 2009 1637 :

427 1667 571 1736 quod
604 1671 754 1724 multi
810 1672 1162 1737 damnantur,
1198 1677 1531 1741 pereuntium
1586 1684 1670 1730 est
1720 1676 2008 1745 meritum;

2120 478 2264 531 omni
2299 479 2599 535 humilitate
2629 493 2786 550 atque
2817 481 3053 536 silentio.
3090 484 3273 539 Docere
3298 495 3454 539 autem
3478 490 3644 543 mulieri

2118 587 2217 623 non
2243 571 2500 636 permitto.
2528 571 2711 626 Vtrum
2738 589 2842 627 non
2871 574 3031 628 debet
3054 575 3262 629 ducere.
3289 576 3532 631 Ceterum
3554 581 3648 647 ipse

2116 663 2271 728 dixit,
2296 663 2536 734 juniores
2578 666 2802 720 feminas
2832 666 3015 721 doceri
3047 682 3076 721 a
3115 668 3407 723 senioribus
3446 669 3645 735 debere;

2117 754 2210 807 sed
2241 764 2294 808 et
2326 755 2715 820 lilium,virum,
2758 756 2841 812 vel
2886 756 3103 832 fratrem
3137 765 3303 826 potest
3330 772 3532 812 monere
3558 761 3647 827 pri.

2118 846 2299 901 vatim.
2337 844 2518 915 Neque
2557 849 2815 902 dominari
2840 848 2896 900 in
2926 848 3107 902 virum.
3152 848 3493 917 Magisteriurn
3522 863 3649 902 usur-

2118 938 2315 1023 pnpdo,
2343 938 2425 993 vel
2448 940 2640 992 marito
2661 954 2719 994 se
2748 939 3102 1008 prtelerendo.
3136 940 3241 995 Sed
3265 957 3368 994 esse
3387 943 3438 994 in
3458 942 3646 998 silentio.

2119 1031 2194 1083 Ne
2215 1029 2269 1083 in
2292 1030 2517 1084 ecclesia
2551 1030 2855 1099 loquantur.
2889 1032 3052 1085 Adam
3074 1034 3203 1087 enim
3231 1034 3415 1102 primus
3436 1034 3649 1104 formatas

2117 1131 2210 1182 est,
2229 1120 2410 1172 deinde
2440 1118 2565 1173 Eva.
2594 1120 2791 1175 Reddit
2818 1135 3009 1175 causas
3039 1136 3133 1175 cur
3161 1124 3285 1176 velit
3306 1136 3394 1177 eas
3419 1137 3527 1177 esse
3545 1123 3649 1177 sub-

2112 1213 2279 1279 jectas
2306 1232 2317 1267 :
2342 1215 2567 1278 scilicet,
2599 1216 2721 1285 quia
2750 1226 2805 1271 et
2827 1217 3151 1285 posteriores
3175 1229 3297 1272 sunt
3322 1219 3371 1272 in
3401 1221 3585 1279 ordine.
3604 1229 3649 1273 et

2122 1305 2326 1370 priores
2356 1307 2409 1359 in
2437 1284 2627 1375 culpa.
2660 1307 2728 1361 Et
2767 1307 2935 1362 Adam
2964 1326 3066 1363 non
3097 1284 3168 1364 es?
3205 1311 3452 1365 seducfus.
3482 1312 3521 1365 Α
3556 1326 3649 1367 ser-

2121 1405 2297 1462 pente.
2350 1395 2538 1450 Mulier
2566 1407 2733 1451 autent
2760 1399 2969 1453 seducta
3009 1401 3063 1454 in
3113 1401 3514 1472 pra'varicatione
3549 1402 3643 1470 fuit.

2115 1484 2344 1539 Mandati
2381 1488 2859 1557 praevaricatione;
2892 1491 2985 1546 sed
3018 1506 3123 1546 non
3157 1491 3275 1546 ideo
3304 1490 3534 1559 desperet
3554 1508 3645 1545 mu.

2119 1577 2233 1641 lier,
2265 1578 2388 1646 quia
2417 1591 2512 1648 per
2542 1579 2863 1649 baptismum
2885 1593 2939 1636 et
2964 1582 3078 1649 ipsa
3108 1582 3415 1638 salvabitur.
3445 1581 3646 1637 Saluabi-

2119 1674 2201 1719 tur
2225 1677 2393 1721 autem
2429 1686 2517 1738 per
2564 1671 2787 1739 filiorum
2832 1675 3232 1744 generationem.
3269 1672 3379 1728 Non
3417 1673 3545 1739 Eva,
3572 1672 3647 1726 sed

427 1758 570 1824 quod
600 1760 751 1815 multi
781 1761 1084 1827 salvantur,
1121 1765 1379 1819 salvantis
1406 1774 1488 1819 est
1517 1767 1738 1819 donum.
1773 1766 1840 1820 Ut
1868 1766 2009 1819 cnim
2046 1752 2090 1811 Β
2118 1758 2310 1812 mulier
2335 1776 2348 1814 ί
2377 1761 2499 1830 quia
2533 1761 2643 1815 Eva
2672 1762 2736 1816 ad
2761 1764 3063 1833 exemplum
3098 1763 3325 1818 adducta
3352 1771 3448 1831 est,
3479 1779 3568 1817 non
3591 1763 3647 1817 de

430 1869 553 1908 reus
583 1853 887 1921 damnetur,
921 1856 1257 1924 inculpabilis
1284 1866 1369 1912 est
1411 1858 1500 1913 Dei
1528 1858 1774 1928 justitia;
1807 1869 1866 1912 ut
1890 1873 2011 1911 reus

422 1944 779 2014 justilicetur,
816 1947 1098 2003 inell'abilis
1132 1950 1229 2004 Dei
1270 1960 1351 2004 est
1384 1951 1551 2025 gratia
1582 1970 1597 2008 :
1632 1953 1815 2007 multis
1864 1954 2007 2009 enim

429 2036 705 2090 beneﬁciis
732 2038 1087 2094 obdurantur.
1135 2040 1201 2093 Et
1230 2043 1297 2094 ad
1325 2044 1638 2112 agnitionem
1682 2048 1905 2099 veritatis
1932 2062 2012 2099 ve-

427 2128 557 2181 nire.
591 2128 813 2184 Constat
844 2131 1010 2186 Deum
1042 2134 1222 2188 omnia
1271 2136 1405 2189 bona
1436 2136 1615 2203 velle;
1642 2139 1733 2191 sed
1767 2138 2011 2193 homines

425 2233 525 2271 suo
558 2219 684 2274 vitio
728 2222 1129 2291 praecipitantur
1158 2226 1208 2279 in
1253 2230 1430 2281 malis.
1468 2228 1613 2283 Unus
1661 2229 1794 2282 enini
1852 2232 2007 2286 Deus.

426 2309 603 2373 Pater,
638 2318 691 2366 et
733 2312 918 2380 Filius,
959 2326 1013 2369 et
1070 2316 1302 2385 Spiritus
1362 2327 1578 2373 sanctus
1628 2323 1865 2375 omnium
1909 2323 2007 2376 Iro-

426 2402 630 2456 minem
686 2403 826 2459 Deus
879 2416 959 2459 est
1002 2425 1015 2459 :
1076 2416 1126 2461 et
1177 2390 1299 2463 ideo
1345 2411 1490 2477 cupit
1536 2427 1724 2467 omnes
1775 2414 2003 2483 8'tlvari,

426 2509 560 2561 quos
610 2495 749 2551 fecit.
782 2497 1095 2567 Quicunque
1136 2509 1311 2554 autem
1361 2504 1662 2570 salvantur,
1703 2507 1868 2573 ipsius
1913 2507 2010 2560 du-

427 2597 496 2635 no
549 2583 841 2639 salvantur.
903 2588 1147 2643 Sulliciat
1200 2591 1376 2656 nobis,
1425 2595 1544 2661 quia
1603 2610 1707 2649 non
1763 2606 1845 2649 est
1901 2596 2005 2650 ini-

423 2676 600 2743 quitas
643 2676 781 2744 apud
813 2678 1001 2743 Deum,
1040 2691 1089 2734 et
1116 2684 1232 2748 quia
1264 2682 1629 2739 iuserutabilia
1662 2687 2004 2758 suntjudicia

422 2765 557 2836 ejus.
599 2767 745 2822 Unus
770 2779 816 2822 et
858 2773 1107 2825 mediator
1142 2772 1236 2827 Dei
1264 2784 1311 2828 et
1352 2775 1635 2830 hominum.
1673 2778 1821 2833 Sicut
1869 2795 2006 2835 unus

423 2857 589 2923 Deus,
638 2860 707 2913 ita
754 2869 810 2916 et
852 2877 990 2917 unus
1031 2864 1313 2930 mediator,
1361 2867 1462 2921 hoc
1506 2877 1618 2935 est,
1663 2870 1843 2925 nullus
1886 2872 2003 2925 talis

426 2948 708 3013 mediator,
739 2966 910 3022 neque
924 2953 1152 3024 Moyses,
1176 2972 1347 3027 neque
1377 2959 1571 3026 aliquis
1597 2961 1999 3029 prophetarum.

427 3039 599 3096 llomo
623 3041 859 3099 Christus
881 3045 1054 3101 Jesus.
1074 3046 1269 3105 Contra
1294 3051 1633 3120 Maniehasos,
1665 3056 1787 3123 quia
1803 3058 1869 3110 de
1918 3074 2004 3109 ra-

2120 1848 2231 1915 ipsa
2261 1851 2477 1920 proprie
2504 1851 2801 1917 dicebatur,
2858 1869 2951 1921 per
2981 1855 3214 1908 ﬁliorum
3261 1854 3643 1922 generationem,

2119 1939 2421 2016 nutriendo,
2451 1948 2507 1993 et
2543 1956 2649 1995 non
2694 1942 2956 2013 necando,
2982 1959 3083 2000 nec
3125 1944 3451 1998 abortiendo.
3476 1943 3530 1999 Si
3548 1959 3643 2015 per.

2114 2035 2376 2087 manserit.
2410 2034 2559 2089 Sicut
2587 2035 2833 2103 superius
2858 2035 2924 2090 de
2951 2035 3148 2105 plurali
3178 2051 3395 2090 numero
3420 2036 3479 2089 ad
3498 2041 3645 2104 singu-

2114 2127 2283 2181 larem
2312 2126 2524 2180 transiit
2548 2143 2560 2177 :
2587 2125 2657 2179 ita
2679 2133 2734 2181 et
2763 2126 2847 2180 hic
2870 2127 3007 2181 redit
3028 2128 3098 2182 ad
3118 2126 3395 2196 pluralem.
3420 2127 3642 2182 Caeterum

2113 2217 2382 2287 quomodo
2408 2217 2610 2287 justitia
2635 2218 2767 2286 justi
2792 2233 2954 2287 super
2982 2219 3168 2289 ipsum
3196 2220 3319 2286 erit,
3347 2231 3398 2274 et
3416 2219 3643 2289 quomodo

2112 2307 2226 2362 Noe
2247 2352 2259 2373 ,
2302 2307 2401 2361 Job
2440 2317 2495 2363 et
2524 2308 2707 2362 Daniel
2739 2304 2880 2364 filios
2907 2324 3034 2363 suos
3062 2320 3119 2364 et
3152 2309 3287 2364 tilias
3315 2311 3514 2365 minime
3540 2310 3647 2364 libe-

2112 2401 2323 2465 rabunt,
2356 2401 2401 2455 si
2443 2415 2538 2468 per
2568 2401 2704 2454 ﬁlios
2737 2401 2847 2454 Eva
2875 2401 3217 2457 salvabitur?
3246 2402 3337 2456 sed
3360 2416 3528 2455 omnes
3551 2416 3642 2454 mu-

2112 2493 2271 2547 lieres
2301 2493 2378 2547 sic
2400 2493 2769 2559 salvabuntur,
2796 2494 2842 2547 si
2869 2493 2924 2546 in
2955 2493 3112 2547 bonis
3137 2494 3387 2563 operibus
3405 2507 3513 2547 cum
3538 2492 3639 2557 lide,

2111 2587 2355 2640 castitate
2374 2630 2388 2654 ,
2417 2596 2470 2640 et
2502 2585 2614 2640 Deo
2660 2585 2850 2654 placita
2879 2585 3175 2642 dilectione
3216 2586 3567 2655 permanserint
3598 2586 3638 2645 in

2113 2677 2218 2733 fide
2242 2674 2459 2731 Christi.
2489 2676 2558 2730 Et
2582 2678 2871 2731 dilectione.
2904 2678 2998 2732 Dei
3028 2688 3083 2733 et
3118 2678 3366 2745 proximi.
3393 2675 3457 2730 Et
3484 2675 3638 2730 sancti-

2110 2770 2365 2837 ﬁcatione.
2415 2768 2604 2823 Mentis
2623 2780 2677 2824 et
2707 2771 2967 2840 corporis.
2991 2770 3339 2825 Sanctilicate
3360 2783 3448 2823 vos
3468 2783 3547 2837 per
3565 2768 3637 2821 trio

2110 2863 2295 2925 duum.
2325 2872 2378 2918 et
2402 2879 2469 2917 ne
2497 2866 2832 2919 accesseritis
2860 2866 2927 2919 ad
2959 2866 3268 2920 mulierem.
3301 2866 3432 2937 Ergo
3461 2866 3639 2919 castitas

2109 2956 2459 3009 sanctiﬁcatio
2485 2956 2699 3010 dicitur.
2725 2956 2851 3010 Cum
2877 2956 3178 3014 sobrietate.
3200 2958 3333 3025 Quia
3350 2958 3459 3013 sine
3474 2954 3642 3012 sobrie-

2112 3056 2219 3100 tate
2249 3045 2469 3100 dillicile
2491 3048 2809 3101 custoditur.

422 3134 594 3189 ditore
618 3142 737 3189 erat
766 3137 1025 3203 dicturus,
1056 3140 1175 3195 ideo
1207 3141 1477 3197 hominem
1515 3120 1881 3199 tantummodo
1906 3163 2003 3199 no-
2030 3120 2078 3180 θ
2182 3139 2310 3192 CAP.
2345 3155 2420 3192 III-
2456 3137 2653 3194 Fidelis
2675 3156 2858 3195 sermo.
2886 3139 2948 3196 Si
2979 3142 3095 3210 quis
3123 3143 3459 3214 episcopatum
3482 3139 3642 3194 διεῖδε·

425 3226 663 3280 initiavit.
702 3227 804 3294 Qui
834 3229 973 3283 dedit
998 3232 1394 3300 redemptionem
1425 3235 1748 3302 semetipsum
1775 3252 1867 3304 pro
1889 3254 2001 3289 om-

421 3317 589 3370 nibus.
615 3316 718 3370 Pru
748 3320 999 3375 omnibus
1026 3322 1237 3390 quidem
1265 3324 1464 3379 ellusus
1491 3334 1573 3381 est
1615 3329 1829 3396 sanguis
1858 3328 2007 3382 Chri-

423 3410 523 3471 sti,
555 3409 646 3462 sed
692 3411 1037 3467 credentibus
1069 3415 1283 3482 prodest
1310 3434 1322 3470 :
1355 3418 1645 3473 incredulis
1667 3435 1798 3473 vero
1827 3423 1926 3474 erit
1950 3422 2001 3475 in

421 3496 921 3554 condemnationem
949 3518 962 3555 :
993 3503 1131 3557 sicut
1159 3506 1281 3560 alibi
1324 3507 1437 3575 ipse
1468 3510 1623 3574 dicit,
1655 3510 1786 3564 Aliis
1818 3527 2004 3567 sumus

422 3585 556 3639 odur
582 3587 701 3642 vitae
733 3590 783 3642 in
820 3591 1014 3646 \‘ituttt:
1047 3594 1166 3649 aliis
1193 3597 1326 3650 odor
1348 3602 1535 3652 mortis
1558 3600 1607 3653 in
1630 3611 1876 3654 mortem.
1906 3602 2005 3654 Cn-

417 3679 503 3747 jus
532 3682 876 3737 testimonium
904 3688 1214 3753 temporibus
1235 3692 1342 3743 suis
1362 3693 1718 3758 conﬁrmatum
1744 3705 1835 3748 est.
1868 3698 2000 3760 Quia

421 3781 476 3822 et
508 3772 783 3839 praphctm
805 3775 916 3829 suis
942 3780 1269 3848 temporibus
1300 3783 1605 3838 testimonio
1631 3784 1865 3840 luerunt.
1897 3787 2003 3839 No-

421 3863 639 3929 vissime
667 3864 810 3920 misit
837 3866 916 3920 eis
939 3868 1129 3924 Filium
1159 3888 1335 3927 suum.
1359 3873 1424 3927 In
1443 3892 1541 3942 quo
1561 3879 1758 3947 positus
1780 3894 1891 3930 sum
1912 3895 2002 3948 ego

420 3957 728 4023 praedicatur
754 3966 802 4011 et
827 3963 1109 4031 apostolus.
1156 3948 1211 4018 lit
1261 3968 1648 4037 testimonium,
1682 3970 1803 4039 quia
1850 3970 2004 4025 .lesus

419 4053 505 4098 est
535 4047 701 4101 Filius
733 4048 844 4105 Dei.
902 4052 1179 4110 Veritatem
1225 4059 1342 4113 dico
1363 4100 1377 4125 ,
1410 4076 1510 4113 non
1551 4063 1796 4129 mentior,
1826 4063 2004 4117 doctor

419 4140 639 4207 gentium
656 4141 710 4194 in
730 4141 835 4209 ﬁde
857 4152 903 4197 et
921 4149 1130 4201 veritate
1143 4161 1166 4213 ,'
1184 4150 1296 4203 volo
1317 4168 1437 4220 ergo
1460 4152 1593 4205 viros
1623 4169 1771 4208 orare
1793 4154 1846 4207 in
1867 4155 2003 4208 omni

419 4228 554 4282 loco.
576 4229 646 4285 Ut
666 4234 920 4302 magister
940 4238 1177 4304 gentium
1198 4239 1288 4294 dat
1309 4240 1478 4311 legem
1498 4244 1713 4297 orandi:
1732 4260 2001 4315 nunquam

419 4320 488 4372 de
510 4322 754 4377 oratione
778 4326 1078 4394 statuisset,
1113 4328 1215 4383 nisi
1246 4331 1419 4401 aliqua
1451 4331 1573 4387 huic
1600 4336 1828 4403 qumstio
1856 4350 1885 4389 a
1917 4337 2005 4391 Ju-

419 4408 552 4465 dazls
578 4415 782 4468 moveri
800 4428 976 4487 empta
998 4432 1140 4474 esset
1168 4422 1474 4480 volentibus
1502 4426 1553 4480 in
1574 4428 1772 4496 templo
1800 4429 2000 4484 solum-

2111 3242 2209 3284 ναξ.
2244 3230 2319 3285 De
2344 3230 2443 3286 hoc
2472 3230 2602 3285 dicit
2629 3230 2718 3301 qui
2747 3232 3077 3287 ordinandus
3112 3245 3220 3303 est,
3247 3234 3410 3304 qualis
3434 3232 3542 3302 eligi
3566 3229 3641 3283 de-

2111 3321 2269 3375 beat:
2307 3324 2535 3389 primum
2565 3322 2726 3376 laicos
2754 3324 2980 3377 inStituit
3020 3325 3303 3394 utriustue
3345 3338 3517 3388 sexus,
3543 3321 3639 3391 quia

2102 3424 2161 3466 et
2191 3412 2258 3466 de
2284 3413 2414 3480 ipsis
2440 3415 2493 3466 in
2522 3396 2880 3469 sacerdotium
2904 3415 3200 3483 eliguntur.
3229 3416 3418 3470 Bonum
3436 3431 3547 3482 opus
3570 3413 3642 3465 de-

2108 3503 2316 3555 siderat.
2370 3505 2515 3571 Dpus
2544 3504 2697 3568 dixit,
2733 3518 2838 3557 non
2886 3504 3173 3561 honorem.
3207 3505 3410 3575 Oportet
3435 3519 3540 3575 ergo
3559 3502 3644 3572 epi-

2107 3608 2318 3662 scOpum
2364 3594 2854 3661 irreprehensibilem
2900 3611 3028 3649 esse.
3075 3596 3231 3651 Sicut
3257 3596 3321 3650 ad
3359 3596 3513 3649 Titum
3536 3592 3643 3645 dixit

2108 3685 2226 3736 siue
2257 3676 2504 3749 uimine,
2541 3685 2864 3753 generaliter
2905 3685 3107 3754 primo,
3160 3694 3339 3755 postea
3383 3683 3641 3754 specialiter

2111 3778 2349 3830 membra
2374 3776 2486 3843 ipsa
2520 3777 2941 3848 distinguuntur.
2980 3776 3151 3831 Unius
3185 3779 3354 3833 uxoris
3382 3777 3542 3829 virum.
3573 3771 3641 3824 Vi-

2109 3871 2395 3939 gilautern,
2443 3869 2487 3923 si
2520 3871 2594 3923 illi
2628 3886 2695 3924 ne
2747 3870 2849 3925 hoc
2877 3871 3020 3936 licet,
3069 3872 3217 3940 quod
3251 3871 3332 3925 vel
3364 3870 3487 3925 laico
3512 3867 3638 3930 licet,

2109 3964 2231 4033 quid
2264 3963 2334 4017 de
2377 3962 2589 4016 caeteris
2612 3963 2950 4019 sentiendum
2983 3966 3105 4018 est?
3142 3965 3397 4020 Subrium.
3425 3963 3497 4015 Ab
3520 3956 3641 4012 omni

2109 4042 2753 4118 ebrietate.‘Prudentem,
2787 4065 3049 4121 ornatum,
3075 4056 3394 4126 hospitalem.
3422 4050 3643 4107 Omnibus

2108 4146 2440 4216 Spiritalibus
2470 4146 2823 4201 ornamentis.
2855 4146 3151 4205 DQo’lOt‘em.
3179 4145 3245 4202 Ut
3264 4154 3366 4200 tam
3393 4142 3539 4197 verbo
3562 4139 3644 4190 do—

2109 4250 2226 4295 ceat
2248 4253 2410 4309 quam
2440 4238 2710 4309 exemplo.
2741 4238 2800 4293 Si
2818 4253 3007 4292 omnes
3028 4238 3228 4293 debent
3251 4239 3385 4293 scire
3417 4229 3642 4304 quomodo

2109 4332 2397 4400 unicuique
2426 4330 2819 4398 respondeant,
2852 4340 3054 4399 quanto
3096 4331 3267 4401 magis
3315 4325 3560 4388 sacerdos,
3587 4319 3642 4373 de
3722 4382 3725 4387 ,

2110 4422 2265 4492 cujus
2290 4437 2385 4476 ore
2416 4422 2584 4493 legem
2608 4423 2911 4492 exquirant,
2956 4423 3078 4491 quia
3104 4422 3325 4491 angelus
3350 4415 3535 4473 Domini
3553 4425 3641 4464 οηι-

421 4498 603 4566 modo,
640 4503 780 4570 quod
821 4515 935 4561 erat
972 4508 1388 4580 Hierosolymis,
1436 4493 1697 4570 adorare;
1736 4517 1998 4574 Levant“.
2032 4493 2085 4553 Β
2114 4513 2401 4583 nipotentis
2426 4514 2550 4569 est?
2576 4511 2699 4567 Non
2732 4515 3060 4568 vinolentum.
3093 4513 3162 4568 Ut
3189 4510 3485 4567 ﬁducialiter
3504 4503 3642 4575 possit

420 4591 661 4647 'Icatatio
691 4594 1012 4654 innocentia:
1046 4611 1128 4656 est
1158 4618 1408 4660 manuum
1459 4610 1650 4664 oratio.
1684 4610 1856 4666 Purus
1888 4630 2002 4666 ma-

420 4698 537 4738 nus.
560 4684 605 4739 A
632 4686 781 4743 etcde
822 4699 875 4745 et
905 4693 1186 4763 sanguine,
1215 4697 1362 4751 omni
1390 4711 1555 4767 opere
1583 4702 1746 4755 malo.
1782 4702 1910 4757 Sine
1926 4706 2004 4757 ira

419 4789 467 4831 et
498 4779 886 4850 disceptatione.
920 4776 1238 4842 Non'solum
1283 4805 1468 4858 opere.
1524 4792 1777 4847 Similiter
1815 4804 1863 4847 et
1893 4812 2005 4848 mu-

422 4871 586 4925 lieres.
617 4873 670 4927 ln
701 4877 951 4933 omnibus
976 4894 1095 4950 qua:
1120 4880 1187 4935 de
1220 4882 1347 4936 viris
1368 4883 1521 4937 dixit.
1555 4881 1620 4936 In
1642 4884 1820 4938 Itabitu
1848 4902 2001 4941 orna-

422 4985 495 5033 to,
524 4989 639 5025 eum
662 4978 963 5032 verecundia
988 4989 1037 5033 et
1060 4980 1355 5037 sobrietate.
1389 4983 1513 5037 llarc
1538 4991 1663 5037 sunt
1690 4996 1999 5039 ornamenta

423 5060 636 5116 luminas
662 5063 998 5124 Christiana).
1031 5069 1286 5125 Ornanies
1312 5089 1365 5126 se
1393 5089 1492 5126 non
1524 5074 1725 5127 intortis
1756 5074 2001 5129 crinibus.

424 5150 539 5205 Non
565 5152 724 5206 debet
749 5158 1082 5214 occasionem
1113 5174 1306 5230 prtsfsta
1340 5179 1371 5218 e
1407 5166 1876 5234 concupiscentire.
1906 5168 2005 5219 Aut

422 5259 576 5307 auro,
605 5253 693 5297 aut
714 5249 1024 5317 margaritis.
1051 5251 1182 5318 Qua:
1213 5265 1368 5308 terra:
1398 5266 1521 5310 sunt
1543 5267 1877 5320 ornamenta,
1909 5272 2005 5311 cu-

419 5330 512 5401 jus
536 5332 695 5388 homo
720 5345 802 5390 est
822 5338 975 5391 deus.
1017 5337 1112 5393 Vel
1139 5353 1272 5396 veste
1295 5347 1532 5411 pretiosa.
1557 5346 1621 5401 Ut
1650 5362 1752 5416 qua
1777 5362 1840 5400 ne
1867 5363 2004 5401 unus

424 5427 638 5496 quidem
662 5428 894 5493 caletlat,
915 5431 1056 5487 unde
1081 5446 1300 5501 possunt
1322 5436 1568 5504 ejusdem
1594 5449 1795 5493 natura!
1825 5441 2006 5493 vestiri

427 5521 826 5588 qutmplurimi.
858 5522 965 5577 Sed
1011 5528 1148 5594 quod
1179 5526 1321 5581 decet
1368 5530 1627 5593 mulieres,
1661 5531 2006 5598 promittentes

423 5614 667 5685 pietatem
692 5630 781 5683 per
820 5630 973 5686 Opera
1000 5618 1148 5671 bona.
1186 5618 1288 5673 Ista
1315 5635 1442 5689 ergo
1488 5630 1610 5674 sunt
1651 5637 1755 5677 non
1786 5625 2005 5689 proruit-

433 5704 682 5771 tentium,
702 5707 802 5759 sed
836 5710 1134 5778 negantium
1158 5711 1477 5767 castitatem.
1513 5711 1701 5766 Mulier
1724 5716 1773 5765 in
1802 5715 2002 5783 silentio

2113 4606 2454 4661 Sobrietatetn
2484 4606 2698 4661 docere.
2734 4605 2856 4659 Non
2878 4621 3245 4675 percussorem,
3267 4603 3351 4657 sed
3371 4601 3639 4656 modestum;

2113 4716 2215 4755 non
2243 4700 2547 4772 litigiosum.
2573 4700 2698 4755 Sive
2725 4713 2794 4754 ne
2841 4699 3086 4768 petulans
3119 4699 3190 4753 sit
3224 4694 3520 4759 incedendo,
3547 4689 3642 4744 sive

2113 4809 2179 4846 ne
2208 4792 2454 4859 exemplo
2485 4806 2583 4845 suo
2612 4791 2971 4845 conscientias
3001 4790 3156 4861 feriat
3185 4788 3513 4843 infirmorum.
3538 4778 3640 4836 Non

2110 4885 2381 4952 cupidum.
2412 4880 2684 4949 Cupiditas
2714 4880 2858 4934 enim
2891 4890 3143 4948 provocat
3171 4879 3234 4932 ad
3264 4864 3383 4932 lites
3402 4885 3451 4929 et
3471 4870 3636 4941 jurgia-

2116 4977 2239 5027 Sum
2267 4976 2437 5027 domttt
2460 4974 2582 5025 bene
2610 4972 2977 5040 prwpositunt;
3004 4972 3141 5036 filios
3168 4968 3421 5022 habentem
3447 4961 3640 5016 subdues

2114 5082 2230 5118 cum
2255 5065 2390 5117 omni
2411 5064 2661 5115 castitate.
2697 5062 2813 5130 Ipse
2836 5063 3087 5129 exposuit
3116 5065 3166 5115 in
3188 5057 3525 5129 sequentibus.
3550 5049 3640 5103 lloc

2112 5166 2212 5217 est,
2239 5155 2286 5209 si
2316 5155 2453 5209 ﬁlios
2482 5154 2532 5207 in
2560 5155 2803 5207 caStitate
2834 5160 2889 5207 et
2920 5153 3213 5206 burnilitate
3257 5146 3493 5208 nutrivit,
3523 5150 3572 5194 ut
3597 5139 3638 5190 iu

2115 5248 2216 5301 hoc
2251 5245 2365 5314 ejus
2393 5244 2666 5311 drlipeutia
2696 5242 3077 5311 comprobatur
3112 5259 3126 5297 :
3165 5242 3207 5295 si
3237 5239 3371 5294 euinr
3396 5245 3566 5303 paucos
3591 5227 3639 5280 lt-

2116 5336 2213 5389 lios
2244 5349 2369 5389 suos
2394 5336 2609 5389 erudire
2632 5334 2875 5399 nescivit,
2902 5334 3168 5402 quomodo
3198 5340 3364 5382 tantos
3392 5326 3514 5377 ﬂiios
3540 5318 3633 5378 llei,

2115 5435 2214 5483 hoc
2259 5439 2341 5484 est
2379 5444 2590 5483 omnem
2639 5429 2891 5497 populum
2937 5424 3278 5495 gubernabit,
3317 5420 3455 5489 cujus
3487 5422 3637 5467 tuom

2112 5523 2403 5579 secundum
2445 5538 2721 5577 numerum
2754 5521 2949 5575 diversi
2979 5521 3142 5574 sunt?
3170 5517 3227 5572 Si
3254 5517 3360 5585 quis
3387 5519 3535 5563 autem
3562 5506 3637 5555 άοο

2112 5618 2217 5671 mui
2245 5631 2352 5669 sure
2367 5632 2526 5686 prwes
2553 5631 2581 5668 ε
2602 5615 2780 5679 nescit,
2800 5613 3052 5682 quomodo
3087 5608 3321 5663 Ecclesia:
3346 5605 3429 5655 Dei
3446 5603 3476 5653 tl
3499 5600 3637 5665 linen-

2113 5716 2231 5767 tiurn
2267 5712 2421 5764 Imbeb
2446 5721 2462 5762 t
2490 5712 2512 5747 ’
2540 5711 2613 5763 Ne
2644 5724 2737 5764 eos
2762 5708 2840 5763 sic
2881 5708 3203 5778 negligenter
3232 5702 3508 5753 idlllOut‘dl.
3541 5689 3638 5771 Cx-
