  <div class='ocr_page' id='page_1' title='image "/cluster/home/n/w/nwhite01/storage/ocr_20150623/68/hvd.32044054758719/340.png"; bbox 0 0 3910 6174; ppageno 0'>
   <div class='ocr_carea' id='block_1_1' title="bbox 280 273 421 352">
    <p class='ocr_par' dir='ltr' id='par_1_1' title="bbox 280 273 421 352">
     <span class='ocr_line' id='line_1_1' title="bbox 280 273 421 352; baseline -0.007 0"><span class='ocrx_word' id='word_1_1' title='bbox 280 301 385 352; x_wconf 65' lang='grc' dir='ltr'><strong>σῦκ</strong></span> <span class='ocrx_word' id='word_1_2' title='bbox 417 273 421 281; x_wconf 81' lang='grc'><em>’</em></span> 
     </span>
    </p>
   </div>
   <div class='ocr_carea' id='block_1_2' title="bbox 1072 286 2765 388">
    <p class='ocr_par' dir='ltr' id='par_1_2' title="bbox 1072 286 2765 388">
     <span class='ocr_line' id='line_1_2' title="bbox 1072 286 2765 388; baseline 0.014 -25"><span class='ocrx_word' id='word_1_3' title='bbox 1072 308 1134 363; x_wconf 66' lang='lat' dir='ltr'><strong>IN</strong></span> <span class='ocrx_word' id='word_1_4' title='bbox 1176 309 1561 371; x_wconf 72' lang='lat' dir='ltr'><strong>EPISTOLAM</strong></span> <span class='ocrx_word' id='word_1_5' title='bbox 1602 315 1620 371; x_wconf 89' lang='grc' dir='ltr'><strong>Ι</strong></span> <span class='ocrx_word' id='word_1_6' title='bbox 1662 317 1753 373; x_wconf 77' lang='lat' dir='ltr'><strong>AD</strong></span> <span class='ocrx_word' id='word_1_7' title='bbox 1791 318 2197 380; x_wconf 72' lang='lat' dir='ltr'><strong>TBIOTHEUM</strong></span> <span class='ocrx_word' id='word_1_8' title='bbox 2238 286 2765 388; x_wconf 69' lang='grc' dir='ltr'><strong>(ΖΟΜΜΕΝΤᾹΒΙΑ.</strong></span> 
     </span>
    </p>
   </div>
   <div class='ocr_carea' id='block_1_3' title="bbox 3463 344 3566 399">
    <p class='ocr_par' dir='ltr' id='par_1_3' title="bbox 3463 344 3566 399">
     <span class='ocr_line' id='line_1_3' title="bbox 3463 344 3566 399; baseline 0.019 -1"><span class='ocrx_word' id='word_1_9' title='bbox 3463 344 3566 399; x_wconf 73' lang='lat'><strong>666</strong></span> 
     </span>
    </p>
   </div>
   <div class='ocr_carea' id='block_1_4' title="bbox 284 422 3566 529">
    <p class='ocr_par' dir='ltr' id='par_1_4' title="bbox 284 422 3566 529">
     <span class='ocr_line' id='line_1_4' title="bbox 284 422 3566 529; baseline 0.011 -55"><span class='ocrx_word' id='word_1_10' title='bbox 284 432 452 475; x_wconf 64' lang='lat' dir='ltr'><strong>ternm</strong></span> <span class='ocrx_word' id='word_1_11' title='bbox 495 422 540 477; x_wconf 88' lang='lat' dir='ltr'><strong>si</strong></span> <span class='ocrx_word' id='word_1_12' title='bbox 576 423 711 477; x_wconf 76' lang='lat' dir='ltr'><strong>bene</strong></span> <span class='ocrx_word' id='word_1_13' title='bbox 753 424 938 479; x_wconf 91' lang='lat' dir='ltr'><strong>nutriti</strong></span> <span class='ocrx_word' id='word_1_14' title='bbox 993 426 1337 484; x_wconf 67' lang='lat' dir='ltr'><strong>insolererint</strong></span> <span class='ocrx_word' id='word_1_15' title='bbox 1361 471 1376 494; x_wconf 90' lang='lat'><strong>,</strong></span> <span class='ocrx_word' id='word_1_16' title='bbox 1410 431 1566 502; x_wconf 84' lang='lat' dir='ltr'><strong>culpa</strong></span> <span class='ocrx_word' id='word_1_17' title='bbox 1621 449 1724 486; x_wconf 91' lang='lat' dir='ltr'><strong>non</strong></span> <span class='ocrx_word' id='word_1_18' title='bbox 1769 435 1872 491; x_wconf 82' lang='lat' dir='ltr'><strong>erit</strong></span> <span class='ocrx_word' id='word_1_19' title='bbox 1900 438 1951 498; x_wconf 82' lang='grc' dir='ltr'><strong>Α</strong></span> <span class='ocrx_word' id='word_1_20' title='bbox 1976 447 2157 497; x_wconf 86' lang='lat' dir='ltr'><strong>scetur</strong></span> <span class='ocrx_word' id='word_1_21' title='bbox 2190 455 2254 494; x_wconf 82' lang='lat' dir='ltr'><strong>ex</strong></span> <span class='ocrx_word' id='word_1_22' title='bbox 2300 449 2351 496; x_wconf 89' lang='lat' dir='ltr'><strong>to</strong></span> <span class='ocrx_word' id='word_1_23' title='bbox 2380 454 2624 500; x_wconf 86' lang='lat' dir='ltr'><strong>sanctum</strong></span> <span class='ocrx_word' id='word_1_24' title='bbox 2656 446 2935 505; x_wconf 74' lang='lat' dir='ltr'><strong>vocabitur</strong></span> <span class='ocrx_word' id='word_1_25' title='bbox 2965 449 3128 510; x_wconf 83' lang='lat' dir='ltr'><strong>Filius</strong></span> <span class='ocrx_word' id='word_1_26' title='bbox 3160 451 3281 510; x_wconf 85' lang='lat' dir='ltr'><strong>Dei.</strong></span> <span class='ocrx_word' id='word_1_27' title='bbox 3312 455 3566 529; x_wconf 78' lang='lat' dir='ltr'><strong>Apparuit</strong></span> 
     </span>
    </p>
   </div>
   <div class='ocr_carea' id='block_1_5' title="bbox 284 513 1873 593">
    <p class='ocr_par' dir='ltr' id='par_1_5' title="bbox 284 513 1873 593">
     <span class='ocr_line' id='line_1_5' title="bbox 284 513 1873 593; baseline 0.009 -26"><span class='ocrx_word' id='word_1_28' title='bbox 284 513 478 567; x_wconf 62' lang='lat' dir='ltr'><strong>Patris.</strong></span> <span class='ocrx_word' id='word_1_29' title='bbox 508 514 625 567; x_wconf 72' lang='lat' dir='ltr'><strong>Non</strong></span> <span class='ocrx_word' id='word_1_30' title='bbox 654 519 983 586; x_wconf 69' lang='lat' dir='ltr'><strong>tteophylttm.</strong></span> <span class='ocrx_word' id='word_1_31' title='bbox 1009 518 1188 588; x_wconf 85' lang='lat' dir='ltr'><strong>Nuper</strong></span> <span class='ocrx_word' id='word_1_32' title='bbox 1216 532 1484 579; x_wconf 87' lang='lat' dir='ltr'><strong>renatum.</strong></span> <span class='ocrx_word' id='word_1_33' title='bbox 1512 524 1593 579; x_wconf 75' lang='lat' dir='ltr'><strong>Ne</strong></span> <span class='ocrx_word' id='word_1_34' title='bbox 1620 527 1671 579; x_wconf 87' lang='lat' dir='ltr'><strong>in</strong></span> <span class='ocrx_word' id='word_1_35' title='bbox 1692 543 1873 593; x_wconf 82' lang='lat' dir='ltr'><strong>super-</strong></span> 
     </span>
    </p>
   </div>
   <div class='ocr_carea' id='block_1_6' title="bbox 281 604 1869 686">
    <p class='ocr_par' dir='ltr' id='par_1_6' title="bbox 281 604 1869 686">
     <span class='ocr_line' id='line_1_6' title="bbox 281 604 1869 686; baseline 0.011 -32"><span class='ocrx_word' id='word_1_36' title='bbox 281 604 364 654; x_wconf 87' lang='lat' dir='ltr'><strong>bia</strong></span> <span class='ocrx_word' id='word_1_37' title='bbox 390 605 468 657; x_wconf 84' lang='lat' dir='ltr'><strong>cla</strong></span> <span class='ocrx_word' id='word_1_38' title='bbox 494 621 575 657; x_wconf 86' lang='lat' dir='ltr'><strong>us.</strong></span> <span class='ocrx_word' id='word_1_39' title='bbox 608 607 739 670; x_wconf 84' lang='lat' dir='ltr'><strong>Quia</strong></span> <span class='ocrx_word' id='word_1_40' title='bbox 772 608 877 662; x_wconf 74' lang='lat' dir='ltr'><strong>cito</strong></span> <span class='ocrx_word' id='word_1_41' title='bbox 910 617 1083 675; x_wconf 75' lang='lat' dir='ltr'><strong>potest</strong></span> <span class='ocrx_word' id='word_1_42' title='bbox 1118 626 1210 677; x_wconf 84' lang='lat' dir='ltr'><strong>per</strong></span> <span class='ocrx_word' id='word_1_43' title='bbox 1242 612 1594 681; x_wconf 48' lang='lat' dir='ltr'><strong>ignorantiam</strong></span> <span class='ocrx_word' id='word_1_44' title='bbox 1623 619 1869 686; x_wconf 80' lang='lat' dir='ltr'><strong>exaltari,</strong></span> 
     </span>
    </p>
   </div>
   <div class='ocr_carea' id='block_1_7' title="bbox 280 700 1869 774">
    <p class='ocr_par' dir='ltr' id='par_1_7' title="bbox 280 700 1869 774">
     <span class='ocr_line' id='line_1_7' title="bbox 280 700 1869 774; baseline 0.009 -27"><span class='ocrx_word' id='word_1_45' title='bbox 280 704 336 747; x_wconf 90' lang='lat' dir='ltr'><strong>et</strong></span> <span class='ocrx_word' id='word_1_46' title='bbox 370 706 557 760; x_wconf 86' lang='lat' dir='ltr'><strong>putare</strong></span> <span class='ocrx_word' id='word_1_47' title='bbox 583 712 642 749; x_wconf 92' lang='lat' dir='ltr'><strong>se</strong></span> <span class='ocrx_word' id='word_1_48' title='bbox 673 713 776 750; x_wconf 92' lang='lat' dir='ltr'><strong>non</strong></span> <span class='ocrx_word' id='word_1_49' title='bbox 808 709 913 751; x_wconf 91' lang='lat' dir='ltr'><strong>tam</strong></span> <span class='ocrx_word' id='word_1_50' title='bbox 947 700 1181 755; x_wconf 85' lang='lat' dir='ltr'><strong>ollicium</strong></span> <span class='ocrx_word' id='word_1_51' title='bbox 1228 703 1542 759; x_wconf 77' lang='lat' dir='ltr'><strong>humilitatis</strong></span> <span class='ocrx_word' id='word_1_52' title='bbox 1571 722 1729 774; x_wconf 89' lang='lat' dir='ltr'><strong>quam</strong></span> <span class='ocrx_word' id='word_1_53' title='bbox 1769 709 1869 761; x_wconf 80' lang='lat' dir='ltr'><strong>ad-</strong></span> 
     </span>
    </p>
   </div>
   <div class='ocr_carea' id='block_1_8' title="bbox 280 784 1870 866">
    <p class='ocr_par' dir='ltr' id='par_1_8' title="bbox 280 784 1870 866">
     <span class='ocr_line' id='line_1_8' title="bbox 280 784 1870 866; baseline 0.014 -31"><span class='ocrx_word' id='word_1_54' title='bbox 280 784 731 841; x_wconf 86' lang='lat' dir='ltr'><strong>ministrationem</strong></span> <span class='ocrx_word' id='word_1_55' title='bbox 757 792 939 845; x_wconf 76' lang='lat' dir='ltr'><strong>saeculi</strong></span> <span class='ocrx_word' id='word_1_56' title='bbox 971 795 1301 861; x_wconf 69' lang='lat' dir='ltr'><strong>suscepisste:</strong></span> <span class='ocrx_word' id='word_1_57' title='bbox 1326 808 1379 851; x_wconf 90' lang='lat' dir='ltr'><strong>et</strong></span> <span class='ocrx_word' id='word_1_58' title='bbox 1405 798 1525 866; x_wconf 86' lang='lat' dir='ltr'><strong>quia</strong></span> <span class='ocrx_word' id='word_1_59' title='bbox 1557 799 1626 852; x_wconf 87' lang='lat' dir='ltr'><strong>illi</strong></span> <span class='ocrx_word' id='word_1_60' title='bbox 1653 800 1701 853; x_wconf 88' lang='lat' dir='ltr'><strong>in</strong></span> <span class='ocrx_word' id='word_1_61' title='bbox 1724 799 1870 857; x_wconf 86' lang='lat' dir='ltr'><strong>lonte</strong></span> 
     </span>
    </p>
   </div>
   <div class='ocr_carea' id='block_1_9' title="bbox 282 876 1877 949">
    <p class='ocr_par' dir='ltr' id='par_1_9' title="bbox 282 876 1877 949">
     <span class='ocr_line' id='line_1_9' title="bbox 282 876 1877 949; baseline 0.013 -21"><span class='ocrx_word' id='word_1_62' title='bbox 282 876 504 930; x_wconf 72' lang='lat' dir='ltr'><strong>dimissa</strong></span> <span class='ocrx_word' id='word_1_63' title='bbox 552 892 675 931; x_wconf 84' lang='lat' dir='ltr'><strong>sunt</strong></span> <span class='ocrx_word' id='word_1_64' title='bbox 708 891 943 948; x_wconf 87' lang='lat' dir='ltr'><strong>peccata,</strong></span> <span class='ocrx_word' id='word_1_65' title='bbox 976 893 1031 937; x_wconf 92' lang='lat' dir='ltr'><strong>et</strong></span> <span class='ocrx_word' id='word_1_66' title='bbox 1075 901 1265 940; x_wconf 80' lang='lat' dir='ltr'><strong>recens</strong></span> <span class='ocrx_word' id='word_1_67' title='bbox 1293 890 1599 948; x_wconf 80' lang='lat' dir='ltr'><strong>assumitur.</strong></span> <span class='ocrx_word' id='word_1_68' title='bbox 1634 892 1794 946; x_wconf 80' lang='lat' dir='ltr'><strong>elatio</strong></span> <span class='ocrx_word' id='word_1_69' title='bbox 1820 893 1877 949; x_wconf 84' lang='lat' dir='ltr'><strong>ci</strong></span> 
     </span>
    </p>
   </div>
   <div class='ocr_carea' id='block_1_10' title="bbox 281 966 1870 1054">
    <p class='ocr_par' dir='ltr' id='par_1_10' title="bbox 281 966 1870 1054">
     <span class='ocr_line' id='line_1_10' title="bbox 281 966 1870 1054; baseline 0.014 -34"><span class='ocrx_word' id='word_1_70' title='bbox 281 968 409 1022; x_wconf 89' lang='lat' dir='ltr'><strong>imle</strong></span> <span class='ocrx_word' id='word_1_71' title='bbox 456 982 721 1026; x_wconf 85' lang='lat' dir='ltr'><strong>nascatur.</strong></span> <span class='ocrx_word' id='word_1_72' title='bbox 757 974 821 1026; x_wconf 84' lang='lat' dir='ltr'><strong>In</strong></span> <span class='ocrx_word' id='word_1_73' title='bbox 857 966 1123 1043; x_wconf 73' lang='lat' dir='ltr'><strong>judicism</strong></span> <span class='ocrx_word' id='word_1_74' title='bbox 1158 980 1348 1032; x_wconf 83' lang='lat' dir='ltr'><strong>incidat</strong></span> <span class='ocrx_word' id='word_1_75' title='bbox 1401 982 1611 1037; x_wconf 88' lang='lat' dir='ltr'><strong>diaboli.</strong></span> <span class='ocrx_word' id='word_1_76' title='bbox 1645 986 1743 1051; x_wconf 88' lang='lat' dir='ltr'><strong>Qui</strong></span> <span class='ocrx_word' id='word_1_77' title='bbox 1778 1002 1870 1054; x_wconf 89' lang='lat' dir='ltr'><strong>per</strong></span> 
     </span>
    </p>
   </div>
   <div class='ocr_carea' id='block_1_11' title="bbox 279 1061 1867 1139">
    <p class='ocr_par' dir='ltr' id='par_1_11' title="bbox 279 1061 1867 1139">
     <span class='ocr_line' id='line_1_11' title="bbox 279 1061 1867 1139; baseline 0.014 -28"><span class='ocrx_word' id='word_1_78' title='bbox 279 1061 584 1125; x_wconf 82' lang='lat' dir='ltr'><strong>superbiam</strong></span> <span class='ocrx_word' id='word_1_79' title='bbox 615 1064 853 1133; x_wconf 80' lang='lat' dir='ltr'><strong>dejectus</strong></span> <span class='ocrx_word' id='word_1_80' title='bbox 884 1078 983 1123; x_wconf 81' lang='lat' dir='ltr'><strong>est.</strong></span> <span class='ocrx_word' id='word_1_81' title='bbox 1025 1069 1441 1139; x_wconf 69' lang='lat' dir='ltr'><strong>Oportetautem</strong></span> <span class='ocrx_word' id='word_1_82' title='bbox 1471 1078 1616 1129; x_wconf 86' lang='lat' dir='ltr'><strong>illum</strong></span> <span class='ocrx_word' id='word_1_83' title='bbox 1644 1093 1689 1132; x_wconf 90' lang='lat' dir='ltr'><strong>et</strong></span> <span class='ocrx_word' id='word_1_84' title='bbox 1730 1082 1867 1135; x_wconf 69' lang='lat' dir='ltr'><strong>tetri-</strong></span> 
     </span>
    </p>
   </div>
   <div class='ocr_carea' id='block_1_12' title="bbox 286 1152 1868 1225">
    <p class='ocr_par' dir='ltr' id='par_1_12' title="bbox 286 1152 1868 1225">
     <span class='ocr_line' id='line_1_12' title="bbox 286 1152 1868 1225; baseline 0.015 -24"><span class='ocrx_word' id='word_1_85' title='bbox 286 1152 509 1204; x_wconf 84' lang='lat' dir='ltr'><strong>tnonium</strong></span> <span class='ocrx_word' id='word_1_86' title='bbox 538 1154 720 1209; x_wconf 53' lang='lat' dir='ltr'><strong>habere</strong></span> <span class='ocrx_word' id='word_1_87' title='bbox 747 1156 955 1212; x_wconf 86' lang='lat' dir='ltr'><strong>bonum.</strong></span> <span class='ocrx_word' id='word_1_88' title='bbox 990 1160 1114 1215; x_wconf 90' lang='lat' dir='ltr'><strong>Sine</strong></span> <span class='ocrx_word' id='word_1_89' title='bbox 1141 1163 1436 1220; x_wconf 85' lang='lat' dir='ltr'><strong>olTensione</strong></span> <span class='ocrx_word' id='word_1_90' title='bbox 1466 1180 1640 1223; x_wconf 85' lang='lat' dir='ltr'><strong>estote</strong></span> <span class='ocrx_word' id='word_1_91' title='bbox 1667 1170 1868 1225; x_wconf 73' lang='lat' dir='ltr'><strong>Juda-is</strong></span> 
     </span>
    </p>
   </div>
   <div class='ocr_carea' id='block_1_13' title="bbox 278 1242 1866 1317">
    <p class='ocr_par' dir='ltr' id='par_1_13' title="bbox 278 1242 1866 1317">
     <span class='ocr_line' id='line_1_13' title="bbox 278 1242 1866 1317; baseline 0.012 -20"><span class='ocrx_word' id='word_1_92' title='bbox 278 1251 335 1297; x_wconf 84' lang='lat' dir='ltr'><strong>et</strong></span> <span class='ocrx_word' id='word_1_93' title='bbox 356 1242 562 1300; x_wconf 70' lang='lat' dir='ltr'><strong>Grmcis</strong></span> <span class='ocrx_word' id='word_1_94' title='bbox 584 1257 636 1301; x_wconf 90' lang='lat' dir='ltr'><strong>et</strong></span> <span class='ocrx_word' id='word_1_95' title='bbox 669 1250 920 1306; x_wconf 87' lang='lat' dir='ltr'><strong>Ecclesiis</strong></span> <span class='ocrx_word' id='word_1_96' title='bbox 944 1252 1058 1308; x_wconf 89' lang='lat' dir='ltr'><strong>Dei.</strong></span> <span class='ocrx_word' id='word_1_97' title='bbox 1083 1255 1284 1310; x_wconf 81' lang='lat' dir='ltr'><strong>Omnes</strong></span> <span class='ocrx_word' id='word_1_98' title='bbox 1313 1260 1455 1312; x_wconf 89' lang='lat' dir='ltr'><strong>enim</strong></span> <span class='ocrx_word' id='word_1_99' title='bbox 1489 1272 1686 1316; x_wconf 87' lang='lat' dir='ltr'><strong>norunt</strong></span> <span class='ocrx_word' id='word_1_100' title='bbox 1716 1275 1866 1317; x_wconf 84' lang='lat' dir='ltr'><strong>natu-</strong></span> 
     </span>
    </p>
   </div>
   <div class='ocr_carea' id='block_1_14' title="bbox 276 1338 1867 1427">
    <p class='ocr_par' dir='ltr' id='par_1_14' title="bbox 276 1338 1867 1427">
     <span class='ocr_line' id='line_1_14' title="bbox 276 1338 1867 1427; baseline 0.013 -37"><span class='ocrx_word' id='word_1_101' title='bbox 276 1338 466 1393; x_wconf 80' lang='lat' dir='ltr'><strong>raliter</strong></span> <span class='ocrx_word' id='word_1_102' title='bbox 492 1340 749 1396; x_wconf 89' lang='lat' dir='ltr'><strong>damnare</strong></span> <span class='ocrx_word' id='word_1_103' title='bbox 782 1344 929 1409; x_wconf 80' lang='lat' dir='ltr'><strong>vitia,</strong></span> <span class='ocrx_word' id='word_1_104' title='bbox 961 1356 1013 1400; x_wconf 91' lang='lat' dir='ltr'><strong>et</strong></span> <span class='ocrx_word' id='word_1_105' title='bbox 1040 1347 1257 1405; x_wconf 86' lang='lat' dir='ltr'><strong>laudare</strong></span> <span class='ocrx_word' id='word_1_106' title='bbox 1282 1355 1524 1408; x_wconf 74' lang='lat' dir='ltr'><strong>virtutes.</strong></span> <span class='ocrx_word' id='word_1_107' title='bbox 1556 1356 1631 1408; x_wconf 79' lang='lat' dir='ltr'><strong>Ab</strong></span> <span class='ocrx_word' id='word_1_108' title='bbox 1675 1358 1753 1409; x_wconf 87' lang='lat' dir='ltr'><strong>his</strong></span> <span class='ocrx_word' id='word_1_109' title='bbox 1777 1358 1867 1427; x_wconf 96' lang='lat' dir='ltr'><strong>qui</strong></span> 
     </span>
    </p>
   </div>
   <div class='ocr_carea' id='block_1_15' title="bbox 277 1430 1862 1505">
    <p class='ocr_par' dir='ltr' id='par_1_15' title="bbox 277 1430 1862 1505">
     <span class='ocr_line' id='line_1_15' title="bbox 277 1430 1862 1505; baseline 0.013 -23"><span class='ocrx_word' id='word_1_110' title='bbox 277 1430 407 1495; x_wconf 82' lang='lat' dir='ltr'><strong>[oris</strong></span> <span class='ocrx_word' id='word_1_111' title='bbox 429 1442 579 1496; x_wconf 83' lang='lat' dir='ltr'><strong>sunt,</strong></span> <span class='ocrx_word' id='word_1_112' title='bbox 615 1446 669 1485; x_wconf 84' lang='lat' dir='ltr'><strong>ut</strong></span> <span class='ocrx_word' id='word_1_113' title='bbox 696 1449 799 1487; x_wconf 86' lang='lat' dir='ltr'><strong>non</strong></span> <span class='ocrx_word' id='word_1_114' title='bbox 827 1437 879 1486; x_wconf 76' lang='lat' dir='ltr'><strong>in</strong></span> <span class='ocrx_word' id='word_1_115' title='bbox 910 1440 1238 1505; x_wconf 84' lang='lat' dir='ltr'><strong>approbrium</strong></span> <span class='ocrx_word' id='word_1_116' title='bbox 1289 1443 1544 1504; x_wconf 78' lang='lat' dir='ltr'><strong>incidant.</strong></span> <span class='ocrx_word' id='word_1_117' title='bbox 1577 1446 1729 1500; x_wconf 86' lang='lat' dir='ltr'><strong>Foris</strong></span> <span class='ocrx_word' id='word_1_118' title='bbox 1758 1448 1862 1502; x_wconf 83' lang='lat' dir='ltr'><strong>Ec-</strong></span> 
     </span>
    </p>
   </div>
   <div class='ocr_carea' id='block_1_16' title="bbox 277 1520 1866 1602">
    <p class='ocr_par' dir='ltr' id='par_1_16' title="bbox 277 1520 1866 1602">
     <span class='ocr_line' id='line_1_16' title="bbox 277 1520 1866 1602; baseline 0.015 -29"><span class='ocrx_word' id='word_1_119' title='bbox 277 1520 521 1577; x_wconf 72' lang='lat' dir='ltr'><strong>clesium.</strong></span> <span class='ocrx_word' id='word_1_120' title='bbox 559 1523 622 1576; x_wconf 84' lang='lat' dir='ltr'><strong>Et</strong></span> <span class='ocrx_word' id='word_1_121' title='bbox 668 1526 904 1595; x_wconf 58' lang='lat' dir='ltr'><strong>laqueum</strong></span> <span class='ocrx_word' id='word_1_122' title='bbox 933 1528 1145 1585; x_wconf 86' lang='lat' dir='ltr'><strong>diaboli.</strong></span> <span class='ocrx_word' id='word_1_123' title='bbox 1192 1534 1269 1587; x_wconf 80' lang='lat' dir='ltr'><strong>Ne</strong></span> <span class='ocrx_word' id='word_1_124' title='bbox 1300 1550 1394 1602; x_wconf 81' lang='lat' dir='ltr'><strong>per</strong></span> <span class='ocrx_word' id='word_1_125' title='bbox 1420 1536 1571 1591; x_wconf 91' lang='lat' dir='ltr'><strong>illum</strong></span> <span class='ocrx_word' id='word_1_126' title='bbox 1619 1539 1866 1597; x_wconf 73' lang='lat' dir='ltr'><strong>diabolus</strong></span> 
     </span>
    </p>
   </div>
   <div class='ocr_carea' id='block_1_17' title="bbox 274 1612 1865 1690">
    <p class='ocr_par' dir='ltr' id='par_1_17' title="bbox 274 1612 1865 1690">
     <span class='ocr_line' id='line_1_17' title="bbox 274 1612 1865 1690; baseline 0.016 -27"><span class='ocrx_word' id='word_1_127' title='bbox 274 1612 477 1667; x_wconf 87' lang='lat' dir='ltr'><strong>multos</strong></span> <span class='ocrx_word' id='word_1_128' title='bbox 502 1615 775 1686; x_wconf 77' lang='lat' dir='ltr'><strong>illaqueet,</strong></span> <span class='ocrx_word' id='word_1_129' title='bbox 806 1621 896 1690; x_wconf 93' lang='lat' dir='ltr'><strong>qui</strong></span> <span class='ocrx_word' id='word_1_130' title='bbox 926 1631 1172 1687; x_wconf 82' lang='lat' dir='ltr'><strong>poterant</strong></span> <span class='ocrx_word' id='word_1_131' title='bbox 1200 1625 1311 1682; x_wconf 89' lang='lat' dir='ltr'><strong>lieri</strong></span> <span class='ocrx_word' id='word_1_132' title='bbox 1335 1628 1646 1685; x_wconf 55' lang='lat' dir='ltr'><strong>Christiani.</strong></span> <span class='ocrx_word' id='word_1_133' title='bbox 1675 1633 1865 1688; x_wconf 88' lang='lat' dir='ltr'><strong>Diaco-</strong></span> 
     </span>
    </p>
   </div>
   <div class='ocr_carea' id='block_1_18' title="bbox 276 1704 1862 1788">
    <p class='ocr_par' dir='ltr' id='par_1_18' title="bbox 276 1704 1862 1788">
     <span class='ocr_line' id='line_1_18' title="bbox 276 1704 1862 1788; baseline 0.018 -34"><span class='ocrx_word' id='word_1_134' title='bbox 276 1716 385 1755; x_wconf 82' lang='lat' dir='ltr'><strong>nes.</strong></span> <span class='ocrx_word' id='word_1_135' title='bbox 428 1704 696 1772; x_wconf 67' lang='lat' dir='ltr'><strong>Quairltur</strong></span> <span class='ocrx_word' id='word_1_136' title='bbox 724 1726 819 1767; x_wconf 90' lang='lat' dir='ltr'><strong>cur</strong></span> <span class='ocrx_word' id='word_1_137' title='bbox 840 1712 905 1767; x_wconf 90' lang='lat' dir='ltr'><strong>de</strong></span> <span class='ocrx_word' id='word_1_138' title='bbox 929 1716 1256 1788; x_wconf 68' lang='lat' dir='ltr'><strong>presbyteris</strong></span> <span class='ocrx_word' id='word_1_139' title='bbox 1279 1722 1478 1777; x_wconf 62' lang='lat' dir='ltr'><strong>nullam</strong></span> <span class='ocrx_word' id='word_1_140' title='bbox 1508 1724 1694 1779; x_wconf 76' lang='lat' dir='ltr'><strong>fecerit</strong></span> <span class='ocrx_word' id='word_1_141' title='bbox 1712 1743 1862 1782; x_wconf 89' lang='lat' dir='ltr'><strong>men-</strong></span> 
     </span>
    </p>
   </div>
   <div class='ocr_carea' id='block_1_19' title="bbox 280 1791 1865 1885">
    <p class='ocr_par' dir='ltr' id='par_1_19' title="bbox 280 1791 1865 1885">
     <span class='ocr_line' id='line_1_19' title="bbox 280 1791 1865 1885; baseline 0.018 -41"><span class='ocrx_word' id='word_1_142' title='bbox 280 1791 480 1848; x_wconf 81' lang='lat' dir='ltr'><strong>tionem</strong></span> <span class='ocrx_word' id='word_1_143' title='bbox 508 1814 521 1849; x_wconf 91' lang='lat'><strong>:</strong></span> <span class='ocrx_word' id='word_1_144' title='bbox 547 1800 639 1853; x_wconf 91' lang='lat' dir='ltr'><strong>sed</strong></span> <span class='ocrx_word' id='word_1_145' title='bbox 672 1801 725 1855; x_wconf 90' lang='lat' dir='ltr'><strong>in</strong></span> <span class='ocrx_word' id='word_1_146' title='bbox 760 1805 1026 1874; x_wconf 72' lang='lat' dir='ltr'><strong>episcopis</strong></span> <span class='ocrx_word' id='word_1_147' title='bbox 1057 1808 1218 1862; x_wconf 79' lang='lat' dir='ltr'><strong>etiam</strong></span> <span class='ocrx_word' id='word_1_148' title='bbox 1253 1812 1591 1882; x_wconf 57' lang='lat' dir='ltr'><strong>presbyteros</strong></span> <span class='ocrx_word' id='word_1_149' title='bbox 1618 1830 1865 1885; x_wconf 82' lang='lat' dir='ltr'><strong>compre-</strong></span> 
     </span>
    </p>
   </div>
   <div class='ocr_carea' id='block_1_20' title="bbox 277 1882 1864 1976">
    <p class='ocr_par' dir='ltr' id='par_1_20' title="bbox 277 1882 1864 1976">
     <span class='ocr_line' id='line_1_20' title="bbox 277 1882 1864 1976; baseline 0.02 -42"><span class='ocrx_word' id='word_1_150' title='bbox 277 1882 485 1951; x_wconf 72' lang='lat' dir='ltr'><strong>hendit,</strong></span> <span class='ocrx_word' id='word_1_151' title='bbox 515 1894 634 1957; x_wconf 88' lang='lat' dir='ltr'><strong>quia</strong></span> <span class='ocrx_word' id='word_1_152' title='bbox 659 1896 942 1959; x_wconf 88' lang='lat' dir='ltr'><strong>secundus,</strong></span> <span class='ocrx_word' id='word_1_153' title='bbox 976 1906 1027 1952; x_wconf 90' lang='lat' dir='ltr'><strong>et</strong></span> <span class='ocrx_word' id='word_1_154' title='bbox 1062 1915 1197 1965; x_wconf 88' lang='lat' dir='ltr'><strong>pene</strong></span> <span class='ocrx_word' id='word_1_155' title='bbox 1221 1918 1357 1956; x_wconf 91' lang='lat' dir='ltr'><strong>unus</strong></span> <span class='ocrx_word' id='word_1_156' title='bbox 1379 1915 1463 1959; x_wconf 90' lang='lat' dir='ltr'><strong>est</strong></span> <span class='ocrx_word' id='word_1_157' title='bbox 1489 1908 1704 1976; x_wconf 78' lang='lat' dir='ltr'><strong>gradus,</strong></span> <span class='ocrx_word' id='word_1_158' title='bbox 1727 1882 1864 1966; x_wconf 62' lang='lat' dir='ltr'><strong>sicut</strong></span> 
     </span>
    </p>
   </div>
   <div class='ocr_carea' id='block_1_21' title="bbox 276 1974 1864 2066">
    <p class='ocr_par' dir='ltr' id='par_1_21' title="bbox 276 1974 1864 2066">
     <span class='ocr_line' id='line_1_21' title="bbox 276 1974 1864 2066; baseline 0.017 -38"><span class='ocrx_word' id='word_1_159' title='bbox 276 1979 464 2035; x_wconf 71' lang='lat' dir='ltr'><strong>muhis</strong></span> <span class='ocrx_word' id='word_1_160' title='bbox 488 1981 880 2052; x_wconf 87' lang='lat' dir='ltr'><strong>Scripturarum</strong></span> <span class='ocrx_word' id='word_1_161' title='bbox 931 1974 1250 2048; x_wconf 79' lang='lat' dir='ltr'><strong>testimoniis</strong></span> <span class='ocrx_word' id='word_1_162' title='bbox 1280 1974 1677 2064; x_wconf 16' lang='lat' dir='ltr'><strong>Campi-cibatur.</strong></span> <span class='ocrx_word' id='word_1_163' title='bbox 1704 2002 1864 2066; x_wconf 77' lang='lat' dir='ltr'><strong>Simi-</strong></span> 
     </span>
    </p>
   </div>
   <div class='ocr_carea' id='block_1_22' title="bbox 273 2072 1864 2155">
    <p class='ocr_par' dir='ltr' id='par_1_22' title="bbox 273 2072 1864 2155">
     <span class='ocr_line' id='line_1_22' title="bbox 273 2072 1864 2155; baseline 0.016 -29"><span class='ocrx_word' id='word_1_164' title='bbox 273 2072 393 2128; x_wconf 80' lang='lat' dir='ltr'><strong>liter</strong></span> <span class='ocrx_word' id='word_1_165' title='bbox 413 2077 655 2143; x_wconf 86' lang='lat' dir='ltr'><strong>pudicos,</strong></span> <span class='ocrx_word' id='word_1_166' title='bbox 685 2081 1012 2136; x_wconf 82' lang='lat' dir='ltr'><strong>continentes.</strong></span> <span class='ocrx_word' id='word_1_167' title='bbox 1068 2083 1593 2155; x_wconf 73' lang='lat' dir='ltr'><strong>Irreprehensibiles.</strong></span> <span class='ocrx_word' id='word_1_168' title='bbox 1628 2094 1748 2151; x_wconf 79' lang='lat' dir='ltr'><strong>Non</strong></span> <span class='ocrx_word' id='word_1_169' title='bbox 1788 2099 1864 2151; x_wconf 83' lang='lat' dir='ltr'><strong>bi-</strong></span> 
     </span>
    </p>
   </div>
   <div class='ocr_carea' id='block_1_23' title="bbox 273 2163 1861 2256">
    <p class='ocr_par' dir='ltr' id='par_1_23' title="bbox 273 2163 1861 2256">
     <span class='ocr_line' id='line_1_23' title="bbox 273 2163 1861 2256; baseline 0.016 -39"><span class='ocrx_word' id='word_1_170' title='bbox 273 2163 504 2233; x_wconf 68' lang='lat' dir='ltr'><strong>lingues.</strong></span> <span class='ocrx_word' id='word_1_171' title='bbox 534 2166 611 2222; x_wconf 86' lang='lat' dir='ltr'><strong>Ne</strong></span> <span class='ocrx_word' id='word_1_172' title='bbox 638 2178 695 2223; x_wconf 90' lang='lat' dir='ltr'><strong>et</strong></span> <span class='ocrx_word' id='word_1_173' title='bbox 716 2171 1036 2227; x_wconf 78' lang='lat' dir='ltr'><strong>maledicunt</strong></span> <span class='ocrx_word' id='word_1_174' title='bbox 1060 2194 1072 2227; x_wconf 74' lang='grc' dir='ltr'>ι</span> <span class='ocrx_word' id='word_1_175' title='bbox 1098 2176 1198 2231; x_wconf 91' lang='lat' dir='ltr'><strong>hoc</strong></span> <span class='ocrx_word' id='word_1_176' title='bbox 1219 2182 1457 2234; x_wconf 87' lang='lat' dir='ltr'><strong>esteuim</strong></span> <span class='ocrx_word' id='word_1_177' title='bbox 1486 2185 1638 2238; x_wconf 85' lang='lat' dir='ltr'><strong>unius</strong></span> <span class='ocrx_word' id='word_1_178' title='bbox 1671 2188 1861 2256; x_wconf 80' lang='lat' dir='ltr'><strong>lingua:</strong></span> 
     </span>
    </p>
   </div>
   <div class='ocr_carea' id='block_1_24' title="bbox 273 2259 1862 2348">
    <p class='ocr_par' dir='ltr' id='par_1_24' title="bbox 273 2259 1862 2348">
     <span class='ocr_line' id='line_1_24' title="bbox 273 2259 1862 2348; baseline 0.018 -38"><span class='ocrx_word' id='word_1_179' title='bbox 273 2259 515 2315; x_wconf 80' lang='lat' dir='ltr'><strong>cilicium</strong></span> <span class='ocrx_word' id='word_1_180' title='bbox 544 2264 835 2332; x_wconf 81' lang='lat' dir='ltr'><strong>duplicare.</strong></span> <span class='ocrx_word' id='word_1_181' title='bbox 866 2268 975 2335; x_wconf 85' lang='lat' dir='ltr'><strong>Vel,</strong></span> <span class='ocrx_word' id='word_1_182' title='bbox 1008 2270 1151 2323; x_wconf 88' lang='lat' dir='ltr'><strong>aliud</strong></span> <span class='ocrx_word' id='word_1_183' title='bbox 1182 2274 1366 2341; x_wconf 85' lang='lat' dir='ltr'><strong>corde,</strong></span> <span class='ocrx_word' id='word_1_184' title='bbox 1398 2277 1540 2331; x_wconf 86' lang='lat' dir='ltr'><strong>aliud</strong></span> <span class='ocrx_word' id='word_1_185' title='bbox 1563 2293 1656 2334; x_wconf 90' lang='lat' dir='ltr'><strong>ore</strong></span> <span class='ocrx_word' id='word_1_186' title='bbox 1688 2282 1862 2348; x_wconf 83' lang='lat' dir='ltr'><strong>prore-</strong></span> 
     </span>
    </p>
   </div>
   <div class='ocr_carea' id='block_1_25' title="bbox 270 2351 1863 2438">
    <p class='ocr_par' dir='ltr' id='par_1_25' title="bbox 270 2351 1863 2438">
     <span class='ocr_line' id='line_1_25' title="bbox 270 2351 1863 2438; baseline 0.016 -35"><span class='ocrx_word' id='word_1_187' title='bbox 270 2361 475 2405; x_wconf 88' lang='lat' dir='ltr'><strong>rentes.</strong></span> <span class='ocrx_word' id='word_1_188' title='bbox 501 2351 619 2406; x_wconf 89' lang='lat' dir='ltr'><strong>Non</strong></span> <span class='ocrx_word' id='word_1_189' title='bbox 645 2357 804 2410; x_wconf 89' lang='lat' dir='ltr'><strong>multo</strong></span> <span class='ocrx_word' id='word_1_190' title='bbox 825 2359 939 2412; x_wconf 82' lang='lat' dir='ltr'><strong>vino</strong></span> <span class='ocrx_word' id='word_1_191' title='bbox 965 2361 1184 2415; x_wconf 86' lang='lat' dir='ltr'><strong>deditos.</strong></span> <span class='ocrx_word' id='word_1_192' title='bbox 1210 2362 1490 2422; x_wconf 87' lang='lat' dir='ltr'><strong>Concessit</strong></span> <span class='ocrx_word' id='word_1_193' title='bbox 1504 2384 1599 2438; x_wconf 90' lang='lat' dir='ltr'><strong>pro</strong></span> <span class='ocrx_word' id='word_1_194' title='bbox 1622 2374 1863 2427; x_wconf 81' lang='lat' dir='ltr'><strong>necessi-</strong></span> 
     </span>
    </p>
   </div>
   <div class='ocr_carea' id='block_1_26' title="bbox 273 2448 1860 2529">
    <p class='ocr_par' dir='ltr' id='par_1_26' title="bbox 273 2448 1860 2529">
     <span class='ocr_line' id='line_1_26' title="bbox 273 2448 1860 2529; baseline 0.016 -36"><span class='ocrx_word' id='word_1_195' title='bbox 273 2450 388 2495; x_wconf 83' lang='lat' dir='ltr'><strong>tate</strong></span> <span class='ocrx_word' id='word_1_196' title='bbox 406 2457 611 2512; x_wconf 81' lang='lat' dir='ltr'><strong>parum,</strong></span> <span class='ocrx_word' id='word_1_197' title='bbox 630 2448 753 2516; x_wconf 89' lang='lat' dir='ltr'><strong>quia</strong></span> <span class='ocrx_word' id='word_1_198' title='bbox 776 2452 997 2505; x_wconf 90' lang='lat' dir='ltr'><strong>multum</strong></span> <span class='ocrx_word' id='word_1_199' title='bbox 1022 2455 1325 2525; x_wconf 81' lang='lat' dir='ltr'><strong>denegavit.</strong></span> <span class='ocrx_word' id='word_1_200' title='bbox 1354 2457 1472 2512; x_wconf 87' lang='lat' dir='ltr'><strong>Non</strong></span> <span class='ocrx_word' id='word_1_201' title='bbox 1490 2470 1635 2529; x_wconf 83' lang='lat' dir='ltr'><strong>turpe</strong></span> <span class='ocrx_word' id='word_1_202' title='bbox 1658 2461 1860 2519; x_wconf 84' lang='lat' dir='ltr'><strong>lucrum</strong></span> 
     </span>
    </p>
   </div>
   <div class='ocr_carea' id='block_1_27' title="bbox 271 2538 1860 2610">
    <p class='ocr_par' dir='ltr' id='par_1_27' title="bbox 271 2538 1860 2610">
     <span class='ocr_line' id='line_1_27' title="bbox 271 2538 1860 2610; baseline 0.014 -23"><span class='ocrx_word' id='word_1_203' title='bbox 271 2544 545 2590; x_wconf 78' lang='lat' dir='ltr'><strong>sectantes.</strong></span> <span class='ocrx_word' id='word_1_204' title='bbox 579 2538 757 2609; x_wconf 86' lang='lat' dir='ltr'><strong>Turpe</strong></span> <span class='ocrx_word' id='word_1_205' title='bbox 795 2542 1022 2608; x_wconf 90' lang='lat' dir='ltr'><strong>lucrum,</strong></span> <span class='ocrx_word' id='word_1_206' title='bbox 1072 2545 1138 2601; x_wconf 92' lang='lat' dir='ltr'><strong>de</strong></span> <span class='ocrx_word' id='word_1_207' title='bbox 1168 2548 1480 2605; x_wconf 70' lang='lat' dir='ltr'><strong>cmicstibus</strong></span> <span class='ocrx_word' id='word_1_208' title='bbox 1508 2557 1860 2610; x_wconf 87' lang='lat' dir='ltr'><strong>sacramentis</strong></span> 
     </span>
    </p>
   </div>
   <div class='ocr_carea' id='block_1_28' title="bbox 272 2635 1858 2715">
    <p class='ocr_par' dir='ltr' id='par_1_28' title="bbox 272 2635 1858 2715">
     <span class='ocr_line' id='line_1_28' title="bbox 272 2635 1858 2715; baseline 0.013 -35"><span class='ocrx_word' id='word_1_209' title='bbox 272 2635 521 2682; x_wconf 84' lang='lat' dir='ltr'><strong>terrenas</strong></span> <span class='ocrx_word' id='word_1_210' title='bbox 547 2645 676 2699; x_wconf 81' lang='lat' dir='ltr'><strong>Opes</strong></span> <span class='ocrx_word' id='word_1_211' title='bbox 696 2636 1029 2703; x_wconf 90' lang='lat' dir='ltr'><strong>conquirere.</strong></span> <span class='ocrx_word' id='word_1_212' title='bbox 1050 2636 1313 2693; x_wconf 78' lang='lat' dir='ltr'><strong>Habentes</strong></span> <span class='ocrx_word' id='word_1_213' title='bbox 1341 2645 1632 2711; x_wconf 80' lang='lat' dir='ltr'><strong>mysterium</strong></span> <span class='ocrx_word' id='word_1_214' title='bbox 1663 2647 1784 2715; x_wconf 88' lang='lat' dir='ltr'><strong>ﬁdei</strong></span> <span class='ocrx_word' id='word_1_215' title='bbox 1806 2647 1858 2700; x_wconf 87' lang='lat' dir='ltr'><strong>in</strong></span> 
     </span>
    </p>
   </div>
   <div class='ocr_carea' id='block_1_29' title="bbox 269 2722 1859 2806">
    <p class='ocr_par' dir='ltr' id='par_1_29' title="bbox 269 2722 1859 2806">
     <span class='ocr_line' id='line_1_29' title="bbox 269 2722 1859 2806; baseline 0.013 -34"><span class='ocrx_word' id='word_1_216' title='bbox 269 2722 588 2776; x_wconf 59' lang='lat' dir='ltr'><strong>conscientia</strong></span> <span class='ocrx_word' id='word_1_217' title='bbox 619 2742 769 2792; x_wconf 87' lang='lat' dir='ltr'><strong>pura.</strong></span> <span class='ocrx_word' id='word_1_218' title='bbox 822 2727 1130 2799; x_wconf 77' lang='lat' dir='ltr'><strong>Mysterium</strong></span> <span class='ocrx_word' id='word_1_219' title='bbox 1183 2730 1308 2788; x_wconf 83' lang='lat' dir='ltr'><strong>ﬁdei</strong></span> <span class='ocrx_word' id='word_1_220' title='bbox 1338 2744 1450 2799; x_wconf 83' lang='lat' dir='ltr'><strong>est,</strong></span> <span class='ocrx_word' id='word_1_221' title='bbox 1497 2738 1638 2806; x_wconf 87' lang='lat' dir='ltr'><strong>quod</strong></span> <span class='ocrx_word' id='word_1_222' title='bbox 1684 2740 1859 2805; x_wconf 82' lang='lat' dir='ltr'><strong>passio</strong></span> 
     </span>
    </p>
   </div>
   <div class='ocr_carea' id='block_1_30' title="bbox 270 2813 1861 2900">
    <p class='ocr_par' dir='ltr' id='par_1_30' title="bbox 270 2813 1861 2900">
     <span class='ocr_line' id='line_1_30' title="bbox 270 2813 1861 2900; baseline 0.013 -34"><span class='ocrx_word' id='word_1_223' title='bbox 270 2813 477 2868; x_wconf 82' lang='lat' dir='ltr'><strong>Christi</strong></span> <span class='ocrx_word' id='word_1_224' title='bbox 503 2818 799 2874; x_wconf 72' lang='lat' dir='ltr'><strong>remedium</strong></span> <span class='ocrx_word' id='word_1_225' title='bbox 824 2834 904 2875; x_wconf 87' lang='lat' dir='ltr'><strong>est</strong></span> <span class='ocrx_word' id='word_1_226' title='bbox 930 2823 1114 2879; x_wconf 89' lang='lat' dir='ltr'><strong>salutis</strong></span> <span class='ocrx_word' id='word_1_227' title='bbox 1134 2825 1402 2882; x_wconf 58' lang='lat' dir='ltr'><strong>humana}.</strong></span> <span class='ocrx_word' id='word_1_228' title='bbox 1426 2828 1482 2883; x_wconf 90' lang='lat' dir='ltr'><strong>Si</strong></span> <span class='ocrx_word' id='word_1_229' title='bbox 1506 2845 1635 2900; x_wconf 76' lang='lat' dir='ltr'><strong>ergo</strong></span> <span class='ocrx_word' id='word_1_230' title='bbox 1659 2831 1757 2886; x_wconf 88' lang='lat' dir='ltr'><strong>hoc</strong></span> <span class='ocrx_word' id='word_1_231' title='bbox 1780 2834 1861 2886; x_wconf 88' lang='lat' dir='ltr'><strong>in-</strong></span> 
     </span>
    </p>
   </div>
   <div class='ocr_carea' id='block_1_31' title="bbox 269 2907 1860 2980">
    <p class='ocr_par' dir='ltr' id='par_1_31' title="bbox 269 2907 1860 2980">
     <span class='ocr_line' id='line_1_31' title="bbox 269 2907 1860 2980; baseline 0.013 -21"><span class='ocrx_word' id='word_1_232' title='bbox 269 2907 472 2976; x_wconf 71' lang='lat' dir='ltr'><strong>telligit</strong></span> <span class='ocrx_word' id='word_1_233' title='bbox 520 2924 680 2979; x_wconf 89' lang='lat' dir='ltr'><strong>pure,</strong></span> <span class='ocrx_word' id='word_1_234' title='bbox 720 2923 772 2968; x_wconf 91' lang='lat' dir='ltr'><strong>et</strong></span> <span class='ocrx_word' id='word_1_235' title='bbox 815 2929 919 2969; x_wconf 91' lang='lat' dir='ltr'><strong>non</strong></span> <span class='ocrx_word' id='word_1_236' title='bbox 969 2918 1317 2974; x_wconf 78' lang='lat' dir='ltr'><strong>confunditur</strong></span> <span class='ocrx_word' id='word_1_237' title='bbox 1354 2921 1421 2976; x_wconf 90' lang='lat' dir='ltr'><strong>de</strong></span> <span class='ocrx_word' id='word_1_238' title='bbox 1473 2920 1860 2980; x_wconf 88' lang='lat' dir='ltr'><strong>humilitatihus</strong></span> 
     </span>
    </p>
   </div>
   <div class='ocr_carea' id='block_1_32' title="bbox 267 2999 1860 3085">
    <p class='ocr_par' dir='ltr' id='par_1_32' title="bbox 267 2999 1860 3085">
     <span class='ocr_line' id='line_1_32' title="bbox 267 2999 1860 3085; baseline 0.012 -33"><span class='ocrx_word' id='word_1_239' title='bbox 267 2999 497 3055; x_wconf 78' lang='lat' dir='ltr'><strong>Christi.</strong></span> <span class='ocrx_word' id='word_1_240' title='bbox 531 3003 659 3059; x_wconf 84' lang='lat' dir='ltr'><strong>Sive</strong></span> <span class='ocrx_word' id='word_1_241' title='bbox 679 3015 734 3058; x_wconf 89' lang='lat' dir='ltr'><strong>ut</strong></span> <span class='ocrx_word' id='word_1_242' title='bbox 758 3015 979 3076; x_wconf 88' lang='lat' dir='ltr'><strong>propter</strong></span> <span class='ocrx_word' id='word_1_243' title='bbox 1009 3010 1111 3064; x_wconf 89' lang='lat' dir='ltr'><strong>hoc</strong></span> <span class='ocrx_word' id='word_1_244' title='bbox 1138 3012 1339 3075; x_wconf 84' lang='lat' dir='ltr'><strong>solum,</strong></span> <span class='ocrx_word' id='word_1_245' title='bbox 1370 3014 1511 3083; x_wconf 76' lang='lat' dir='ltr'><strong>quod</strong></span> <span class='ocrx_word' id='word_1_246' title='bbox 1539 3014 1698 3070; x_wconf 84' lang='lat' dir='ltr'><strong>debet</strong></span> <span class='ocrx_word' id='word_1_247' title='bbox 1725 3032 1860 3085; x_wconf 71' lang='lat' dir='ltr'><strong>prai-</strong></span> 
     </span>
    </p>
   </div>
   <div class='ocr_carea' id='block_1_33' title="bbox 264 3090 1859 3173">
    <p class='ocr_par' dir='ltr' id='par_1_33' title="bbox 264 3090 1859 3173">
     <span class='ocr_line' id='line_1_33' title="bbox 264 3090 1859 3173; baseline 0.012 -30"><span class='ocrx_word' id='word_1_248' title='bbox 264 3090 466 3158; x_wconf 82' lang='lat' dir='ltr'><strong>dicari,</strong></span> <span class='ocrx_word' id='word_1_249' title='bbox 509 3107 577 3148; x_wconf 82' lang='lat' dir='ltr'><strong>ne</strong></span> <span class='ocrx_word' id='word_1_250' title='bbox 619 3095 887 3151; x_wconf 84' lang='lat' dir='ltr'><strong>existimet</strong></span> <span class='ocrx_word' id='word_1_251' title='bbox 924 3094 1184 3167; x_wconf 69' lang='lat' dir='ltr'><strong>quaestum</strong></span> <span class='ocrx_word' id='word_1_252' title='bbox 1228 3116 1350 3158; x_wconf 75' lang='lat' dir='ltr'><strong>esse</strong></span> <span class='ocrx_word' id='word_1_253' title='bbox 1402 3090 1672 3173; x_wconf 87' lang='lat' dir='ltr'><strong>pietatem.</strong></span> <span class='ocrx_word' id='word_1_254' title='bbox 1708 3106 1774 3160; x_wconf 81' lang='grc' dir='ltr'><strong>Ει</strong></span> <span class='ocrx_word' id='word_1_255' title='bbox 1803 3108 1859 3162; x_wconf 96' lang='lat' dir='ltr'><strong>hi</strong></span> 
     </span>
    </p>
   </div>
   <div class='ocr_carea' id='block_1_34' title="bbox 260 3184 1851 3257">
    <p class='ocr_par' dir='ltr' id='par_1_34' title="bbox 260 3184 1851 3257">
     <span class='ocr_line' id='line_1_34' title="bbox 260 3184 1851 3257; baseline 0.014 -24"><span class='ocrx_word' id='word_1_256' title='bbox 260 3190 443 3236; x_wconf 81' lang='lat' dir='ltr'><strong>autem</strong></span> <span class='ocrx_word' id='word_1_257' title='bbox 465 3184 742 3252; x_wconf 84' lang='lat' dir='ltr'><strong>probentur</strong></span> <span class='ocrx_word' id='word_1_258' title='bbox 769 3188 1010 3257; x_wconf 88' lang='lat' dir='ltr'><strong>primum,</strong></span> <span class='ocrx_word' id='word_1_259' title='bbox 1038 3201 1083 3244; x_wconf 88' lang='lat' dir='ltr'><strong>et</strong></span> <span class='ocrx_word' id='word_1_260' title='bbox 1107 3192 1180 3245; x_wconf 89' lang='lat' dir='ltr'><strong>sic</strong></span> <span class='ocrx_word' id='word_1_261' title='bbox 1195 3195 1501 3249; x_wconf 75' lang='lat' dir='ltr'><strong>ministrent.</strong></span> <span class='ocrx_word' id='word_1_262' title='bbox 1533 3197 1650 3253; x_wconf 88' lang='lat' dir='ltr'><strong>Non</strong></span> <span class='ocrx_word' id='word_1_263' title='bbox 1680 3202 1851 3256; x_wconf 89' lang='lat' dir='ltr'><strong>solum</strong></span> 
     </span>
    </p>
   </div>
   <div class='ocr_carea' id='block_1_35' title="bbox 260 3275 1851 3346">
    <p class='ocr_par' dir='ltr' id='par_1_35' title="bbox 260 3275 1851 3346">
     <span class='ocr_line' id='line_1_35' title="bbox 260 3275 1851 3346; baseline 0.012 -20"><span class='ocrx_word' id='word_1_264' title='bbox 260 3275 579 3346; x_wconf 84' lang='lat' dir='ltr'><strong>episcopus,</strong></span> <span class='ocrx_word' id='word_1_265' title='bbox 602 3279 697 3334; x_wconf 89' lang='lat' dir='ltr'><strong>sed</strong></span> <span class='ocrx_word' id='word_1_266' title='bbox 723 3290 776 3335; x_wconf 89' lang='lat' dir='ltr'><strong>et</strong></span> <span class='ocrx_word' id='word_1_267' title='bbox 798 3281 871 3334; x_wconf 89' lang='lat' dir='ltr'><strong>hi.</strong></span> <span class='ocrx_word' id='word_1_268' title='bbox 898 3281 1116 3337; x_wconf 81' lang='lat' dir='ltr'><strong>Nullum</strong></span> <span class='ocrx_word' id='word_1_269' title='bbox 1137 3287 1330 3341; x_wconf 84' lang='lat' dir='ltr'><strong>crimen</strong></span> <span class='ocrx_word' id='word_1_270' title='bbox 1350 3289 1608 3344; x_wconf 88' lang='lat' dir='ltr'><strong>habentes.</strong></span> <span class='ocrx_word' id='word_1_271' title='bbox 1640 3290 1851 3346; x_wconf 62' lang='lat' dir='ltr'><strong>Crimen</strong></span> 
     </span>
    </p>
   </div>
   <div class='ocr_carea' id='block_1_36' title="bbox 260 3366 1853 3442">
    <p class='ocr_par' dir='ltr' id='par_1_36' title="bbox 260 3366 1853 3442">
     <span class='ocr_line' id='line_1_36' title="bbox 260 3366 1853 3442; baseline 0.013 -23"><span class='ocrx_word' id='word_1_272' title='bbox 260 3366 409 3422; x_wconf 76' lang='lat' dir='ltr'><strong>dixit</strong></span> <span class='ocrx_word' id='word_1_273' title='bbox 434 3383 574 3436; x_wconf 88' lang='lat' dir='ltr'><strong>esse,</strong></span> <span class='ocrx_word' id='word_1_274' title='bbox 600 3371 643 3424; x_wconf 87' lang='lat' dir='ltr'><strong>si</strong></span> <span class='ocrx_word' id='word_1_275' title='bbox 667 3372 866 3442; x_wconf 89' lang='lat' dir='ltr'><strong>aliquid</strong></span> <span class='ocrx_word' id='word_1_276' title='bbox 889 3374 956 3428; x_wconf 90' lang='lat' dir='ltr'><strong>de</strong></span> <span class='ocrx_word' id='word_1_277' title='bbox 983 3374 1066 3430; x_wconf 92' lang='lat' dir='ltr'><strong>his</strong></span> <span class='ocrx_word' id='word_1_278' title='bbox 1086 3378 1372 3435; x_wconf 86' lang='lat' dir='ltr'><strong>virtutibus</strong></span> <span class='ocrx_word' id='word_1_279' title='bbox 1397 3382 1572 3436; x_wconf 88' lang='lat' dir='ltr'><strong>minus</strong></span> <span class='ocrx_word' id='word_1_280' title='bbox 1600 3386 1853 3440; x_wconf 84' lang='lat' dir='ltr'><strong>sacerdos</strong></span> 
     </span>
    </p>
   </div>
   <div class='ocr_carea' id='block_1_37' title="bbox 264 3456 1853 3542">
    <p class='ocr_par' dir='ltr' id='par_1_37' title="bbox 264 3456 1853 3542">
     <span class='ocr_line' id='line_1_37' title="bbox 264 3456 1853 3542; baseline 0.013 -33"><span class='ocrx_word' id='word_1_281' title='bbox 264 3456 360 3509; x_wconf 82' lang='lat' dir='ltr'><strong>vel</strong></span> <span class='ocrx_word' id='word_1_282' title='bbox 403 3457 559 3513; x_wconf 77' lang='lat' dir='ltr'><strong>levita</strong></span> <span class='ocrx_word' id='word_1_283' title='bbox 610 3460 805 3517; x_wconf 79' lang='lat' dir='ltr'><strong>habeat</strong></span> <span class='ocrx_word' id='word_1_284' title='bbox 856 3463 1055 3519; x_wconf 85' lang='lat' dir='ltr'><strong>Christi</strong></span> <span class='ocrx_word' id='word_1_285' title='bbox 1086 3484 1101 3520; x_wconf 90' lang='lat'><strong>:</strong></span> <span class='ocrx_word' id='word_1_286' title='bbox 1135 3470 1217 3523; x_wconf 91' lang='lat' dir='ltr'><strong>vel</strong></span> <span class='ocrx_word' id='word_1_287' title='bbox 1244 3483 1390 3525; x_wconf 89' lang='lat' dir='ltr'><strong>certe</strong></span> <span class='ocrx_word' id='word_1_288' title='bbox 1419 3473 1486 3526; x_wconf 82' lang='lat' dir='ltr'><strong>tle</strong></span> <span class='ocrx_word' id='word_1_289' title='bbox 1538 3476 1853 3542; x_wconf 85' lang='lat' dir='ltr'><strong>capitalibus</strong></span> 
     </span>
    </p>
   </div>
   <div class='ocr_carea' id='block_1_38' title="bbox 262 3550 1851 3633">
    <p class='ocr_par' dir='ltr' id='par_1_38' title="bbox 262 3550 1851 3633">
     <span class='ocr_line' id='line_1_38' title="bbox 262 3550 1851 3633; baseline 0.013 -32"><span class='ocrx_word' id='word_1_290' title='bbox 262 3552 530 3618; x_wconf 71' lang='lat' dir='ltr'><strong>peccatis.</strong></span> <span class='ocrx_word' id='word_1_291' title='bbox 553 3550 878 3618; x_wconf 81' lang='lat' dir='ltr'><strong>Nmandum,</strong></span> <span class='ocrx_word' id='word_1_292' title='bbox 902 3557 1022 3624; x_wconf 91' lang='lat' dir='ltr'><strong>quia</strong></span> <span class='ocrx_word' id='word_1_293' title='bbox 1045 3572 1149 3612; x_wconf 89' lang='lat' dir='ltr'><strong>non</strong></span> <span class='ocrx_word' id='word_1_294' title='bbox 1172 3560 1327 3624; x_wconf 73' lang='lat' dir='ltr'><strong>dixit,</strong></span> <span class='ocrx_word' id='word_1_295' title='bbox 1354 3562 1552 3618; x_wconf 89' lang='lat' dir='ltr'><strong>nullum</strong></span> <span class='ocrx_word' id='word_1_296' title='bbox 1574 3576 1851 3633; x_wconf 82' lang='lat' dir='ltr'><strong>peccatum</strong></span> 
     </span>
    </p>
   </div>
   <div class='ocr_carea' id='block_1_39' title="bbox 263 3640 1851 3725">
    <p class='ocr_par' dir='ltr' id='par_1_39' title="bbox 263 3640 1851 3725">
     <span class='ocr_line' id='line_1_39' title="bbox 263 3640 1851 3725; baseline 0.013 -31"><span class='ocrx_word' id='word_1_297' title='bbox 263 3640 556 3697; x_wconf 79' lang='lat' dir='ltr'><strong>habentes.</strong></span> <span class='ocrx_word' id='word_1_298' title='bbox 591 3644 833 3701; x_wconf 73' lang='lat' dir='ltr'><strong>Mulieres</strong></span> <span class='ocrx_word' id='word_1_299' title='bbox 858 3648 1095 3715; x_wconf 82' lang='lat' dir='ltr'><strong>sim_iliter</strong></span> <span class='ocrx_word' id='word_1_300' title='bbox 1121 3653 1357 3721; x_wconf 80' lang='lat' dir='ltr'><strong>pudicas,</strong></span> <span class='ocrx_word' id='word_1_301' title='bbox 1379 3671 1478 3708; x_wconf 87' lang='lat' dir='ltr'><strong>non</strong></span> <span class='ocrx_word' id='word_1_302' title='bbox 1510 3657 1851 3725; x_wconf 85' lang='lat' dir='ltr'><strong>detrahentes,</strong></span> 
     </span>
    </p>
   </div>
   <div class='ocr_carea' id='block_1_40' title="bbox 260 3732 1855 3813">
    <p class='ocr_par' dir='ltr' id='par_1_40' title="bbox 260 3732 1855 3813">
     <span class='ocr_line' id='line_1_40' title="bbox 260 3732 1855 3813; baseline 0.013 -30"><span class='ocrx_word' id='word_1_303' title='bbox 260 3732 491 3788; x_wconf 67' lang='lat' dir='ltr'><strong>sobrias.</strong></span> <span class='ocrx_word' id='word_1_304' title='bbox 512 3733 770 3792; x_wconf 89' lang='lat' dir='ltr'><strong>Similiter</strong></span> <span class='ocrx_word' id='word_1_305' title='bbox 797 3749 852 3793; x_wconf 92' lang='lat' dir='ltr'><strong>ut</strong></span> <span class='ocrx_word' id='word_1_306' title='bbox 878 3739 1132 3797; x_wconf 87' lang='lat' dir='ltr'><strong>diacoues</strong></span> <span class='ocrx_word' id='word_1_307' title='bbox 1158 3744 1279 3813; x_wconf 80' lang='lat' dir='ltr'><strong>eligi</strong></span> <span class='ocrx_word' id='word_1_308' title='bbox 1304 3744 1475 3813; x_wconf 86' lang='lat' dir='ltr'><strong>jubet.</strong></span> <span class='ocrx_word' id='word_1_309' title='bbox 1508 3747 1655 3803; x_wconf 83' lang='lat' dir='ltr'><strong>Unde</strong></span> <span class='ocrx_word' id='word_1_310' title='bbox 1685 3753 1855 3804; x_wconf 90' lang='lat' dir='ltr'><strong>mani-</strong></span> 
     </span>
    </p>
   </div>
   <div class='ocr_carea' id='block_1_41' title="bbox 264 3820 1851 3905">
    <p class='ocr_par' dir='ltr' id='par_1_41' title="bbox 264 3820 1851 3905">
     <span class='ocr_line' id='line_1_41' title="bbox 264 3820 1851 3905; baseline 0.015 -32"><span class='ocrx_word' id='word_1_311' title='bbox 264 3820 293 3874; x_wconf 90' lang='lat' dir='ltr'><strong>l&#39;</strong></span> <span class='ocrx_word' id='word_1_312' title='bbox 327 3832 468 3877; x_wconf 87' lang='lat' dir='ltr'><strong>stum</strong></span> <span class='ocrx_word' id='word_1_313' title='bbox 496 3836 577 3880; x_wconf 89' lang='lat' dir='ltr'><strong>est</strong></span> <span class='ocrx_word' id='word_1_314' title='bbox 605 3828 746 3896; x_wconf 90' lang='lat' dir='ltr'><strong>quod</strong></span> <span class='ocrx_word' id='word_1_315' title='bbox 776 3830 843 3885; x_wconf 91' lang='lat' dir='ltr'><strong>de</strong></span> <span class='ocrx_word' id='word_1_316' title='bbox 877 3830 981 3887; x_wconf 84' lang='lat' dir='ltr'><strong>illis</strong></span> <span class='ocrx_word' id='word_1_317' title='bbox 1010 3833 1137 3888; x_wconf 80' lang='lat' dir='ltr'><strong>dicit</strong></span> <span class='ocrx_word' id='word_1_318' title='bbox 1165 3850 1298 3905; x_wconf 84' lang='lat' dir='ltr'><strong>quas</strong></span> <span class='ocrx_word' id='word_1_319' title='bbox 1338 3838 1390 3892; x_wconf 91' lang='lat' dir='ltr'><strong>in</strong></span> <span class='ocrx_word' id='word_1_320' title='bbox 1418 3839 1639 3895; x_wconf 86' lang='lat' dir='ltr'><strong>Oriente</strong></span> <span class='ocrx_word' id='word_1_321' title='bbox 1669 3844 1851 3898; x_wconf 76' lang='lat' dir='ltr'><strong>diuen-</strong></span> 
     </span>
    </p>
   </div>
   <div class='ocr_carea' id='block_1_42' title="bbox 264 3914 1853 3988">
    <p class='ocr_par' dir='ltr' id='par_1_42' title="bbox 264 3914 1853 3988">
     <span class='ocr_line' id='line_1_42' title="bbox 264 3914 1853 3988; baseline 0.014 -22"><span class='ocrx_word' id='word_1_322' title='bbox 264 3914 449 3971; x_wconf 86' lang='lat' dir='ltr'><strong>nissas</strong></span> <span class='ocrx_word' id='word_1_323' title='bbox 472 3920 761 3988; x_wconf 86' lang='lat' dir='ltr'><strong>appellant.</strong></span> <span class='ocrx_word' id='word_1_324' title='bbox 810 3921 1019 3979; x_wconf 80' lang='lat' dir='ltr'><strong>Fideles</strong></span> <span class='ocrx_word' id='word_1_325' title='bbox 1047 3927 1100 3979; x_wconf 90' lang='lat' dir='ltr'><strong>in</strong></span> <span class='ocrx_word' id='word_1_326' title='bbox 1151 3929 1404 3985; x_wconf 85' lang='lat' dir='ltr'><strong>omnibus.</strong></span> <span class='ocrx_word' id='word_1_327' title='bbox 1436 3930 1490 3984; x_wconf 92' lang='lat' dir='ltr'><strong>lu</strong></span> <span class='ocrx_word' id='word_1_328' title='bbox 1526 3933 1671 3987; x_wconf 74' lang='lat' dir='ltr'><strong>nullo</strong></span> <span class='ocrx_word' id='word_1_329' title='bbox 1699 3934 1853 3987; x_wconf 88' lang='lat' dir='ltr'><strong>dubi-</strong></span> 
     </span>
    </p>
   </div>
   <div class='ocr_carea' id='block_1_43' title="bbox 263 4008 1851 4088">
    <p class='ocr_par' dir='ltr' id='par_1_43' title="bbox 263 4008 1851 4088">
     <span class='ocr_line' id='line_1_43' title="bbox 263 4008 1851 4088; baseline 0.012 -29"><span class='ocrx_word' id='word_1_330' title='bbox 263 4014 469 4062; x_wconf 84' lang='lat' dir='ltr'><strong>tantes.</strong></span> <span class='ocrx_word' id='word_1_331' title='bbox 500 4008 749 4066; x_wconf 81' lang='lat' dir='ltr'><strong>Diacones</strong></span> <span class='ocrx_word' id='word_1_332' title='bbox 777 4014 879 4067; x_wconf 87' lang='lat' dir='ltr'><strong>sint</strong></span> <span class='ocrx_word' id='word_1_333' title='bbox 906 4015 1058 4070; x_wconf 87' lang='lat' dir='ltr'><strong>unius</strong></span> <span class='ocrx_word' id='word_1_334' title='bbox 1088 4020 1263 4072; x_wconf 78' lang='lat' dir='ltr'><strong>uxoris</strong></span> <span class='ocrx_word' id='word_1_335' title='bbox 1295 4022 1410 4074; x_wconf 80' lang='lat' dir='ltr'><strong>uiri.</strong></span> <span class='ocrx_word' id='word_1_336' title='bbox 1430 4022 1545 4075; x_wconf 85' lang='lat' dir='ltr'><strong>Non</strong></span> <span class='ocrx_word' id='word_1_337' title='bbox 1571 4031 1646 4088; x_wconf 89' lang='lat' dir='ltr'><strong>ut,</strong></span> <span class='ocrx_word' id='word_1_338' title='bbox 1677 4024 1720 4076; x_wconf 89' lang='lat' dir='ltr'><strong>si</strong></span> <span class='ocrx_word' id='word_1_339' title='bbox 1745 4038 1851 4078; x_wconf 91' lang='lat' dir='ltr'><strong>non</strong></span> 
     </span>
    </p>
   </div>
   <div class='ocr_carea' id='block_1_44' title="bbox 263 4096 1852 4171">
    <p class='ocr_par' dir='ltr' id='par_1_44' title="bbox 263 4096 1852 4171">
     <span class='ocr_line' id='line_1_44' title="bbox 263 4096 1852 4171; baseline 0.014 -22"><span class='ocrx_word' id='word_1_340' title='bbox 263 4096 587 4165; x_wconf 86' lang='lat' dir='ltr'><strong>habuerint,</strong></span> <span class='ocrx_word' id='word_1_341' title='bbox 622 4102 856 4159; x_wconf 88' lang='lat' dir='ltr'><strong>ducant:</strong></span> <span class='ocrx_word' id='word_1_342' title='bbox 888 4107 981 4161; x_wconf 89' lang='lat' dir='ltr'><strong>sed</strong></span> <span class='ocrx_word' id='word_1_343' title='bbox 1017 4123 1082 4163; x_wconf 85' lang='lat' dir='ltr'><strong>ne</strong></span> <span class='ocrx_word' id='word_1_344' title='bbox 1114 4110 1243 4164; x_wconf 91' lang='lat' dir='ltr'><strong>duas</strong></span> <span class='ocrx_word' id='word_1_345' title='bbox 1272 4111 1593 4167; x_wconf 86' lang='lat' dir='ltr'><strong>habuerint:</strong></span> <span class='ocrx_word' id='word_1_346' title='bbox 1625 4114 1671 4168; x_wconf 91' lang='lat' dir='ltr'><strong>si</strong></span> <span class='ocrx_word' id='word_1_347' title='bbox 1710 4115 1852 4171; x_wconf 86' lang='lat' dir='ltr'><strong>enim</strong></span> 
     </span>
    </p>
   </div>
   <div class='ocr_carea' id='block_1_45' title="bbox 263 4187 1855 4271">
    <p class='ocr_par' dir='ltr' id='par_1_45' title="bbox 263 4187 1855 4271">
     <span class='ocr_line' id='line_1_45' title="bbox 263 4187 1855 4271; baseline 0.014 -32"><span class='ocrx_word' id='word_1_348' title='bbox 263 4187 569 4259; x_wconf 78' lang='lat' dir='ltr'><strong>digniorem</strong></span> <span class='ocrx_word' id='word_1_349' title='bbox 600 4210 733 4247; x_wconf 83' lang='lat' dir='ltr'><strong>uxor</strong></span> <span class='ocrx_word' id='word_1_350' title='bbox 756 4193 905 4262; x_wconf 88' lang='lat' dir='ltr'><strong>l&#39;acit,</strong></span> <span class='ocrx_word' id='word_1_351' title='bbox 935 4213 1100 4268; x_wconf 86' lang='lat' dir='ltr'><strong>quare</strong></span> <span class='ocrx_word' id='word_1_352' title='bbox 1143 4215 1249 4256; x_wconf 90' lang='lat' dir='ltr'><strong>non</strong></span> <span class='ocrx_word' id='word_1_353' title='bbox 1277 4210 1334 4256; x_wconf 91' lang='lat' dir='ltr'><strong>et</strong></span> <span class='ocrx_word' id='word_1_354' title='bbox 1377 4202 1571 4271; x_wconf 83' lang='lat' dir='ltr'><strong>digami</strong></span> <span class='ocrx_word' id='word_1_355' title='bbox 1598 4206 1855 4261; x_wconf 34' lang='lat' dir='ltr'><strong>ordinans</strong></span> 
     </span>
    </p>
   </div>
   <div class='ocr_carea' id='block_1_46' title="bbox 263 4282 1857 4360">
    <p class='ocr_par' dir='ltr' id='par_1_46' title="bbox 263 4282 1857 4360">
     <span class='ocr_line' id='line_1_46' title="bbox 263 4282 1857 4360; baseline 0.012 -25"><span class='ocrx_word' id='word_1_356' title='bbox 263 4282 395 4336; x_wconf 80' lang='lat' dir='ltr'><strong>tur?</strong></span> <span class='ocrx_word' id='word_1_357' title='bbox 425 4285 523 4350; x_wconf 85' lang='lat' dir='ltr'><strong>Qui</strong></span> <span class='ocrx_word' id='word_1_358' title='bbox 549 4286 672 4353; x_wconf 86' lang='lat' dir='ltr'><strong>ﬁliis</strong></span> <span class='ocrx_word' id='word_1_359' title='bbox 698 4289 805 4344; x_wconf 88' lang='lat' dir='ltr'><strong>suis</strong></span> <span class='ocrx_word' id='word_1_360' title='bbox 832 4290 954 4345; x_wconf 87' lang='lat' dir='ltr'><strong>bene</strong></span> <span class='ocrx_word' id='word_1_361' title='bbox 982 4302 1229 4360; x_wconf 61' lang='lat' dir='ltr'><strong>praesunt,</strong></span> <span class='ocrx_word' id='word_1_362' title='bbox 1256 4296 1433 4350; x_wconf 79' lang='lat' dir='ltr'><strong>etsuis</strong></span> <span class='ocrx_word' id='word_1_363' title='bbox 1464 4295 1718 4352; x_wconf 81' lang='lat' dir='ltr'><strong>domibus.</strong></span> <span class='ocrx_word' id='word_1_364' title='bbox 1751 4299 1857 4354; x_wconf 76' lang='lat' dir='ltr'><strong>Re-</strong></span> 
     </span>
    </p>
   </div>
   <div class='ocr_carea' id='block_1_47' title="bbox 264 4376 1848 4451">
    <p class='ocr_par' dir='ltr' id='par_1_47' title="bbox 264 4376 1848 4451">
     <span class='ocr_line' id='line_1_47' title="bbox 264 4376 1848 4451; baseline 0.012 -23"><span class='ocrx_word' id='word_1_365' title='bbox 264 4376 404 4444; x_wconf 80' lang='lat' dir='ltr'><strong>petit</strong></span> <span class='ocrx_word' id='word_1_366' title='bbox 433 4379 573 4451; x_wconf 72' lang='lat' dir='ltr'><strong>aliud</strong></span> <span class='ocrx_word' id='word_1_367' title='bbox 605 4381 783 4435; x_wconf 91' lang='lat' dir='ltr'><strong>minus</strong></span> <span class='ocrx_word' id='word_1_368' title='bbox 812 4383 1041 4440; x_wconf 79' lang='lat' dir='ltr'><strong>dixerat.</strong></span> <span class='ocrx_word' id='word_1_369' title='bbox 1079 4386 1181 4451; x_wconf 83' lang='lat' dir='ltr'><strong>Qui</strong></span> <span class='ocrx_word' id='word_1_370' title='bbox 1206 4388 1340 4441; x_wconf 83' lang='lat' dir='ltr'><strong>enim</strong></span> <span class='ocrx_word' id='word_1_371' title='bbox 1382 4390 1507 4442; x_wconf 86' lang='lat' dir='ltr'><strong>bene</strong></span> <span class='ocrx_word' id='word_1_372' title='bbox 1533 4391 1848 4447; x_wconf 39' lang='lat' dir='ltr'><strong>ministrare.</strong></span> 
     </span>
    </p>
   </div>
   <div class='ocr_carea' id='block_1_48' title="bbox 237 4468 1852 4553">
    <p class='ocr_par' dir='ltr' id='par_1_48' title="bbox 237 4468 1852 4553">
     <span class='ocr_line' id='line_1_48' title="bbox 237 4468 1852 4553; baseline 0.011 -32"><span class='ocrx_word' id='word_1_373' title='bbox 237 4468 395 4537; x_wconf 82' lang='lat' dir='ltr'><strong>~rt&#39;nt,</strong></span> <span class='ocrx_word' id='word_1_374' title='bbox 427 4472 647 4541; x_wconf 84' lang='lat' dir='ltr'><strong>gradum</strong></span> <span class='ocrx_word' id='word_1_375' title='bbox 666 4474 770 4527; x_wconf 86' lang='lat' dir='ltr'><strong>sibi</strong></span> <span class='ocrx_word' id='word_1_376' title='bbox 797 4474 982 4529; x_wconf 86' lang='lat' dir='ltr'><strong>bonum</strong></span> <span class='ocrx_word' id='word_1_377' title='bbox 1007 4479 1291 4547; x_wconf 82' lang='lat' dir='ltr'><strong>nequirent.</strong></span> <span class='ocrx_word' id='word_1_378' title='bbox 1322 4481 1457 4536; x_wconf 80' lang='lat' dir='ltr'><strong>Sunt</strong></span> <span class='ocrx_word' id='word_1_379' title='bbox 1480 4483 1623 4538; x_wconf 90' lang='lat' dir='ltr'><strong>enim</strong></span> <span class='ocrx_word' id='word_1_380' title='bbox 1654 4485 1852 4553; x_wconf 75' lang='lat' dir='ltr'><strong>gradus</strong></span> 
     </span>
    </p>
   </div>
   <div class='ocr_carea' id='block_1_49' title="bbox 261 4559 1852 4642">
    <p class='ocr_par' dir='ltr' id='par_1_49' title="bbox 261 4559 1852 4642">
     <span class='ocr_line' id='line_1_49' title="bbox 261 4559 1852 4642; baseline 0.01 -28"><span class='ocrx_word' id='word_1_381' title='bbox 261 4559 527 4615; x_wconf 80' lang='lat' dir='ltr'><strong>minores.</strong></span> <span class='ocrx_word' id='word_1_382' title='bbox 579 4564 782 4621; x_wconf 84' lang='lat' dir='ltr'><strong>Bonum</strong></span> <span class='ocrx_word' id='word_1_383' title='bbox 815 4567 900 4622; x_wconf 89' lang='lat' dir='ltr'><strong>hic</strong></span> <span class='ocrx_word' id='word_1_384' title='bbox 939 4583 1035 4638; x_wconf 91' lang='lat' dir='ltr'><strong>pro</strong></span> <span class='ocrx_word' id='word_1_385' title='bbox 1078 4573 1262 4641; x_wconf 77' lang='lat' dir='ltr'><strong>grandi</strong></span> <span class='ocrx_word' id='word_1_386' title='bbox 1295 4575 1491 4642; x_wconf 82' lang='lat' dir='ltr'><strong>posuit.</strong></span> <span class='ocrx_word' id='word_1_387' title='bbox 1527 4572 1596 4625; x_wconf 83' lang='lat' dir='ltr'><strong>Et</strong></span> <span class='ocrx_word' id='word_1_388' title='bbox 1637 4577 1852 4630; x_wconf 85' lang='lat' dir='ltr'><strong>multant</strong></span> 
     </span>
    </p>
   </div>
   <div class='ocr_carea' id='block_1_50' title="bbox 260 4653 1849 4734">
    <p class='ocr_par' dir='ltr' id='par_1_50' title="bbox 260 4653 1849 4734">
     <span class='ocr_line' id='line_1_50' title="bbox 260 4653 1849 4734; baseline 0.011 -32"><span class='ocrx_word' id='word_1_389' title='bbox 260 4653 512 4721; x_wconf 76' lang='lat' dir='ltr'><strong>ﬁduciam</strong></span> <span class='ocrx_word' id='word_1_390' title='bbox 531 4653 585 4707; x_wconf 88' lang='lat' dir='ltr'><strong>in</strong></span> <span class='ocrx_word' id='word_1_391' title='bbox 610 4656 712 4723; x_wconf 85' lang='lat' dir='ltr'><strong>ﬁde</strong></span> <span class='ocrx_word' id='word_1_392' title='bbox 731 4673 846 4725; x_wconf 76' lang='lat' dir='ltr'><strong>qua:</strong></span> <span class='ocrx_word' id='word_1_393' title='bbox 859 4661 1011 4713; x_wconf 81' lang='lat' dir='ltr'><strong>est&#39;in</strong></span> <span class='ocrx_word' id='word_1_394' title='bbox 1034 4660 1235 4716; x_wconf 81' lang='lat' dir='ltr'><strong>Christo</strong></span> <span class='ocrx_word' id='word_1_395' title='bbox 1257 4662 1401 4719; x_wconf 78' lang='lat' dir='ltr'><strong>Jcsu.</strong></span> <span class='ocrx_word' id='word_1_396' title='bbox 1425 4664 1493 4718; x_wconf 85' lang='lat' dir='ltr'><strong>Et</strong></span> <span class='ocrx_word' id='word_1_397' title='bbox 1513 4664 1652 4734; x_wconf 87' lang='lat' dir='ltr'><strong>apud</strong></span> <span class='ocrx_word' id='word_1_398' title='bbox 1681 4665 1849 4721; x_wconf 88' lang='lat' dir='ltr'><strong>Deum</strong></span> 
     </span>
    </p>
   </div>
   <div class='ocr_carea' id='block_1_51' title="bbox 263 4743 1853 4822">
    <p class='ocr_par' dir='ltr' id='par_1_51' title="bbox 263 4743 1853 4822">
     <span class='ocr_line' id='line_1_51' title="bbox 263 4743 1853 4822; baseline 0.011 -28"><span class='ocrx_word' id='word_1_399' title='bbox 263 4743 569 4811; x_wconf 80' lang='lat' dir='ltr'><strong>petendi,et</strong></span> <span class='ocrx_word' id='word_1_400' title='bbox 593 4749 732 4813; x_wconf 90' lang='lat' dir='ltr'><strong>apud</strong></span> <span class='ocrx_word' id='word_1_401' title='bbox 761 4748 1003 4803; x_wconf 77' lang='lat' dir='ltr'><strong>homines</strong></span> <span class='ocrx_word' id='word_1_402' title='bbox 1025 4750 1271 4808; x_wconf 87' lang='lat' dir='ltr'><strong>docendi.</strong></span> <span class='ocrx_word' id='word_1_403' title='bbox 1298 4753 1424 4808; x_wconf 78' lang='lat' dir='ltr'><strong>Haec</strong></span> <span class='ocrx_word' id='word_1_404' title='bbox 1446 4756 1539 4809; x_wconf 88' lang='lat' dir='ltr'><strong>tibi</strong></span> <span class='ocrx_word' id='word_1_405' title='bbox 1563 4756 1748 4820; x_wconf 87' lang='lat' dir='ltr'><strong>scribo,</strong></span> <span class='ocrx_word' id='word_1_406' title='bbox 1774 4757 1853 4822; x_wconf 86' lang='lat' dir='ltr'><strong>ﬁli</strong></span> 
     </span>
    </p>
   </div>
   <div class='ocr_carea' id='block_1_52' title="bbox 266 4830 1854 4914">
    <p class='ocr_par' dir='ltr' id='par_1_52' title="bbox 266 4830 1854 4914">
     <span class='ocr_line' id='line_1_52' title="bbox 266 4830 1854 4914; baseline 0.009 -27"><span class='ocrx_word' id='word_1_407' title='bbox 266 4830 548 4901; x_wconf 72' lang='lat' dir='ltr'><strong>Timotheo,</strong></span> <span class='ocrx_word' id='word_1_408' title='bbox 581 4853 793 4907; x_wconf 86' lang='lat' dir='ltr'><strong>sperans</strong></span> <span class='ocrx_word' id='word_1_409' title='bbox 822 4855 901 4892; x_wconf 90' lang='lat' dir='ltr'><strong>me</strong></span> <span class='ocrx_word' id='word_1_410' title='bbox 930 4841 1097 4894; x_wconf 84' lang='lat' dir='ltr'><strong>venire</strong></span> <span class='ocrx_word' id='word_1_411' title='bbox 1135 4844 1204 4895; x_wconf 87' lang='lat' dir='ltr'><strong>ad</strong></span> <span class='ocrx_word' id='word_1_412' title='bbox 1232 4856 1278 4897; x_wconf 90' lang='lat' dir='ltr'><strong>te</strong></span> <span class='ocrx_word' id='word_1_413' title='bbox 1307 4846 1429 4898; x_wconf 89' lang='lat' dir='ltr'><strong>cito.</strong></span> <span class='ocrx_word' id='word_1_414' title='bbox 1464 4846 1534 4899; x_wconf 87' lang='lat' dir='ltr'><strong>Et</strong></span> <span class='ocrx_word' id='word_1_415' title='bbox 1562 4846 1770 4914; x_wconf 89' lang='lat' dir='ltr'><strong>plenius</strong></span> <span class='ocrx_word' id='word_1_416' title='bbox 1800 4857 1854 4902; x_wconf 89' lang='lat' dir='ltr'><strong>te</strong></span> 
     </span>
    </p>
   </div>
   <div class='ocr_carea' id='block_1_53' title="bbox 260 4923 1851 5009">
    <p class='ocr_par' dir='ltr' id='par_1_53' title="bbox 260 4923 1851 5009">
     <span class='ocr_line' id='line_1_53' title="bbox 260 4923 1851 5009; baseline 0.012 -34"><span class='ocrx_word' id='word_1_417' title='bbox 260 4923 554 4981; x_wconf 80' lang='lat' dir='ltr'><strong>instruere.</strong></span> <span class='ocrx_word' id='word_1_418' title='bbox 585 4927 647 4981; x_wconf 89' lang='lat' dir='ltr'><strong>Si</strong></span> <span class='ocrx_word' id='word_1_419' title='bbox 663 4937 831 4982; x_wconf 86' lang='lat' dir='ltr'><strong>autem</strong></span> <span class='ocrx_word' id='word_1_420' title='bbox 864 4931 1154 4999; x_wconf 85' lang='lat' dir='ltr'><strong>tardavero,</strong></span> <span class='ocrx_word' id='word_1_421' title='bbox 1177 4942 1231 4987; x_wconf 89' lang='lat' dir='ltr'><strong>ut</strong></span> <span class='ocrx_word' id='word_1_422' title='bbox 1253 4936 1385 4989; x_wconf 78' lang='lat' dir='ltr'><strong>scias</strong></span> <span class='ocrx_word' id='word_1_423' title='bbox 1413 4939 1670 5006; x_wconf 86' lang='lat' dir='ltr'><strong>quomodo</strong></span> <span class='ocrx_word' id='word_1_424' title='bbox 1692 4953 1851 5009; x_wconf 82' lang='lat' dir='ltr'><strong>opor-</strong></span> 
     </span>
    </p>
   </div>
   <div class='ocr_carea' id='block_1_54' title="bbox 262 5016 1850 5086">
    <p class='ocr_par' dir='ltr' id='par_1_54' title="bbox 262 5016 1850 5086">
     <span class='ocr_line' id='line_1_54' title="bbox 262 5016 1850 5086; baseline 0.013 -22"><span class='ocrx_word' id='word_1_425' title='bbox 262 5023 370 5066; x_wconf 81' lang='lat' dir='ltr'><strong>teut</strong></span> <span class='ocrx_word' id='word_1_426' title='bbox 392 5016 511 5069; x_wconf 88' lang='lat' dir='ltr'><strong>tein</strong></span> <span class='ocrx_word' id='word_1_427' title='bbox 534 5019 687 5072; x_wconf 88' lang='lat' dir='ltr'><strong>domo</strong></span> <span class='ocrx_word' id='word_1_428' title='bbox 715 5018 808 5073; x_wconf 87' lang='lat' dir='ltr'><strong>Dei</strong></span> <span class='ocrx_word' id='word_1_429' title='bbox 826 5026 1138 5085; x_wconf 85' lang='lat' dir='ltr'><strong>conversari.</strong></span> <span class='ocrx_word' id='word_1_430' title='bbox 1163 5024 1225 5080; x_wconf 89' lang='lat' dir='ltr'><strong>Ut</strong></span> <span class='ocrx_word' id='word_1_431' title='bbox 1254 5029 1629 5083; x_wconf 85' lang='lat' dir='ltr'><strong>auctoritatem</strong></span> <span class='ocrx_word' id='word_1_432' title='bbox 1652 5028 1850 5086; x_wconf 83' lang='lat' dir='ltr'><strong>habeas</strong></span> 
     </span>
    </p>
   </div>
   <div class='ocr_carea' id='block_1_55' title="bbox 259 5104 1850 5181">
    <p class='ocr_par' dir='ltr' id='par_1_55' title="bbox 259 5104 1850 5181">
     <span class='ocr_line' id='line_1_55' title="bbox 259 5104 1850 5181; baseline 0.011 -24"><span class='ocrx_word' id='word_1_433' title='bbox 259 5104 445 5158; x_wconf 83' lang='lat' dir='ltr'><strong>omnia</strong></span> <span class='ocrx_word' id='word_1_434' title='bbox 478 5122 573 5173; x_wconf 85' lang='lat' dir='ltr'><strong>pro</strong></span> <span class='ocrx_word' id='word_1_435' title='bbox 602 5123 688 5163; x_wconf 90' lang='lat' dir='ltr'><strong>me</strong></span> <span class='ocrx_word' id='word_1_436' title='bbox 718 5111 885 5177; x_wconf 88' lang='lat' dir='ltr'><strong>probe</strong></span> <span class='ocrx_word' id='word_1_437' title='bbox 910 5112 1182 5169; x_wconf 88' lang='lat' dir='ltr'><strong>ordinare.</strong></span> <span class='ocrx_word' id='word_1_438' title='bbox 1230 5115 1359 5181; x_wconf 80' lang='lat' dir='ltr'><strong>Qua:</strong></span> <span class='ocrx_word' id='word_1_439' title='bbox 1382 5126 1456 5171; x_wconf 85' lang='lat' dir='ltr'><strong>est</strong></span> <span class='ocrx_word' id='word_1_440' title='bbox 1492 5118 1721 5174; x_wconf 86' lang='lat' dir='ltr'><strong>Ecclesia</strong></span> <span class='ocrx_word' id='word_1_441' title='bbox 1754 5119 1850 5175; x_wconf 86' lang='lat' dir='ltr'><strong>Dei</strong></span> 
     </span>
    </p>
   </div>
   <div class='ocr_carea' id='block_1_56' title="bbox 260 5195 1848 5281">
    <p class='ocr_par' dir='ltr' id='par_1_56' title="bbox 260 5195 1848 5281">
     <span class='ocr_line' id='line_1_56' title="bbox 260 5195 1848 5281; baseline 0.014 -34"><span class='ocrx_word' id='word_1_442' title='bbox 260 5195 381 5260; x_wconf 76' lang='lat' dir='ltr'><strong>viri,</strong></span> <span class='ocrx_word' id='word_1_443' title='bbox 428 5196 665 5252; x_wconf 76' lang='lat' dir='ltr'><strong>columna</strong></span> <span class='ocrx_word' id='word_1_444' title='bbox 694 5208 742 5254; x_wconf 86' lang='lat' dir='ltr'><strong>et</strong></span> <span class='ocrx_word' id='word_1_445' title='bbox 789 5204 1161 5264; x_wconf 86' lang='lat' dir='ltr'><strong>ﬁrmamentum</strong></span> <span class='ocrx_word' id='word_1_446' title='bbox 1201 5210 1442 5263; x_wconf 80' lang='lat' dir='ltr'><strong>veritatis.</strong></span> <span class='ocrx_word' id='word_1_447' title='bbox 1478 5210 1534 5265; x_wconf 83' lang='lat' dir='ltr'><strong>in</strong></span> <span class='ocrx_word' id='word_1_448' title='bbox 1577 5228 1681 5281; x_wconf 89' lang='lat' dir='ltr'><strong>qua</strong></span> <span class='ocrx_word' id='word_1_449' title='bbox 1734 5214 1848 5269; x_wconf 69' lang='lat' dir='ltr'><strong>sola</strong></span> 
     </span>
    </p>
   </div>
   <div class='ocr_carea' id='block_1_57' title="bbox 261 5290 1844 5362">
    <p class='ocr_par' dir='ltr' id='par_1_57' title="bbox 261 5290 1844 5362">
     <span class='ocr_line' id='line_1_57' title="bbox 261 5290 1844 5362; baseline 0.012 -23"><span class='ocrx_word' id='word_1_450' title='bbox 261 5302 410 5339; x_wconf 82' lang='lat' dir='ltr'><strong>nunc</strong></span> <span class='ocrx_word' id='word_1_451' title='bbox 427 5290 621 5344; x_wconf 80' lang='lat' dir='ltr'><strong>veritas</strong></span> <span class='ocrx_word' id='word_1_452' title='bbox 643 5300 749 5346; x_wconf 89' lang='lat' dir='ltr'><strong>stat</strong></span> <span class='ocrx_word' id='word_1_453' title='bbox 773 5293 998 5359; x_wconf 78' lang='lat' dir='ltr'><strong>firmata,</strong></span> <span class='ocrx_word' id='word_1_454' title='bbox 1016 5304 1070 5349; x_wconf 91' lang='lat' dir='ltr'><strong>et</strong></span> <span class='ocrx_word' id='word_1_455' title='bbox 1092 5312 1208 5362; x_wconf 71' lang='lat' dir='ltr'><strong>qua:</strong></span> <span class='ocrx_word' id='word_1_456' title='bbox 1233 5298 1348 5353; x_wconf 86' lang='lat' dir='ltr'><strong>sola</strong></span> <span class='ocrx_word' id='word_1_457' title='bbox 1374 5307 1543 5356; x_wconf 86' lang='lat' dir='ltr'><strong>totum</strong></span> <span class='ocrx_word' id='word_1_458' title='bbox 1561 5303 1844 5359; x_wconf 68' lang='lat' dir='ltr'><strong>aedilicium</strong></span> 
     </span>
    </p>
   </div>
   <div class='ocr_carea' id='block_1_58' title="bbox 258 5380 1847 5466">
    <p class='ocr_par' dir='ltr' id='par_1_58' title="bbox 258 5380 1847 5466">
     <span class='ocr_line' id='line_1_58' title="bbox 258 5380 1847 5466; baseline 0.013 -37"><span class='ocrx_word' id='word_1_459' title='bbox 258 5380 494 5433; x_wconf 75' lang='lat' dir='ltr'><strong>sustinet</strong></span> <span class='ocrx_word' id='word_1_460' title='bbox 511 5383 767 5437; x_wconf 88' lang='lat' dir='ltr'><strong>veritatis.</strong></span> <span class='ocrx_word' id='word_1_461' title='bbox 789 5381 857 5436; x_wconf 86' lang='lat' dir='ltr'><strong>Et</strong></span> <span class='ocrx_word' id='word_1_462' title='bbox 882 5387 1145 5455; x_wconf 74' lang='lat' dir='ltr'><strong>manifeste</strong></span> <span class='ocrx_word' id='word_1_463' title='bbox 1169 5405 1405 5460; x_wconf 83' lang='lat' dir='ltr'><strong>magnum</strong></span> <span class='ocrx_word' id='word_1_464' title='bbox 1433 5401 1505 5446; x_wconf 85' lang='lat' dir='ltr'><strong>est</strong></span> <span class='ocrx_word' id='word_1_465' title='bbox 1532 5394 1736 5466; x_wconf 88' lang='lat' dir='ltr'><strong>pietatis</strong></span> <span class='ocrx_word' id='word_1_466' title='bbox 1760 5411 1847 5449; x_wconf 87' lang='lat' dir='ltr'><strong>sa-</strong></span> 
     </span>
    </p>
   </div>
   <div class='ocr_carea' id='block_1_59' title="bbox 259 5458 1846 5554">
    <p class='ocr_par' dir='ltr' id='par_1_59' title="bbox 259 5458 1846 5554">
     <span class='ocr_line' id='line_1_59' title="bbox 259 5458 1846 5554; baseline 0.016 -36"><span class='ocrx_word' id='word_1_467' title='bbox 259 5458 600 5525; x_wconf 59' lang='lat' dir='ltr'><strong>craméntum.</strong></span> <span class='ocrx_word' id='word_1_468' title='bbox 628 5473 924 5531; x_wconf 84' lang='lat' dir='ltr'><strong>lncarnatio</strong></span> <span class='ocrx_word' id='word_1_469' title='bbox 944 5477 1162 5549; x_wconf 86' lang='lat' dir='ltr'><strong>Christi,</strong></span> <span class='ocrx_word' id='word_1_470' title='bbox 1187 5458 1458 5552; x_wconf 75' lang='lat' dir='ltr'><strong>perquam</strong></span> <span class='ocrx_word' id='word_1_471' title='bbox 1490 5485 1660 5554; x_wconf 82' lang='lat' dir='ltr'><strong>pietas</strong></span> <span class='ocrx_word' id='word_1_472' title='bbox 1687 5497 1769 5543; x_wconf 81' lang='lat' dir='ltr'><strong>est</strong></span> <span class='ocrx_word' id='word_1_473' title='bbox 1790 5488 1846 5543; x_wconf 89' lang='lat' dir='ltr'><strong>in</strong></span> 
     </span>
    </p>
   </div>
   <div class='ocr_carea' id='block_1_60' title="bbox 261 5562 1843 5646">
    <p class='ocr_par' dir='ltr' id='par_1_60' title="bbox 261 5562 1843 5646">
     <span class='ocr_line' id='line_1_60' title="bbox 261 5562 1843 5646; baseline 0.015 -34"><span class='ocrx_word' id='word_1_474' title='bbox 261 5562 515 5616; x_wconf 86' lang='lat' dir='ltr'><strong>omnibus</strong></span> <span class='ocrx_word' id='word_1_475' title='bbox 539 5564 697 5620; x_wconf 71' lang='lat' dir='ltr'><strong>facta.</strong></span> <span class='ocrx_word' id='word_1_476' title='bbox 721 5565 873 5634; x_wconf 85' lang='lat' dir='ltr'><strong>Quod</strong></span> <span class='ocrx_word' id='word_1_477' title='bbox 903 5572 1279 5642; x_wconf 76' lang='lat' dir='ltr'><strong>manifestatum</strong></span> <span class='ocrx_word' id='word_1_478' title='bbox 1310 5585 1381 5628; x_wconf 75' lang='lat' dir='ltr'><strong>est</strong></span> <span class='ocrx_word' id='word_1_479' title='bbox 1405 5576 1457 5628; x_wconf 88' lang='lat' dir='ltr'><strong>in</strong></span> <span class='ocrx_word' id='word_1_480' title='bbox 1480 5592 1648 5632; x_wconf 83' lang='lat' dir='ltr'><strong>carne.</strong></span> <span class='ocrx_word' id='word_1_481' title='bbox 1667 5579 1843 5646; x_wconf 88' lang='lat' dir='ltr'><strong>Quan-</strong></span> 
     </span>
    </p>
   </div>
   <div class='ocr_carea' id='block_1_61' title="bbox 261 5653 1847 5742">
    <p class='ocr_par' dir='ltr' id='par_1_61' title="bbox 261 5653 1847 5742">
     <span class='ocr_line' id='line_1_61' title="bbox 261 5653 1847 5742; baseline 0.014 -37"><span class='ocrx_word' id='word_1_482' title='bbox 261 5655 337 5705; x_wconf 81' lang='lat' dir='ltr'><strong>do</strong></span> <span class='ocrx_word' id='word_1_483' title='bbox 369 5653 599 5709; x_wconf 81' lang='lat' dir='ltr'><strong>Verbum</strong></span> <span class='ocrx_word' id='word_1_484' title='bbox 631 5672 756 5714; x_wconf 88' lang='lat' dir='ltr'><strong>caro</strong></span> <span class='ocrx_word' id='word_1_485' title='bbox 778 5658 975 5716; x_wconf 81' lang='lat' dir='ltr'><strong>factum</strong></span> <span class='ocrx_word' id='word_1_486' title='bbox 1003 5673 1104 5718; x_wconf 90' lang='lat' dir='ltr'><strong>est.</strong></span> <span class='ocrx_word' id='word_1_487' title='bbox 1133 5664 1486 5729; x_wconf 72' lang='lat' dir='ltr'><strong>Iusti/iratum</strong></span> <span class='ocrx_word' id='word_1_488' title='bbox 1515 5679 1589 5722; x_wconf 82' lang='lat' dir='ltr'><strong>est</strong></span> <span class='ocrx_word' id='word_1_489' title='bbox 1616 5670 1668 5724; x_wconf 86' lang='lat' dir='ltr'><strong>in</strong></span> <span class='ocrx_word' id='word_1_490' title='bbox 1690 5673 1847 5742; x_wconf 81' lang='lat' dir='ltr'><strong>spiri-</strong></span> 
     </span>
    </p>
   </div>
   <div class='ocr_carea' id='block_1_62' title="bbox 267 5745 1844 5832">
    <p class='ocr_par' dir='ltr' id='par_1_62' title="bbox 267 5745 1844 5832">
     <span class='ocr_line' id='line_1_62' title="bbox 267 5745 1844 5832; baseline 0.013 -34"><span class='ocrx_word' id='word_1_491' title='bbox 267 5755 343 5799; x_wconf 86' lang='lat' dir='ltr'><strong>tu.</strong></span> <span class='ocrx_word' id='word_1_492' title='bbox 376 5745 607 5816; x_wconf 63' lang='lat' dir='ltr'><strong>Spiritus</strong></span> <span class='ocrx_word' id='word_1_493' title='bbox 638 5749 732 5805; x_wconf 90' lang='lat' dir='ltr'><strong>Dei</strong></span> <span class='ocrx_word' id='word_1_494' title='bbox 761 5753 937 5809; x_wconf 84' lang='lat' dir='ltr'><strong>veniet</strong></span> <span class='ocrx_word' id='word_1_495' title='bbox 965 5770 1126 5826; x_wconf 88' lang='lat' dir='ltr'><strong>super</strong></span> <span class='ocrx_word' id='word_1_496' title='bbox 1148 5766 1200 5812; x_wconf 89' lang='lat' dir='ltr'><strong>te</strong></span> <span class='ocrx_word' id='word_1_497' title='bbox 1227 5774 1237 5808; x_wconf 92' lang='lat'>:</span> <span class='ocrx_word' id='word_1_498' title='bbox 1269 5768 1549 5828; x_wconf 75' lang='lat' dir='ltr'><strong>propterea</strong></span> <span class='ocrx_word' id='word_1_499' title='bbox 1580 5764 1718 5832; x_wconf 88' lang='lat' dir='ltr'><strong>quod</strong></span> <span class='ocrx_word' id='word_1_500' title='bbox 1751 5779 1844 5817; x_wconf 84' lang='lat' dir='ltr'><strong>na-</strong></span> 
     </span>
    </p>
   </div>
   <div class='ocr_carea' id='block_1_63' title="bbox 1880 4530 1931 4590">
    <p class='ocr_par' dir='ltr' id='par_1_63' title="bbox 1880 4530 1931 4590">
     <span class='ocr_line' id='line_1_63' title="bbox 1880 4530 1931 4590; baseline 0 0"><span class='ocrx_word' id='word_1_501' title='bbox 1880 4530 1931 4590; x_wconf 92' lang='lat' dir='ltr'><strong>D</strong></span> 
     </span>
    </p>
   </div>
   <div class='ocr_carea' id='block_1_64' title="bbox 1974 532 3564 635">
    <p class='ocr_par' dir='ltr' id='par_1_64' title="bbox 1974 532 3564 635">
     <span class='ocr_line' id='line_1_64' title="bbox 1974 532 3564 635; baseline 0.014 -53"><span class='ocrx_word' id='word_1_502' title='bbox 1974 533 2190 603; x_wconf 76' lang='lat' dir='ltr'><strong>angelis.</strong></span> <span class='ocrx_word' id='word_1_503' title='bbox 2222 532 2445 600; x_wconf 84' lang='lat' dir='ltr'><strong>Quando</strong></span> <span class='ocrx_word' id='word_1_504' title='bbox 2476 536 2762 591; x_wconf 87' lang='lat' dir='ltr'><strong>multitudo</strong></span> <span class='ocrx_word' id='word_1_505' title='bbox 2784 541 3093 608; x_wconf 81' lang='lat' dir='ltr'><strong>angelorum</strong></span> <span class='ocrx_word' id='word_1_506' title='bbox 3125 546 3410 635; x_wconf 55' lang='lat' dir='ltr'><strong>dicebant:</strong></span> <span class='ocrx_word' id='word_1_507' title='bbox 3439 548 3564 603; x_wconf 78' lang='lat' dir='ltr'><strong>Glo-</strong></span> 
     </span>
    </p>
   </div>
   <div class='ocr_carea' id='block_1_65' title="bbox 1977 626 3555 702">
    <p class='ocr_par' dir='ltr' id='par_1_65' title="bbox 1977 626 3555 702">
     <span class='ocr_line' id='line_1_65' title="bbox 1977 626 3555 702; baseline 0.014 -24"><span class='ocrx_word' id='word_1_508' title='bbox 1977 630 2055 679; x_wconf 86' lang='lat' dir='ltr'><strong>ria</strong></span> <span class='ocrx_word' id='word_1_509' title='bbox 2086 626 2135 679; x_wconf 92' lang='lat' dir='ltr'><strong>in</strong></span> <span class='ocrx_word' id='word_1_510' title='bbox 2170 628 2403 683; x_wconf 82' lang='lat' dir='ltr'><strong>excelsis</strong></span> <span class='ocrx_word' id='word_1_511' title='bbox 2432 630 2563 697; x_wconf 89' lang='lat' dir='ltr'><strong>Deo,</strong></span> <span class='ocrx_word' id='word_1_512' title='bbox 2598 640 2654 686; x_wconf 88' lang='lat' dir='ltr'><strong>et</strong></span> <span class='ocrx_word' id='word_1_513' title='bbox 2683 636 2895 702; x_wconf 87' lang='lat' dir='ltr'><strong>quando</strong></span> <span class='ocrx_word' id='word_1_514' title='bbox 2919 636 2969 690; x_wconf 90' lang='lat' dir='ltr'><strong>ei</strong></span> <span class='ocrx_word' id='word_1_515' title='bbox 3002 637 3054 691; x_wconf 90' lang='lat' dir='ltr'><strong>in</strong></span> <span class='ocrx_word' id='word_1_516' title='bbox 3087 626 3555 700; x_wconf 50' lang='lat' dir='ltr'><strong>cremo&#39;ministra-</strong></span> 
     </span>
    </p>
   </div>
   <div class='ocr_carea' id='block_1_66' title="bbox 1975 716 3560 810">
    <p class='ocr_par' dir='ltr' id='par_1_66' title="bbox 1975 716 3560 810">
     <span class='ocr_line' id='line_1_66' title="bbox 1975 716 3560 810; baseline 0.014 -40"><span class='ocrx_word' id='word_1_517' title='bbox 1975 716 2123 770; x_wconf 82' lang='lat' dir='ltr'><strong>bant.</strong></span> <span class='ocrx_word' id='word_1_518' title='bbox 2158 716 2502 775; x_wconf 74' lang='lat' dir='ltr'><strong>Praedicatum</strong></span> <span class='ocrx_word' id='word_1_519' title='bbox 2530 734 2603 776; x_wconf 87' lang='lat' dir='ltr'><strong>est</strong></span> <span class='ocrx_word' id='word_1_520' title='bbox 2625 726 2882 795; x_wconf 82' lang='lat' dir='ltr'><strong>gentibus.</strong></span> <span class='ocrx_word' id='word_1_521' title='bbox 2905 728 3055 783; x_wconf 76' lang='lat' dir='ltr'><strong>Sicut</strong></span> <span class='ocrx_word' id='word_1_522' title='bbox 3075 733 3148 785; x_wconf 86' lang='lat' dir='ltr'><strong>ait</strong></span> <span class='ocrx_word' id='word_1_523' title='bbox 3169 733 3385 791; x_wconf 83' lang='lat' dir='ltr'><strong>Sinieou</strong></span> <span class='ocrx_word' id='word_1_524' title='bbox 3414 756 3429 791; x_wconf 85' lang='lat'><strong>:</strong></span> <span class='ocrx_word' id='word_1_525' title='bbox 3456 739 3560 810; x_wconf 64' lang='lat' dir='ltr'><strong>Lm</strong></span> 
     </span>
    </p>
   </div>
   <div class='ocr_carea' id='block_1_67' title="bbox 1974 810 3557 885">
    <p class='ocr_par' dir='ltr' id='par_1_67' title="bbox 1974 810 3557 885">
     <span class='ocr_line' id='line_1_67' title="bbox 1974 810 3557 885; baseline 0.013 -24"><span class='ocrx_word' id='word_1_526' title='bbox 1974 823 2098 862; x_wconf 87' lang='lat' dir='ltr'><strong>men</strong></span> <span class='ocrx_word' id='word_1_527' title='bbox 2117 810 2180 864; x_wconf 85' lang='lat' dir='ltr'><strong>ad</strong></span> <span class='ocrx_word' id='word_1_528' title='bbox 2205 811 2589 869; x_wconf 80' lang='lat' dir='ltr'><strong>revelationem</strong></span> <span class='ocrx_word' id='word_1_529' title='bbox 2610 820 2872 885; x_wconf 79' lang='lat' dir='ltr'><strong>gentium.</strong></span> <span class='ocrx_word' id='word_1_530' title='bbox 2910 818 3169 875; x_wconf 85' lang='lat' dir='ltr'><strong>Creditum</strong></span> <span class='ocrx_word' id='word_1_531' title='bbox 3188 837 3259 877; x_wconf 89' lang='lat' dir='ltr'><strong>est</strong></span> <span class='ocrx_word' id='word_1_532' title='bbox 3277 830 3326 879; x_wconf 89' lang='lat' dir='ltr'><strong>in</strong></span> <span class='ocrx_word' id='word_1_533' title='bbox 3346 831 3557 883; x_wconf 84' lang='lat' dir='ltr'><strong>mundo.</strong></span> 
     </span>
    </p>
   </div>
   <div class='ocr_carea' id='block_1_68' title="bbox 1973 903 3560 983">
    <p class='ocr_par' dir='ltr' id='par_1_68' title="bbox 1973 903 3560 983">
     <span class='ocr_line' id='line_1_68' title="bbox 1973 903 3560 983; baseline 0.014 -31"><span class='ocrx_word' id='word_1_534' title='bbox 1973 903 2055 953; x_wconf 84' lang='lat' dir='ltr'><strong>Ab</strong></span> <span class='ocrx_word' id='word_1_535' title='bbox 2084 910 2309 972; x_wconf 87' lang='lat' dir='ltr'><strong>utroque</strong></span> <span class='ocrx_word' id='word_1_536' title='bbox 2338 907 2557 972; x_wconf 82' lang='lat' dir='ltr'><strong>populo.</strong></span> <span class='ocrx_word' id='word_1_537' title='bbox 2591 909 2915 979; x_wconf 78' lang='lat' dir='ltr'><strong>Assumptum</strong></span> <span class='ocrx_word' id='word_1_538' title='bbox 2945 923 3018 965; x_wconf 88' lang='lat' dir='ltr'><strong>est</strong></span> <span class='ocrx_word' id='word_1_539' title='bbox 3057 916 3109 965; x_wconf 87' lang='lat' dir='ltr'><strong>in</strong></span> <span class='ocrx_word' id='word_1_540' title='bbox 3139 918 3324 983; x_wconf 85' lang='lat' dir='ltr'><strong>gloria.</strong></span> <span class='ocrx_word' id='word_1_541' title='bbox 3365 918 3560 973; x_wconf 69' lang='lat' dir='ltr'><strong>Viden-</strong></span> 
     </span>
    </p>
   </div>
   <div class='ocr_carea' id='block_1_69' title="bbox 1973 993 3175 1069">
    <p class='ocr_par' dir='ltr' id='par_1_69' title="bbox 1973 993 3175 1069">
     <span class='ocr_line' id='line_1_69' title="bbox 1973 993 3175 1069; baseline 0.012 -25"><span class='ocrx_word' id='word_1_542' title='bbox 1973 993 2109 1047; x_wconf 88' lang='lat' dir='ltr'><strong>tibns</strong></span> <span class='ocrx_word' id='word_1_543' title='bbox 2141 996 2400 1063; x_wconf 82' lang='lat' dir='ltr'><strong>apostolis</strong></span> <span class='ocrx_word' id='word_1_544' title='bbox 2432 1012 2741 1069; x_wconf 87' lang='lat' dir='ltr'><strong>assumptus</strong></span> <span class='ocrx_word' id='word_1_545' title='bbox 2770 1016 2849 1054; x_wconf 79' lang='lat' dir='ltr'><strong>eSI</strong></span> <span class='ocrx_word' id='word_1_546' title='bbox 2875 1002 2926 1056; x_wconf 91' lang='lat' dir='ltr'><strong>in</strong></span> <span class='ocrx_word' id='word_1_547' title='bbox 2956 1006 3175 1059; x_wconf 65' lang='lat' dir='ltr'><strong>caelum.</strong></span> 
     </span>
    </p>
   </div>
   <div class='ocr_carea' id='block_1_70' title="bbox 2042 1084 3559 1165">
    <p class='ocr_par' dir='ltr' id='par_1_70' title="bbox 2042 1084 3559 1165">
     <span class='ocr_line' id='line_1_70' title="bbox 2042 1084 3559 1165; baseline 0.012 -27"><span class='ocrx_word' id='word_1_548' title='bbox 2042 1084 2170 1139; x_wconf 80' lang='lat' dir='ltr'><strong>CAP.</strong></span> <span class='ocrx_word' id='word_1_549' title='bbox 2201 1103 2272 1141; x_wconf 88' lang='lat' dir='ltr'><strong>tv.</strong></span> <span class='ocrx_word' id='word_1_550' title='bbox 2299 1088 2527 1159; x_wconf 86' lang='lat' dir='ltr'><strong>Spiritus</strong></span> <span class='ocrx_word' id='word_1_551' title='bbox 2550 1105 2717 1146; x_wconf 89' lang='lat' dir='ltr'><strong>autem</strong></span> <span class='ocrx_word' id='word_1_552' title='bbox 2742 1092 2885 1161; x_wconf 82' lang='lat' dir='ltr'><strong>dicit,</strong></span> <span class='ocrx_word' id='word_1_553' title='bbox 2903 1098 3022 1165; x_wconf 84' lang='lat' dir='ltr'><strong>quia</strong></span> <span class='ocrx_word' id='word_1_554' title='bbox 3048 1101 3098 1151; x_wconf 84' lang='lat' dir='ltr'><strong>in</strong></span> <span class='ocrx_word' id='word_1_555' title='bbox 3124 1100 3409 1155; x_wconf 74' lang='lat' dir='ltr'><strong>ncuissimis</strong></span> <span class='ocrx_word' id='word_1_556' title='bbox 3431 1111 3559 1155; x_wconf 78' lang='lat' dir='ltr'><strong>tent-</strong></span> 
     </span>
    </p>
   </div>
   <div class='ocr_carea' id='block_1_71' title="bbox 1973 1179 3557 1259">
    <p class='ocr_par' dir='ltr' id='par_1_71' title="bbox 1973 1179 3557 1259">
     <span class='ocr_line' id='line_1_71' title="bbox 1973 1179 3557 1259; baseline 0.012 -29"><span class='ocrx_word' id='word_1_557' title='bbox 1973 1179 2182 1247; x_wconf 74' lang='lat' dir='ltr'><strong>p0aibus</strong></span> <span class='ocrx_word' id='word_1_558' title='bbox 2213 1182 2468 1235; x_wconf 54' lang='lat' dir='ltr'><strong>discedent</strong></span> <span class='ocrx_word' id='word_1_559' title='bbox 2498 1185 2707 1253; x_wconf 87' lang='lat' dir='ltr'><strong>quidant</strong></span> <span class='ocrx_word' id='word_1_560' title='bbox 2734 1203 2764 1238; x_wconf 79' lang='grc' dir='ltr'><em>α</em></span> <span class='ocrx_word' id='word_1_561' title='bbox 2791 1188 2911 1254; x_wconf 89' lang='lat' dir='ltr'><strong>ﬁde,</strong></span> <span class='ocrx_word' id='word_1_562' title='bbox 2942 1194 3251 1247; x_wconf 85' lang='lat' dir='ltr'><strong>attendentes</strong></span> <span class='ocrx_word' id='word_1_563' title='bbox 3292 1197 3557 1259; x_wconf 84' lang='lat' dir='ltr'><strong>spiritibus</strong></span> 
     </span>
    </p>
   </div>
   <div class='ocr_carea' id='block_1_72' title="bbox 1969 1272 3557 1354">
    <p class='ocr_par' dir='ltr' id='par_1_72' title="bbox 1969 1272 3557 1354">
     <span class='ocr_line' id='line_1_72' title="bbox 1969 1272 3557 1354; baseline 0.013 -33"><span class='ocrx_word' id='word_1_564' title='bbox 1969 1274 2178 1324; x_wconf 67' lang='lat' dir='ltr'><strong>erroris.</strong></span> <span class='ocrx_word' id='word_1_565' title='bbox 2215 1272 2339 1326; x_wconf 76' lang='lat' dir='ltr'><strong>lin-c</strong></span> <span class='ocrx_word' id='word_1_566' title='bbox 2386 1274 2515 1328; x_wconf 86' lang='lat' dir='ltr'><strong>dicit</strong></span> <span class='ocrx_word' id='word_1_567' title='bbox 2542 1277 2770 1343; x_wconf 88' lang='lat' dir='ltr'><strong>Spiritus</strong></span> <span class='ocrx_word' id='word_1_568' title='bbox 2817 1292 3054 1349; x_wconf 81' lang='lat' dir='ltr'><strong>sanctus,</strong></span> <span class='ocrx_word' id='word_1_569' title='bbox 3087 1298 3237 1336; x_wconf 83' lang='lat' dir='ltr'><strong>more</strong></span> <span class='ocrx_word' id='word_1_570' title='bbox 3269 1288 3557 1354; x_wconf 78' lang='lat' dir='ltr'><strong>propheta-</strong></span> 
     </span>
    </p>
   </div>
   <div class='ocr_carea' id='block_1_73' title="bbox 1968 1362 3554 1432">
    <p class='ocr_par' dir='ltr' id='par_1_73' title="bbox 1968 1362 3554 1432">
     <span class='ocr_line' id='line_1_73' title="bbox 1968 1362 3554 1432; baseline 0.013 -20"><span class='ocrx_word' id='word_1_571' title='bbox 1968 1376 2108 1415; x_wconf 89' lang='lat' dir='ltr'><strong>rum.</strong></span> <span class='ocrx_word' id='word_1_572' title='bbox 2141 1362 2206 1415; x_wconf 83' lang='lat' dir='ltr'><strong>Et</strong></span> <span class='ocrx_word' id='word_1_573' title='bbox 2236 1364 2480 1418; x_wconf 81' lang='lat' dir='ltr'><strong>doctrinis</strong></span> <span class='ocrx_word' id='word_1_574' title='bbox 2526 1367 2917 1423; x_wconf 67' lang='lat' dir='ltr'><strong>daemoniorum.</strong></span> <span class='ocrx_word' id='word_1_575' title='bbox 2950 1374 3135 1427; x_wconf 85' lang='lat' dir='ltr'><strong>Omnis</strong></span> <span class='ocrx_word' id='word_1_576' title='bbox 3177 1374 3425 1431; x_wconf 68' lang='lat' dir='ltr'><strong>haeretica</strong></span> <span class='ocrx_word' id='word_1_577' title='bbox 3453 1380 3554 1432; x_wconf 86' lang='lat' dir='ltr'><strong>do-</strong></span> 
     </span>
    </p>
   </div>
   <div class='ocr_carea' id='block_1_74' title="bbox 1970 1455 3556 1537">
    <p class='ocr_par' dir='ltr' id='par_1_74' title="bbox 1970 1455 3556 1537">
     <span class='ocr_line' id='line_1_74' title="bbox 1970 1455 3556 1537; baseline 0.013 -33"><span class='ocrx_word' id='word_1_578' title='bbox 1970 1455 2138 1507; x_wconf 83' lang='lat' dir='ltr'><strong>etrina</strong></span> <span class='ocrx_word' id='word_1_579' title='bbox 2168 1455 2557 1510; x_wconf 71' lang='lat' dir='ltr'><strong>daemoniorum</strong></span> <span class='ocrx_word' id='word_1_580' title='bbox 2606 1468 2723 1514; x_wconf 90' lang='lat' dir='ltr'><strong>arte</strong></span> <span class='ocrx_word' id='word_1_581' title='bbox 2747 1464 3038 1528; x_wconf 72' lang='lat' dir='ltr'><strong>composita</strong></span> <span class='ocrx_word' id='word_1_582' title='bbox 3069 1475 3169 1520; x_wconf 84' lang='lat' dir='ltr'><strong>est.</strong></span> <span class='ocrx_word' id='word_1_583' title='bbox 3200 1465 3265 1519; x_wconf 90' lang='lat' dir='ltr'><strong>In</strong></span> <span class='ocrx_word' id='word_1_584' title='bbox 3295 1469 3556 1537; x_wconf 73' lang='lat' dir='ltr'><strong>hypocrisi</strong></span> 
     </span>
    </p>
   </div>
   <div class='ocr_carea' id='block_1_75' title="bbox 1970 1544 3556 1613">
    <p class='ocr_par' dir='ltr' id='par_1_75' title="bbox 1970 1544 3556 1613">
     <span class='ocr_line' id='line_1_75' title="bbox 1970 1544 3556 1613; baseline 0.009 -16"><span class='ocrx_word' id='word_1_585' title='bbox 1970 1544 2284 1613; x_wconf 84' lang='lat' dir='ltr'><strong>loquentium</strong></span> <span class='ocrx_word' id='word_1_586' title='bbox 2304 1549 2644 1613; x_wconf 83' lang='lat' dir='ltr'><strong>mendacium,</strong></span> <span class='ocrx_word' id='word_1_587' title='bbox 2668 1560 2713 1602; x_wconf 87' lang='lat' dir='ltr'><strong>et</strong></span> <span class='ocrx_word' id='word_1_588' title='bbox 2733 1554 3065 1607; x_wconf 86' lang='lat' dir='ltr'><strong>cauteriotam</strong></span> <span class='ocrx_word' id='word_1_589' title='bbox 3094 1554 3386 1611; x_wconf 80' lang='lat' dir='ltr'><strong>habentium</strong></span> <span class='ocrx_word' id='word_1_590' title='bbox 3407 1576 3556 1612; x_wconf 87' lang='lat' dir='ltr'><strong>suam</strong></span> 
     </span>
    </p>
   </div>
   <div class='ocr_carea' id='block_1_76' title="bbox 1968 1632 3553 1715">
    <p class='ocr_par' dir='ltr' id='par_1_76' title="bbox 1968 1632 3553 1715">
     <span class='ocr_line' id='line_1_76' title="bbox 1968 1632 3553 1715; baseline 0.012 -29"><span class='ocrx_word' id='word_1_591' title='bbox 1968 1638 2348 1691; x_wconf 83' lang='lat' dir='ltr'><strong>conscientiam.</strong></span> <span class='ocrx_word' id='word_1_592' title='bbox 2387 1643 2438 1692; x_wconf 91' lang='lat' dir='ltr'><strong>lu</strong></span> <span class='ocrx_word' id='word_1_593' title='bbox 2472 1641 2739 1709; x_wconf 79' lang='lat' dir='ltr'><strong>hypocrisi</strong></span> <span class='ocrx_word' id='word_1_594' title='bbox 2780 1644 3087 1712; x_wconf 89' lang='lat' dir='ltr'><strong>loquuntur,</strong></span> <span class='ocrx_word' id='word_1_595' title='bbox 3119 1632 3354 1715; x_wconf 56' lang='lat' dir='ltr'><strong>qui/cum</strong></span> <span class='ocrx_word' id='word_1_596' title='bbox 3387 1650 3553 1704; x_wconf 83' lang='lat' dir='ltr'><strong>forni-</strong></span> 
     </span>
    </p>
   </div>
   <div class='ocr_carea' id='block_1_77' title="bbox 1968 1728 3547 1803">
    <p class='ocr_par' dir='ltr' id='par_1_77' title="bbox 1968 1728 3547 1803">
     <span class='ocr_line' id='line_1_77' title="bbox 1968 1728 3547 1803; baseline 0.011 -27"><span class='ocrx_word' id='word_1_597' title='bbox 1968 1728 2078 1779; x_wconf 84' lang='lat' dir='ltr'><strong>cari</strong></span> <span class='ocrx_word' id='word_1_598' title='bbox 2131 1743 2239 1780; x_wconf 64' lang='lat' dir='ltr'><strong>non</strong></span> <span class='ocrx_word' id='word_1_599' title='bbox 2268 1728 2522 1798; x_wconf 88' lang='lat' dir='ltr'><strong>timeant,</strong></span> <span class='ocrx_word' id='word_1_600' title='bbox 2554 1741 2656 1784; x_wconf 86' lang='lat' dir='ltr'><strong>tam</strong></span> <span class='ocrx_word' id='word_1_601' title='bbox 2689 1736 2821 1787; x_wconf 87' lang='lat' dir='ltr'><strong>casti</strong></span> <span class='ocrx_word' id='word_1_602' title='bbox 2856 1736 3043 1789; x_wconf 84' lang='lat' dir='ltr'><strong>volunt</strong></span> <span class='ocrx_word' id='word_1_603' title='bbox 3073 1737 3274 1803; x_wconf 88' lang='lat' dir='ltr'><strong>videri,</strong></span> <span class='ocrx_word' id='word_1_604' title='bbox 3300 1747 3362 1792; x_wconf 90' lang='lat' dir='ltr'><strong>ut</strong></span> <span class='ocrx_word' id='word_1_605' title='bbox 3388 1741 3547 1793; x_wconf 90' lang='lat' dir='ltr'><strong>etiam</strong></span> 
     </span>
    </p>
   </div>
   <div class='ocr_carea' id='block_1_78' title="bbox 1897 1808 3549 1893">
    <p class='ocr_par' dir='ltr' id='par_1_78' title="bbox 1897 1808 3549 1893">
     <span class='ocr_line' id='line_1_78' title="bbox 1897 1808 3549 1893; baseline 0.011 -25"><span class='ocrx_word' id='word_1_606' title='bbox 1897 1808 1939 1865; x_wconf 87' lang='grc' dir='ltr'><strong>Β</strong></span> <span class='ocrx_word' id='word_1_607' title='bbox 1969 1820 2178 1886; x_wconf 86' lang='lat' dir='ltr'><strong>nuptias</strong></span> <span class='ocrx_word' id='word_1_608' title='bbox 2207 1812 2497 1887; x_wconf 62' lang='lat' dir='ltr'><strong>damnent,</strong></span> <span class='ocrx_word' id='word_1_609' title='bbox 2527 1833 2579 1876; x_wconf 86' lang='lat' dir='ltr'><strong>et</strong></span> <span class='ocrx_word' id='word_1_610' title='bbox 2611 1832 2716 1879; x_wconf 89' lang='lat' dir='ltr'><strong>tam</strong></span> <span class='ocrx_word' id='word_1_611' title='bbox 2762 1826 3115 1893; x_wconf 85' lang='lat' dir='ltr'><strong>abstinentes,</strong></span> <span class='ocrx_word' id='word_1_612' title='bbox 3151 1839 3207 1883; x_wconf 91' lang='lat' dir='ltr'><strong>ut</strong></span> <span class='ocrx_word' id='word_1_613' title='bbox 3248 1839 3549 1887; x_wconf 80' lang='lat' dir='ltr'><strong>creaturam</strong></span> 
     </span>
    </p>
   </div>
   <div class='ocr_carea' id='block_1_79' title="bbox 1968 1912 3556 1989">
    <p class='ocr_par' dir='ltr' id='par_1_79' title="bbox 1968 1912 3556 1989">
     <span class='ocr_line' id='line_1_79' title="bbox 1968 1912 3556 1989; baseline 0.009 -24"><span class='ocrx_word' id='word_1_614' title='bbox 1968 1912 2060 1966; x_wconf 88' lang='lat' dir='ltr'><strong>Dei</strong></span> <span class='ocrx_word' id='word_1_615' title='bbox 2092 1928 2249 1980; x_wconf 86' lang='lat' dir='ltr'><strong>parce</strong></span> <span class='ocrx_word' id='word_1_616' title='bbox 2275 1915 2684 1970; x_wconf 78' lang='lat' dir='ltr'><strong>manducantem</strong></span> <span class='ocrx_word' id='word_1_617' title='bbox 2711 1917 2973 1986; x_wconf 86' lang='lat' dir='ltr'><strong>judicent,</strong></span> <span class='ocrx_word' id='word_1_618' title='bbox 3003 1935 3121 1974; x_wconf 87' lang='lat' dir='ltr'><strong>cum</strong></span> <span class='ocrx_word' id='word_1_619' title='bbox 3155 1922 3253 1989; x_wconf 90' lang='lat' dir='ltr'><strong>ipsi</strong></span> <span class='ocrx_word' id='word_1_620' title='bbox 3278 1933 3556 1979; x_wconf 84' lang='lat' dir='ltr'><strong>comessa-</strong></span> 
     </span>
    </p>
   </div>
   <div class='ocr_carea' id='block_1_80' title="bbox 1966 2002 3554 2069">
    <p class='ocr_par' dir='ltr' id='par_1_80' title="bbox 1966 2002 3554 2069">
     <span class='ocr_line' id='line_1_80' title="bbox 1966 2002 3554 2069; baseline 0.009 -15"><span class='ocrx_word' id='word_1_621' title='bbox 1966 2002 2202 2057; x_wconf 82' lang='lat' dir='ltr'><strong>tiouibus</strong></span> <span class='ocrx_word' id='word_1_622' title='bbox 2232 2011 2438 2059; x_wconf 86' lang='lat' dir='ltr'><strong>vacent.</strong></span> <span class='ocrx_word' id='word_1_623' title='bbox 2475 2003 2671 2061; x_wconf 88' lang='lat' dir='ltr'><strong>Paulus</strong></span> <span class='ocrx_word' id='word_1_624' title='bbox 2716 2023 2843 2063; x_wconf 86' lang='lat' dir='ltr'><strong>vero</strong></span> <span class='ocrx_word' id='word_1_625' title='bbox 2878 2012 2952 2064; x_wconf 87' lang='lat' dir='ltr'><strong>ita</strong></span> <span class='ocrx_word' id='word_1_626' title='bbox 2980 2013 3283 2067; x_wconf 84' lang='lat' dir='ltr'><strong>castitatem</strong></span> <span class='ocrx_word' id='word_1_627' title='bbox 3312 2022 3370 2068; x_wconf 89' lang='lat' dir='ltr'><strong>et.</strong></span> <span class='ocrx_word' id='word_1_628' title='bbox 3389 2015 3554 2069; x_wconf 86' lang='lat' dir='ltr'><strong>absti-</strong></span> 
     </span>
    </p>
   </div>
   <div class='ocr_carea' id='block_1_81' title="bbox 1966 2095 3550 2171">
    <p class='ocr_par' dir='ltr' id='par_1_81' title="bbox 1966 2095 3550 2171">
     <span class='ocr_line' id='line_1_81' title="bbox 1966 2095 3550 2171; baseline 0.008 -25"><span class='ocrx_word' id='word_1_629' title='bbox 1966 2095 2201 2148; x_wconf 89' lang='lat' dir='ltr'><strong>nentiam</strong></span> <span class='ocrx_word' id='word_1_630' title='bbox 2234 2098 2528 2167; x_wconf 75' lang='lat' dir='ltr'><strong>prtedicat,</strong></span> <span class='ocrx_word' id='word_1_631' title='bbox 2558 2106 2618 2153; x_wconf 92' lang='lat' dir='ltr'><strong>ut</strong></span> <span class='ocrx_word' id='word_1_632' title='bbox 2650 2114 2750 2154; x_wconf 86' lang='lat' dir='ltr'><strong>nec</strong></span> <span class='ocrx_word' id='word_1_633' title='bbox 2792 2107 3069 2171; x_wconf 87' lang='lat' dir='ltr'><strong>naturam,</strong></span> <span class='ocrx_word' id='word_1_634' title='bbox 3112 2100 3213 2159; x_wconf 85' lang='lat' dir='ltr'><strong>nec</strong></span> <span class='ocrx_word' id='word_1_635' title='bbox 3251 2114 3550 2159; x_wconf 81' lang='lat' dir='ltr'><strong>creaturam</strong></span> 
     </span>
    </p>
   </div>
   <div class='ocr_carea' id='block_1_82' title="bbox 1964 2186 3554 2259">
    <p class='ocr_par' dir='ltr' id='par_1_82' title="bbox 1964 2186 3554 2259">
     <span class='ocr_line' id='line_1_82' title="bbox 1964 2186 3554 2259; baseline 0.008 -19"><span class='ocrx_word' id='word_1_636' title='bbox 1964 2186 2210 2242; x_wconf 83' lang='lat' dir='ltr'><strong>damnet:</strong></span> <span class='ocrx_word' id='word_1_637' title='bbox 2250 2191 2315 2243; x_wconf 89' lang='lat' dir='ltr'><strong>ad</strong></span> <span class='ocrx_word' id='word_1_638' title='bbox 2349 2191 2475 2244; x_wconf 90' lang='lat' dir='ltr'><strong>illud</strong></span> <span class='ocrx_word' id='word_1_639' title='bbox 2509 2191 2752 2246; x_wconf 90' lang='lat' dir='ltr'><strong>hortatur</strong></span> <span class='ocrx_word' id='word_1_640' title='bbox 2795 2194 3077 2259; x_wconf 81' lang='lat' dir='ltr'><strong>fortiores,</strong></span> <span class='ocrx_word' id='word_1_641' title='bbox 3117 2197 3260 2251; x_wconf 91' lang='lat' dir='ltr'><strong>istud</strong></span> <span class='ocrx_word' id='word_1_642' title='bbox 3306 2200 3554 2253; x_wconf 79' lang='lat' dir='ltr'><strong>concedit</strong></span> 
     </span>
    </p>
   </div>
   <div class='ocr_carea' id='block_1_83' title="bbox 1964 2279 3555 2343">
    <p class='ocr_par' dir='ltr' id='par_1_83' title="bbox 1964 2279 3555 2343">
     <span class='ocr_line' id='line_1_83' title="bbox 1964 2279 3555 2343; baseline 0.008 -13"><span class='ocrx_word' id='word_1_643' title='bbox 1964 2279 2206 2332; x_wconf 82' lang='lat' dir='ltr'><strong>intirinis.</strong></span> <span class='ocrx_word' id='word_1_644' title='bbox 2240 2281 2317 2334; x_wconf 91' lang='lat' dir='ltr'><strong>lli</strong></span> <span class='ocrx_word' id='word_1_645' title='bbox 2364 2283 2504 2335; x_wconf 90' lang='lat' dir='ltr'><strong>enim</strong></span> <span class='ocrx_word' id='word_1_646' title='bbox 2547 2284 2647 2337; x_wconf 89' lang='lat' dir='ltr'><strong>hoc</strong></span> <span class='ocrx_word' id='word_1_647' title='bbox 2678 2299 2782 2337; x_wconf 72' lang='lat' dir='ltr'><strong>non</strong></span> <span class='ocrx_word' id='word_1_648' title='bbox 2815 2300 2999 2339; x_wconf 84' lang='lat' dir='ltr'><strong>amore</strong></span> <span class='ocrx_word' id='word_1_649' title='bbox 3028 2286 3288 2341; x_wconf 81' lang='lat' dir='ltr'><strong>casntatis</strong></span> <span class='ocrx_word' id='word_1_650' title='bbox 3326 2297 3377 2342; x_wconf 89' lang='lat' dir='ltr'><strong>et</strong></span> <span class='ocrx_word' id='word_1_651' title='bbox 3416 2292 3555 2343; x_wconf 87' lang='lat' dir='ltr'><strong>abs-</strong></span> 
     </span>
    </p>
   </div>
   <div class='ocr_carea' id='block_1_84' title="bbox 1963 2372 3541 2444">
    <p class='ocr_par' dir='ltr' id='par_1_84' title="bbox 1963 2372 3541 2444">
     <span class='ocr_line' id='line_1_84' title="bbox 1963 2372 3541 2444; baseline 0.008 -22"><span class='ocrx_word' id='word_1_652' title='bbox 1963 2372 2197 2425; x_wconf 77' lang='lat' dir='ltr'><strong>tinentia:</strong></span> <span class='ocrx_word' id='word_1_653' title='bbox 2218 2413 2234 2438; x_wconf 90' lang='lat'><strong>,</strong></span> <span class='ocrx_word' id='word_1_654' title='bbox 2274 2374 2367 2427; x_wconf 88' lang='lat' dir='ltr'><strong>sed</strong></span> <span class='ocrx_word' id='word_1_655' title='bbox 2402 2373 2467 2426; x_wconf 89' lang='lat' dir='ltr'><strong>ad</strong></span> <span class='ocrx_word' id='word_1_656' title='bbox 2504 2374 2922 2428; x_wconf 88' lang='lat' dir='ltr'><strong>obumbrandam</strong></span> <span class='ocrx_word' id='word_1_657' title='bbox 2967 2376 3085 2443; x_wconf 80' lang='lat' dir='ltr'><strong>ejus</strong></span> <span class='ocrx_word' id='word_1_658' title='bbox 3113 2377 3541 2444; x_wconf 59' lang='lat' dir='ltr'><strong>pradicationem</strong></span> 
     </span>
    </p>
   </div>
   <div class='ocr_carea' id='block_1_85' title="bbox 1962 2462 3546 2536">
    <p class='ocr_par' dir='ltr' id='par_1_85' title="bbox 1962 2462 3546 2536">
     <span class='ocr_line' id='line_1_85' title="bbox 1962 2462 3546 2536; baseline 0.006 -21"><span class='ocrx_word' id='word_1_659' title='bbox 1962 2462 2263 2529; x_wconf 80' lang='lat' dir='ltr'><strong>faciebant,</strong></span> <span class='ocrx_word' id='word_1_660' title='bbox 2312 2463 2568 2531; x_wconf 81' lang='lat' dir='ltr'><strong>justiores</strong></span> <span class='ocrx_word' id='word_1_661' title='bbox 2608 2476 2661 2519; x_wconf 88' lang='lat' dir='ltr'><strong>ct</strong></span> <span class='ocrx_word' id='word_1_662' title='bbox 2710 2467 3005 2520; x_wconf 76' lang='lat' dir='ltr'><strong>sanctiores</strong></span> <span class='ocrx_word' id='word_1_663' title='bbox 3059 2468 3222 2522; x_wconf 84' lang='lat' dir='ltr'><strong>videri</strong></span> <span class='ocrx_word' id='word_1_664' title='bbox 3265 2468 3546 2536; x_wconf 82' lang='lat' dir='ltr'><strong>volentes,</strong></span> 
     </span>
    </p>
   </div>
   <div class='ocr_carea' id='block_1_86' title="bbox 1961 2552 3552 2625">
    <p class='ocr_par' dir='ltr' id='par_1_86' title="bbox 1961 2552 3552 2625">
     <span class='ocr_line' id='line_1_86' title="bbox 1961 2552 3552 2625; baseline 0.008 -24"><span class='ocrx_word' id='word_1_665' title='bbox 1961 2568 2118 2619; x_wconf 85' lang='lat' dir='ltr'><strong>quam</strong></span> <span class='ocrx_word' id='word_1_666' title='bbox 2149 2552 2240 2606; x_wconf 90' lang='lat' dir='ltr'><strong>ille</strong></span> <span class='ocrx_word' id='word_1_667' title='bbox 2280 2554 2368 2622; x_wconf 91' lang='lat' dir='ltr'><strong>qui</strong></span> <span class='ocrx_word' id='word_1_668' title='bbox 2403 2564 2621 2621; x_wconf 86' lang='lat' dir='ltr'><strong>propter</strong></span> <span class='ocrx_word' id='word_1_669' title='bbox 2675 2554 2808 2607; x_wconf 71' lang='lat' dir='ltr'><strong>lilios</strong></span> <span class='ocrx_word' id='word_1_670' title='bbox 2837 2554 3007 2609; x_wconf 82' lang='lat' dir='ltr'><strong>licitas</strong></span> <span class='ocrx_word' id='word_1_671' title='bbox 3048 2560 3263 2625; x_wconf 89' lang='lat' dir='ltr'><strong>nuptias</strong></span> <span class='ocrx_word' id='word_1_672' title='bbox 3289 2559 3552 2613; x_wconf 82' lang='lat' dir='ltr'><strong>concede-</strong></span> 
     </span>
    </p>
   </div>
   <div class='ocr_carea' id='block_1_87' title="bbox 1963 2644 3548 2718">
    <p class='ocr_par' dir='ltr' id='par_1_87' title="bbox 1963 2644 3548 2718">
     <span class='ocr_line' id='line_1_87' title="bbox 1963 2644 3548 2718; baseline 0.006 -22"><span class='ocrx_word' id='word_1_673' title='bbox 1963 2644 2087 2708; x_wconf 66' lang='lat' dir='ltr'><strong>lzat,</strong></span> <span class='ocrx_word' id='word_1_674' title='bbox 2131 2660 2197 2698; x_wconf 91' lang='lat' dir='ltr'><strong>ue</strong></span> <span class='ocrx_word' id='word_1_675' title='bbox 2236 2646 2599 2699; x_wconf 76' lang='lat' dir='ltr'><strong>fornicationis</strong></span> <span class='ocrx_word' id='word_1_676' title='bbox 2647 2647 2849 2700; x_wconf 83' lang='lat' dir='ltr'><strong>crimen</strong></span> <span class='ocrx_word' id='word_1_677' title='bbox 2881 2647 3236 2701; x_wconf 88' lang='lat' dir='ltr'><strong>incurrerent.</strong></span> <span class='ocrx_word' id='word_1_678' title='bbox 3261 2648 3337 2703; x_wconf 87' lang='lat' dir='ltr'><strong>Illi</strong></span> <span class='ocrx_word' id='word_1_679' title='bbox 3387 2665 3548 2718; x_wconf 88' lang='lat' dir='ltr'><strong>porro</strong></span> 
     </span>
    </p>
   </div>
   <div class='ocr_carea' id='block_1_88' title="bbox 1962 2735 3549 2807">
    <p class='ocr_par' dir='ltr' id='par_1_88' title="bbox 1962 2735 3549 2807">
     <span class='ocr_line' id='line_1_88' title="bbox 1962 2735 3549 2807; baseline 0.003 -18"><span class='ocrx_word' id='word_1_680' title='bbox 1962 2735 2256 2790; x_wconf 85' lang='lat' dir='ltr'><strong>castitatem</strong></span> <span class='ocrx_word' id='word_1_681' title='bbox 2288 2738 2567 2807; x_wconf 79' lang='lat' dir='ltr'><strong>tingentes,</strong></span> <span class='ocrx_word' id='word_1_682' title='bbox 2596 2744 2783 2791; x_wconf 89' lang='lat' dir='ltr'><strong>contra</strong></span> <span class='ocrx_word' id='word_1_683' title='bbox 2811 2751 2927 2791; x_wconf 80' lang='lat' dir='ltr'><strong>eam</strong></span> <span class='ocrx_word' id='word_1_684' title='bbox 2954 2736 3238 2793; x_wconf 79' lang='lat' dir='ltr'><strong>iaciebant.</strong></span> <span class='ocrx_word' id='word_1_685' title='bbox 3265 2738 3549 2794; x_wconf 79' lang='lat' dir='ltr'><strong>Prohiben-</strong></span> 
     </span>
    </p>
   </div>
   <div class='ocr_carea' id='block_1_89' title="bbox 1961 2828 3549 2898">
    <p class='ocr_par' dir='ltr' id='par_1_89' title="bbox 1961 2828 3549 2898">
     <span class='ocr_line' id='line_1_89' title="bbox 1961 2828 3549 2898; baseline 0.004 -19"><span class='ocrx_word' id='word_1_686' title='bbox 1961 2829 2088 2880; x_wconf 88' lang='lat' dir='ltr'><strong>tium</strong></span> <span class='ocrx_word' id='word_1_687' title='bbox 2124 2828 2314 2881; x_wconf 87' lang='lat' dir='ltr'><strong>nubere</strong></span> <span class='ocrx_word' id='word_1_688' title='bbox 2339 2843 2357 2881; x_wconf 93' lang='lat'><em>:</em></span> <span class='ocrx_word' id='word_1_689' title='bbox 2381 2828 2636 2882; x_wconf 87' lang='lat' dir='ltr'><strong>abstinere</strong></span> <span class='ocrx_word' id='word_1_690' title='bbox 2665 2845 2696 2881; x_wconf 88' lang='lat' dir='ltr'><strong>a</strong></span> <span class='ocrx_word' id='word_1_691' title='bbox 2724 2829 2851 2882; x_wconf 86' lang='lat' dir='ltr'><strong>cibis</strong></span> <span class='ocrx_word' id='word_1_692' title='bbox 2871 2873 2885 2898; x_wconf 89' lang='lat'><strong>,</strong></span> <span class='ocrx_word' id='word_1_693' title='bbox 2914 2846 3043 2898; x_wconf 88' lang='lat' dir='ltr'><strong>quos</strong></span> <span class='ocrx_word' id='word_1_694' title='bbox 3080 2828 3217 2883; x_wconf 87' lang='lat' dir='ltr'><strong>Deus</strong></span> <span class='ocrx_word' id='word_1_695' title='bbox 3260 2834 3445 2885; x_wconf 80' lang='lat' dir='ltr'><strong>crearit</strong></span> <span class='ocrx_word' id='word_1_696' title='bbox 3479 2832 3549 2885; x_wconf 86' lang='lat' dir='ltr'><strong>od</strong></span> 
     </span>
    </p>
   </div>
   <div class='ocr_carea' id='block_1_90' title="bbox 1959 2921 3550 3003">
    <p class='ocr_par' dir='ltr' id='par_1_90' title="bbox 1959 2921 3550 3003">
     <span class='ocr_line' id='line_1_90' title="bbox 1959 2921 3550 3003; baseline 0.001 -29"><span class='ocrx_word' id='word_1_697' title='bbox 1959 2921 2343 2992; x_wconf 84' lang='lat' dir='ltr'><strong>percipiendum</strong></span> <span class='ocrx_word' id='word_1_698' title='bbox 2380 2937 2495 2975; x_wconf 88' lang='lat' dir='ltr'><strong>cum</strong></span> <span class='ocrx_word' id='word_1_699' title='bbox 2519 2922 2806 2990; x_wconf 84' lang='lat' dir='ltr'><strong>gratiarum</strong></span> <span class='ocrx_word' id='word_1_700' title='bbox 2841 2922 3041 2976; x_wconf 86' lang='lat' dir='ltr'><strong>actione</strong></span> <span class='ocrx_word' id='word_1_701' title='bbox 3077 2922 3344 2990; x_wconf 79' lang='lat' dir='ltr'><strong>ﬁdelibus,</strong></span> <span class='ocrx_word' id='word_1_702' title='bbox 3380 2932 3427 3003; x_wconf 81' lang='lat' dir='ltr'><strong>et</strong></span> <span class='ocrx_word' id='word_1_703' title='bbox 3469 2924 3550 2977; x_wconf 86' lang='lat' dir='ltr'><strong>his</strong></span> 
     </span>
    </p>
   </div>
   <div class='ocr_carea' id='block_1_91' title="bbox 1959 3012 3546 3084">
    <p class='ocr_par' dir='ltr' id='par_1_91' title="bbox 1959 3012 3546 3084">
     <span class='ocr_line' id='line_1_91' title="bbox 1959 3012 3546 3084; baseline 0.001 -19"><span class='ocrx_word' id='word_1_704' title='bbox 1959 3013 2045 3081; x_wconf 90' lang='lat' dir='ltr'><strong>qui</strong></span> <span class='ocrx_word' id='word_1_705' title='bbox 2086 3022 2428 3084; x_wconf 83' lang='lat' dir='ltr'><strong>cognoverunt</strong></span> <span class='ocrx_word' id='word_1_706' title='bbox 2469 3012 2729 3066; x_wconf 81' lang='lat' dir='ltr'><strong>veritatem</strong></span> <span class='ocrx_word' id='word_1_707' title='bbox 2762 3029 2780 3067; x_wconf 91' lang='lat'><strong><em>:</em></strong></span> <span class='ocrx_word' id='word_1_708' title='bbox 2816 3014 2936 3080; x_wconf 88' lang='lat' dir='ltr'><strong>quia</strong></span> <span class='ocrx_word' id='word_1_709' title='bbox 2979 3012 3415 3067; x_wconf 34' lang='lat' dir='ltr'><strong>omnis&#39;creatura</strong></span> <span class='ocrx_word' id='word_1_710' title='bbox 3451 3012 3546 3068; x_wconf 85' lang='lat' dir='ltr'><strong>Dei</strong></span> 
     </span>
    </p>
   </div>
   <div class='ocr_carea' id='block_1_92' title="bbox 1961 3105 3549 3177">
    <p class='ocr_par' dir='ltr' id='par_1_92' title="bbox 1961 3105 3549 3177">
     <span class='ocr_line' id='line_1_92' title="bbox 1961 3105 3549 3177; baseline 0 -18"><span class='ocrx_word' id='word_1_711' title='bbox 1961 3107 2093 3159; x_wconf 89' lang='lat' dir='ltr'><strong>bona</strong></span> <span class='ocrx_word' id='word_1_712' title='bbox 2134 3115 2234 3171; x_wconf 87' lang='lat' dir='ltr'><strong>est,</strong></span> <span class='ocrx_word' id='word_1_713' title='bbox 2280 3114 2326 3160; x_wconf 85' lang='lat' dir='ltr'><strong>et</strong></span> <span class='ocrx_word' id='word_1_714' title='bbox 2368 3105 2499 3158; x_wconf 83' lang='lat' dir='ltr'><strong>nihil</strong></span> <span class='ocrx_word' id='word_1_715' title='bbox 2541 3106 2875 3174; x_wconf 86' lang='lat' dir='ltr'><strong>rejiciendum</strong></span> <span class='ocrx_word' id='word_1_716' title='bbox 2919 3106 3055 3174; x_wconf 85' lang='lat' dir='ltr'><strong>quod</strong></span> <span class='ocrx_word' id='word_1_717' title='bbox 3099 3120 3216 3159; x_wconf 85' lang='lat' dir='ltr'><strong>cum</strong></span> <span class='ocrx_word' id='word_1_718' title='bbox 3255 3106 3549 3177; x_wconf 86' lang='lat' dir='ltr'><strong>gratiarum</strong></span> 
     </span>
    </p>
   </div>
   <div class='ocr_carea' id='block_1_93' title="bbox 1881 3168 3548 3268">
    <p class='ocr_par' dir='ltr' id='par_1_93' title="bbox 1881 3168 3548 3268">
     <span class='ocr_line' id='line_1_93' title="bbox 1881 3168 3548 3268; baseline 0 -17"><span class='ocrx_word' id='word_1_719' title='bbox 1881 3168 1927 3230; x_wconf 71' lang='grc' dir='ltr'>ο</span> <span class='ocrx_word' id='word_1_720' title='bbox 1959 3210 2161 3252; x_wconf 83' lang='lat' dir='ltr'><strong>actione</strong></span> <span class='ocrx_word' id='word_1_721' title='bbox 2200 3168 2497 3268; x_wconf 75' lang='lat' dir='ltr'><strong>percipitur.</strong></span> <span class='ocrx_word' id='word_1_722' title='bbox 2530 3198 2900 3266; x_wconf 85' lang='lat' dir='ltr'><strong>Sanctiﬁcatur</strong></span> <span class='ocrx_word' id='word_1_723' title='bbox 2925 3200 3059 3253; x_wconf 86' lang='lat' dir='ltr'><strong>enim</strong></span> <span class='ocrx_word' id='word_1_724' title='bbox 3086 3214 3175 3267; x_wconf 86' lang='lat' dir='ltr'><strong>per</strong></span> <span class='ocrx_word' id='word_1_725' title='bbox 3212 3198 3414 3251; x_wconf 84' lang='lat' dir='ltr'><strong>verbum</strong></span> <span class='ocrx_word' id='word_1_726' title='bbox 3449 3196 3548 3251; x_wconf 73' lang='lat' dir='ltr'><strong>Dei</strong></span> 
     </span>
    </p>
   </div>
   <div class='ocr_carea' id='block_1_94' title="bbox 1958 3287 3545 3359">
    <p class='ocr_par' dir='ltr' id='par_1_94' title="bbox 1958 3287 3545 3359">
     <span class='ocr_line' id='line_1_94' title="bbox 1958 3287 3545 3359; baseline 0 -16"><span class='ocrx_word' id='word_1_727' title='bbox 1958 3299 2006 3343; x_wconf 89' lang='lat' dir='ltr'><strong>et</strong></span> <span class='ocrx_word' id='word_1_728' title='bbox 2037 3290 2345 3344; x_wconf 87' lang='lat' dir='ltr'><strong>orationem.</strong></span> <span class='ocrx_word' id='word_1_729' title='bbox 2377 3291 2432 3344; x_wconf 89' lang='lat' dir='ltr'><strong>Si</strong></span> <span class='ocrx_word' id='word_1_730' title='bbox 2461 3289 2527 3343; x_wconf 87' lang='lat' dir='ltr'><strong>ad</strong></span> <span class='ocrx_word' id='word_1_731' title='bbox 2560 3291 2944 3359; x_wconf 84' lang='lat' dir='ltr'><strong>proprietatem</strong></span> <span class='ocrx_word' id='word_1_732' title='bbox 2974 3289 3237 3344; x_wconf 89' lang='lat' dir='ltr'><strong>sermonis</strong></span> <span class='ocrx_word' id='word_1_733' title='bbox 3265 3287 3510 3343; x_wconf 88' lang='lat' dir='ltr'><strong>attendas</strong></span> <span class='ocrx_word' id='word_1_734' title='bbox 3529 3330 3545 3354; x_wconf 94' lang='lat'><strong>,</strong></span> 
     </span>
    </p>
   </div>
   <div class='ocr_carea' id='block_1_95' title="bbox 1958 3381 3548 3450">
    <p class='ocr_par' dir='ltr' id='par_1_95' title="bbox 1958 3381 3548 3450">
     <span class='ocr_line' id='line_1_95' title="bbox 1958 3381 3548 3450; baseline 0.001 -13"><span class='ocrx_word' id='word_1_735' title='bbox 1958 3390 2299 3437; x_wconf 86' lang='lat' dir='ltr'><strong>monstruosa</strong></span> <span class='ocrx_word' id='word_1_736' title='bbox 2328 3381 2510 3436; x_wconf 89' lang='lat' dir='ltr'><strong>nescio</strong></span> <span class='ocrx_word' id='word_1_737' title='bbox 2539 3397 2657 3450; x_wconf 78' lang='lat' dir='ltr'><strong>qua:</strong></span> <span class='ocrx_word' id='word_1_738' title='bbox 2697 3382 3009 3450; x_wconf 61' lang='lat' dir='ltr'><strong>praedicatio</strong></span> <span class='ocrx_word' id='word_1_739' title='bbox 3051 3382 3448 3449; x_wconf 84' lang='lat' dir='ltr'><strong>pra-.dicabitur,</strong></span> <span class='ocrx_word' id='word_1_740' title='bbox 3488 3391 3548 3439; x_wconf 87' lang='lat' dir='ltr'><strong>ut</strong></span> 
     </span>
    </p>
   </div>
   <div class='ocr_carea' id='block_1_96' title="bbox 1960 3470 3545 3540">
    <p class='ocr_par' dir='ltr' id='par_1_96' title="bbox 1960 3470 3545 3540">
     <span class='ocr_line' id='line_1_96' title="bbox 1960 3470 3545 3540; baseline -0.001 -13"><span class='ocrx_word' id='word_1_741' title='bbox 1960 3482 2064 3527; x_wconf 77' lang='lat' dir='ltr'><strong>Liui</strong></span> <span class='ocrx_word' id='word_1_742' title='bbox 2099 3474 2297 3527; x_wconf 86' lang='lat' dir='ltr'><strong>nubere</strong></span> <span class='ocrx_word' id='word_1_743' title='bbox 2326 3486 2483 3536; x_wconf 82' lang='lat' dir='ltr'><strong>quam</strong></span> <span class='ocrx_word' id='word_1_744' title='bbox 2516 3471 2788 3527; x_wconf 88' lang='lat' dir='ltr'><strong>abstinere</strong></span> <span class='ocrx_word' id='word_1_745' title='bbox 2817 3470 3137 3540; x_wconf 83' lang='lat' dir='ltr'><strong>prohibeant</strong></span> <span class='ocrx_word' id='word_1_746' title='bbox 3162 3472 3264 3525; x_wconf 87' lang='lat' dir='ltr'><strong>ista</strong></span> <span class='ocrx_word' id='word_1_747' title='bbox 3302 3472 3545 3525; x_wconf 79' lang='lat' dir='ltr'><strong>dicentes</strong></span> 
     </span>
    </p>
   </div>
   <div class='ocr_carea' id='block_1_97' title="bbox 1956 3561 3543 3633">
    <p class='ocr_par' dir='ltr' id='par_1_97' title="bbox 1956 3561 3543 3633">
     <span class='ocr_line' id='line_1_97' title="bbox 1956 3561 3543 3633; baseline -0.001 -18"><span class='ocrx_word' id='word_1_748' title='bbox 1956 3579 2076 3633; x_wconf 76' lang='lat' dir='ltr'><strong>qute</strong></span> <span class='ocrx_word' id='word_1_749' title='bbox 2106 3569 2418 3632; x_wconf 83' lang='lat' dir='ltr'><strong>sequuntur.</strong></span> <span class='ocrx_word' id='word_1_750' title='bbox 2452 3561 2583 3616; x_wconf 69' lang='lat' dir='ltr'><strong>Haec</strong></span> <span class='ocrx_word' id='word_1_751' title='bbox 2613 3576 2903 3629; x_wconf 83' lang='lat' dir='ltr'><strong>proponens</strong></span> <span class='ocrx_word' id='word_1_752' title='bbox 2933 3562 3200 3629; x_wconf 80' lang='lat' dir='ltr'><strong>fratribus,</strong></span> <span class='ocrx_word' id='word_1_753' title='bbox 3235 3561 3397 3615; x_wconf 85' lang='lat' dir='ltr'><strong>bonus</strong></span> <span class='ocrx_word' id='word_1_754' title='bbox 3439 3563 3543 3614; x_wconf 87' lang='lat' dir='ltr'><strong>eris</strong></span> 
     </span>
    </p>
   </div>
   <div class='ocr_carea' id='block_1_98' title="bbox 1959 3652 3541 3723">
    <p class='ocr_par' dir='ltr' id='par_1_98' title="bbox 1959 3652 3541 3723">
     <span class='ocr_line' id='line_1_98' title="bbox 1959 3652 3541 3723; baseline 0 -15"><span class='ocrx_word' id='word_1_755' title='bbox 1959 3657 2192 3723; x_wconf 85' lang='lat' dir='ltr'><strong>minister</strong></span> <span class='ocrx_word' id='word_1_756' title='bbox 2223 3654 2415 3707; x_wconf 83' lang='lat' dir='ltr'><strong>Christi</strong></span> <span class='ocrx_word' id='word_1_757' title='bbox 2442 3652 2591 3707; x_wconf 78' lang='lat' dir='ltr'><strong>Jesu.</strong></span> <span class='ocrx_word' id='word_1_758' title='bbox 2622 3653 2835 3707; x_wconf 87' lang='lat' dir='ltr'><strong>Libram</strong></span> <span class='ocrx_word' id='word_1_759' title='bbox 2865 3654 2916 3706; x_wconf 91' lang='lat' dir='ltr'><strong>in</strong></span> <span class='ocrx_word' id='word_1_760' title='bbox 2950 3653 3195 3707; x_wconf 90' lang='lat' dir='ltr'><strong>omnibus</strong></span> <span class='ocrx_word' id='word_1_761' title='bbox 3228 3659 3450 3718; x_wconf 88' lang='lat' dir='ltr'><strong>tenens,</strong></span> <span class='ocrx_word' id='word_1_762' title='bbox 3482 3661 3541 3709; x_wconf 82' lang='lat' dir='ltr'><strong>et</strong></span> 
     </span>
    </p>
   </div>
   <div class='ocr_carea' id='block_1_99' title="bbox 1956 3740 3545 3810">
    <p class='ocr_par' dir='ltr' id='par_1_99' title="bbox 1956 3740 3545 3810">
     <span class='ocr_line' id='line_1_99' title="bbox 1956 3740 3545 3810; baseline -0.005 -9"><span class='ocrx_word' id='word_1_763' title='bbox 1956 3750 2135 3801; x_wconf 90' lang='lat' dir='ltr'><strong>omnia</strong></span> <span class='ocrx_word' id='word_1_764' title='bbox 2167 3745 2553 3799; x_wconf 65' lang='lat' dir='ltr'><strong>rationabiliter</strong></span> <span class='ocrx_word' id='word_1_765' title='bbox 2578 3751 2635 3799; x_wconf 92' lang='lat' dir='ltr'><strong>et</strong></span> <span class='ocrx_word' id='word_1_766' title='bbox 2659 3745 2931 3797; x_wconf 84' lang='lat' dir='ltr'><strong>moderate</strong></span> <span class='ocrx_word' id='word_1_767' title='bbox 2957 3742 3292 3810; x_wconf 75' lang='lat' dir='ltr'><strong>dispensans.</strong></span> <span class='ocrx_word' id='word_1_768' title='bbox 3322 3740 3545 3794; x_wconf 84' lang='lat' dir='ltr'><strong>Enutri-</strong></span> 
     </span>
    </p>
   </div>
   <div class='ocr_carea' id='block_1_100' title="bbox 1957 3833 3543 3902">
    <p class='ocr_par' dir='ltr' id='par_1_100' title="bbox 1957 3833 3543 3902">
     <span class='ocr_line' id='line_1_100' title="bbox 1957 3833 3543 3902; baseline -0.003 -12"><span class='ocrx_word' id='word_1_769' title='bbox 1957 3846 2039 3890; x_wconf 85' lang='lat' dir='ltr'><strong>tus</strong></span> <span class='ocrx_word' id='word_1_770' title='bbox 2071 3838 2232 3889; x_wconf 71' lang='lat' dir='ltr'><strong>verbis</strong></span> <span class='ocrx_word' id='word_1_771' title='bbox 2263 3836 2383 3902; x_wconf 86' lang='lat' dir='ltr'><strong>ﬁdei</strong></span> <span class='ocrx_word' id='word_1_772' title='bbox 2407 3873 2422 3899; x_wconf 90' lang='lat'><strong>,</strong></span> <span class='ocrx_word' id='word_1_773' title='bbox 2467 3844 2513 3887; x_wconf 92' lang='lat' dir='ltr'><strong>et</strong></span> <span class='ocrx_word' id='word_1_774' title='bbox 2542 3833 2687 3888; x_wconf 76' lang='lat' dir='ltr'><strong>bona:</strong></span> <span class='ocrx_word' id='word_1_775' title='bbox 2714 3834 2966 3886; x_wconf 72' lang='lat' dir='ltr'><strong>doctrina:</strong></span> <span class='ocrx_word' id='word_1_776' title='bbox 2994 3848 3149 3901; x_wconf 85' lang='lat' dir='ltr'><strong>quam</strong></span> <span class='ocrx_word' id='word_1_777' title='bbox 3179 3842 3440 3885; x_wconf 75' lang='lat' dir='ltr'><strong>assecutus</strong></span> <span class='ocrx_word' id='word_1_778' title='bbox 3469 3848 3543 3888; x_wconf 84' lang='lat' dir='ltr'><strong>es.</strong></span> 
     </span>
    </p>
   </div>
   <div class='ocr_carea' id='block_1_101' title="bbox 1957 3922 3550 3996">
    <p class='ocr_par' dir='ltr' id='par_1_101' title="bbox 1957 3922 3550 3996">
     <span class='ocr_line' id='line_1_101' title="bbox 1957 3922 3550 3996; baseline -0.004 -12"><span class='ocrx_word' id='word_1_779' title='bbox 1957 3929 2088 3996; x_wconf 85' lang='lat' dir='ltr'><strong>Quia</strong></span> <span class='ocrx_word' id='word_1_780' title='bbox 2119 3929 2186 3983; x_wconf 91' lang='lat' dir='ltr'><strong>ab</strong></span> <span class='ocrx_word' id='word_1_781' title='bbox 2216 3925 2435 3981; x_wconf 80' lang='lat' dir='ltr'><strong>infantia</strong></span> <span class='ocrx_word' id='word_1_782' title='bbox 2466 3925 2635 3979; x_wconf 85' lang='lat' dir='ltr'><strong>sacris</strong></span> <span class='ocrx_word' id='word_1_783' title='bbox 2665 3924 2877 3989; x_wconf 90' lang='lat' dir='ltr'><strong>litteris,</strong></span> <span class='ocrx_word' id='word_1_784' title='bbox 2910 3924 3011 3977; x_wconf 90' lang='lat' dir='ltr'><strong>hoc</strong></span> <span class='ocrx_word' id='word_1_785' title='bbox 3041 3931 3157 3988; x_wconf 79' lang='lat' dir='ltr'><strong>est,</strong></span> <span class='ocrx_word' id='word_1_786' title='bbox 3188 3922 3335 3991; x_wconf 74' lang='lat' dir='ltr'><strong>legis,</strong></span> <span class='ocrx_word' id='word_1_787' title='bbox 3368 3922 3550 3978; x_wconf 66' lang='lat' dir='ltr'><strong>fuerat</strong></span> 
     </span>
    </p>
   </div>
   <div class='ocr_carea' id='block_1_102' title="bbox 1957 4017 3541 4090">
    <p class='ocr_par' dir='ltr' id='par_1_102' title="bbox 1957 4017 3541 4090">
     <span class='ocr_line' id='line_1_102' title="bbox 1957 4017 3541 4090; baseline -0.002 -14"><span class='ocrx_word' id='word_1_788' title='bbox 1957 4021 2219 4076; x_wconf 80' lang='lat' dir='ltr'><strong>eruditus.</strong></span> <span class='ocrx_word' id='word_1_789' title='bbox 2255 4018 2466 4090; x_wconf 85' lang='lat' dir='ltr'><strong>Ineptas</strong></span> <span class='ocrx_word' id='word_1_790' title='bbox 2494 4029 2665 4072; x_wconf 88' lang='lat' dir='ltr'><strong>autem</strong></span> <span class='ocrx_word' id='word_1_791' title='bbox 2705 4028 2749 4071; x_wconf 89' lang='lat' dir='ltr'><strong>et</strong></span> <span class='ocrx_word' id='word_1_792' title='bbox 2775 4017 2941 4072; x_wconf 87' lang='lat' dir='ltr'><strong>aniles</strong></span> <span class='ocrx_word' id='word_1_793' title='bbox 2972 4019 3172 4088; x_wconf 73' lang='lat' dir='ltr'><strong>fabulas</strong></span> <span class='ocrx_word' id='word_1_794' title='bbox 3201 4018 3389 4071; x_wconf 83' lang='lat' dir='ltr'><strong>devita.</strong></span> <span class='ocrx_word' id='word_1_795' title='bbox 3420 4017 3541 4073; x_wconf 84' lang='lat' dir='ltr'><strong>Non</strong></span> 
     </span>
    </p>
   </div>
   <div class='ocr_carea' id='block_1_103' title="bbox 1955 4111 3541 4185">
    <p class='ocr_par' dir='ltr' id='par_1_103' title="bbox 1955 4111 3541 4185">
     <span class='ocr_line' id='line_1_103' title="bbox 1955 4111 3541 4185; baseline -0.001 -17"><span class='ocrx_word' id='word_1_796' title='bbox 1955 4122 2110 4184; x_wconf 61' lang='lat' dir='ltr'><strong>aptus</strong></span> <span class='ocrx_word' id='word_1_797' title='bbox 2155 4115 2400 4185; x_wconf 77' lang='lat' dir='ltr'><strong>religioni</strong></span> <span class='ocrx_word' id='word_1_798' title='bbox 2440 4115 2523 4169; x_wconf 85' lang='lat' dir='ltr'><strong>vel</strong></span> <span class='ocrx_word' id='word_1_799' title='bbox 2554 4113 2696 4168; x_wconf 86' lang='lat' dir='ltr'><strong>lidei.</strong></span> <span class='ocrx_word' id='word_1_800' title='bbox 2727 4111 2924 4166; x_wconf 72' lang='lat' dir='ltr'><strong>Exerce</strong></span> <span class='ocrx_word' id='word_1_801' title='bbox 2949 4114 3165 4181; x_wconf 89' lang='lat' dir='ltr'><strong>teipsum</strong></span> <span class='ocrx_word' id='word_1_802' title='bbox 3188 4113 3256 4165; x_wconf 85' lang='lat' dir='ltr'><strong>ad</strong></span> <span class='ocrx_word' id='word_1_803' title='bbox 3280 4114 3541 4183; x_wconf 86' lang='lat' dir='ltr'><strong>pietatem.</strong></span> 
     </span>
    </p>
   </div>
   <div class='ocr_carea' id='block_1_104' title="bbox 1957 4196 3539 4265">
    <p class='ocr_par' dir='ltr' id='par_1_104' title="bbox 1957 4196 3539 4265">
     <span class='ocr_line' id='line_1_104' title="bbox 1957 4196 3539 4265; baseline -0.004 -3"><span class='ocrx_word' id='word_1_804' title='bbox 1957 4208 2134 4262; x_wconf 87' lang='lat' dir='ltr'><strong>Pietas</strong></span> <span class='ocrx_word' id='word_1_805' title='bbox 2159 4213 2244 4261; x_wconf 88' lang='lat' dir='ltr'><strong>est</strong></span> <span class='ocrx_word' id='word_1_806' title='bbox 2272 4208 2431 4261; x_wconf 80' lang='lat' dir='ltr'><strong>etiam</strong></span> <span class='ocrx_word' id='word_1_807' title='bbox 2462 4219 2585 4260; x_wconf 90' lang='lat' dir='ltr'><strong>eum</strong></span> <span class='ocrx_word' id='word_1_808' title='bbox 2617 4212 2704 4258; x_wconf 90' lang='lat' dir='ltr'><strong>tua</strong></span> <span class='ocrx_word' id='word_1_809' title='bbox 2739 4203 3082 4265; x_wconf 75' lang='lat' dir='ltr'><strong>tribulatione</strong></span> <span class='ocrx_word' id='word_1_810' title='bbox 3110 4196 3199 4257; x_wconf 85' lang='lat' dir='ltr'><strong>alii</strong></span> <span class='ocrx_word' id='word_1_811' title='bbox 3229 4203 3539 4265; x_wconf 82' lang='lat' dir='ltr'><strong>subvenire,</strong></span> 
     </span>
    </p>
   </div>
   <div class='ocr_carea' id='block_1_105' title="bbox 1956 4296 3544 4369">
    <p class='ocr_par' dir='ltr' id='par_1_105' title="bbox 1956 4296 3544 4369">
     <span class='ocr_line' id='line_1_105' title="bbox 1956 4296 3544 4369; baseline -0.003 -14"><span class='ocrx_word' id='word_1_812' title='bbox 1956 4300 2095 4355; x_wconf 84' lang='lat' dir='ltr'><strong>sicut</strong></span> <span class='ocrx_word' id='word_1_813' title='bbox 2136 4300 2294 4353; x_wconf 87' lang='lat' dir='ltr'><strong>vidua</strong></span> <span class='ocrx_word' id='word_1_814' title='bbox 2344 4298 2641 4369; x_wconf 84' lang='lat' dir='ltr'><strong>Sareptana</strong></span> <span class='ocrx_word' id='word_1_815' title='bbox 2693 4297 2822 4352; x_wconf 78' lang='lat' dir='ltr'><strong>fecit</strong></span> <span class='ocrx_word' id='word_1_816' title='bbox 2870 4296 3023 4351; x_wconf 72' lang='lat' dir='ltr'><strong>Elite.</strong></span> <span class='ocrx_word' id='word_1_817' title='bbox 3075 4296 3217 4351; x_wconf 88' lang='lat' dir='ltr'><strong>Nam</strong></span> <span class='ocrx_word' id='word_1_818' title='bbox 3259 4297 3544 4368; x_wconf 86' lang='lat' dir='ltr'><strong>corporalis</strong></span> 
     </span>
    </p>
   </div>
   <div class='ocr_carea' id='block_1_106' title="bbox 1955 4387 3540 4454">
    <p class='ocr_par' dir='ltr' id='par_1_106' title="bbox 1955 4387 3540 4454">
     <span class='ocr_line' id='line_1_106' title="bbox 1955 4387 3540 4454; baseline -0.004 -8"><span class='ocrx_word' id='word_1_819' title='bbox 1955 4392 2271 4447; x_wconf 77' lang='lat' dir='ltr'><strong>exercitatio.</strong></span> <span class='ocrx_word' id='word_1_820' title='bbox 2308 4392 2594 4454; x_wconf 87' lang='lat' dir='ltr'><strong>Escarum,</strong></span> <span class='ocrx_word' id='word_1_821' title='bbox 2627 4388 2934 4444; x_wconf 88' lang='lat' dir='ltr'><strong>balnearum</strong></span> <span class='ocrx_word' id='word_1_822' title='bbox 2980 4394 3037 4442; x_wconf 89' lang='lat' dir='ltr'><strong>et.</strong></span> <span class='ocrx_word' id='word_1_823' title='bbox 3080 4387 3263 4442; x_wconf 88' lang='lat' dir='ltr'><strong>talium</strong></span> <span class='ocrx_word' id='word_1_824' title='bbox 3312 4394 3540 4443; x_wconf 59' lang='lat' dir='ltr'><strong>extero-</strong></span> 
     </span>
    </p>
   </div>
   <div class='ocr_carea' id='block_1_107' title="bbox 1957 4481 3541 4551">
    <p class='ocr_par' dir='ltr' id='par_1_107' title="bbox 1957 4481 3541 4551">
     <span class='ocr_line' id='line_1_107' title="bbox 1957 4481 3541 4551; baseline -0.001 -13"><span class='ocrx_word' id='word_1_825' title='bbox 1957 4501 2072 4538; x_wconf 83' lang='lat' dir='ltr'><strong>l&#39;lllll</strong></span> <span class='ocrx_word' id='word_1_826' title='bbox 2093 4524 2108 4550; x_wconf 92' lang='lat'><strong>,</strong></span> <span class='ocrx_word' id='word_1_827' title='bbox 2139 4484 2222 4537; x_wconf 89' lang='lat' dir='ltr'><strong>vel</strong></span> <span class='ocrx_word' id='word_1_828' title='bbox 2252 4483 2401 4538; x_wconf 89' lang='lat' dir='ltr'><strong>labor</strong></span> <span class='ocrx_word' id='word_1_829' title='bbox 2424 4482 2684 4551; x_wconf 87' lang='lat' dir='ltr'><strong>corporis.</strong></span> <span class='ocrx_word' id='word_1_830' title='bbox 2707 4483 2790 4537; x_wconf 77' lang='lat' dir='ltr'><strong>Ad</strong></span> <span class='ocrx_word' id='word_1_831' title='bbox 2815 4483 3070 4537; x_wconf 80' lang='lat' dir='ltr'><strong>modicum</strong></span> <span class='ocrx_word' id='word_1_832' title='bbox 3094 4483 3254 4537; x_wconf 84' lang='lat' dir='ltr'><strong>utilis.</strong></span> <span class='ocrx_word' id='word_1_833' title='bbox 3277 4481 3541 4537; x_wconf 83' lang='lat' dir='ltr'><strong>Modicum</strong></span> 
     </span>
    </p>
   </div>
   <div class='ocr_carea' id='block_1_108' title="bbox 1958 4576 3545 4647">
    <p class='ocr_par' dir='ltr' id='par_1_108' title="bbox 1958 4576 3545 4647">
     <span class='ocr_line' id='line_1_108' title="bbox 1958 4576 3545 4647; baseline -0.003 -14"><span class='ocrx_word' id='word_1_834' title='bbox 1958 4584 2189 4647; x_wconf 83' lang='lat' dir='ltr'><strong>tempus.</strong></span> <span class='ocrx_word' id='word_1_835' title='bbox 2222 4576 2396 4631; x_wconf 87' lang='lat' dir='ltr'><strong>Pietas</strong></span> <span class='ocrx_word' id='word_1_836' title='bbox 2426 4584 2595 4633; x_wconf 87' lang='lat' dir='ltr'><strong>autem</strong></span> <span class='ocrx_word' id='word_1_837' title='bbox 2636 4576 2704 4629; x_wconf 89' lang='lat' dir='ltr'><strong>ad</strong></span> <span class='ocrx_word' id='word_1_838' title='bbox 2728 4577 2900 4631; x_wconf 87' lang='lat' dir='ltr'><strong>omnia</strong></span> <span class='ocrx_word' id='word_1_839' title='bbox 2942 4577 3084 4630; x_wconf 86' lang='lat' dir='ltr'><strong>utilis</strong></span> <span class='ocrx_word' id='word_1_840' title='bbox 3108 4586 3201 4642; x_wconf 90' lang='lat' dir='ltr'><strong>est,</strong></span> <span class='ocrx_word' id='word_1_841' title='bbox 3244 4577 3545 4645; x_wconf 77' lang='lat' dir='ltr'><strong>promissio-</strong></span> 
     </span>
    </p>
   </div>
   <div class='ocr_carea' id='block_1_109' title="bbox 1954 4668 3543 4741">
    <p class='ocr_par' dir='ltr' id='par_1_109' title="bbox 1954 4668 3543 4741">
     <span class='ocr_line' id='line_1_109' title="bbox 1954 4668 3543 4741; baseline 0.003 -18"><span class='ocrx_word' id='word_1_842' title='bbox 1954 4686 2070 4726; x_wconf 86' lang='lat' dir='ltr'><strong>nem</strong></span> <span class='ocrx_word' id='word_1_843' title='bbox 2096 4670 2282 4725; x_wconf 86' lang='lat' dir='ltr'><strong>habens</strong></span> <span class='ocrx_word' id='word_1_844' title='bbox 2308 4672 2456 4735; x_wconf 77' lang='lat' dir='ltr'><strong>vitw,</strong></span> <span class='ocrx_word' id='word_1_845' title='bbox 2486 4686 2601 4741; x_wconf 82' lang='lat' dir='ltr'><strong>qua:</strong></span> <span class='ocrx_word' id='word_1_846' title='bbox 2628 4684 2763 4722; x_wconf 89' lang='lat' dir='ltr'><strong>nunc</strong></span> <span class='ocrx_word' id='word_1_847' title='bbox 2789 4680 2898 4733; x_wconf 89' lang='lat' dir='ltr'><strong>est,</strong></span> <span class='ocrx_word' id='word_1_848' title='bbox 2939 4680 2985 4723; x_wconf 91' lang='lat' dir='ltr'><strong>et</strong></span> <span class='ocrx_word' id='word_1_849' title='bbox 3028 4673 3234 4739; x_wconf 64' lang='lat' dir='ltr'><strong>futurae.</strong></span> <span class='ocrx_word' id='word_1_850' title='bbox 3281 4668 3459 4725; x_wconf 86' lang='lat' dir='ltr'><strong>Pietas</strong></span> <span class='ocrx_word' id='word_1_851' title='bbox 3487 4677 3543 4727; x_wconf 84' lang='lat' dir='ltr'><strong>et</strong></span> 
     </span>
    </p>
   </div>
   <div class='ocr_carea' id='block_1_110' title="bbox 1956 4761 3538 4833">
    <p class='ocr_par' dir='ltr' id='par_1_110' title="bbox 1956 4761 3538 4833">
     <span class='ocr_line' id='line_1_110' title="bbox 1956 4761 3538 4833; baseline -0.002 -15"><span class='ocrx_word' id='word_1_852' title='bbox 1956 4764 2023 4819; x_wconf 90' lang='lat' dir='ltr'><strong>ad</strong></span> <span class='ocrx_word' id='word_1_853' title='bbox 2060 4779 2298 4833; x_wconf 84' lang='lat' dir='ltr'><strong>praesens</strong></span> <span class='ocrx_word' id='word_1_854' title='bbox 2328 4770 2575 4833; x_wconf 82' lang='lat' dir='ltr'><strong>tempus,</strong></span> <span class='ocrx_word' id='word_1_855' title='bbox 2604 4770 2660 4817; x_wconf 90' lang='lat' dir='ltr'><strong>et</strong></span> <span class='ocrx_word' id='word_1_856' title='bbox 2686 4762 2753 4817; x_wconf 89' lang='lat' dir='ltr'><strong>ad</strong></span> <span class='ocrx_word' id='word_1_857' title='bbox 2786 4761 3019 4818; x_wconf 79' lang='lat' dir='ltr'><strong>futurum</strong></span> <span class='ocrx_word' id='word_1_858' title='bbox 3050 4762 3216 4817; x_wconf 79' lang='lat' dir='ltr'><strong>utilis.</strong></span> <span class='ocrx_word' id='word_1_859' title='bbox 3243 4761 3361 4827; x_wconf 80' lang='lat' dir='ltr'><strong>ipsa</strong></span> <span class='ocrx_word' id='word_1_860' title='bbox 3383 4762 3538 4815; x_wconf 81' lang='lat' dir='ltr'><strong>vidua</strong></span> 
     </span>
    </p>
   </div>
   <div class='ocr_carea' id='block_1_111' title="bbox 1956 4840 3538 4924">
    <p class='ocr_par' dir='ltr' id='par_1_111' title="bbox 1956 4840 3538 4924">
     <span class='ocr_line' id='line_1_111' title="bbox 1956 4840 3538 4924; baseline -0.003 -16"><span class='ocrx_word' id='word_1_861' title='bbox 1956 4866 2009 4909; x_wconf 86' lang='lat' dir='ltr'><strong>et</strong></span> <span class='ocrx_word' id='word_1_862' title='bbox 2038 4853 2105 4908; x_wconf 92' lang='lat' dir='ltr'><strong>ad</strong></span> <span class='ocrx_word' id='word_1_863' title='bbox 2145 4840 2382 4923; x_wconf 68' lang='lat' dir='ltr'><strong>praesens</strong></span> <span class='ocrx_word' id='word_1_864' title='bbox 2420 4860 2571 4924; x_wconf 89' lang='lat' dir='ltr'><strong>pasta</strong></span> <span class='ocrx_word' id='word_1_865' title='bbox 2610 4863 2729 4920; x_wconf 87' lang='lat' dir='ltr'><strong>est,</strong></span> <span class='ocrx_word' id='word_1_866' title='bbox 2770 4860 2827 4906; x_wconf 87' lang='lat' dir='ltr'><strong>et</strong></span> <span class='ocrx_word' id='word_1_867' title='bbox 2864 4865 3071 4906; x_wconf 87' lang='lat' dir='ltr'><strong>merces</strong></span> <span class='ocrx_word' id='word_1_868' title='bbox 3108 4851 3226 4918; x_wconf 89' lang='lat' dir='ltr'><strong>ejus</strong></span> <span class='ocrx_word' id='word_1_869' title='bbox 3267 4856 3448 4903; x_wconf 80' lang='lat' dir='ltr'><strong>manet</strong></span> <span class='ocrx_word' id='word_1_870' title='bbox 3485 4848 3538 4904; x_wconf 90' lang='lat' dir='ltr'><strong>in</strong></span> 
     </span>
    </p>
   </div>
   <div class='ocr_carea' id='block_1_112' title="bbox 1954 4938 3538 5011">
    <p class='ocr_par' dir='ltr' id='par_1_112' title="bbox 1954 4938 3538 5011">
     <span class='ocr_line' id='line_1_112' title="bbox 1954 4938 3538 5011; baseline -0.007 -9"><span class='ocrx_word' id='word_1_871' title='bbox 1954 4947 2113 5003; x_wconf 59' lang='lat' dir='ltr'><strong>caelo.</strong></span> <span class='ocrx_word' id='word_1_872' title='bbox 2144 4946 2343 5001; x_wconf 85' lang='lat' dir='ltr'><strong>Fidelis</strong></span> <span class='ocrx_word' id='word_1_873' title='bbox 2369 4960 2557 5011; x_wconf 84' lang='lat' dir='ltr'><strong>sermo,</strong></span> <span class='ocrx_word' id='word_1_874' title='bbox 2584 4952 2631 4999; x_wconf 85' lang='lat' dir='ltr'><strong>et</strong></span> <span class='ocrx_word' id='word_1_875' title='bbox 2659 4944 2798 4997; x_wconf 87' lang='lat' dir='ltr'><strong>omni</strong></span> <span class='ocrx_word' id='word_1_876' title='bbox 2819 4942 3110 5010; x_wconf 86' lang='lat' dir='ltr'><strong>acceptione</strong></span> <span class='ocrx_word' id='word_1_877' title='bbox 3133 4941 3337 5009; x_wconf 89' lang='lat' dir='ltr'><strong>dignus.</strong></span> <span class='ocrx_word' id='word_1_878' title='bbox 3366 4938 3538 4995; x_wconf 79' lang='lat' dir='ltr'><strong>Verus</strong></span> 
     </span>
    </p>
   </div>
   <div class='ocr_carea' id='block_1_113' title="bbox 1955 5029 3537 5107">
    <p class='ocr_par' dir='ltr' id='par_1_113' title="bbox 1955 5029 3537 5107">
     <span class='ocr_line' id='line_1_113' title="bbox 1955 5029 3537 5107; baseline -0.004 -17"><span class='ocrx_word' id='word_1_879' title='bbox 1955 5037 2093 5107; x_wconf 88' lang='lat' dir='ltr'><strong>apud</strong></span> <span class='ocrx_word' id='word_1_880' title='bbox 2128 5039 2366 5093; x_wconf 89' lang='lat' dir='ltr'><strong>omnium</strong></span> <span class='ocrx_word' id='word_1_881' title='bbox 2397 5035 2788 5100; x_wconf 85' lang='lat' dir='ltr'><strong>conscientias,</strong></span> <span class='ocrx_word' id='word_1_882' title='bbox 2821 5044 2876 5088; x_wconf 90' lang='lat' dir='ltr'><strong>et</strong></span> <span class='ocrx_word' id='word_1_883' title='bbox 2903 5032 2986 5087; x_wconf 91' lang='lat' dir='ltr'><strong>cui</strong></span> <span class='ocrx_word' id='word_1_884' title='bbox 3019 5046 3176 5086; x_wconf 77' lang='lat' dir='ltr'><strong>nemo</strong></span> <span class='ocrx_word' id='word_1_885' title='bbox 3218 5032 3437 5087; x_wconf 90' lang='lat' dir='ltr'><strong>resistit.</strong></span> <span class='ocrx_word' id='word_1_886' title='bbox 3468 5029 3537 5090; x_wconf 83' lang='lat' dir='ltr'><strong>In</strong></span> 
     </span>
    </p>
   </div>
   <div class='ocr_carea' id='block_1_114' title="bbox 1954 5121 3536 5183">
    <p class='ocr_par' dir='ltr' id='par_1_114' title="bbox 1954 5121 3536 5183">
     <span class='ocr_line' id='line_1_114' title="bbox 1954 5121 3536 5183; baseline -0.001 -2"><span class='ocrx_word' id='word_1_887' title='bbox 1954 5128 2050 5183; x_wconf 88' lang='lat' dir='ltr'><strong>hoc</strong></span> <span class='ocrx_word' id='word_1_888' title='bbox 2079 5131 2211 5183; x_wconf 89' lang='lat' dir='ltr'><strong>enim</strong></span> <span class='ocrx_word' id='word_1_889' title='bbox 2243 5128 2530 5182; x_wconf 87' lang='lat' dir='ltr'><strong>laboramus</strong></span> <span class='ocrx_word' id='word_1_890' title='bbox 2557 5137 2603 5181; x_wconf 88' lang='lat' dir='ltr'><strong>et</strong></span> <span class='ocrx_word' id='word_1_891' title='bbox 2635 5125 3012 5178; x_wconf 84' lang='lat' dir='ltr'><strong>maledicimur.</strong></span> <span class='ocrx_word' id='word_1_892' title='bbox 3062 5121 3194 5178; x_wconf 87' lang='lat' dir='ltr'><strong>Cum</strong></span> <span class='ocrx_word' id='word_1_893' title='bbox 3224 5123 3369 5178; x_wconf 91' lang='lat' dir='ltr'><strong>enim</strong></span> <span class='ocrx_word' id='word_1_894' title='bbox 3411 5138 3536 5180; x_wconf 81' lang='lat' dir='ltr'><strong>cer-</strong></span> 
     </span>
    </p>
   </div>
   <div class='ocr_carea' id='block_1_115' title="bbox 1956 5213 3537 5287">
    <p class='ocr_par' dir='ltr' id='par_1_115' title="bbox 1956 5213 3537 5287">
     <span class='ocr_line' id='line_1_115' title="bbox 1956 5213 3537 5287; baseline 0 -16"><span class='ocrx_word' id='word_1_895' title='bbox 1956 5226 2064 5272; x_wconf 90' lang='lat' dir='ltr'><strong>tum</strong></span> <span class='ocrx_word' id='word_1_896' title='bbox 2095 5219 2168 5272; x_wconf 87' lang='lat' dir='ltr'><strong>sit</strong></span> <span class='ocrx_word' id='word_1_897' title='bbox 2192 5219 2330 5287; x_wconf 89' lang='lat' dir='ltr'><strong>apud</strong></span> <span class='ocrx_word' id='word_1_898' title='bbox 2362 5233 2584 5280; x_wconf 87' lang='lat' dir='ltr'><strong>omnes,</strong></span> <span class='ocrx_word' id='word_1_899' title='bbox 2619 5214 2750 5268; x_wconf 90' lang='lat' dir='ltr'><strong>nihil</strong></span> <span class='ocrx_word' id='word_1_900' title='bbox 2790 5229 2889 5269; x_wconf 89' lang='lat' dir='ltr'><strong>nos</strong></span> <span class='ocrx_word' id='word_1_901' title='bbox 2926 5213 3146 5283; x_wconf 82' lang='lat' dir='ltr'><strong>dignum</strong></span> <span class='ocrx_word' id='word_1_902' title='bbox 3187 5213 3312 5269; x_wconf 90' lang='lat' dir='ltr'><strong>odio</strong></span> <span class='ocrx_word' id='word_1_903' title='bbox 3342 5230 3537 5285; x_wconf 60' lang='lat' dir='ltr'><strong>perpev</strong></span> 
     </span>
    </p>
   </div>
   <div class='ocr_carea' id='block_1_116' title="bbox 1955 5308 3529 5380">
    <p class='ocr_par' dir='ltr' id='par_1_116' title="bbox 1955 5308 3529 5380">
     <span class='ocr_line' id='line_1_116' title="bbox 1955 5308 3529 5380; baseline 0 -17"><span class='ocrx_word' id='word_1_904' title='bbox 1955 5318 2164 5375; x_wconf 78' lang='lat' dir='ltr'><strong>trasse,</strong></span> <span class='ocrx_word' id='word_1_905' title='bbox 2194 5309 2320 5380; x_wconf 91' lang='lat' dir='ltr'><strong>quid</strong></span> <span class='ocrx_word' id='word_1_906' title='bbox 2348 5309 2490 5364; x_wconf 78' lang='lat' dir='ltr'><strong>aliud</strong></span> <span class='ocrx_word' id='word_1_907' title='bbox 2530 5308 2791 5377; x_wconf 84' lang='lat' dir='ltr'><strong>sequitur,</strong></span> <span class='ocrx_word' id='word_1_908' title='bbox 2823 5322 2983 5377; x_wconf 89' lang='lat' dir='ltr'><strong>quam</strong></span> <span class='ocrx_word' id='word_1_909' title='bbox 3027 5309 3168 5378; x_wconf 91' lang='lat' dir='ltr'><strong>quod</strong></span> <span class='ocrx_word' id='word_1_910' title='bbox 3210 5317 3429 5379; x_wconf 85' lang='lat' dir='ltr'><strong>propter</strong></span> <span class='ocrx_word' id='word_1_911' title='bbox 3455 5309 3529 5364; x_wconf 75' lang='lat' dir='ltr'><strong>vi.</strong></span> 
     </span>
    </p>
   </div>
   <div class='ocr_carea' id='block_1_117' title="bbox 1955 5400 3533 5472">
    <p class='ocr_par' dir='ltr' id='par_1_117' title="bbox 1955 5400 3533 5472">
     <span class='ocr_line' id='line_1_117' title="bbox 1955 5400 3533 5472; baseline 0.001 -17"><span class='ocrx_word' id='word_1_912' title='bbox 1955 5409 2061 5455; x_wconf 87' lang='lat' dir='ltr'><strong>tam</strong></span> <span class='ocrx_word' id='word_1_913' title='bbox 2092 5401 2401 5457; x_wconf 85' lang='lat' dir='ltr'><strong>dissimilem</strong></span> <span class='ocrx_word' id='word_1_914' title='bbox 2446 5400 2915 5469; x_wconf 78' lang='lat' dir='ltr'><strong>blasphemamur?</strong></span> <span class='ocrx_word' id='word_1_915' title='bbox 2960 5400 3098 5468; x_wconf 80' lang='lat' dir='ltr'><strong>Quia</strong></span> <span class='ocrx_word' id='word_1_916' title='bbox 3139 5403 3453 5472; x_wconf 76' lang='lat' dir='ltr'><strong>speravimus</strong></span> <span class='ocrx_word' id='word_1_917' title='bbox 3481 5404 3533 5457; x_wconf 83' lang='lat' dir='ltr'><strong>in</strong></span> 
     </span>
    </p>
   </div>
   <div class='ocr_carea' id='block_1_118' title="bbox 1951 5490 3533 5562">
    <p class='ocr_par' dir='ltr' id='par_1_118' title="bbox 1951 5490 3533 5562">
     <span class='ocr_line' id='line_1_118' title="bbox 1951 5490 3533 5562; baseline 0 -17"><span class='ocrx_word' id='word_1_918' title='bbox 1951 5490 2120 5547; x_wconf 80' lang='lat' dir='ltr'><strong>Deum</strong></span> <span class='ocrx_word' id='word_1_919' title='bbox 2145 5493 2333 5547; x_wconf 83' lang='lat' dir='ltr'><strong>vivunt.</strong></span> <span class='ocrx_word' id='word_1_920' title='bbox 2366 5492 2437 5546; x_wconf 86' lang='lat' dir='ltr'><strong>Et</strong></span> <span class='ocrx_word' id='word_1_921' title='bbox 2464 5491 2729 5562; x_wconf 88' lang='lat' dir='ltr'><strong>sperando</strong></span> <span class='ocrx_word' id='word_1_922' title='bbox 2754 5491 3016 5562; x_wconf 84' lang='lat' dir='ltr'><strong>justitiam</strong></span> <span class='ocrx_word' id='word_1_923' title='bbox 3047 5494 3395 5548; x_wconf 74' lang='lat' dir='ltr'><strong>cu~todimus.</strong></span> <span class='ocrx_word' id='word_1_924' title='bbox 3430 5492 3533 5560; x_wconf 77' lang='lat' dir='ltr'><strong>Qui</strong></span> 
     </span>
    </p>
   </div>
   <div class='ocr_carea' id='block_1_119' title="bbox 1951 5580 3536 5652">
    <p class='ocr_par' dir='ltr' id='par_1_119' title="bbox 1951 5580 3536 5652">
     <span class='ocr_line' id='line_1_119' title="bbox 1951 5580 3536 5652; baseline 0 -15"><span class='ocrx_word' id='word_1_925' title='bbox 1951 5593 2022 5638; x_wconf 84' lang='lat' dir='ltr'><strong>est</strong></span> <span class='ocrx_word' id='word_1_926' title='bbox 2053 5585 2293 5639; x_wconf 84' lang='lat' dir='ltr'><strong>Salvator</strong></span> <span class='ocrx_word' id='word_1_927' title='bbox 2319 5585 2542 5639; x_wconf 86' lang='lat' dir='ltr'><strong>omnium</strong></span> <span class='ocrx_word' id='word_1_928' title='bbox 2580 5585 2866 5640; x_wconf 86' lang='lat' dir='ltr'><strong>hominum.</strong></span> <span class='ocrx_word' id='word_1_929' title='bbox 2895 5584 2950 5639; x_wconf 88' lang='lat' dir='ltr'><strong>In</strong></span> <span class='ocrx_word' id='word_1_930' title='bbox 2994 5584 3267 5652; x_wconf 73' lang='lat' dir='ltr'><strong>piteseuti.</strong></span> <span class='ocrx_word' id='word_1_931' title='bbox 3307 5580 3536 5638; x_wconf 58' lang='lat' dir='ltr'><strong>Matinio</strong></span> 
     </span>
    </p>
   </div>
   <div class='ocr_carea' id='block_1_120' title="bbox 1949 5676 3531 5748">
    <p class='ocr_par' dir='ltr' id='par_1_120' title="bbox 1949 5676 3531 5748">
     <span class='ocr_line' id='line_1_120' title="bbox 1949 5676 3531 5748; baseline 0.001 -17"><span class='ocrx_word' id='word_1_932' title='bbox 1949 5677 2200 5744; x_wconf 83' lang='lat' dir='ltr'><strong>ﬁdelium.</strong></span> <span class='ocrx_word' id='word_1_933' title='bbox 2233 5676 2436 5744; x_wconf 81' lang='lat' dir='ltr'><strong>Quibus</strong></span> <span class='ocrx_word' id='word_1_934' title='bbox 2464 5678 2689 5739; x_wconf 85' lang='lat' dir='ltr'><strong>salutem</strong></span> <span class='ocrx_word' id='word_1_935' title='bbox 2716 5678 2970 5748; x_wconf 78' lang='lat' dir='ltr'><strong>largietur</strong></span> <span class='ocrx_word' id='word_1_936' title='bbox 2996 5686 3275 5734; x_wconf 70' lang='lat' dir='ltr'><strong>aeternam.</strong></span> <span class='ocrx_word' id='word_1_937' title='bbox 3309 5676 3531 5744; x_wconf 75' lang='lat' dir='ltr'><strong>Venite,</strong></span> 
     </span>
    </p>
   </div>
   <div class='ocr_carea' id='block_1_121' title="bbox 1954 5768 3529 5846">
    <p class='ocr_par' dir='ltr' id='par_1_121' title="bbox 1954 5768 3529 5846">
     <span class='ocr_line' id='line_1_121' title="bbox 1954 5768 3529 5846; baseline 0.003 -23"><span class='ocrx_word' id='word_1_938' title='bbox 1954 5768 2241 5827; x_wconf 87' lang='lat' dir='ltr'><strong>benedicti.</strong></span> <span class='ocrx_word' id='word_1_939' title='bbox 2284 5769 2419 5839; x_wconf 87' lang='lat' dir='ltr'><strong>Quia</strong></span> <span class='ocrx_word' id='word_1_940' title='bbox 2451 5771 2600 5828; x_wconf 87' lang='lat' dir='ltr'><strong>novit</strong></span> <span class='ocrx_word' id='word_1_941' title='bbox 2625 5770 2881 5828; x_wconf 77' lang='lat' dir='ltr'><strong>Dominus</strong></span> <span class='ocrx_word' id='word_1_942' title='bbox 2908 5770 3000 5845; x_wconf 87' lang='lat' dir='ltr'><strong>qui</strong></span> <span class='ocrx_word' id='word_1_943' title='bbox 3038 5778 3165 5828; x_wconf 86' lang='lat' dir='ltr'><strong>sunt</strong></span> <span class='ocrx_word' id='word_1_944' title='bbox 3201 5770 3340 5846; x_wconf 73' lang='lat' dir='ltr'><strong>eius.</strong></span> <span class='ocrx_word' id='word_1_945' title='bbox 3381 5769 3529 5830; x_wconf 56' lang='lat' dir='ltr'><strong>Prw.</strong></span> 
     </span>
    </p>
   </div>
  </div>
