3884 6172
325 340 424 394 667

1415 316 1710 389 pntuasn
1753 324 2202 385 ADRL‘METANI
2243 323 2458 382 EPISC.

3492 332 3602 385 638

324 460 436 525 cipe
463 460 606 526 hac,
634 468 680 512 et
709 460 849 509 doce.
884 453 1123 524 Przecipe
1146 494 1159 518 ,
1190 461 1248 508 ut
1276 450 1475 506 faciant
1494 491 1508 515 ,
1539 448 1753 535 ethdoce
1782 460 1914 515 quo-

2022 436 2273 507 qnidqnid
2306 437 2523 493 modum
2554 444 2758 492 natura:
2788 437 3017 493 excedit.
3054 438 3115 493 Si
3142 440 3252 510 quis
3282 449 3456 495 autem
3484 462 3608 496 suo-

328 550 484 603 ntoilo
508 548 588 603 vel
616 561 779 613 quare
801 547 961 611 ﬁant,
992 544 1092 599 hoc
1114 552 1229 609 est,
1254 557 1350 613 pro
1376 542 1592 612 prmmin
1618 542 1738 595 vita;
1763 547 1916 594 mter-

330 654 430 693 nm.
468 639 630 692 Nemo
656 638 1049 690 adolescentiam
1076 643 1213 688 tuam
1244 642 1550 687 contemnat.
1580 631 1669 687 Sic
1694 646 1791 701 age
1811 674 1824 696 ,
1857 638 1917 683 ut

327 727 670 781 admiratiOni
703 727 879 795 potius
921 740 1081 793 quam
1124 723 1455 791 contemptui
1499 721 1765 776 habearis.
1807 719 1914 775 Sed

329 820 617 884 exmplum
646 827 751 870 esto
781 816 1032 884 ﬁdelium.
1066 816 1257 868 Parum
1285 821 1369 868 est
1399 812 1703 867 inﬁdelibus
1733 826 1916 866 exem-

333 908 421 975 plo
448 922 565 961 esse
585 949 600 967 .
633 907 773 974 apud
803 921 938 977 quos
966 906 1057 974 qui
1084 907 1307 959 crimina
1343 906 1588 969 graviora
1621 917 1723 956 non
1757 900 1909 966 facit,

334 1012 553 1065 magnus
587 997 829 1050 habetur.
862 996 968 1051 Sed
1001 997 1101 1052 hoc
1132 1013 1376 1066 magnum
1406 1003 1522 1060 est,
1556 1003 1613 1048 ut
1654 994 1811 1047 talem
1854 1007 1914 1048 se

331 1088 617 1147 exhibeat.
649 1106 740 1155 per
768 1104 925 1155 quum
952 1073 1362 1156 etiam-perfecti
1391 1087 1688 1156 proﬁciant.
1721 1083 1916 1138 ln‘ver-

334 1177 415 1242 bo,
466 1179 519 1231 in
567 1180 981 1243 conversatione,
1023 1182 1078 1233 in
1114 1182 1383 1233 charitate.
1427 1180 1481 1232 Id
1520 1186 1604 1237 est
1640 1178 1909 1232 doctrina.

341 1269 462 1323 Vult
488 1285 614 1338 ergo
644 1270 887 1324 ﬁdelibus
916 1271 1061 1324 verbi
1094 1272 1333 1339 praebere
1373 1270 1697 1337 exemplum.
1740 1266 1912 1322 Simul

335 1369 396 1416 ut
437 1360 567 1414 nihil
614 1361 753 1414 aliud
802 1361 1081 1429 loquamur
1120 1376 1276 1428 quam
1319 1361 1411 1415 Dei
1459 1361 1721 1414 verbum:
1771 1357 1911 1428 quod

336 1456 567 1507 maxime
600 1454 723 1508 licet
752 1454 816 1507 ad
846 1468 1034 1509 omnes
1054 1494 1070 1519 ,
1102 1454 1196 1508 sed
1230 1452 1459 1508 maxime
1499 1452 1564 1506 ad
1604 1451 1916 1506 sacerdotes

334 1553 392 1598 et
420 1544 692 1612 religiosos
723 1544 954 1612 pertinet
994 1546 1044 1597 in
1089 1544 1192 1598 ﬁde
1232 1544 1517 1598 catholica.
1561 1543 1628 1596 In
1657 1543 1910 1599 castitate.

336 1633 500 1700 Cujus
531 1634 754 1703 insignia
801 1633 1062 1702 parvitate
1102 1635 1317 1689 habitus
1358 1636 1731 1704 praeferuntur.
1778 1632 1915 1686 Dum

336 1726 500 1790 uenio,
533 1726 736 1780 attende
760 1727 987 1781 lectioni;
1021 1727 1293 1782 Sollicitus
1336 1727 1413 1782 sis
1453 1727 1749 1797 intelligere
1793 1741 1913 1795 qua:

2015 543 2159 592 runt,
2181 536 2229 580 et
2252 529 2474 581 maxime
2499 528 2888 583 domesticorum
2914 545 3085 582 curam
3112 547 3212 584 non
3237 532 3418 598 habet,
3447 534 3611 602 ﬁdem

2015 620 2233 690 negavit.
2263 618 2317 675 Si
2349 621 2468 689 quis
2497 620 2683 676 viduas
2711 620 2924 690 abjicit,
2952 630 3044 675 aut
3075 622 3325 691 pupillos,
3359 625 3440 679 vel
3474 640 3610 693 pan-

2016 718 2195 781 peres,
2222 723 2275 767 et
2301 712 2532 767 maxime
2558 722 2830 782 parentes.
2863 711 3076 783 [nﬁdeli
3102 714 3323 769 deterior
3348 727 3442 771 est.
3471 716 3615 785 Quia

2015 806 2174 859 etiam
2207 805 2280 859 illi
2310 804 2509 859 habent
2536 819 2662 875 erga
2697 803 2969 872 proximos
3000 804 3274 874 pietatem.
3307 806 3365 861 Si
3393 821 3507 877 qua
3538 808 3616 861 vi-

2014 897 2119 952 dua
2150 897 2287 953 ﬁlios
2316 900 2589 966 orpltanos
2613 898 2939 968 dereliquit,
2973 908 3030 955 et
3070 910 3153 955 est
3196 901 3403 957 inﬁdeli
3454 902 3612 959 dcte-

2014 991 2146 1047 rior.
2173 992 2473 1047 Notandum
2500 1008 2626 1048 esse
2653 993 2913 1062 quosdam
2940 994 3275 1051 Christianus
3303 997 3620 1054 deteriores

2016 1082 2337 1138 inﬁdelibus.
2372 1082 2549 1137 Vidua
2585 1085 2827 1154 eligatur.
2871 1086 3012 1152 Quas
3040 1087 3375 1143 diaconissas
3420 1091 3624 1159 appel-

2016 1172 2119 1235 lat,
2155 1171 2292 1227 tales
2320 1173 2492 1229 voluit
2521 1175 2681 1244 eligi,
2712 1190 2829 1244 quae
2856 1176 3105 1232 omnibus
3127 1190 3309 1233 essent
3332 1182 3619 1250 exemplo.

2018 1261 2139 1316 Non
2168 1266 2333 1316 minus
2357 1266 2626 1336 sexaginta
2670 1282 2946 1322 annorum.
2995 1268 3070 1323 De
3117 1271 3362 1339 pluribus
3407 1272 3623 1329 viduis.

1968 1410 1975 1425 λ
2009 1351 2138 1417 Quae
2153 1356 2312 1425 fuerit
2354 1357 2505 1411 unius
2549 1358 2642 1411 viri
2672 1376 2824 1427 uror,
2857 1361 2911 1414 in
2937 1362 3174 1431 operibus
3201 1363 3345 1418 bonis
3384 1367 3626 1421 testimo-

2017 1446 2157 1499 nium
2191 1445 2401 1501 habens.
2444 1447 2501 1503 Si
2531 1463 2596 1502 ex
2631 1457 2874 1519 tempore
2904 1452 3175 1507 viduitatis
3202 1469 3313 1509 suae
3354 1454 3460 1509 ista
3506 1470 3627 1510 om-

2019 1536 2103 1589 nia
2128 1537 2430 1593 custodivit.
2464 1539 2526 1595 Si
2551 1540 2688 1607 ﬁlios
2713 1543 2962 1597 educavit.
2996 1544 3050 1601 Si
3084 1554 3237 1601 natos
3262 1526 3552 1615 educavit,
3573 1560 3629 1604 et

2017 1630 2268 1684 aborsum
2298 1645 2406 1686 non
2434 1633 2768 1702 accipiendo,
2796 1645 2886 1690 aut
2906 1635 3016 1705 jam
3045 1647 3223 1692 natum
3252 1654 3357 1693 non
3384 1641 3628 1695 occidit.

2021 1720 2083 1775 Si
2123 1721 2345 1789 hospitio
2383 1725 2603 1797 recepit,
2640 1728 2687 1780 si
2708 1737 3003 1781 sanctorum
3039 1730 3189 1800 pedes
3229 1732 3374 1786 lavit.
3416 1725 3484 1789 Si
3518 1750 3628 1787 non

336 1818 504 1886 legis;
541 1818 640 1871 hoc
669 1818 909 1881 attende,
951 1826 1004 1872 ει
1043 1817 1126 1871 {ac
1165 1819 1303 1887 quod
1345 1819 1492 1887 legis,
1528 1817 1910 1883 Εειιονιαιὶοηῑ,
1951 1802 1994 1861 Β
2019 1812 2193 1866 solum
2239 1813 2469 1884 hospitio
2507 1817 2740 1887 recepit,
2772 1819 2867 1874 sed
2906 1821 3065 1875 etiam
3096 1824 3326 1890 pr0priis
3358 1826 3630 1879 manibus

337 1910 601 1963 doctrina.
636 1909 934 1964 Exhortare
953 1950 969 1976 ,
1001 1917 1059 1963 ut
1085 1909 1174 1963 ﬁat
1203 1928 1215 1963 :
1246 1910 1382 1965 doce
1409 1910 1679 1980 quomodo
1719 1909 1914 1964 intelli-

338 2007 529 2067 gantur
550 2000 797 2067 obscura,
816 2002 899 2054 vel
928 2001 1195 2069 quomodo
1222 2003 1424 2071 possint
1452 2002 1565 2056 ﬁeri
1588 2017 1705 2072 quae
1732 2001 1917 2071 legun-

2020 1904 2148 1958 lavit
2178 1906 2376 1975 pedes,
2407 1908 2551 1976 quod
2588 1908 2862 1966 deliciosm
2901 1912 2991 1966 vix
3030 1912 3250 1968 faciunt.
3283 1914 3345 1970 Si
3383 1916 3629 1969 tribula-

2018 1995 2205 2049 tionem
2254 1998 2563 2065 patientibus
2605 2001 3026 2059 subministravit.
3065 2002 3126 2059 ln
3170 2019 3397 2061 carcere
3424 2008 3632 2076 positis

338 2100 445 2145 tur.
475 2089 599 2143 Noli
625 2092 879 2162 negligere
901 2093 1120 2162 gratiam
1144 2108 1257 2160 qua:
1277 2094 1330 2147 in
1357 2103 1404 2147 te
1428 2100 1531 2159 est,
1558 2108 1673 2161 qua:
1696 2095 1818 2146 data
1844 2102 1917 2145 est
1974 2104 2001 2127 κ
2019 2087 2104 2140 vel
2138 2089 2373 2157 a-grotis.
2410 2088 2471 2145 Si
2499 2107 2649 2145 omne
2678 2107 2807 2163 opus
2835 2094 3023 2147 bonum
3053 2097 3319 2151 subsecuta
3342 2106 3444 2152 est.
3486 2099 3629 2183 Bre-

338 2183 450 2237 tibi.
494 2182 724 2251 Negligit
764 2184 1025 2252 gratiam,
1072 2186 1161 2251 qui
1202 2192 1477 2253 acceptum
1519 2185 1775 2239 talentum
1809 2200 1914 2239 non

336 2281 570 2326 exercet.
627 2271 729 2326 Per
776 2274 1097 2342 prophetiam
1144 2290 1259 2327 cum
1301 2277 1622 2343 impositione
1674 2292 1917 2330 ntanuunt

339 2362 658 2431 presbyterii.
703 2363 1003 2432 Pr0pltetiae
1030 2364 1260 2419 habebat
1294 2367 1519 2435 gratiam
1551 2366 1633 2421 vel
1654 2350 1918 2423 doctrinae

337 2469 461 2507 cum
500 2454 835 2510 ordinatione
875 2457 1251 2525 episcotiatus:
1294 2457 1407 2512 sive
1433 2472 1553 2513 cum
1584 2459 1920 2515 ordinatione

335 2553 619 2614 acceperat
664 2548 924 2615 gratiam,
979 2549 1063 2603 vel
1112 2548 1371 2614 docendi,
1425 2549 1507 2603 vel
1559 2550 1916 2619 intelligendi.

340 2634 466 2690 lltec
492 2638 758 2691 meditare.
790 2638 1013 2693 Omnem
1039 2640 1181 2694 enim
1212 2638 1507 2710 profectum
1534 2650 1755 2710 generat
1777 2641 1920 2710 jugis

337 2725 643 2781 meditatio.
678 2724 744 2779 In
777 2728 856 2781 his
883 2737 1013 2781 esto.
1054 2730 1170 2783 Non
1199 2730 1340 2783 enim
1372 2730 1548 2785 omnis
1575 2732 1663 2799 qui
1696 2732 1920 2786 medita-

336 2824 442 2881 tur,
487 2820 540 2870 iu
584 2816 714 2885 ipsis
756 2826 840 2871 est
879 2833 999 2887 qua:
1041 2820 1347 2874 meditatur.
1394 2819 1463 2876 Ut
1507 2826 1763 2891 profectus
1803 2831 1921 2876 tuus

335 2909 638 2977 manifestus
666 2910 730 2961 sit
761 2910 1023 2964 omnibus.
1054 2910 1205 2966 Tunc
1247 2913 1575 2967 manilestus-
1600 2913 1700 2967 erit
1741 2912 1918 2982 profe-

333 2998 483 3067 ctus,
516 3003 560 3056 si
594 3004 646 3055 in
677 3003 1024 3059 meditatione
1059 3006 1133 3059 sis
1168 3019 1382 3074 semper
1408 3016 1661 3060 attentus.
1706 3006 1921 3060 Attende

334 3097 424 3151 tibi
462 3106 507 3151 et
537 3097 806 3151 doctrinm.
861 3092 1042 3152 Primo
1073 3098 1165 3152 tibi
1185 3137 1200 3164 ,
1229 3098 1424 3153 deinde
1450 3098 1707 3153 doctrinae
1732 3114 1748 3156 :
1775 3107 1921 3153 utro-

333 3190 493 3258 hique
524 3191 816 3255 sollicitus,
845 3202 902 3245 ut
927 3201 983 3245 et
1010 3201 1062 3247 te
1087 3191 1192 3245 vita
1219 3192 1424 3258 salves,
1448 3201 1503 3245 et
1532 3193 1651 3247 illos
1677 3191 1919 3247 doctrina

330 3280 580 3348 exemplo
610 3279 840 3333 ﬁrmata.
874 3279 1020 3335 Iusta
1046 3282 1100 3336 in
1124 3282 1227 3336 illis
1250 3297 1270 3335 :
1301 3282 1398 3336 hoc
1424 3283 1557 3335 enim
1582 3283 1773 3353 faciens
1802 3292 1851 3336 et
1874 3292 1921 3337 te

332 3374 503 3441 ipsum
531 3375 729 3429 salttum
757 3375 945 3444 facies,
976 3385 1021 3428 et
1049 3376 1138 3445 qui
1164 3386 1212 3431 te
1236 3376 1470 3430 audiunt.
1497 3375 1641 3444 Quos
1664 3376 1846 3432 doces.

403 3465 532 3516 Car.
569 3478 623 3516 v.
668 3464 932 3518 Seniorem
973 3481 1036 3519 ne
1064 3466 1441 3535 increpaveris,
1494 3467 1585 3523 sed
1614 3467 1823 3521 obsecra
1862 3476 1919 3521 ut

334 3566 557 3626 patrem.
599 3554 676 3611 Ne
720 3556 940 3627 indigne
983 3558 1161 3612 ft-rens
1195 3558 1424 3627 junioris
1463 3560 1951 3628 iucrepationem,

332 3663 482 3715 esas.
501 3657 689 3703 eratus
718 3665 824 3704 non
857 3651 1097 3719 proficiat
1123 3668 1135 3703 :
1168 3651 1263 3706 sed
1289 3661 1345 3705 ut
1369 3665 1468 3707 suo
1494 3654 1641 3722 quasi
1671 3653 1920 3722 exemplo

337 3742 577 3795 destruat
600 3740 866 3811 juniores.
898 3739 1116 3796 Juvenes
1144 3756 1195 3796 u!
1226 3748 1431 3813 fratres.
1462 3743 1675 3799 Fratres
1700 3746 1919 3801 liberius

340 3843 767 3902 commonentur,
796 3843 853 3889 ut
877 3834 1042 3889 coaevi
1058 3879 1071 3904 ,
1102 3836 1346 3893 similiter
1366 3846 1419 3891 et
1441 3850 1675 3891 serares.
1700 3839 1839 3893 Anus
1863 3846 1918 3892 ut

333 3942 539 3983 matres.
563 3928 695 3984 Cum
723 3933 1039 3985 reverentia.
1063 3925 1369 3986 Juvenculas
1391 3943 1444 3985 ut
1464 3948 1682 3999 sorores,
1706 3934 1757 3985 in
1780 3933 1920 3987 omni

328 4021 583 4074 castitate.
619 4020 688 4074 Et
718 4021 915 4076 mentis
944 4028 1001 4076 et
1028 4023 1289 4092 corporis.
1336 4022 1524 4077 Viduas
1551 4023 1775 4091 honora,
1807 4040 1919 4094 quia

331 4126 447 4165 vere
473 4113 643 4166 vidule
669 4124 808 4167 sunt.
842 4115 1178 4170 Honorandm
1217 4123 1373 4181 sunt,
1415 4118 1716 4173 necessaria
1757 4118 1917 4172 inini-

328 4202 583 4268 strando,
620 4203 702 4258 vel
733 4205 923 4259 solatia
952 4206 1261 4275 prmbendo.
1316 4206 1378 4262 Si
1425 4222 1526 4277 qua
1555 4198 1743 4260 autem"
1763 4207 1918 4261 vidua

330 4291 587 4359 ﬁliosaut
616 4302 821 4364 nepotes
852 4294 1021 4348 habet.
1043 4296 1208 4350 Veras
1221 4298 1406 4352 viduas
1435 4298 1676 4353 deﬁnivit
1703 4298 1771 4352 ab
1796 4314 1916 4352 om-

333 4386 493 4440 nibus
511 4385 803 4451 desolatas,
832 4395 888 4441 et
913 4387 1178 4442 universis
1201 4391 1341 4443 curis
1365 4402 1572 4445 exutas.
1601 4390 1781 4444 Discat
1808 4394 1917 4462 pri-

329 4490 471 4528 mum
494 4476 701 4529 domum
724 4493 870 4531 suam
889 4493 1081 4548 regere,
1097 4489 1145 4533 et
1159 4490 1385 4534 mutuam
1404 4484 1561 4536 uicem
1585 4484 1794 4539 reddere
1820 4502 1917 4551 pa-

331 4565 559 4619 rentibus
581 4581 599 4618 :
627 4566 725 4618 hoc
761 4568 897 4620 enim
934 4580 1197 4639 acceptum
1235 4580 1309 4625 est
1337 4588 1512 4626 coram
1546 4573 1674 4629 Deo.
1708 4575 1915 4630 Tandiu

333 4669 487 4729 regat
535 4659 792 4727 domum,
837 4661 1071 4732 quandiu
1111 4664 1299 4720 edocet
1342 4664 1479 4720 ﬁlios
1523 4670 1771 4735 parvulos
1827 4678 1916 4724 aut

332 4762 553 4825 nepotes
574 4794 587 4817 ,
618 4761 676 4806 ut
701 4752 842 4823 quod
869 4767 898 4806 a
928 4754 1238 4822 parentibus
1264 4757 1505 4824 accepit,
1536 4758 1660 4814 ﬁliis
1687 4761 1875 4815 reddat
1900 4778 1914 4813 :

332 4844 402 4898 ita
453 4853 668 4909 tamen,
718 4853 775 4899 ut
824 4859 930 4899 non
971 4859 1039 4900 ex
1087 4847 1188 4903 hoc
1230 4850 1626 4905 excusationem
1678 4853 1917 4908 avaritiae

328 4936 700 5003 studeat,'sed
728 4937 1102 4994 sufficientiam
1136 4949 1338 4995 tantum
1369 4942 1471 4997 sibi
1503 4952 1559 4998 et
1589 4944 1771 4998 liberis
1801 4961 1913 5000 ser-

329 5042 452 5092 vet,
502 5044 599 5083 nec
636 5031 717 5085 eis
754 5029 868 5099 ipsa
909 5034 1247 5087 occasionem
1288 5033 1378 5088 det
1420 5034 1471 5087 in
1515 5037 1714 5089 smculo
1755 5037 1913 5090 luxu-

329 5118 519 5172 riandi.
550 5119 677 5182 Quas
700 5132 869 5174 autem
894 5138 1007 5175 vere
1032 5122 1185 5177 vidua
1207 5132 1281 5177 est
1303 5132 1350 5178 et
1376 5125 1609 5178 desolata
1626 5165 1641 5191 ,
1665 5136 1837 5194 sperat
1862 5129 1915 5182 in

326 5207 571 5262 Domino.
602 5208 760 5264 Tales
789 5222 914 5266 sunt
944 5213 1291 5270 honorandae.
1326 5215 1389 5270 Et
1418 5217 1573 5271 instat
1605 5219 1916 5273 obsecratio-

326 5303 477 5353 nibus
528 5304 578 5354 e’t
621 5302 937 5356 orationibus
974 5315 1119 5359 nocte
1158 5314 1205 5359 et
1246 5308 1348 5361 die.
1415 5307 1563 5364 Sicut
1609 5312 1759 5363 Anna
1804 5311 1911 5365 ﬁlia

324 5390 635 5446 Phanuelis.
663 5390 802 5445 Nam
829 5409 946 5462 quia
973 5395 1027 5449 in
1054 5398 1252 5452 deliciis
1270 5408 1341 5452 est
1370 5402 1558 5465 vivens,
1575 5412 1778 5467 mortua
1812 5414 1905 5458 est.

327 5482 394 5537 Et
423 5484 520 5538 hoc
545 5488 791 5557 prccipe,
836 5498 891 5541 ut
930 5488 1394 5561 irrepreltensibiles
1436 5498 1558 5550 sint.
1604 5496 1701 5553 Hic
1742 5497 1915 5552 nostri

329 5577 584 5645 temporis
613 5577 797 5633 viduas
827 5581 1036 5651 tangit,
1066 5596 1187 5652 qua:
1218 5598 1339 5638 cum
1374 5584 1643 5644 hominem
1677 5605 1785 5642 sna:
1817 5604 1915 5643 na-

324 5676 459 5722 tura:
496 5672 854 5742 qualicunque
883 5689 1056 5742 panno
1084 5690 1188 5729 non
1223 5677 1487 5744 vestiant,
1518 5680 1749 5748 parietes
1780 5695 1905 5750 pre-

324 5761 477 5816 tiosis
524 5778 847 5821 marmorum
886 5768 1082 5823 crustis
1132 5780 1417 5825 exornant.
1470 5772 1682 5829 Deliciis
1734 5786 1891 5841 Stllll‘,

2022 2176 2160 2231 viter
2196 2179 2477 2234 conclusit.
2519 2182 2954 2241 Ado'escentiores
2988 2197 3157 2242 autem
3192 2190 3370 2243 viduas
3411 2176 3625 2247 devita.

2023 2265 2207 2321 Devita
2238 2269 2492 2326 ordinare
2510 2314 2525 2338 ,
2557 2287 2625 2327 ne
2649 2274 2845 2330 malum
2873 2291 2971 2345 pro
2995 2278 3137 2332 bono
3162 2281 3252 2333 ﬁat
3277 2284 3627 2350 exemplum.

2027 2356 2117 2412 Vel
2152 2374 2256 2414 non
2287 2360 2457 2431 eligas
2488 2362 2554 2416 ad
2581 2363 2937 2420 ministerium
2967 2383 2983 2422 :
3017 2368 3103 2423 vel
3141 2378 3288 2425 certe
3325 2370 3629 2425 familiari-

2022 2458 2183 2505 tatem
2226 2450 2368 2522 fuge.
2414 2452 2542 2508 Cum
2585 2456 2719 2509 enim
2749 2457 3023 2514 luxuriant
3060 2461 3285 2529 fuerint,
3318 2462 3373 2514 in
3405 2461 3627 2518 Chrisfo

2020 2545 2210 2600 nubere
2233 2546 2430 2602 colunt.
2456 2546 2559 2602 Per
2583 2548 3024 2607 incontinentiam
3046 2570 3060 2605 :
3084 2554 3165 2607 vel
3191 2563 3337 2609 certe
3357 2568 3490 2608 cum
3517 2571 3629 2611 cm-

2020 2639 2199 2707 perint
2228 2639 2541 2695 inltonorari
2562 2683 2576 2707 ,
2614 2641 2855 2698 dicentes
2885 2658 2945 2699 se
2986 2645 3187 2701 nubere
3213 2645 3353 2701 velle
3400 2657 3625 2702 tantum

2022 2729 2072 2783 in
2104 2728 2371 2783 Domino;
2390 2728 2645 2785 Habentes
2676 2732 3057 2788 damnationem
3084 2750 3104 2788 :
3130 2737 3253 2803 quia
3285 2736 3517 2803 primam
3554 2737 3625 2807 ﬁ-

2020 2817 2136 2870 dem
2176 2821 2375 2872 irritam
2418 2818 2665 2889 fecerunt.
2721 2820 2856 2887 Quia
2910 2821 3151 2878 fecerunt
3193 2824 3294 2879 sibi
3352 2824 3625 2881 illicitum

2020 2909 2160 2978 quod
2205 2909 2420 2975 licebat,
2453 2910 2699 2965 vovendo
2726 2912 3046 2967 castitatem.
3094 2912 3222 2968 llam
3265 2928 3397 2968 vero
3425 2916 3627 2985 regula

2023 3019 2128 3057 non
2158 3002 2332 3057 solum
2364 3004 2417 3079 in
2447 3004 2619 3059 viduis
2641 3046 2656 3071 ,
2689 3005 2785 3061 sed
2816 3006 2977 3061 etiam
3020 3006 3071 3061 in
3104 3006 3400 3073 virginibus
3430 3010 3629 3063 conti-

2024 3095 2380 3165 nentibusque
2405 3096 2665 3151 servanda
2694 3107 2795 3151 est.
2832 3096 3010 3153 Simul
3041 3108 3215 3152 autem
3242 3109 3291 3152 et
3322 3100 3514 3152 οιὶοδαε
3545 3103 3631 3153 di-

1945 3173 1991 3234 C
2024 3196 2171 3241 scunt
2209 3188 2427 3241 circuire
2465 3190 2665 3243 domos.
2709 3188 2859 3243 Nulla
2898 3203 3025 3245 cura
3065 3189 3255 3244 domus
3294 3178 3626 3260 occupatae,

2025 3294 2126 3335 nec
2152 3280 2330 3334 mariti
2358 3288 2619 3349 potestate
2646 3280 2851 3350 ligatae,
2884 3296 3059 3352 neque
3084 3282 3266 3337 divino
3295 3281 3502 3338 timore
3537 3301 3633 3340 re-

2024 3378 2205 3425 tentae.
2241 3370 2362 3424 Non
2390 3371 2559 3425 solum
2587 3372 2784 3436 otiosae,
2814 3372 2902 3425 sed
2932 3381 2979 3425 et
3007 3373 3227 3427 verbosas
3241 3385 3275 3441 ,κ
3287 3382 3335 3427 et
3364 3374 3627 3441 curiosis,

2022 3461 2283 3532 loquentes
2301 3478 2418 3533 quat
2436 3478 2541 3517 non
2564 3472 2782 3534 oportet.
2806 3462 3146 3521 Voluntatem
3169 3454 3632 3521 suam'excusare

2021 3546 2298 3625 cupientes
2318 3598 2333 3624 ,
2362 3556 2559 3611 malum
2587 3556 2711 3610 aliis
2738 3556 2978 3625 prmbeut
3001 3555 3330 3624 exemplum.
3366 3555 3506 3610 Volo
3537 3574 3631 3611 er-

2021 3663 2104 3719 go.
2134 3645 2383 3703 Concedo
2412 3657 2703 3719 antequam
2735 3628 3075 3717 promittant;
3101 3645 3245 3715 quod
3272 3661 3378 3701 non
3408 3638 3634 3703 habent

2022 3740 2271 3809 implere.
2301 3738 2547 3794 Iuniores
2575 3738 2786 3793 nubere.
2827 3736 2982 3793 Ta'es
3021 3737 3206 3807 quales
3245 3750 3409 3807 supra
3448 3737 3627 3794 dixit.

2023 3829 2189 3886 Filios
2219 3847 2490 3902 procreare
2512 3870 2530 3898 ,
2560 3840 2847 3901 matresque
2878 3832 3102 3902 familias
3141 3846 3268 3886 esse.
3308 3830 3430 3885 Non
3459 3832 3629 3886 occi-

2023 3923 2182 3992 dere,
2213 3925 2336 3994 quia
2366 3940 2487 3993 qua:
2516 3924 2584 3980 de
2613 3924 2876 3980 adulterio
2916 3925 3213 3993 suscipiunt
3234 3964 3251 3989 ,
3297 3923 3632 3993 frequenter

2021 4016 2288 4094 occidunt.
2345 4016 2566 4072 Nullam
2596 4018 2910 4072 occasionem
2946 4018 3070 4072 dare
3109 4018 3403 4071 adversario
3445 4020 3631 4072 male-

2027 4110 2152 4163 dicti
2178 4109 2369 4181 gratia.
2414 4109 2505 4164 Vel
2538 4123 2646 4164 non
2674 4123 2772 4178 per
2803 4109 2924 4164 illas
2953 4108 3141 4179 religio
3182 4109 3630 4177 blaSpliemetur,

2019 4202 2065 4255 si
2095 4200 2490 4256 incontinentes
2513 4201 2643 4254 sint.
2669 4198 2792 4253 Jam
2817 4200 2949 4254 enim
2976 4201 3230 4269 quietiam.
3262 4199 3458 4255 Reddit
3483 4216 3637 4256 cau-

2018 4303 2107 4344 sas
2148 4304 2317 4359 quare
2343 4304 2436 4347 eas
2488 4289 2625 4346 velle
2654 4290 2856 4345 nubere
2883 4291 3189 4361 przedixerit
3209 4330 3225 4356 ,
3257 4305 3325 4345 ne
3349 4306 3471 4345 eum
3513 4295 3635 4348 hoc

2019 4389 2206 4449 optare
2234 4389 2473 4451 putares.
2517 4379 2783 4437 Conversa
2818 4392 2939 4437 sunt
2978 4392 3256 4437 retrorsum
3287 4394 3401 4453 post
3442 4381 3631 4438 Sata-

2021 4491 2159 4530 nam.
2199 4474 2291 4532 Vel
2323 4475 2482 4531 ﬁdem
2514 4476 2610 4532 Dei
2640 4476 2967 4548 denegantes
2987 4516 3002 4543 ,
3031 4478 3116 4533 vel
3147 4478 3307 4532 etiam
3338 4477 3633 4535 fornican-

1950 4547 1997 4606 υ
2024 4574 2122 4621 tes.
2155 4563 2218 4620 Si
2247 4567 2363 4635 quis
2389 4565 2556 4634 ﬁdelis
2585 4566 2764 4621 ltabcat
2791 4547 2991 4633 nam,
3011 4568 3360 4622 subministret
3390 4569 3525 4633 illis,
3564 4579 3632 4623 ut

2025 4673 2127 4711 non
2155 4667 2390 4727 gravetur
2428 4656 2678 4712 Ecclesia.
2721 4656 2779 4711 In
2818 4657 2979 4712 dumo
3007 4673 3134 4723 sua,
3170 4657 3253 4711 vel
3294 4658 3631 4727 parentibus

2024 4750 2365 4820 pauperibus.
2398 4749 2467 4805 Ut
2497 4751 2574 4804 Itis
2596 4766 2714 4821 qua:
2738 4766 2850 4805 vere
2873 4752 3039 4806 viduae
3064 4762 3182 4806 sunt
3210 4752 3447 4821 sufficiat.
3478 4751 3628 4818 Quae

2024 4834 2149 4895 sunt
2178 4840 2245 4894 ab
2275 4840 2579 4895 hominibus
2607 4841 2885 4895 desolatte.
2921 4841 3022 4907 Qui
3055 4843 3177 4895 bene
3205 4851 3432 4912 pressant
3465 4859 3624 4910 pres~

2026 4931 2206 5002 bgteri.
2234 4931 2337 4997 Qui
2365 4932 2589 5001 implent
2611 4930 2846 4987 ofﬁcium
2873 4946 3048 4986 suum.
3078 4930 3288 5002 Duplici
3311 4931 3508 4986 Itonore
3533 4936 3623 4987 di-

2022 5024 2112 5093 gni
2139 5024 2441 5077 habeantur.
2473 5023 2545 5080 Ut
2569 5024 2731 5077 ofﬁcii
2762 5033 2817 5079 et
2846 5024 3045 5079 laboris
3076 5025 3130 5079 in
3160 5024 3348 5079 verbo.
3382 5025 3626 5080 Maxime

2021 5118 2109 5186 qui
2133 5115 2367 5169 laborant
2391 5116 2444 5169 in
2468 5115 2640 5182 verbo,
2666 5124 2715 5169 et
2741 5115 2921 5169 docent
2947 5116 3000 5169 in
3027 5115 3281 5169 doctrina.
3309 5115 3423 5170 Non
3449 5115 3620 5181 dixit,

2023 5212 2256 5266 maxime
2283 5212 2372 5278 qui
2409 5210 2607 5265 habent
2634 5212 2855 5265 verbum
2876 5249 2891 5273 ,
2926 5210 3021 5264 sed
3051 5211 3137 5279 qui
3170 5208 3437 5263 laborant.
3472 5209 3617 5263 Nam

2022 5317 2209 5357 omnes
2238 5302 2497 5357 habentes
2528 5302 2643 5356 dari
2664 5303 2857 5372 jussit,
2881 5301 2984 5355 hoc
3013 5310 3125 5365 est,
3153 5299 3440 5355 docibiles.
3466 5296 3619 5353 Dicit

2022 5403 2154 5457 enim
2182 5402 2484 5471 Scriptura:
2519 5400 2638 5455 Non
2666 5401 2943 5471 infrenabis
2972 5418 3028 5455 os
3052 5401 3164 5453 bovi
3188 5401 3486 5465 trituranti;
3513 5411 3560 5454 et
3581 5415 3607 5454 :

2026 5502 2224 5573 Dignus
2260 5510 2333 5555 est
2369 5500 2634 5570 operarius
2674 5498 2902 5551 mercede
2930 5514 3045 5551 sua.
3076 5496 3200 5551 Vult
3226 5497 3331 5551 illis
3363 5497 3610 5567 νηλειπί

2019 5594 2284 5658 carnalia,
2321 5608 2351 5647 a
2376 5591 2569 5663 quibus
2613 5592 2884 5661 accipiunt
2921 5589 3223 5660 spiritalia:
3264 5591 3390 5661 quia
3441 5606 3614 5647 occu-

2019 5685 2125 5752 pati
2160 5686 2212 5737 in
2241 5683 2517 5747 doctrina,
2550 5682 2853 5737 necessaria
2883 5680 2985 5737 sibi
3018 5681 3305 5751 providere
3339 5698 3445 5736 non
3481 5697 3607 5751 pos-

2019 5786 2161 5835 sunt.
2213 5777 2462 5833 Adversus
2506 5774 2854 5849 presbyterum
2904 5774 3279 5832 accusationem
3321 5775 3433 5829 noli
3476 5772 3601 5828 rcci-
