  <div class='ocr_page' id='page_1' title='image "/cluster/home/n/w/nwhite01/storage/ocr_20150623/68/hvd.32044054758719/342.png"; bbox 0 0 3884 6172; ppageno 0'>
   <div class='ocr_carea' id='block_1_1' title="bbox 274 282 373 337">
    <p class='ocr_par' dir='ltr' id='par_1_1' title="bbox 274 282 373 337">
     <span class='ocr_line' id='line_1_1' title="bbox 274 282 373 337; baseline -0.04 0"><span class='ocrx_word' id='word_1_1' title='bbox 274 282 373 337; x_wconf 73' lang='lat'><strong>669</strong></span> 
     </span>
    </p>
   </div>
   <div class='ocr_carea' id='block_1_2' title="bbox 1064 281 2733 349">
    <p class='ocr_par' dir='ltr' id='par_1_2' title="bbox 1064 281 2733 349">
     <span class='ocr_line' id='line_1_2' title="bbox 1064 281 2733 349; baseline 0.007 -12"><span class='ocrx_word' id='word_1_2' title='bbox 1064 281 1126 337; x_wconf 76' lang='lat' dir='ltr'><strong>IN</strong></span> <span class='ocrx_word' id='word_1_3' title='bbox 1165 281 1549 338; x_wconf 71' lang='lat' dir='ltr'><strong>EPISTOLAM</strong></span> <span class='ocrx_word' id='word_1_4' title='bbox 1586 281 1606 338; x_wconf 86' lang='grc'><strong>1</strong></span> <span class='ocrx_word' id='word_1_5' title='bbox 1648 284 1736 338; x_wconf 77' lang='lat' dir='ltr'><strong>AD</strong></span> <span class='ocrx_word' id='word_1_6' title='bbox 1774 282 2182 341; x_wconf 77' lang='lat' dir='ltr'><strong>TIMOTIIEUM</strong></span> <span class='ocrx_word' id='word_1_7' title='bbox 2221 285 2733 349; x_wconf 68' lang='lat' dir='ltr'><strong>COMMENTARIA.</strong></span> 
     </span>
    </p>
   </div>
   <div class='ocr_carea' id='block_1_3' title="bbox 3420 303 3528 359">
    <p class='ocr_par' dir='ltr' id='par_1_3' title="bbox 3420 303 3528 359">
     <span class='ocr_line' id='line_1_3' title="bbox 3420 303 3528 359; baseline 0.028 -4"><span class='ocrx_word' id='word_1_8' title='bbox 3420 303 3528 359; x_wconf 80' lang='lat'><strong>670</strong></span> 
     </span>
    </p>
   </div>
   <div class='ocr_carea' id='block_1_4' title="bbox 269 392 3529 479">
    <p class='ocr_par' dir='ltr' id='par_1_4' title="bbox 269 392 3529 479">
     <span class='ocr_line' id='line_1_4' title="bbox 269 392 3529 479; baseline 0.01 -39"><span class='ocrx_word' id='word_1_9' title='bbox 269 404 415 457; x_wconf 85' lang='lat' dir='ltr'><strong>pere,</strong></span> <span class='ocrx_word' id='word_1_10' title='bbox 447 392 546 446; x_wconf 77' lang='lat' dir='ltr'><strong>nisi</strong></span> <span class='ocrx_word' id='word_1_11' title='bbox 569 393 659 446; x_wconf 87' lang='lat' dir='ltr'><strong>sub</strong></span> <span class='ocrx_word' id='word_1_12' title='bbox 689 394 880 449; x_wconf 79' lang='lat' dir='ltr'><strong>duobus</strong></span> <span class='ocrx_word' id='word_1_13' title='bbox 913 404 958 449; x_wconf 78' lang='lat' dir='ltr'><strong>et</strong></span> <span class='ocrx_word' id='word_1_14' title='bbox 988 397 1148 450; x_wconf 80' lang='lat' dir='ltr'><strong>tribus</strong></span> <span class='ocrx_word' id='word_1_15' title='bbox 1189 398 1418 455; x_wconf 84' lang='lat' dir='ltr'><strong>testibus.</strong></span> <span class='ocrx_word' id='word_1_16' title='bbox 1460 397 1718 467; x_wconf 89' lang='lat' dir='ltr'><strong>lnjustum</strong></span> <span class='ocrx_word' id='word_1_17' title='bbox 1762 406 1847 452; x_wconf 88' lang='lat' dir='ltr'><strong>cst</strong></span> <span class='ocrx_word' id='word_1_18' title='bbox 1876 399 1926 458; x_wconf 81' lang='grc' dir='ltr'><strong>Δ</strong></span> <span class='ocrx_word' id='word_1_19' title='bbox 1952 409 2134 453; x_wconf 88' lang='lat' dir='ltr'><strong>contra</strong></span> <span class='ocrx_word' id='word_1_20' title='bbox 2181 417 2275 470; x_wconf 84' lang='lat' dir='ltr'><strong>per</strong></span> <span class='ocrx_word' id='word_1_21' title='bbox 2304 404 2616 474; x_wconf 76' lang='lat' dir='ltr'><strong>religionem</strong></span> <span class='ocrx_word' id='word_1_22' title='bbox 2644 407 2698 462; x_wconf 84' lang='lat' dir='ltr'><strong>in</strong></span> <span class='ocrx_word' id='word_1_23' title='bbox 2730 406 2964 466; x_wconf 82' lang='lat' dir='ltr'><strong>deterius</strong></span> <span class='ocrx_word' id='word_1_24' title='bbox 2992 412 3274 471; x_wconf 80' lang='lat' dir='ltr'><strong>defecisse.</strong></span> <span class='ocrx_word' id='word_1_25' title='bbox 3306 414 3410 479; x_wconf 78' lang='lat' dir='ltr'><strong>Qui</strong></span> <span class='ocrx_word' id='word_1_26' title='bbox 3435 434 3529 471; x_wconf 56' lang='lat' dir='ltr'><strong>an.</strong></span> 
     </span>
    </p>
   </div>
   <div class='ocr_carea' id='block_1_5' title="bbox 268 480 1844 559">
    <p class='ocr_par' dir='ltr' id='par_1_5' title="bbox 268 480 1844 559">
     <span class='ocr_line' id='line_1_5' title="bbox 268 480 1844 559; baseline 0.006 -26"><span class='ocrx_word' id='word_1_27' title='bbox 268 480 519 559; x_wconf 76' lang='lat' dir='ltr'><strong>adversus</strong></span> <span class='ocrx_word' id='word_1_28' title='bbox 567 484 810 554; x_wconf 64' lang='lat' dir='ltr'><strong>quemuis</strong></span> <span class='ocrx_word' id='word_1_29' title='bbox 838 486 1115 541; x_wconf 76' lang='lat' dir='ltr'><strong>absentem</strong></span> <span class='ocrx_word' id='word_1_30' title='bbox 1143 488 1536 543; x_wconf 71' lang='lat' dir='ltr'><strong>accusationem</strong></span> <span class='ocrx_word' id='word_1_31' title='bbox 1565 489 1844 557; x_wconf 87' lang='lat' dir='ltr'><strong>recipere,</strong></span> 
     </span>
    </p>
   </div>
   <div class='ocr_carea' id='block_1_6' title="bbox 266 572 1850 649">
    <p class='ocr_par' dir='ltr' id='par_1_6' title="bbox 266 572 1850 649">
     <span class='ocr_line' id='line_1_6' title="bbox 266 572 1850 649; baseline 0.005 -24"><span class='ocrx_word' id='word_1_32' title='bbox 266 586 381 626; x_wconf 90' lang='lat' dir='ltr'><strong>cum</strong></span> <span class='ocrx_word' id='word_1_33' title='bbox 407 572 509 628; x_wconf 87' lang='lat' dir='ltr'><strong>hoc</strong></span> <span class='ocrx_word' id='word_1_34' title='bbox 535 589 636 631; x_wconf 88' lang='lat' dir='ltr'><strong>nec</strong></span> <span class='ocrx_word' id='word_1_35' title='bbox 659 576 936 631; x_wconf 61' lang='lat' dir='ltr'><strong>saecularia</strong></span> <span class='ocrx_word' id='word_1_36' title='bbox 962 577 1167 647; x_wconf 88' lang='lat' dir='ltr'><strong>judicia</strong></span> <span class='ocrx_word' id='word_1_37' title='bbox 1196 579 1422 639; x_wconf 82' lang='lat' dir='ltr'><strong>faciant:</strong></span> <span class='ocrx_word' id='word_1_38' title='bbox 1451 587 1652 649; x_wconf 89' lang='lat' dir='ltr'><strong>quanto</strong></span> <span class='ocrx_word' id='word_1_39' title='bbox 1680 579 1850 646; x_wconf 76' lang='lat' dir='ltr'><strong>magis</strong></span> 
     </span>
    </p>
   </div>
   <div class='ocr_carea' id='block_1_7' title="bbox 263 661 1845 740">
    <p class='ocr_par' dir='ltr' id='par_1_7' title="bbox 263 661 1845 740">
     <span class='ocr_line' id='line_1_7' title="bbox 263 661 1845 740; baseline 0.006 -25"><span class='ocrx_word' id='word_1_40' title='bbox 263 661 329 717; x_wconf 89' lang='lat' dir='ltr'><strong>de</strong></span> <span class='ocrx_word' id='word_1_41' title='bbox 348 663 562 719; x_wconf 82' lang='lat' dir='ltr'><strong>Domini</strong></span> <span class='ocrx_word' id='word_1_42' title='bbox 585 666 904 722; x_wconf 75' lang='lat' dir='ltr'><strong>sacerdote?</strong></span> <span class='ocrx_word' id='word_1_43' title='bbox 929 667 1201 737; x_wconf 68' lang='lat' dir='ltr'><strong>Reccitntes</strong></span> <span class='ocrx_word' id='word_1_44' title='bbox 1222 684 1391 723; x_wconf 84' lang='lat' dir='ltr'><strong>coram</strong></span> <span class='ocrx_word' id='word_1_45' title='bbox 1418 669 1650 725; x_wconf 88' lang='lat' dir='ltr'><strong>omnibus</strong></span> <span class='ocrx_word' id='word_1_46' title='bbox 1669 684 1845 740; x_wconf 80' lang='lat' dir='ltr'><strong><em>argue.</em></strong></span> 
     </span>
    </p>
   </div>
   <div class='ocr_carea' id='block_1_8' title="bbox 262 756 1844 833">
    <p class='ocr_par' dir='ltr' id='par_1_8' title="bbox 262 756 1844 833">
     <span class='ocr_line' id='line_1_8' title="bbox 262 756 1844 833; baseline 0.001 -19"><span class='ocrx_word' id='word_1_47' title='bbox 262 756 315 814; x_wconf 89' lang='lat' dir='ltr'><strong>Si</strong></span> <span class='ocrx_word' id='word_1_48' title='bbox 344 758 457 813; x_wconf 80' lang='lat' dir='ltr'><strong>illis</strong></span> <span class='ocrx_word' id='word_1_49' title='bbox 503 762 781 830; x_wconf 87' lang='lat' dir='ltr'><strong>probatum</strong></span> <span class='ocrx_word' id='word_1_50' title='bbox 822 762 1014 830; x_wconf 89' lang='lat' dir='ltr'><strong>fuerit,</strong></span> <span class='ocrx_word' id='word_1_51' title='bbox 1054 773 1113 818; x_wconf 91' lang='lat' dir='ltr'><strong>ut</strong></span> <span class='ocrx_word' id='word_1_52' title='bbox 1155 770 1249 823; x_wconf 85' lang='lat' dir='ltr'><strong>aut</strong></span> <span class='ocrx_word' id='word_1_53' title='bbox 1288 766 1403 832; x_wconf 84' lang='lat' dir='ltr'><strong>ipse</strong></span> <span class='ocrx_word' id='word_1_54' title='bbox 1440 765 1530 833; x_wconf 87' lang='lat' dir='ltr'><strong>qui</strong></span> <span class='ocrx_word' id='word_1_55' title='bbox 1573 764 1844 833; x_wconf 83' lang='lat' dir='ltr'><strong>plectitur,</strong></span> 
     </span>
    </p>
   </div>
   <div class='ocr_carea' id='block_1_9' title="bbox 261 852 1844 922">
    <p class='ocr_par' dir='ltr' id='par_1_9' title="bbox 261 852 1844 922">
     <span class='ocr_line' id='line_1_9' title="bbox 261 852 1844 922; baseline 0.003 -20"><span class='ocrx_word' id='word_1_56' title='bbox 261 852 562 920; x_wconf 79' lang='lat' dir='ltr'><strong>corrigatur</strong></span> <span class='ocrx_word' id='word_1_57' title='bbox 589 852 984 922; x_wconf 78' lang='lat' dir='ltr'><strong>experimento,</strong></span> <span class='ocrx_word' id='word_1_58' title='bbox 1012 862 1106 908; x_wconf 91' lang='lat' dir='ltr'><strong>aut</strong></span> <span class='ocrx_word' id='word_1_59' title='bbox 1132 853 1221 908; x_wconf 91' lang='lat' dir='ltr'><strong>alii</strong></span> <span class='ocrx_word' id='word_1_60' title='bbox 1253 861 1553 908; x_wconf 89' lang='lat' dir='ltr'><strong>terreantur</strong></span> <span class='ocrx_word' id='word_1_61' title='bbox 1576 853 1844 918; x_wconf 76' lang='lat' dir='ltr'><strong>exemplo.</strong></span> 
     </span>
    </p>
   </div>
   <div class='ocr_carea' id='block_1_10' title="bbox 265 940 1843 1013">
    <p class='ocr_par' dir='ltr' id='par_1_10' title="bbox 265 940 1843 1013">
     <span class='ocr_line' id='line_1_10' title="bbox 265 940 1843 1013; baseline 0.001 -19"><span class='ocrx_word' id='word_1_62' title='bbox 265 940 329 994; x_wconf 68' lang='lat' dir='ltr'><strong>lit</strong></span> <span class='ocrx_word' id='word_1_63' title='bbox 372 943 549 997; x_wconf 62' lang='grc' dir='ltr'><em>αττενί</em></span> <span class='ocrx_word' id='word_1_64' title='bbox 588 944 822 998; x_wconf 72' lang='lat' dir='ltr'><strong>timerem</strong></span> <span class='ocrx_word' id='word_1_65' title='bbox 852 944 1089 999; x_wconf 82' lang='lat' dir='ltr'><strong>habeant.</strong></span> <span class='ocrx_word' id='word_1_66' title='bbox 1124 944 1377 1000; x_wconf 84' lang='lat' dir='ltr'><strong>Videntes</strong></span> <span class='ocrx_word' id='word_1_67' title='bbox 1409 953 1459 997; x_wconf 92' lang='lat' dir='ltr'><strong>te</strong></span> <span class='ocrx_word' id='word_1_68' title='bbox 1492 958 1591 999; x_wconf 88' lang='lat' dir='ltr'><strong>nec</strong></span> <span class='ocrx_word' id='word_1_69' title='bbox 1619 943 1843 1013; x_wconf 68' lang='lat' dir='ltr'><strong>presby-</strong></span> 
     </span>
    </p>
   </div>
   <div class='ocr_carea' id='block_1_11' title="bbox 261 1034 1847 1105">
    <p class='ocr_par' dir='ltr' id='par_1_11' title="bbox 261 1034 1847 1105">
     <span class='ocr_line' id='line_1_11' title="bbox 261 1034 1847 1105; baseline 0.002 -19"><span class='ocrx_word' id='word_1_70' title='bbox 261 1040 378 1087; x_wconf 89' lang='lat' dir='ltr'><strong>tero</strong></span> <span class='ocrx_word' id='word_1_71' title='bbox 407 1034 719 1103; x_wconf 82' lang='lat' dir='ltr'><strong>pepercisse</strong></span> <span class='ocrx_word' id='word_1_72' title='bbox 748 1036 1010 1105; x_wconf 76' lang='lat' dir='ltr'><strong>peccanti.</strong></span> <span class='ocrx_word' id='word_1_73' title='bbox 1040 1036 1218 1090; x_wconf 85' lang='lat' dir='ltr'><strong>Testor</strong></span> <span class='ocrx_word' id='word_1_74' title='bbox 1241 1052 1413 1090; x_wconf 89' lang='lat' dir='ltr'><strong>coram</strong></span> <span class='ocrx_word' id='word_1_75' title='bbox 1442 1034 1548 1089; x_wconf 90' lang='lat' dir='ltr'><strong>Deo</strong></span> <span class='ocrx_word' id='word_1_76' title='bbox 1573 1048 1620 1090; x_wconf 88' lang='lat' dir='ltr'><strong>et</strong></span> <span class='ocrx_word' id='word_1_77' title='bbox 1646 1035 1847 1089; x_wconf 76' lang='lat' dir='ltr'><strong>Christo</strong></span> 
     </span>
    </p>
   </div>
   <div class='ocr_carea' id='block_1_12' title="bbox 257 1123 1845 1190">
    <p class='ocr_par' dir='ltr' id='par_1_12' title="bbox 257 1123 1845 1190">
     <span class='ocr_line' id='line_1_12' title="bbox 257 1123 1845 1190; baseline 0.002 -12"><span class='ocrx_word' id='word_1_78' title='bbox 257 1123 403 1181; x_wconf 75' lang='lat' dir='ltr'><strong>Iesu.</strong></span> <span class='ocrx_word' id='word_1_79' title='bbox 431 1125 743 1181; x_wconf 82' lang='lat' dir='ltr'><strong>Ubtestatur</strong></span> <span class='ocrx_word' id='word_1_80' title='bbox 767 1126 920 1181; x_wconf 91' lang='lat' dir='ltr'><strong>illum</strong></span> <span class='ocrx_word' id='word_1_81' title='bbox 946 1126 1127 1181; x_wconf 88' lang='lat' dir='ltr'><strong>divina</strong></span> <span class='ocrx_word' id='word_1_82' title='bbox 1153 1135 1210 1181; x_wconf 88' lang='lat' dir='ltr'><strong>et</strong></span> <span class='ocrx_word' id='word_1_83' title='bbox 1233 1125 1439 1181; x_wconf 70' lang='lat' dir='ltr'><strong>caelesti</strong></span> <span class='ocrx_word' id='word_1_84' title='bbox 1463 1127 1845 1190; x_wconf 84' lang='lat' dir='ltr'><strong>obtestatione,</strong></span> 
     </span>
    </p>
   </div>
   <div class='ocr_carea' id='block_1_13' title="bbox 258 1202 1847 1307">
    <p class='ocr_par' dir='ltr' id='par_1_13' title="bbox 258 1202 1847 1307">
     <span class='ocr_line' id='line_1_13' title="bbox 258 1202 1847 1307; baseline 0.002 -40"><span class='ocrx_word' id='word_1_85' title='bbox 258 1223 312 1267; x_wconf 92' lang='lat' dir='ltr'><strong>ut</strong></span> <span class='ocrx_word' id='word_1_86' title='bbox 338 1215 489 1269; x_wconf 87' lang='lat' dir='ltr'><strong>nulla</strong></span> <span class='ocrx_word' id='word_1_87' title='bbox 518 1230 608 1270; x_wconf 84' lang='lat' dir='ltr'><strong>res</strong></span> <span class='ocrx_word' id='word_1_88' title='bbox 632 1216 681 1270; x_wconf 89' lang='lat' dir='ltr'><strong>ei</strong></span> <span class='ocrx_word' id='word_1_89' title='bbox 710 1216 1021 1285; x_wconf 56' lang='lat' dir='ltr'><strong>prejudicet</strong></span> <span class='ocrx_word' id='word_1_90' title='bbox 1046 1216 1111 1270; x_wconf 85' lang='lat' dir='ltr'><strong>ad</strong></span> <span class='ocrx_word' id='word_1_91' title='bbox 1140 1218 1241 1270; x_wconf 90' lang='lat' dir='ltr'><strong>ista</strong></span> <span class='ocrx_word' id='word_1_92' title='bbox 1266 1216 1550 1307; x_wconf 71' lang='lat' dir='ltr'><strong>servanda.</strong></span> <span class='ocrx_word' id='word_1_93' title='bbox 1578 1215 1648 1270; x_wconf 83' lang='lat' dir='ltr'><strong>Et</strong></span> <span class='ocrx_word' id='word_1_94' title='bbox 1677 1202 1847 1270; x_wconf 82' lang='lat' dir='ltr'><strong>electis</strong></span> 
     </span>
    </p>
   </div>
   <div class='ocr_carea' id='block_1_14' title="bbox 257 1304 1843 1380">
    <p class='ocr_par' dir='ltr' id='par_1_14' title="bbox 257 1304 1843 1380">
     <span class='ocr_line' id='line_1_14' title="bbox 257 1304 1843 1380; baseline 0.003 -23"><span class='ocrx_word' id='word_1_95' title='bbox 257 1307 459 1374; x_wconf 84' lang='lat' dir='ltr'><strong>angelis</strong></span> <span class='ocrx_word' id='word_1_96' title='bbox 479 1348 493 1371; x_wconf 94' lang='lat'><strong>,</strong></span> <span class='ocrx_word' id='word_1_97' title='bbox 529 1316 582 1359; x_wconf 86' lang='lat' dir='ltr'><strong>ut</strong></span> <span class='ocrx_word' id='word_1_98' title='bbox 607 1304 718 1359; x_wconf 57' lang='lat' dir='ltr'><strong>hate</strong></span> <span class='ocrx_word' id='word_1_99' title='bbox 743 1308 1003 1363; x_wconf 87' lang='lat' dir='ltr'><strong>custodias</strong></span> <span class='ocrx_word' id='word_1_100' title='bbox 1033 1309 1145 1362; x_wconf 86' lang='lat' dir='ltr'><strong>sine</strong></span> <span class='ocrx_word' id='word_1_101' title='bbox 1172 1304 1497 1380; x_wconf 37' lang='lat' dir='ltr'><strong>praeiudicio.</strong></span> <span class='ocrx_word' id='word_1_102' title='bbox 1528 1308 1628 1376; x_wconf 81' lang='lat' dir='ltr'><strong>Qui</strong></span> <span class='ocrx_word' id='word_1_103' title='bbox 1675 1309 1843 1363; x_wconf 83' lang='lat' dir='ltr'><strong>sacris</strong></span> 
     </span>
    </p>
   </div>
   <div class='ocr_carea' id='block_1_15' title="bbox 256 1397 1847 1469">
    <p class='ocr_par' dir='ltr' id='par_1_15' title="bbox 256 1397 1847 1469">
     <span class='ocr_line' id='line_1_15' title="bbox 256 1397 1847 1469; baseline 0.003 -21"><span class='ocrx_word' id='word_1_104' title='bbox 256 1400 454 1450; x_wconf 87' lang='lat' dir='ltr'><strong>assistu</strong></span> <span class='ocrx_word' id='word_1_105' title='bbox 498 1407 517 1450; x_wconf 91' lang='lat' dir='ltr'><strong>t</strong></span> <span class='ocrx_word' id='word_1_106' title='bbox 552 1397 842 1463; x_wconf 83' lang='lat' dir='ltr'><strong>altaribus,</strong></span> <span class='ocrx_word' id='word_1_107' title='bbox 878 1399 962 1455; x_wconf 88' lang='lat' dir='ltr'><strong>vel</strong></span> <span class='ocrx_word' id='word_1_108' title='bbox 998 1400 1088 1467; x_wconf 86' lang='lat' dir='ltr'><strong>qui</strong></span> <span class='ocrx_word' id='word_1_109' title='bbox 1124 1414 1273 1455; x_wconf 84' lang='lat' dir='ltr'><strong>suam</strong></span> <span class='ocrx_word' id='word_1_110' title='bbox 1315 1400 1629 1469; x_wconf 80' lang='lat' dir='ltr'><strong>dignitatem</strong></span> <span class='ocrx_word' id='word_1_111' title='bbox 1664 1414 1847 1454; x_wconf 82' lang='lat' dir='ltr'><strong>serva-</strong></span> 
     </span>
    </p>
   </div>
   <div class='ocr_carea' id='block_1_16' title="bbox 256 1485 1846 1567">
    <p class='ocr_par' dir='ltr' id='par_1_16' title="bbox 256 1485 1846 1567">
     <span class='ocr_line' id='line_1_16' title="bbox 256 1485 1846 1567; baseline 0.005 -29"><span class='ocrx_word' id='word_1_112' title='bbox 256 1496 404 1541; x_wconf 91' lang='lat' dir='ltr'><strong>runt.</strong></span> <span class='ocrx_word' id='word_1_113' title='bbox 431 1485 585 1541; x_wconf 80' lang='lat' dir='ltr'><strong>Nihil</strong></span> <span class='ocrx_word' id='word_1_114' title='bbox 609 1489 881 1567; x_wconf 72' lang='lat' dir='ltr'><strong>[aciemin</strong></span> <span class='ocrx_word' id='word_1_115' title='bbox 908 1490 1064 1543; x_wconf 68' lang='lat' dir='ltr'><strong>aliam</strong></span> <span class='ocrx_word' id='word_1_116' title='bbox 1088 1500 1283 1557; x_wconf 87' lang='lat' dir='ltr'><strong>partem</strong></span> <span class='ocrx_word' id='word_1_117' title='bbox 1309 1490 1634 1561; x_wconf 81' lang='lat' dir='ltr'><strong>declinando.</strong></span> <span class='ocrx_word' id='word_1_118' title='bbox 1666 1491 1846 1560; x_wconf 85' lang='lat' dir='ltr'><strong>Neque</strong></span> 
     </span>
    </p>
   </div>
   <div class='ocr_carea' id='block_1_17' title="bbox 258 1579 1842 1658">
    <p class='ocr_par' dir='ltr' id='par_1_17' title="bbox 258 1579 1842 1658">
     <span class='ocr_line' id='line_1_17' title="bbox 258 1579 1842 1658; baseline 0.003 -26"><span class='ocrx_word' id='word_1_119' title='bbox 258 1581 305 1632; x_wconf 93' lang='lat' dir='ltr'><strong>in</strong></span> <span class='ocrx_word' id='word_1_120' title='bbox 338 1579 529 1633; x_wconf 79' lang='lat' dir='ltr'><strong>dextra</strong></span> <span class='ocrx_word' id='word_1_121' title='bbox 551 1619 569 1645; x_wconf 92' lang='lat'><strong>,</strong></span> <span class='ocrx_word' id='word_1_122' title='bbox 602 1595 777 1650; x_wconf 87' lang='lat' dir='ltr'><strong>neque</strong></span> <span class='ocrx_word' id='word_1_123' title='bbox 807 1581 859 1635; x_wconf 91' lang='lat' dir='ltr'><strong>in</strong></span> <span class='ocrx_word' id='word_1_124' title='bbox 888 1583 1131 1658; x_wconf 79' lang='lat' dir='ltr'><strong>sinistra.</strong></span> <span class='ocrx_word' id='word_1_125' title='bbox 1174 1580 1364 1638; x_wconf 77' lang='lat' dir='ltr'><strong>Manus</strong></span> <span class='ocrx_word' id='word_1_126' title='bbox 1402 1584 1503 1638; x_wconf 90' lang='lat' dir='ltr'><strong>cito</strong></span> <span class='ocrx_word' id='word_1_127' title='bbox 1531 1584 1719 1637; x_wconf 80' lang='lat' dir='ltr'><strong>nemini</strong></span> <span class='ocrx_word' id='word_1_128' title='bbox 1744 1586 1842 1637; x_wconf 84' lang='lat' dir='ltr'><strong>im-</strong></span> 
     </span>
    </p>
   </div>
   <div class='ocr_carea' id='block_1_18' title="bbox 253 1669 1844 1741">
    <p class='ocr_par' dir='ltr' id='par_1_18' title="bbox 253 1669 1844 1741">
     <span class='ocr_line' id='line_1_18' title="bbox 253 1669 1844 1741; baseline 0.004 -20"><span class='ocrx_word' id='word_1_129' title='bbox 253 1669 509 1738; x_wconf 85' lang='lat' dir='ltr'><strong>posueris.</strong></span> <span class='ocrx_word' id='word_1_130' title='bbox 542 1669 656 1724; x_wconf 85' lang='lat' dir='ltr'><strong>Non</strong></span> <span class='ocrx_word' id='word_1_131' title='bbox 683 1676 770 1725; x_wconf 90' lang='lat' dir='ltr'><strong>est</strong></span> <span class='ocrx_word' id='word_1_132' title='bbox 798 1670 943 1726; x_wconf 90' lang='lat' dir='ltr'><strong>enim</strong></span> <span class='ocrx_word' id='word_1_133' title='bbox 972 1671 1093 1727; x_wconf 90' lang='lat' dir='ltr'><strong>leve</strong></span> <span class='ocrx_word' id='word_1_134' title='bbox 1132 1682 1406 1741; x_wconf 87' lang='lat' dir='ltr'><strong>peccatum</strong></span> <span class='ocrx_word' id='word_1_135' title='bbox 1452 1674 1670 1728; x_wconf 87' lang='lat' dir='ltr'><strong>mittere</strong></span> <span class='ocrx_word' id='word_1_136' title='bbox 1703 1688 1844 1727; x_wconf 87' lang='lat' dir='ltr'><strong>mar-</strong></span> 
     </span>
    </p>
   </div>
   <div class='ocr_carea' id='block_1_19' title="bbox 1952 493 3529 581">
    <p class='ocr_par' dir='ltr' id='par_1_19' title="bbox 1952 493 3529 581">
     <span class='ocr_line' id='line_1_19' title="bbox 1952 493 3529 581; baseline 0.013 -38"><span class='ocrx_word' id='word_1_137' title='bbox 1952 499 2050 544; x_wconf 69' lang='lat' dir='ltr'><strong>tem</strong></span> <span class='ocrx_word' id='word_1_138' title='bbox 2074 493 2249 554; x_wconf 79' lang='lat' dir='ltr'><strong>Iitle‘les</strong></span> <span class='ocrx_word' id='word_1_139' title='bbox 2274 496 2459 551; x_wconf 83' lang='lat' dir='ltr'><strong>habent</strong></span> <span class='ocrx_word' id='word_1_140' title='bbox 2485 499 2737 566; x_wconf 85' lang='lat' dir='ltr'><strong>dominos,</strong></span> <span class='ocrx_word' id='word_1_141' title='bbox 2768 518 2868 555; x_wconf 91' lang='lat' dir='ltr'><strong>non</strong></span> <span class='ocrx_word' id='word_1_142' title='bbox 2892 514 3243 573; x_wconf 79' lang='lat' dir='ltr'><strong>contemnant,</strong></span> <span class='ocrx_word' id='word_1_143' title='bbox 3270 510 3390 578; x_wconf 89' lang='lat' dir='ltr'><strong>quia</strong></span> <span class='ocrx_word' id='word_1_144' title='bbox 3414 512 3529 581; x_wconf 79' lang='lat' dir='ltr'><strong>[ra-</strong></span> 
     </span>
    </p>
   </div>
   <div class='ocr_carea' id='block_1_20' title="bbox 1953 587 3534 675">
    <p class='ocr_par' dir='ltr' id='par_1_20' title="bbox 1953 587 3534 675">
     <span class='ocr_line' id='line_1_20' title="bbox 1953 587 3534 675; baseline 0.014 -40"><span class='ocrx_word' id='word_1_145' title='bbox 1953 591 2053 637; x_wconf 87' lang='lat' dir='ltr'><strong>tres</strong></span> <span class='ocrx_word' id='word_1_146' title='bbox 2076 596 2218 640; x_wconf 86' lang='lat' dir='ltr'><strong>sunt.</strong></span> <span class='ocrx_word' id='word_1_147' title='bbox 2252 587 2330 643; x_wconf 85' lang='lat' dir='ltr'><strong>Ne</strong></span> <span class='ocrx_word' id='word_1_148' title='bbox 2358 589 2459 644; x_wconf 87' lang='lat' dir='ltr'><strong>sibi</strong></span> <span class='ocrx_word' id='word_1_149' title='bbox 2488 592 2847 660; x_wconf 64' lang='lat' dir='ltr'><strong>mqualitatem</strong></span> <span class='ocrx_word' id='word_1_150' title='bbox 2889 596 3176 653; x_wconf 81' lang='lat' dir='ltr'><strong>vindicent.</strong></span> <span class='ocrx_word' id='word_1_151' title='bbox 3218 601 3326 655; x_wconf 83' lang='lat' dir='ltr'><strong>Sed</strong></span> <span class='ocrx_word' id='word_1_152' title='bbox 3368 605 3534 675; x_wconf 81' lang='lat' dir='ltr'><strong>magis</strong></span> 
     </span>
    </p>
   </div>
   <div class='ocr_carea' id='block_1_21' title="bbox 1950 675 3532 759">
    <p class='ocr_par' dir='ltr' id='par_1_21' title="bbox 1950 675 3532 759">
     <span class='ocr_line' id='line_1_21' title="bbox 1950 675 3532 759; baseline 0.014 -32"><span class='ocrx_word' id='word_1_153' title='bbox 1950 675 2205 743; x_wconf 80' lang='lat' dir='ltr'><strong>serviant,</strong></span> <span class='ocrx_word' id='word_1_154' title='bbox 2233 678 2356 749; x_wconf 87' lang='lat' dir='ltr'><strong>quia</strong></span> <span class='ocrx_word' id='word_1_155' title='bbox 2383 680 2562 748; x_wconf 77' lang='lat' dir='ltr'><strong>ﬁdeles</strong></span> <span class='ocrx_word' id='word_1_156' title='bbox 2583 694 2732 749; x_wconf 90' lang='lat' dir='ltr'><strong>sunt,</strong></span> <span class='ocrx_word' id='word_1_157' title='bbox 2762 696 2809 737; x_wconf 90' lang='lat' dir='ltr'><strong>et</strong></span> <span class='ocrx_word' id='word_1_158' title='bbox 2838 686 3045 753; x_wconf 79' lang='lat' dir='ltr'><strong>dilecti,</strong></span> <span class='ocrx_word' id='word_1_159' title='bbox 3070 692 3152 757; x_wconf 91' lang='lat' dir='ltr'><strong>qui</strong></span> <span class='ocrx_word' id='word_1_160' title='bbox 3174 690 3408 759; x_wconf 79' lang='lat' dir='ltr'><strong>beneﬁcii</strong></span> <span class='ocrx_word' id='word_1_161' title='bbox 3437 694 3532 749; x_wconf 65' lang='lat' dir='ltr'><strong>Dei</strong></span> 
     </span>
    </p>
   </div>
   <div class='ocr_carea' id='block_1_22' title="bbox 1949 768 3667 843">
    <p class='ocr_par' dir='ltr' id='par_1_22' title="bbox 1949 768 3667 843">
     <span class='ocr_line' id='line_1_22' title="bbox 1949 768 3667 843; baseline 0.013 -26"><span class='ocrx_word' id='word_1_162' title='bbox 1949 768 2224 839; x_wconf 77' lang='lat' dir='ltr'><strong>participes</strong></span> <span class='ocrx_word' id='word_1_163' title='bbox 2251 783 2393 827; x_wconf 88' lang='lat' dir='ltr'><strong>sunt.</strong></span> <span class='ocrx_word' id='word_1_164' title='bbox 2424 774 2483 828; x_wconf 88' lang='lat' dir='ltr'><strong>Si</strong></span> <span class='ocrx_word' id='word_1_165' title='bbox 2509 777 2813 831; x_wconf 80' lang='lat' dir='ltr'><strong>serviebant</strong></span> <span class='ocrx_word' id='word_1_166' title='bbox 2836 778 3139 835; x_wconf 89' lang='lat' dir='ltr'><strong>inﬁdelibus</strong></span> <span class='ocrx_word' id='word_1_167' title='bbox 3163 781 3351 839; x_wconf 82' lang='lat' dir='ltr'><strong>timore</strong></span> <span class='ocrx_word' id='word_1_168' title='bbox 3374 788 3530 841; x_wconf 87' lang='lat' dir='ltr'><strong>odiu-</strong></span> <span class='ocrx_word' id='word_1_169' title='bbox 3572 822 3582 843; x_wconf 60' lang='grc' dir='ltr'><strong>κ</strong></span> <span class='ocrx_word' id='word_1_170' title='bbox 3660 768 3667 777; x_wconf 33' lang='grc'><strong>“</strong></span> 
     </span>
    </p>
   </div>
   <div class='ocr_carea' id='block_1_23' title="bbox 1949 866 3533 941">
    <p class='ocr_par' dir='ltr' id='par_1_23' title="bbox 1949 866 3533 941">
     <span class='ocr_line' id='line_1_23' title="bbox 1949 866 3533 941; baseline 0.013 -30"><span class='ocrx_word' id='word_1_171' title='bbox 1949 870 2043 923; x_wconf 89' lang='lat' dir='ltr'><strong>so,</strong></span> <span class='ocrx_word' id='word_1_172' title='bbox 2074 871 2276 929; x_wconf 90' lang='lat' dir='ltr'><strong>quanto</strong></span> <span class='ocrx_word' id='word_1_173' title='bbox 2305 867 2477 935; x_wconf 80' lang='lat' dir='ltr'><strong>magis</strong></span> <span class='ocrx_word' id='word_1_174' title='bbox 2504 866 2699 922; x_wconf 87' lang='lat' dir='ltr'><strong>debent</strong></span> <span class='ocrx_word' id='word_1_175' title='bbox 2726 870 2929 924; x_wconf 83' lang='lat' dir='ltr'><strong>servire</strong></span> <span class='ocrx_word' id='word_1_176' title='bbox 2960 870 3206 927; x_wconf 88' lang='lat' dir='ltr'><strong>ﬁdelibus</strong></span> <span class='ocrx_word' id='word_1_177' title='bbox 3235 888 3329 941; x_wconf 89' lang='lat' dir='ltr'><strong>per</strong></span> <span class='ocrx_word' id='word_1_178' title='bbox 3356 877 3533 931; x_wconf 56' lang='lat' dir='ltr'><strong>chari-</strong></span> 
     </span>
    </p>
   </div>
   <div class='ocr_carea' id='block_1_24' title="bbox 1950 955 3530 1032">
    <p class='ocr_par' dir='ltr' id='par_1_24' title="bbox 1950 955 3530 1032">
     <span class='ocr_line' id='line_1_24' title="bbox 1950 955 3530 1032; baseline 0.013 -33"><span class='ocrx_word' id='word_1_179' title='bbox 1950 955 2111 1001; x_wconf 86' lang='lat' dir='ltr'><strong>tatem</strong></span> <span class='ocrx_word' id='word_1_180' title='bbox 2143 966 2367 1019; x_wconf 89' lang='lat' dir='ltr'><strong>quorum</strong></span> <span class='ocrx_word' id='word_1_181' title='bbox 2399 957 2681 1024; x_wconf 73' lang='lat' dir='ltr'><strong>participes</strong></span> <span class='ocrx_word' id='word_1_182' title='bbox 2705 973 2826 1014; x_wconf 85' lang='lat' dir='ltr'><strong>esse</strong></span> <span class='ocrx_word' id='word_1_183' title='bbox 2856 963 3204 1015; x_wconf 81' lang='lat' dir='ltr'><strong>meruerunt?</strong></span> <span class='ocrx_word' id='word_1_184' title='bbox 3233 963 3360 1019; x_wconf 68' lang='lat' dir='ltr'><strong>licet:</strong></span> <span class='ocrx_word' id='word_1_185' title='bbox 3385 967 3530 1032; x_wconf 81' lang='lat' dir='ltr'><strong>doce,</strong></span> 
     </span>
    </p>
   </div>
   <div class='ocr_carea' id='block_1_25' title="bbox 1949 1041 3532 1119">
    <p class='ocr_par' dir='ltr' id='par_1_25' title="bbox 1949 1041 3532 1119">
     <span class='ocr_line' id='line_1_25' title="bbox 1949 1041 3532 1119; baseline 0.012 -27"><span class='ocrx_word' id='word_1_186' title='bbox 1949 1048 1998 1092; x_wconf 89' lang='lat' dir='ltr'><strong>et</strong></span> <span class='ocrx_word' id='word_1_187' title='bbox 2026 1041 2316 1098; x_wconf 71' lang='lat' dir='ltr'><strong>exhortare.</strong></span> <span class='ocrx_word' id='word_1_188' title='bbox 2351 1046 2472 1101; x_wconf 82' lang='lat' dir='ltr'><strong>llaec</strong></span> <span class='ocrx_word' id='word_1_189' title='bbox 2496 1049 2671 1103; x_wconf 88' lang='lat' dir='ltr'><strong>omnia</strong></span> <span class='ocrx_word' id='word_1_190' title='bbox 2692 1092 2707 1118; x_wconf 96' lang='lat'><strong>,</strong></span> <span class='ocrx_word' id='word_1_191' title='bbox 2737 1066 2856 1119; x_wconf 73' lang='lat' dir='ltr'><strong>qua:</strong></span> <span class='ocrx_word' id='word_1_192' title='bbox 2884 1054 3026 1119; x_wconf 84' lang='lat' dir='ltr'><strong>dixi,</strong></span> <span class='ocrx_word' id='word_1_193' title='bbox 3055 1055 3189 1108; x_wconf 91' lang='lat' dir='ltr'><strong>doce</strong></span> <span class='ocrx_word' id='word_1_194' title='bbox 3216 1055 3409 1110; x_wconf 84' lang='lat' dir='ltr'><strong>debere</strong></span> <span class='ocrx_word' id='word_1_195' title='bbox 3438 1058 3532 1112; x_wconf 84' lang='lat' dir='ltr'><strong>lie-</strong></span> 
     </span>
    </p>
   </div>
   <div class='ocr_carea' id='block_1_26' title="bbox 1947 1132 3533 1215">
    <p class='ocr_par' dir='ltr' id='par_1_26' title="bbox 1947 1132 3533 1215">
     <span class='ocr_line' id='line_1_26' title="bbox 1947 1132 3533 1215; baseline 0.009 -28"><span class='ocrx_word' id='word_1_196' title='bbox 1947 1132 2028 1187; x_wconf 84' lang='lat' dir='ltr'><strong>ri:</strong></span> <span class='ocrx_word' id='word_1_197' title='bbox 2055 1144 2109 1188; x_wconf 91' lang='lat' dir='ltr'><strong>et</strong></span> <span class='ocrx_word' id='word_1_198' title='bbox 2131 1135 2434 1201; x_wconf 81' lang='lat' dir='ltr'><strong>cxhortare,</strong></span> <span class='ocrx_word' id='word_1_199' title='bbox 2465 1143 2740 1208; x_wconf 61' lang='lat' dir='ltr'><strong>praemium</strong></span> <span class='ocrx_word' id='word_1_200' title='bbox 2765 1142 3120 1197; x_wconf 82' lang='lat' dir='ltr'><strong>ostendendo.</strong></span> <span class='ocrx_word' id='word_1_201' title='bbox 3150 1144 3212 1199; x_wconf 88' lang='lat' dir='ltr'><strong>Si</strong></span> <span class='ocrx_word' id='word_1_202' title='bbox 3238 1147 3353 1215; x_wconf 89' lang='lat' dir='ltr'><strong>quis</strong></span> <span class='ocrx_word' id='word_1_203' title='bbox 3379 1147 3533 1201; x_wconf 63' lang='lat' dir='ltr'><strong>aliter</strong></span> 
     </span>
    </p>
   </div>
   <div class='ocr_carea' id='block_1_27' title="bbox 1947 1224 3532 1294">
    <p class='ocr_par' dir='ltr' id='par_1_27' title="bbox 1947 1224 3532 1294">
     <span class='ocr_line' id='line_1_27' title="bbox 1947 1224 3532 1294; baseline 0.01 -17"><span class='ocrx_word' id='word_1_204' title='bbox 1947 1224 2111 1293; x_wconf 87' lang='lat' dir='ltr'><strong>docet,</strong></span> <span class='ocrx_word' id='word_1_205' title='bbox 2137 1236 2184 1280; x_wconf 90' lang='lat' dir='ltr'><strong>et</strong></span> <span class='ocrx_word' id='word_1_206' title='bbox 2212 1245 2317 1281; x_wconf 90' lang='lat' dir='ltr'><strong>non</strong></span> <span class='ocrx_word' id='word_1_207' title='bbox 2342 1232 2614 1294; x_wconf 79' lang='lat' dir='ltr'><strong>acquiescit</strong></span> <span class='ocrx_word' id='word_1_208' title='bbox 2638 1236 2777 1287; x_wconf 89' lang='lat' dir='ltr'><strong>sanis</strong></span> <span class='ocrx_word' id='word_1_209' title='bbox 2802 1236 3117 1289; x_wconf 79' lang='lat' dir='ltr'><strong>sermonibus</strong></span> <span class='ocrx_word' id='word_1_210' title='bbox 3131 1236 3339 1290; x_wconf 84' lang='lat' dir='ltr'><strong>Domini</strong></span> <span class='ocrx_word' id='word_1_211' title='bbox 3367 1240 3532 1293; x_wconf 83' lang='lat' dir='ltr'><strong>nostri</strong></span> 
     </span>
    </p>
   </div>
   <div class='ocr_carea' id='block_1_28' title="bbox 1946 1313 3523 1398">
    <p class='ocr_par' dir='ltr' id='par_1_28' title="bbox 1946 1313 3523 1398">
     <span class='ocr_line' id='line_1_28' title="bbox 1946 1313 3523 1398; baseline 0.01 -30"><span class='ocrx_word' id='word_1_212' title='bbox 1946 1313 2073 1370; x_wconf 86' lang='lat' dir='ltr'><strong>Jesu</strong></span> <span class='ocrx_word' id='word_1_213' title='bbox 2099 1317 2311 1374; x_wconf 80' lang='lat' dir='ltr'><strong>Christi.</strong></span> <span class='ocrx_word' id='word_1_214' title='bbox 2345 1321 2594 1390; x_wconf 89' lang='lat' dir='ltr'><strong>Domini,</strong></span> <span class='ocrx_word' id='word_1_215' title='bbox 2625 1325 2714 1392; x_wconf 87' lang='lat' dir='ltr'><strong>qui</strong></span> <span class='ocrx_word' id='word_1_216' title='bbox 2746 1340 2841 1393; x_wconf 89' lang='lat' dir='ltr'><strong>per</strong></span> <span class='ocrx_word' id='word_1_217' title='bbox 2880 1341 2967 1381; x_wconf 89' lang='lat' dir='ltr'><strong>me</strong></span> <span class='ocrx_word' id='word_1_218' title='bbox 3008 1327 3258 1398; x_wconf 85' lang='lat' dir='ltr'><strong>loquitur,</strong></span> <span class='ocrx_word' id='word_1_219' title='bbox 3302 1327 3523 1383; x_wconf 86' lang='lat' dir='ltr'><strong>Christi.</strong></span> 
     </span>
    </p>
   </div>
   <div class='ocr_carea' id='block_1_29' title="bbox 1950 1404 3524 1482">
    <p class='ocr_par' dir='ltr' id='par_1_29' title="bbox 1950 1404 3524 1482">
     <span class='ocr_line' id='line_1_29' title="bbox 1950 1404 3524 1482; baseline 0.011 -24"><span class='ocrx_word' id='word_1_220' title='bbox 1950 1404 2017 1458; x_wconf 85' lang='lat' dir='ltr'><strong>Et</strong></span> <span class='ocrx_word' id='word_1_221' title='bbox 2046 1423 2162 1475; x_wconf 78' lang='lat' dir='ltr'><strong>qua:</strong></span> <span class='ocrx_word' id='word_1_222' title='bbox 2190 1411 2469 1464; x_wconf 87' lang='lat' dir='ltr'><strong>secundum</strong></span> <span class='ocrx_word' id='word_1_223' title='bbox 2501 1414 2735 1482; x_wconf 82' lang='lat' dir='ltr'><strong>pietatem</strong></span> <span class='ocrx_word' id='word_1_224' title='bbox 2764 1425 2835 1470; x_wconf 86' lang='lat' dir='ltr'><strong>est</strong></span> <span class='ocrx_word' id='word_1_225' title='bbox 2866 1416 3131 1473; x_wconf 70' lang='lat' dir='ltr'><strong>doctrinae.</strong></span> <span class='ocrx_word' id='word_1_226' title='bbox 3172 1419 3301 1473; x_wconf 82' lang='lat' dir='ltr'><strong>Novi</strong></span> <span class='ocrx_word' id='word_1_227' title='bbox 3331 1420 3524 1476; x_wconf 82' lang='lat' dir='ltr'><strong>Testa-</strong></span> 
     </span>
    </p>
   </div>
   <div class='ocr_carea' id='block_1_30' title="bbox 1949 1496 3524 1577">
    <p class='ocr_par' dir='ltr' id='par_1_30' title="bbox 1949 1496 3524 1577">
     <span class='ocr_line' id='line_1_30' title="bbox 1949 1496 3524 1577; baseline 0.013 -30"><span class='ocrx_word' id='word_1_228' title='bbox 1949 1496 2112 1551; x_wconf 79' lang='lat' dir='ltr'><strong>ntenti</strong></span> <span class='ocrx_word' id='word_1_229' title='bbox 2134 1514 2148 1552; x_wconf 89' lang='lat'><strong>:</strong></span> <span class='ocrx_word' id='word_1_230' title='bbox 2171 1498 2379 1554; x_wconf 81' lang='lat' dir='ltr'><strong>Veteris</strong></span> <span class='ocrx_word' id='word_1_231' title='bbox 2399 1503 2546 1557; x_wconf 91' lang='lat' dir='ltr'><strong>enim</strong></span> <span class='ocrx_word' id='word_1_232' title='bbox 2568 1519 2753 1560; x_wconf 85' lang='lat' dir='ltr'><strong>severa</strong></span> <span class='ocrx_word' id='word_1_233' title='bbox 2780 1508 2954 1575; x_wconf 85' lang='lat' dir='ltr'><strong>potius</strong></span> <span class='ocrx_word' id='word_1_234' title='bbox 2973 1520 3130 1577; x_wconf 85' lang='lat' dir='ltr'><strong>quam</strong></span> <span class='ocrx_word' id='word_1_235' title='bbox 3156 1511 3239 1577; x_wconf 87' lang='lat' dir='ltr'><strong>pia</strong></span> <span class='ocrx_word' id='word_1_236' title='bbox 3260 1512 3524 1568; x_wconf 88' lang='lat' dir='ltr'><strong>doctrina.</strong></span> 
     </span>
    </p>
   </div>
   <div class='ocr_carea' id='block_1_31' title="bbox 1948 1587 3528 1674">
    <p class='ocr_par' dir='ltr' id='par_1_31' title="bbox 1948 1587 3528 1674">
     <span class='ocr_line' id='line_1_31' title="bbox 1948 1587 3528 1674; baseline 0.011 -31"><span class='ocrx_word' id='word_1_237' title='bbox 1948 1587 2213 1657; x_wconf 79' lang='lat' dir='ltr'><strong>Superbus</strong></span> <span class='ocrx_word' id='word_1_238' title='bbox 2241 1602 2344 1661; x_wconf 88' lang='lat' dir='ltr'><strong>est,</strong></span> <span class='ocrx_word' id='word_1_239' title='bbox 2377 1595 2507 1649; x_wconf 85' lang='lat' dir='ltr'><strong>nihil</strong></span> <span class='ocrx_word' id='word_1_240' title='bbox 2531 1598 2718 1664; x_wconf 80' lang='lat' dir='ltr'><strong>sciens,</strong></span> <span class='ocrx_word' id='word_1_241' title='bbox 2745 1600 2833 1653; x_wconf 87' lang='lat' dir='ltr'><strong>sed</strong></span> <span class='ocrx_word' id='word_1_242' title='bbox 2865 1600 3113 1670; x_wconf 83' lang='lat' dir='ltr'><strong>languens</strong></span> <span class='ocrx_word' id='word_1_243' title='bbox 3133 1603 3269 1656; x_wconf 85' lang='lat' dir='ltr'><strong>circa</strong></span> <span class='ocrx_word' id='word_1_244' title='bbox 3288 1607 3528 1674; x_wconf 68' lang='lat' dir='ltr'><strong>quaestio-</strong></span> 
     </span>
    </p>
   </div>
   <div class='ocr_carea' id='block_1_32' title="bbox 1946 1679 3526 1759">
    <p class='ocr_par' dir='ltr' id='par_1_32' title="bbox 1946 1679 3526 1759">
     <span class='ocr_line' id='line_1_32' title="bbox 1946 1679 3526 1759; baseline 0.013 -29"><span class='ocrx_word' id='word_1_245' title='bbox 1946 1692 2054 1732; x_wconf 92' lang='lat' dir='ltr'><strong>nes.</strong></span> <span class='ocrx_word' id='word_1_246' title='bbox 2086 1679 2258 1749; x_wconf 89' lang='lat' dir='ltr'><strong>Super</strong></span> <span class='ocrx_word' id='word_1_247' title='bbox 2288 1683 2531 1741; x_wconf 89' lang='lat' dir='ltr'><strong>homines</strong></span> <span class='ocrx_word' id='word_1_248' title='bbox 2561 1701 2621 1742; x_wconf 87' lang='lat' dir='ltr'><strong>se</strong></span> <span class='ocrx_word' id='word_1_249' title='bbox 2648 1690 2911 1744; x_wconf 83' lang='lat' dir='ltr'><strong>extollens</strong></span> <span class='ocrx_word' id='word_1_250' title='bbox 2933 1733 2967 1757; x_wconf 93' lang='lat'><strong>,.</strong></span> <span class='ocrx_word' id='word_1_251' title='bbox 2995 1692 3127 1746; x_wconf 86' lang='lat' dir='ltr'><strong>nihil</strong></span> <span class='ocrx_word' id='word_1_252' title='bbox 3158 1695 3371 1759; x_wconf 86' lang='lat' dir='ltr'><strong>sciens,</strong></span> <span class='ocrx_word' id='word_1_253' title='bbox 3403 1711 3526 1751; x_wconf 90' lang='lat' dir='ltr'><strong>cum</strong></span> 
     </span>
    </p>
   </div>
   <div class='ocr_carea' id='block_1_33' title="bbox 253 1761 3535 1855">
    <p class='ocr_par' dir='ltr' id='par_1_33' title="bbox 253 1761 3535 1855">
     <span class='ocr_line' id='line_1_33' title="bbox 253 1761 3535 1855; baseline 0.009 -44"><span class='ocrx_word' id='word_1_254' title='bbox 253 1761 459 1828; x_wconf 76' lang='lat' dir='ltr'><strong>garitas</strong></span> <span class='ocrx_word' id='word_1_255' title='bbox 486 1770 612 1815; x_wconf 89' lang='lat' dir='ltr'><strong>ante</strong></span> <span class='ocrx_word' id='word_1_256' title='bbox 638 1775 861 1829; x_wconf 90' lang='lat' dir='ltr'><strong>porcos,</strong></span> <span class='ocrx_word' id='word_1_257' title='bbox 890 1772 945 1816; x_wconf 89' lang='lat' dir='ltr'><strong>et</strong></span> <span class='ocrx_word' id='word_1_258' title='bbox 970 1762 1101 1818; x_wconf 89' lang='lat' dir='ltr'><strong>dare</strong></span> <span class='ocrx_word' id='word_1_259' title='bbox 1127 1772 1370 1819; x_wconf 87' lang='lat' dir='ltr'><strong>sanctum</strong></span> <span class='ocrx_word' id='word_1_260' title='bbox 1396 1764 1649 1827; x_wconf 88' lang='lat' dir='ltr'><strong>canibus,</strong></span> <span class='ocrx_word' id='word_1_261' title='bbox 1677 1772 1731 1818; x_wconf 89' lang='lat' dir='ltr'><strong>et</strong></span> <span class='ocrx_word' id='word_1_262' title='bbox 1757 1779 1846 1818; x_wconf 86' lang='lat' dir='ltr'><strong>or-</strong></span> <span class='ocrx_word' id='word_1_263' title='bbox 1876 1767 1922 1828; x_wconf 73' lang='grc' dir='ltr'><strong>Β</strong></span> <span class='ocrx_word' id='word_1_264' title='bbox 1949 1785 2057 1824; x_wconf 92' lang='lat' dir='ltr'><strong>non</strong></span> <span class='ocrx_word' id='word_1_265' title='bbox 2080 1780 2162 1826; x_wconf 89' lang='lat' dir='ltr'><strong>est</strong></span> <span class='ocrx_word' id='word_1_266' title='bbox 2185 1773 2467 1829; x_wconf 86' lang='lat' dir='ltr'><strong>desursum</strong></span> <span class='ocrx_word' id='word_1_267' title='bbox 2492 1776 2579 1831; x_wconf 84' lang='lat' dir='ltr'><strong>illa</strong></span> <span class='ocrx_word' id='word_1_268' title='bbox 2603 1781 2884 1848; x_wconf 79' lang='lat' dir='ltr'><strong>sapientia.</strong></span> <span class='ocrx_word' id='word_1_269' title='bbox 2921 1781 2981 1834; x_wconf 79' lang='lat' dir='ltr'><strong>Et</strong></span> <span class='ocrx_word' id='word_1_270' title='bbox 3010 1799 3207 1855; x_wconf 81' lang='lat' dir='ltr'><strong>pugnas</strong></span> <span class='ocrx_word' id='word_1_271' title='bbox 3230 1786 3535 1855; x_wconf 63' lang='lat' dir='ltr'><strong>verborum,</strong></span> 
     </span>
    </p>
   </div>
   <div class='ocr_carea' id='block_1_34' title="bbox 255 1849 1845 1926">
    <p class='ocr_par' dir='ltr' id='par_1_34' title="bbox 255 1849 1845 1926">
     <span class='ocr_line' id='line_1_34' title="bbox 255 1849 1845 1926; baseline 0.005 -25"><span class='ocrx_word' id='word_1_272' title='bbox 255 1849 595 1905; x_wconf 87' lang='lat' dir='ltr'><strong>dinationem</strong></span> <span class='ocrx_word' id='word_1_273' title='bbox 628 1852 916 1909; x_wconf 88' lang='lat' dir='ltr'><strong>clericatus</strong></span> <span class='ocrx_word' id='word_1_274' title='bbox 951 1868 1287 1924; x_wconf 79' lang='lat' dir='ltr'><strong>nequaquam</strong></span> <span class='ocrx_word' id='word_1_275' title='bbox 1319 1856 1521 1910; x_wconf 87' lang='lat' dir='ltr'><strong>sanctis</strong></span> <span class='ocrx_word' id='word_1_276' title='bbox 1548 1866 1603 1911; x_wconf 92' lang='lat' dir='ltr'><strong>et</strong></span> <span class='ocrx_word' id='word_1_277' title='bbox 1639 1855 1690 1910; x_wconf 91' lang='lat' dir='ltr'><strong>in</strong></span> <span class='ocrx_word' id='word_1_278' title='bbox 1727 1855 1845 1926; x_wconf 77' lang='lat' dir='ltr'><strong>lego</strong></span> 
     </span>
    </p>
   </div>
   <div class='ocr_carea' id='block_1_35' title="bbox 256 1936 1844 2014">
    <p class='ocr_par' dir='ltr' id='par_1_35' title="bbox 256 1936 1844 2014">
     <span class='ocr_line' id='line_1_35' title="bbox 256 1936 1844 2014; baseline 0.004 -17"><span class='ocrx_word' id='word_1_279' title='bbox 256 1943 350 1998; x_wconf 75' lang='lat' dir='ltr'><strong>Dei</strong></span> <span class='ocrx_word' id='word_1_280' title='bbox 384 1944 747 2012; x_wconf 66' lang='lat' dir='ltr'><strong>doctissimis,</strong></span> <span class='ocrx_word' id='word_1_281' title='bbox 776 1946 872 2002; x_wconf 89' lang='lat' dir='ltr'><strong>sed</strong></span> <span class='ocrx_word' id='word_1_282' title='bbox 899 1949 1122 2003; x_wconf 87' lang='lat' dir='ltr'><strong>asseclis</strong></span> <span class='ocrx_word' id='word_1_283' title='bbox 1144 1949 1255 2003; x_wconf 84' lang='lat' dir='ltr'><strong>suis</strong></span> <span class='ocrx_word' id='word_1_284' title='bbox 1284 1936 1552 2014; x_wconf 88' lang='lat' dir='ltr'><strong>tribuere,</strong></span> <span class='ocrx_word' id='word_1_285' title='bbox 1582 1958 1638 2004; x_wconf 90' lang='lat' dir='ltr'><strong>et</strong></span> <span class='ocrx_word' id='word_1_286' title='bbox 1662 1949 1844 2005; x_wconf 88' lang='lat' dir='ltr'><strong>vilium</strong></span> 
     </span>
    </p>
   </div>
   <div class='ocr_carea' id='block_1_36' title="bbox 259 2035 1841 2109">
    <p class='ocr_par' dir='ltr' id='par_1_36' title="bbox 259 2035 1841 2109">
     <span class='ocr_line' id='line_1_36' title="bbox 259 2035 1841 2109; baseline 0.003 -19"><span class='ocrx_word' id='word_1_287' title='bbox 259 2035 567 2092; x_wconf 82' lang='lat' dir='ltr'><strong>ofﬁciorum</strong></span> <span class='ocrx_word' id='word_1_288' title='bbox 601 2038 892 2107; x_wconf 88' lang='lat' dir='ltr'><strong>ministris,</strong></span> <span class='ocrx_word' id='word_1_289' title='bbox 923 2040 1175 2109; x_wconf 87' lang='lat' dir='ltr'><strong>quodque</strong></span> <span class='ocrx_word' id='word_1_290' title='bbox 1202 2040 1288 2094; x_wconf 89' lang='lat' dir='ltr'><strong>his</strong></span> <span class='ocrx_word' id='word_1_291' title='bbox 1317 2040 1700 2095; x_wconf 82' lang='lat' dir='ltr'><strong>dcdecorosius</strong></span> <span class='ocrx_word' id='word_1_292' title='bbox 1723 2048 1807 2095; x_wconf 64' lang='lat' dir='ltr'><strong>est</strong></span> <span class='ocrx_word' id='word_1_293' title='bbox 1827 2082 1841 2105; x_wconf 95' lang='lat'><strong>,</strong></span> 
     </span>
    </p>
   </div>
   <div class='ocr_carea' id='block_1_37' title="bbox 253 2129 1842 2200">
    <p class='ocr_par' dir='ltr' id='par_1_37' title="bbox 253 2129 1842 2200">
     <span class='ocr_line' id='line_1_37' title="bbox 253 2129 1842 2200; baseline 0.003 -19"><span class='ocrx_word' id='word_1_294' title='bbox 253 2129 696 2183; x_wconf 86' lang='lat' dir='ltr'><strong>muliercularum</strong></span> <span class='ocrx_word' id='word_1_295' title='bbox 745 2129 1010 2198; x_wconf 88' lang='lat' dir='ltr'><strong>precibus.</strong></span> <span class='ocrx_word' id='word_1_296' title='bbox 1058 2130 1117 2184; x_wconf 92' lang='lat' dir='ltr'><strong>ln</strong></span> <span class='ocrx_word' id='word_1_297' title='bbox 1170 2145 1277 2200; x_wconf 92' lang='lat' dir='ltr'><strong>quo</strong></span> <span class='ocrx_word' id='word_1_298' title='bbox 1322 2131 1714 2185; x_wconf 86' lang='lat' dir='ltr'><strong>consideranda</strong></span> <span class='ocrx_word' id='word_1_299' title='bbox 1763 2131 1842 2186; x_wconf 83' lang='lat' dir='ltr'><strong>lo-</strong></span> 
     </span>
    </p>
   </div>
   <div class='ocr_carea' id='block_1_38' title="bbox 252 2217 1845 2291">
    <p class='ocr_par' dir='ltr' id='par_1_38' title="bbox 252 2217 1845 2291">
     <span class='ocr_line' id='line_1_38' title="bbox 252 2217 1845 2291; baseline 0.006 -24"><span class='ocrx_word' id='word_1_300' title='bbox 252 2219 472 2286; x_wconf 86' lang='lat' dir='ltr'><strong>quentis</strong></span> <span class='ocrx_word' id='word_1_301' title='bbox 498 2217 552 2272; x_wconf 91' lang='lat' dir='ltr'><strong>in</strong></span> <span class='ocrx_word' id='word_1_302' title='bbox 580 2233 641 2274; x_wconf 89' lang='lat' dir='ltr'><strong>se</strong></span> <span class='ocrx_word' id='word_1_303' title='bbox 668 2218 863 2273; x_wconf 86' lang='lat' dir='ltr'><strong>Christi</strong></span> <span class='ocrx_word' id='word_1_304' title='bbox 893 2220 1137 2288; x_wconf 83' lang='lat' dir='ltr'><strong>Apostoli</strong></span> <span class='ocrx_word' id='word_1_305' title='bbox 1164 2221 1427 2291; x_wconf 84' lang='lat' dir='ltr'><strong>sapientia</strong></span> <span class='ocrx_word' id='word_1_306' title='bbox 1449 2263 1465 2289; x_wconf 92' lang='lat'><strong>,</strong></span> <span class='ocrx_word' id='word_1_307' title='bbox 1494 2222 1586 2291; x_wconf 91' lang='lat' dir='ltr'><strong>qui</strong></span> <span class='ocrx_word' id='word_1_308' title='bbox 1616 2231 1672 2275; x_wconf 91' lang='lat' dir='ltr'><strong>ut</strong></span> <span class='ocrx_word' id='word_1_309' title='bbox 1698 2222 1845 2276; x_wconf 82' lang='lat' dir='ltr'><strong>ordi-</strong></span> 
     </span>
    </p>
   </div>
   <div class='ocr_carea' id='block_1_39' title="bbox 252 2308 1843 2383">
    <p class='ocr_par' dir='ltr' id='par_1_39' title="bbox 252 2308 1843 2383">
     <span class='ocr_line' id='line_1_39' title="bbox 252 2308 1843 2383; baseline 0.004 -20"><span class='ocrx_word' id='word_1_310' title='bbox 252 2308 492 2363; x_wconf 82' lang='lat' dir='ltr'><strong>nationis</strong></span> <span class='ocrx_word' id='word_1_311' title='bbox 544 2309 838 2377; x_wconf 86' lang='lat' dir='ltr'><strong>periculum</strong></span> <span class='ocrx_word' id='word_1_312' title='bbox 887 2311 1321 2379; x_wconf 82' lang='lat' dir='ltr'><strong>demonstraret,</strong></span> <span class='ocrx_word' id='word_1_313' title='bbox 1359 2311 1539 2383; x_wconf 78' lang='lat' dir='ltr'><strong>junxit</strong></span> <span class='ocrx_word' id='word_1_314' title='bbox 1578 2322 1843 2369; x_wconf 89' lang='lat' dir='ltr'><strong>tormenta</strong></span> 
     </span>
    </p>
   </div>
   <div class='ocr_carea' id='block_1_40' title="bbox 253 2397 1846 2474">
    <p class='ocr_par' dir='ltr' id='par_1_40' title="bbox 253 2397 1846 2474">
     <span class='ocr_line' id='line_1_40' title="bbox 253 2397 1846 2474; baseline 0.003 -22"><span class='ocrx_word' id='word_1_315' title='bbox 253 2398 617 2467; x_wconf 84' lang='lat' dir='ltr'><strong>peccantium.</strong></span> <span class='ocrx_word' id='word_1_316' title='bbox 658 2397 839 2470; x_wconf 84' lang='lat' dir='ltr'><strong>Neque</strong></span> <span class='ocrx_word' id='word_1_317' title='bbox 872 2403 1353 2468; x_wconf 86' lang='lat' dir='ltr'><strong>communicaveris,</strong></span> <span class='ocrx_word' id='word_1_318' title='bbox 1382 2402 1559 2472; x_wconf 85' lang='lat' dir='ltr'><strong>inquit</strong></span> <span class='ocrx_word' id='word_1_319' title='bbox 1580 2444 1595 2469; x_wconf 94' lang='lat'><strong>,</strong></span> <span class='ocrx_word' id='word_1_320' title='bbox 1628 2404 1846 2474; x_wconf 80' lang='lat' dir='ltr'><strong>peccatis</strong></span> 
     </span>
    </p>
   </div>
   <div class='ocr_carea' id='block_1_41' title="bbox 254 2489 1850 2565">
    <p class='ocr_par' dir='ltr' id='par_1_41' title="bbox 254 2489 1850 2565">
     <span class='ocr_line' id='line_1_41' title="bbox 254 2489 1850 2565; baseline 0.004 -22"><span class='ocrx_word' id='word_1_321' title='bbox 254 2489 462 2547; x_wconf 87' lang='lat' dir='ltr'><strong>alienis.</strong></span> <span class='ocrx_word' id='word_1_322' title='bbox 505 2492 655 2548; x_wconf 89' lang='lat' dir='ltr'><strong>Sicut</strong></span> <span class='ocrx_word' id='word_1_323' title='bbox 688 2508 818 2564; x_wconf 78' lang='lat' dir='ltr'><strong>ergo</strong></span> <span class='ocrx_word' id='word_1_324' title='bbox 856 2493 907 2548; x_wconf 92' lang='lat' dir='ltr'><strong>in</strong></span> <span class='ocrx_word' id='word_1_325' title='bbox 936 2496 1366 2552; x_wconf 85' lang='lat' dir='ltr'><strong>ordinationibus</strong></span> <span class='ocrx_word' id='word_1_326' title='bbox 1391 2497 1654 2550; x_wconf 88' lang='lat' dir='ltr'><strong>malorum</strong></span> <span class='ocrx_word' id='word_1_327' title='bbox 1683 2496 1850 2565; x_wconf 84' lang='lat' dir='ltr'><strong>parti-</strong></span> 
     </span>
    </p>
   </div>
   <div class='ocr_carea' id='block_1_42' title="bbox 255 2585 1851 2655">
    <p class='ocr_par' dir='ltr' id='par_1_42' title="bbox 255 2585 1851 2655">
     <span class='ocr_line' id='line_1_42' title="bbox 255 2585 1851 2655; baseline 0.004 -19"><span class='ocrx_word' id='word_1_328' title='bbox 255 2594 387 2650; x_wconf 87' lang='lat' dir='ltr'><strong>ceps</strong></span> <span class='ocrx_word' id='word_1_329' title='bbox 413 2590 501 2635; x_wconf 90' lang='lat' dir='ltr'><strong>est</strong></span> <span class='ocrx_word' id='word_1_330' title='bbox 528 2592 906 2651; x_wconf 76' lang='lat' dir='ltr'><strong>peccatorum,</strong></span> <span class='ocrx_word' id='word_1_331' title='bbox 938 2586 1025 2654; x_wconf 89' lang='lat' dir='ltr'><strong>qui</strong></span> <span class='ocrx_word' id='word_1_332' title='bbox 1056 2585 1193 2644; x_wconf 85' lang='lat' dir='ltr'><strong>tales</strong></span> <span class='ocrx_word' id='word_1_333' title='bbox 1218 2587 1530 2655; x_wconf 89' lang='lat' dir='ltr'><strong>constituit,</strong></span> <span class='ocrx_word' id='word_1_334' title='bbox 1560 2588 1640 2642; x_wconf 86' lang='lat' dir='ltr'><strong>s&#39;c</strong></span> <span class='ocrx_word' id='word_1_335' title='bbox 1673 2586 1724 2640; x_wconf 92' lang='lat' dir='ltr'><strong>in</strong></span> <span class='ocrx_word' id='word_1_336' title='bbox 1760 2602 1851 2642; x_wconf 81' lang='lat' dir='ltr'><strong>or—</strong></span> 
     </span>
    </p>
   </div>
   <div class='ocr_carea' id='block_1_43' title="bbox 255 2672 1848 2749">
    <p class='ocr_par' dir='ltr' id='par_1_43' title="bbox 255 2672 1848 2749">
     <span class='ocr_line' id='line_1_43' title="bbox 255 2672 1848 2749; baseline 0.005 -23"><span class='ocrx_word' id='word_1_337' title='bbox 255 2672 535 2729; x_wconf 86' lang='lat' dir='ltr'><strong>dinatione</strong></span> <span class='ocrx_word' id='word_1_338' title='bbox 560 2683 872 2732; x_wconf 89' lang='lat' dir='ltr'><strong>sanctorum</strong></span> <span class='ocrx_word' id='word_1_339' title='bbox 901 2678 1169 2748; x_wconf 84' lang='lat' dir='ltr'><strong>particeps</strong></span> <span class='ocrx_word' id='word_1_340' title='bbox 1192 2686 1277 2734; x_wconf 88' lang='lat' dir='ltr'><strong>est</strong></span> <span class='ocrx_word' id='word_1_341' title='bbox 1301 2694 1491 2735; x_wconf 88' lang='lat' dir='ltr'><strong>eorum</strong></span> <span class='ocrx_word' id='word_1_342' title='bbox 1514 2680 1735 2749; x_wconf 68' lang='lat' dir='ltr'><strong>justitiae</strong></span> <span class='ocrx_word' id='word_1_343' title='bbox 1759 2681 1848 2749; x_wconf 90' lang='lat' dir='ltr'><strong>qui</strong></span> 
     </span>
    </p>
   </div>
   <div class='ocr_carea' id='block_1_44' title="bbox 257 2762 1845 2839">
    <p class='ocr_par' dir='ltr' id='par_1_44' title="bbox 257 2762 1845 2839">
     <span class='ocr_line' id='line_1_44' title="bbox 257 2762 1845 2839; baseline 0.005 -22"><span class='ocrx_word' id='word_1_344' title='bbox 257 2762 429 2818; x_wconf 87' lang='lat' dir='ltr'><strong>bonos</strong></span> <span class='ocrx_word' id='word_1_345' title='bbox 453 2765 633 2836; x_wconf 77' lang='lat' dir='ltr'><strong>elegit.</strong></span> <span class='ocrx_word' id='word_1_346' title='bbox 662 2766 848 2837; x_wconf 83' lang='lat' dir='ltr'><strong>Neque</strong></span> <span class='ocrx_word' id='word_1_347' title='bbox 868 2769 1351 2825; x_wconf 76' lang='lat' dir='ltr'><strong>communicaveris</strong></span> <span class='ocrx_word' id='word_1_348' title='bbox 1376 2770 1609 2839; x_wconf 75' lang='lat' dir='ltr'><strong>peCcatis</strong></span> <span class='ocrx_word' id='word_1_349' title='bbox 1629 2770 1845 2835; x_wconf 88' lang='lat' dir='ltr'><strong>alienis;</strong></span> 
     </span>
    </p>
   </div>
   <div class='ocr_carea' id='block_1_45' title="bbox 255 2858 1852 2933">
    <p class='ocr_par' dir='ltr' id='par_1_45' title="bbox 255 2858 1852 2933">
     <span class='ocr_line' id='line_1_45' title="bbox 255 2858 1852 2933; baseline 0.006 -23"><span class='ocrx_word' id='word_1_350' title='bbox 255 2858 647 2913; x_wconf 79' lang='lat' dir='ltr'><strong>communicari</strong></span> <span class='ocrx_word' id='word_1_351' title='bbox 670 2860 803 2914; x_wconf 89' lang='lat' dir='ltr'><strong>dicit</strong></span> <span class='ocrx_word' id='word_1_352' title='bbox 829 2861 1064 2929; x_wconf 86' lang='lat' dir='ltr'><strong>peccatis</strong></span> <span class='ocrx_word' id='word_1_353' title='bbox 1090 2861 1205 2931; x_wconf 86' lang='lat' dir='ltr'><strong>ejus</strong></span> <span class='ocrx_word' id='word_1_354' title='bbox 1229 2862 1318 2932; x_wconf 91' lang='lat' dir='ltr'><strong>qui</strong></span> <span class='ocrx_word' id='word_1_355' title='bbox 1348 2878 1452 2917; x_wconf 92' lang='lat' dir='ltr'><strong>non</strong></span> <span class='ocrx_word' id='word_1_356' title='bbox 1480 2863 1735 2933; x_wconf 89' lang='lat' dir='ltr'><strong>probatus</strong></span> <span class='ocrx_word' id='word_1_357' title='bbox 1762 2880 1852 2919; x_wconf 90' lang='lat' dir='ltr'><strong>or-</strong></span> 
     </span>
    </p>
   </div>
   <div class='ocr_carea' id='block_1_46' title="bbox 256 2949 1848 3024">
    <p class='ocr_par' dir='ltr' id='par_1_46' title="bbox 256 2949 1848 3024">
     <span class='ocr_line' id='line_1_46' title="bbox 256 2949 1848 3024; baseline 0.005 -22"><span class='ocrx_word' id='word_1_358' title='bbox 256 2949 500 3005; x_wconf 86' lang='lat' dir='ltr'><strong>dinatur.</strong></span> <span class='ocrx_word' id='word_1_359' title='bbox 530 2950 767 3021; x_wconf 84' lang='lat' dir='ltr'><strong>Teipsum</strong></span> <span class='ocrx_word' id='word_1_360' title='bbox 796 2962 991 3007; x_wconf 88' lang='lat' dir='ltr'><strong>castum</strong></span> <span class='ocrx_word' id='word_1_361' title='bbox 1019 2954 1244 3012; x_wconf 86' lang='lat' dir='ltr'><strong>custodi.</strong></span> <span class='ocrx_word' id='word_1_362' title='bbox 1281 2953 1352 3011; x_wconf 87' lang='lat' dir='ltr'><strong>Ut</strong></span> <span class='ocrx_word' id='word_1_363' title='bbox 1388 2955 1561 3024; x_wconf 86' lang='lat' dir='ltr'><strong>possis</strong></span> <span class='ocrx_word' id='word_1_364' title='bbox 1593 2955 1729 3010; x_wconf 84' lang='lat' dir='ltr'><strong>alios</strong></span> <span class='ocrx_word' id='word_1_365' title='bbox 1754 2971 1848 3010; x_wconf 84' lang='lat' dir='ltr'><strong>au-</strong></span> 
     </span>
    </p>
   </div>
   <div class='ocr_carea' id='block_1_47' title="bbox 255 3042 1851 3115">
    <p class='ocr_par' dir='ltr' id='par_1_47' title="bbox 255 3042 1851 3115">
     <span class='ocr_line' id='line_1_47' title="bbox 255 3042 1851 3115; baseline 0.004 -21"><span class='ocrx_word' id='word_1_366' title='bbox 255 3042 452 3096; x_wconf 89' lang='lat' dir='ltr'><strong>denter</strong></span> <span class='ocrx_word' id='word_1_367' title='bbox 487 3054 738 3111; x_wconf 76' lang='lat' dir='ltr'><strong>atguere.</strong></span> <span class='ocrx_word' id='word_1_368' title='bbox 780 3042 909 3098; x_wconf 85' lang='lat' dir='ltr'><strong>Noli</strong></span> <span class='ocrx_word' id='word_1_369' title='bbox 935 3044 1105 3097; x_wconf 86' lang='lat' dir='ltr'><strong>adhuc</strong></span> <span class='ocrx_word' id='word_1_370' title='bbox 1135 3060 1319 3115; x_wconf 88' lang='lat' dir='ltr'><strong>aquam</strong></span> <span class='ocrx_word' id='word_1_371' title='bbox 1360 3045 1561 3111; x_wconf 89' lang='lat' dir='ltr'><strong>bibere,</strong></span> <span class='ocrx_word' id='word_1_372' title='bbox 1607 3044 1696 3098; x_wconf 87' lang='lat' dir='ltr'><strong>sed</strong></span> <span class='ocrx_word' id='word_1_373' title='bbox 1733 3048 1851 3100; x_wconf 82' lang='lat' dir='ltr'><strong>uino</strong></span> 
     </span>
    </p>
   </div>
   <div class='ocr_carea' id='block_1_48' title="bbox 1949 1864 3525 1948">
    <p class='ocr_par' dir='ltr' id='par_1_48' title="bbox 1949 1864 3525 1948">
     <span class='ocr_line' id='line_1_48' title="bbox 1949 1864 3525 1948; baseline 0.013 -35"><span class='ocrx_word' id='word_1_374' title='bbox 1949 1876 2013 1914; x_wconf 78' lang='lat' dir='ltr'><strong>ea:</strong></span> <span class='ocrx_word' id='word_1_375' title='bbox 2039 1864 2223 1933; x_wconf 79' lang='lat' dir='ltr'><strong>quibus</strong></span> <span class='ocrx_word' id='word_1_376' title='bbox 2262 1868 2503 1922; x_wconf 87' lang='lat' dir='ltr'><strong>oriuntur</strong></span> <span class='ocrx_word' id='word_1_377' title='bbox 2541 1870 2763 1926; x_wconf 65' lang='lat' dir='ltr'><strong>invidiae.</strong></span> <span class='ocrx_word' id='word_1_378' title='bbox 2808 1872 3015 1929; x_wconf 78' lang='lat' dir='ltr'><strong>Relicto</strong></span> <span class='ocrx_word' id='word_1_379' title='bbox 3052 1890 3213 1931; x_wconf 89' lang='lat' dir='ltr'><strong>sensu</strong></span> <span class='ocrx_word' id='word_1_380' title='bbox 3251 1879 3525 1948; x_wconf 84' lang='lat' dir='ltr'><strong>veritatis,</strong></span> 
     </span>
    </p>
   </div>
   <div class='ocr_carea' id='block_1_49' title="bbox 1949 1952 3535 2039">
    <p class='ocr_par' dir='ltr' id='par_1_49' title="bbox 1949 1952 3535 2039">
     <span class='ocr_line' id='line_1_49' title="bbox 1949 1952 3535 2039; baseline 0.013 -34"><span class='ocrx_word' id='word_1_381' title='bbox 1949 1952 2386 2023; x_wconf 77' lang='lat' dir='ltr'><strong>ambiguitatibus</strong></span> <span class='ocrx_word' id='word_1_382' title='bbox 2426 1961 2712 2016; x_wconf 89' lang='lat' dir='ltr'><strong>verborum</strong></span> <span class='ocrx_word' id='word_1_383' title='bbox 2772 1973 3071 2033; x_wconf 87' lang='lat' dir='ltr'><strong>captantur.</strong></span> <span class='ocrx_word' id='word_1_384' title='bbox 3133 1966 3535 2039; x_wconf 79' lang='lat' dir='ltr'><strong>Contentiones,</strong></span> 
     </span>
    </p>
   </div>
   <div class='ocr_carea' id='block_1_50' title="bbox 1950 2042 3523 2124">
    <p class='ocr_par' dir='ltr' id='par_1_50' title="bbox 1950 2042 3523 2124">
     <span class='ocr_line' id='line_1_50' title="bbox 1950 2042 3523 2124; baseline 0.013 -29"><span class='ocrx_word' id='word_1_385' title='bbox 1950 2042 2296 2114; x_wconf 65' lang='lat' dir='ltr'><strong>blasphemiae.</strong></span> <span class='ocrx_word' id='word_1_386' title='bbox 2338 2048 2468 2114; x_wconf 74' lang='lat' dir='ltr'><strong>Qum</strong></span> <span class='ocrx_word' id='word_1_387' title='bbox 2508 2063 2763 2120; x_wconf 82' lang='lat' dir='ltr'><strong>generant</strong></span> <span class='ocrx_word' id='word_1_388' title='bbox 2802 2053 2942 2110; x_wconf 87' lang='lat' dir='ltr'><strong>lites.</strong></span> <span class='ocrx_word' id='word_1_389' title='bbox 2986 2054 3317 2124; x_wconf 80' lang='lat' dir='ltr'><strong>Suspiciones</strong></span> <span class='ocrx_word' id='word_1_390' title='bbox 3355 2048 3523 2115; x_wconf 72' lang='lat' dir='ltr'><strong>uialte.</strong></span> 
     </span>
    </p>
   </div>
   <div class='ocr_carea' id='block_1_51' title="bbox 1948 2134 3529 2213">
    <p class='ocr_par' dir='ltr' id='par_1_51' title="bbox 1948 2134 3529 2213">
     <span class='ocr_line' id='line_1_51' title="bbox 1948 2134 3529 2213; baseline 0.012 -26"><span class='ocrx_word' id='word_1_391' title='bbox 1948 2134 2073 2189; x_wconf 86' lang='lat' dir='ltr'><strong>Sive</strong></span> <span class='ocrx_word' id='word_1_392' title='bbox 2101 2140 2440 2205; x_wconf 84' lang='lat' dir='ltr'><strong>suspicantur</strong></span> <span class='ocrx_word' id='word_1_393' title='bbox 2472 2142 2717 2198; x_wconf 63' lang='lat' dir='ltr'><strong>haeresim</strong></span> <span class='ocrx_word' id='word_1_394' title='bbox 2745 2145 2814 2200; x_wconf 90' lang='lat' dir='ltr'><strong>de</strong></span> <span class='ocrx_word' id='word_1_395' title='bbox 2839 2147 3099 2202; x_wconf 83' lang='lat' dir='ltr'><strong>alterutro</strong></span> <span class='ocrx_word' id='word_1_396' title='bbox 3119 2190 3133 2213; x_wconf 90' lang='lat'><strong>,</strong></span> <span class='ocrx_word' id='word_1_397' title='bbox 3163 2150 3278 2204; x_wconf 84' lang='lat' dir='ltr'><strong>sive</strong></span> <span class='ocrx_word' id='word_1_398' title='bbox 3308 2151 3529 2205; x_wconf 71' lang='lat' dir='ltr'><strong>audien—</strong></span> 
     </span>
    </p>
   </div>
   <div class='ocr_carea' id='block_1_52' title="bbox 1950 2230 3530 2307">
    <p class='ocr_par' dir='ltr' id='par_1_52' title="bbox 1950 2230 3530 2307">
     <span class='ocr_line' id='line_1_52' title="bbox 1950 2230 3530 2307; baseline 0.011 -28"><span class='ocrx_word' id='word_1_399' title='bbox 1950 2234 2030 2280; x_wconf 87' lang='lat' dir='ltr'><strong>tes</strong></span> <span class='ocrx_word' id='word_1_400' title='bbox 2075 2238 2261 2293; x_wconf 89' lang='lat' dir='ltr'><strong>putant</strong></span> <span class='ocrx_word' id='word_1_401' title='bbox 2299 2230 2531 2287; x_wconf 87' lang='lat' dir='ltr'><strong>deﬁcere</strong></span> <span class='ocrx_word' id='word_1_402' title='bbox 2573 2235 2871 2293; x_wconf 86' lang='lat' dir='ltr'><strong>veritatem.</strong></span> <span class='ocrx_word' id='word_1_403' title='bbox 2905 2236 3318 2307; x_wconf 79' lang='lat' dir='ltr'><strong>Conﬂictationes</strong></span> <span class='ocrx_word' id='word_1_404' title='bbox 3363 2241 3530 2296; x_wconf 80' lang='lat' dir='ltr'><strong>homi-</strong></span> 
     </span>
    </p>
   </div>
   <div class='ocr_carea' id='block_1_53' title="bbox 1952 2308 3525 2400">
    <p class='ocr_par' dir='ltr' id='par_1_53' title="bbox 1952 2308 3525 2400">
     <span class='ocr_line' id='line_1_53' title="bbox 1952 2308 3525 2400; baseline 0.01 -31"><span class='ocrx_word' id='word_1_405' title='bbox 1952 2332 2073 2371; x_wconf 88' lang='lat' dir='ltr'><strong>num</strong></span> <span class='ocrx_word' id='word_1_406' title='bbox 2099 2331 2265 2374; x_wconf 85' lang='lat' dir='ltr'><strong>mente</strong></span> <span class='ocrx_word' id='word_1_407' title='bbox 2291 2308 2683 2392; x_wconf 53' lang='lat' dir='ltr'><strong>corruptorum&#39;,</strong></span> <span class='ocrx_word' id='word_1_408' title='bbox 2709 2337 2759 2379; x_wconf 89' lang='lat' dir='ltr'><strong>et</strong></span> <span class='ocrx_word' id='word_1_409' title='bbox 2785 2327 2873 2395; x_wconf 89' lang='lat' dir='ltr'><strong>qui</strong></span> <span class='ocrx_word' id='word_1_410' title='bbox 2894 2344 2926 2381; x_wconf 90' lang='lat' dir='ltr'><strong>a</strong></span> <span class='ocrx_word' id='word_1_411' title='bbox 2955 2330 3163 2382; x_wconf 83' lang='lat' dir='ltr'><strong>veritate</strong></span> <span class='ocrx_word' id='word_1_412' title='bbox 3184 2331 3365 2400; x_wconf 75' lang='lat' dir='ltr'><strong>priuati</strong></span> <span class='ocrx_word' id='word_1_413' title='bbox 3388 2342 3525 2385; x_wconf 88' lang='lat' dir='ltr'><strong>sunt.</strong></span> 
     </span>
    </p>
   </div>
   <div class='ocr_carea' id='block_1_54' title="bbox 1951 2409 3532 2487">
    <p class='ocr_par' dir='ltr' id='par_1_54' title="bbox 1951 2409 3532 2487">
     <span class='ocr_line' id='line_1_54' title="bbox 1951 2409 3532 2487; baseline 0.011 -25"><span class='ocrx_word' id='word_1_414' title='bbox 1951 2409 2032 2464; x_wconf 83' lang='lat' dir='ltr'><strong>Ab</strong></span> <span class='ocrx_word' id='word_1_415' title='bbox 2075 2412 2379 2482; x_wconf 78' lang='lat' dir='ltr'><strong>integritate</strong></span> <span class='ocrx_word' id='word_1_416' title='bbox 2412 2415 2682 2487; x_wconf 78' lang='lat' dir='ltr'><strong>Evangelii</strong></span> <span class='ocrx_word' id='word_1_417' title='bbox 2710 2418 2796 2473; x_wconf 90' lang='lat' dir='ltr'><strong>vel</strong></span> <span class='ocrx_word' id='word_1_418' title='bbox 2840 2428 3062 2475; x_wconf 66' lang='lat' dir='ltr'><strong>naturae.</strong></span> <span class='ocrx_word' id='word_1_419' title='bbox 3111 2419 3532 2480; x_wconf 66' lang='lat' dir='ltr'><strong>Existimantium</strong></span> 
     </span>
    </p>
   </div>
   <div class='ocr_carea' id='block_1_55' title="bbox 1955 2509 3528 2586">
    <p class='ocr_par' dir='ltr' id='par_1_55' title="bbox 1955 2509 3528 2586">
     <span class='ocr_line' id='line_1_55' title="bbox 1955 2509 3528 2586; baseline 0.01 -29"><span class='ocrx_word' id='word_1_420' title='bbox 1955 2513 2207 2571; x_wconf 82' lang='lat' dir='ltr'><strong>qutestum</strong></span> <span class='ocrx_word' id='word_1_421' title='bbox 2234 2523 2342 2561; x_wconf 85' lang='lat' dir='ltr'><strong>esse</strong></span> <span class='ocrx_word' id='word_1_422' title='bbox 2368 2509 2629 2576; x_wconf 83' lang='lat' dir='ltr'><strong>pietatem.</strong></span> <span class='ocrx_word' id='word_1_423' title='bbox 2659 2510 2758 2578; x_wconf 87' lang='lat' dir='ltr'><strong>Qui</strong></span> <span class='ocrx_word' id='word_1_424' title='bbox 2789 2520 2980 2582; x_wconf 86' lang='lat' dir='ltr'><strong>putant</strong></span> <span class='ocrx_word' id='word_1_425' title='bbox 3020 2521 3236 2583; x_wconf 89' lang='lat' dir='ltr'><strong>propter</strong></span> <span class='ocrx_word' id='word_1_426' title='bbox 3266 2525 3528 2586; x_wconf 70' lang='lat' dir='ltr'><strong>quaestum</strong></span> 
     </span>
    </p>
   </div>
   <div class='ocr_carea' id='block_1_56' title="bbox 1953 2596 3530 2675">
    <p class='ocr_par' dir='ltr' id='par_1_56' title="bbox 1953 2596 3530 2675">
     <span class='ocr_line' id='line_1_56' title="bbox 1953 2596 3530 2675; baseline 0.01 -28"><span class='ocrx_word' id='word_1_427' title='bbox 1953 2606 2108 2649; x_wconf 86' lang='lat' dir='ltr'><strong>suum</strong></span> <span class='ocrx_word' id='word_1_428' title='bbox 2132 2598 2342 2653; x_wconf 86' lang='lat' dir='ltr'><strong>venisse</strong></span> <span class='ocrx_word' id='word_1_429' title='bbox 2365 2596 2568 2653; x_wconf 84' lang='lat' dir='ltr'><strong>Novum</strong></span> <span class='ocrx_word' id='word_1_430' title='bbox 2593 2600 3010 2657; x_wconf 86' lang='lat' dir='ltr'><strong>Testamentum.</strong></span> <span class='ocrx_word' id='word_1_431' title='bbox 3032 2601 3094 2659; x_wconf 91' lang='lat' dir='ltr'><strong>Si</strong></span> <span class='ocrx_word' id='word_1_432' title='bbox 3116 2612 3288 2658; x_wconf 83' lang='lat' dir='ltr'><strong>autem</strong></span> <span class='ocrx_word' id='word_1_433' title='bbox 3309 2615 3530 2675; x_wconf 76' lang='lat' dir='ltr'><strong>qutestus</strong></span> 
     </span>
    </p>
   </div>
   <div class='ocr_carea' id='block_1_57' title="bbox 1957 2689 3529 2764">
    <p class='ocr_par' dir='ltr' id='par_1_57' title="bbox 1957 2689 3529 2764">
     <span class='ocr_line' id='line_1_57' title="bbox 1957 2689 3529 2764; baseline 0.01 -27"><span class='ocrx_word' id='word_1_434' title='bbox 1957 2701 2194 2755; x_wconf 76' lang='lat' dir='ltr'><strong>magnus.</strong></span> <span class='ocrx_word' id='word_1_435' title='bbox 2243 2689 2463 2743; x_wconf 78' lang='lat' dir='ltr'><strong>Multum</strong></span> <span class='ocrx_word' id='word_1_436' title='bbox 2495 2691 2755 2763; x_wconf 83' lang='lat' dir='ltr'><strong>acquirit,</strong></span> <span class='ocrx_word' id='word_1_437' title='bbox 2786 2692 2875 2762; x_wconf 88' lang='lat' dir='ltr'><strong>qui</strong></span> <span class='ocrx_word' id='word_1_438' title='bbox 2921 2692 3081 2748; x_wconf 87' lang='lat' dir='ltr'><strong>habet</strong></span> <span class='ocrx_word' id='word_1_439' title='bbox 3120 2695 3367 2764; x_wconf 85' lang='lat' dir='ltr'><strong>pietatem</strong></span> <span class='ocrx_word' id='word_1_440' title='bbox 3407 2712 3529 2753; x_wconf 89' lang='lat' dir='ltr'><strong>cum</strong></span> 
     </span>
    </p>
   </div>
   <div class='ocr_carea' id='block_1_58' title="bbox 1954 2776 3531 2849">
    <p class='ocr_par' dir='ltr' id='par_1_58' title="bbox 1954 2776 3531 2849">
     <span class='ocr_line' id='line_1_58' title="bbox 1954 2776 3531 2849; baseline 0.006 -19"><span class='ocrx_word' id='word_1_441' title='bbox 1954 2776 2313 2832; x_wconf 84' lang='lat' dir='ltr'><strong>sufﬁcientia:</strong></span> <span class='ocrx_word' id='word_1_442' title='bbox 2347 2794 2452 2833; x_wconf 89' lang='lat' dir='ltr'><strong>non</strong></span> <span class='ocrx_word' id='word_1_443' title='bbox 2486 2780 2758 2849; x_wconf 74' lang='lat' dir='ltr'><strong>avariti’te,</strong></span> <span class='ocrx_word' id='word_1_444' title='bbox 2800 2781 2895 2837; x_wconf 90' lang='lat' dir='ltr'><strong>sed</strong></span> <span class='ocrx_word' id='word_1_445' title='bbox 2935 2793 3156 2839; x_wconf 62' lang='lat' dir='ltr'><strong>natura.</strong></span> <span class='ocrx_word' id='word_1_446' title='bbox 3201 2783 3375 2841; x_wconf 79' lang='lat' dir='ltr'><strong>Pietas</strong></span> <span class='ocrx_word' id='word_1_447' title='bbox 3413 2803 3531 2841; x_wconf 87' lang='lat' dir='ltr'><strong>cum</strong></span> 
     </span>
    </p>
   </div>
   <div class='ocr_carea' id='block_1_59' title="bbox 1954 2868 3533 2946">
    <p class='ocr_par' dir='ltr' id='par_1_59' title="bbox 1954 2868 3533 2946">
     <span class='ocr_line' id='line_1_59' title="bbox 1954 2868 3533 2946; baseline 0.008 -26"><span class='ocrx_word' id='word_1_448' title='bbox 1954 2868 2279 2937; x_wconf 73' lang='lat' dir='ltr'><strong>sufﬁcientia.</strong></span> <span class='ocrx_word' id='word_1_449' title='bbox 2312 2868 2489 2926; x_wconf 87' lang='lat' dir='ltr'><strong>Pietas</strong></span> <span class='ocrx_word' id='word_1_450' title='bbox 2519 2881 2598 2925; x_wconf 88' lang='lat' dir='ltr'><strong>est</strong></span> <span class='ocrx_word' id='word_1_451' title='bbox 2626 2871 2834 2927; x_wconf 88' lang='lat' dir='ltr'><strong>cultura</strong></span> <span class='ocrx_word' id='word_1_452' title='bbox 2878 2873 3007 2939; x_wconf 90' lang='lat' dir='ltr'><strong>Dei,</strong></span> <span class='ocrx_word' id='word_1_453' title='bbox 3051 2874 3130 2930; x_wconf 89' lang='lat' dir='ltr'><strong>sic</strong></span> <span class='ocrx_word' id='word_1_454' title='bbox 3169 2873 3412 2946; x_wconf 87' lang='lat' dir='ltr'><strong>impietas</strong></span> <span class='ocrx_word' id='word_1_455' title='bbox 3449 2887 3533 2933; x_wconf 61' lang='lat' dir='ltr'><strong>est</strong></span> 
     </span>
    </p>
   </div>
   <div class='ocr_carea' id='block_1_60' title="bbox 1952 2960 3530 3034">
    <p class='ocr_par' dir='ltr' id='par_1_60' title="bbox 1952 2960 3530 3034">
     <span class='ocr_line' id='line_1_60' title="bbox 1952 2960 3530 3034; baseline 0.007 -22"><span class='ocrx_word' id='word_1_456' title='bbox 1952 2968 2307 3028; x_wconf 90' lang='lat' dir='ltr'><strong>contemptus.</strong></span> <span class='ocrx_word' id='word_1_457' title='bbox 2352 2960 2504 3015; x_wconf 83' lang='lat' dir='ltr'><strong>Nihil</strong></span> <span class='ocrx_word' id='word_1_458' title='bbox 2529 2964 2660 3016; x_wconf 90' lang='lat' dir='ltr'><strong>enim</strong></span> <span class='ocrx_word' id='word_1_459' title='bbox 2683 2962 2950 3018; x_wconf 88' lang='lat' dir='ltr'><strong>intulimus</strong></span> <span class='ocrx_word' id='word_1_460' title='bbox 2990 2965 3043 3020; x_wconf 89' lang='lat' dir='ltr'><strong>in</strong></span> <span class='ocrx_word' id='word_1_461' title='bbox 3072 2967 3358 3034; x_wconf 85' lang='lat' dir='ltr'><strong>mundum;</strong></span> <span class='ocrx_word' id='word_1_462' title='bbox 3389 2967 3530 3023; x_wconf 82' lang='lat' dir='ltr'><strong>haud</strong></span> 
     </span>
    </p>
   </div>
   <div class='ocr_carea' id='block_1_61' title="bbox 1955 3054 3530 3126">
    <p class='ocr_par' dir='ltr' id='par_1_61' title="bbox 1955 3054 3530 3126">
     <span class='ocr_line' id='line_1_61' title="bbox 1955 3054 3530 3126; baseline 0.005 -20"><span class='ocrx_word' id='word_1_463' title='bbox 1955 3054 2165 3107; x_wconf 89' lang='lat' dir='ltr'><strong>dubium</strong></span> <span class='ocrx_word' id='word_1_464' title='bbox 2188 3056 2307 3124; x_wconf 86' lang='lat' dir='ltr'><strong>quia</strong></span> <span class='ocrx_word' id='word_1_465' title='bbox 2337 3071 2428 3109; x_wconf 87' lang='lat' dir='ltr'><strong>nec</strong></span> <span class='ocrx_word' id='word_1_466' title='bbox 2451 3056 2655 3125; x_wconf 80' lang='lat' dir='ltr'><strong>auferre</strong></span> <span class='ocrx_word' id='word_1_467' title='bbox 2675 3055 2797 3126; x_wconf 85' lang='lat' dir='ltr'><strong>quid</strong></span> <span class='ocrx_word' id='word_1_468' title='bbox 2822 3072 3108 3125; x_wconf 86' lang='lat' dir='ltr'><strong>possumus.</strong></span> <span class='ocrx_word' id='word_1_469' title='bbox 3137 3054 3273 3113; x_wconf 84' lang='lat' dir='ltr'><strong>Nudi</strong></span> <span class='ocrx_word' id='word_1_470' title='bbox 3301 3058 3410 3114; x_wconf 88' lang='lat' dir='ltr'><strong>nati</strong></span> <span class='ocrx_word' id='word_1_471' title='bbox 3436 3074 3530 3114; x_wconf 79' lang='lat' dir='ltr'><strong>su-</strong></span> 
     </span>
    </p>
   </div>
   <div class='ocr_carea' id='block_1_62' title="bbox 257 3134 3528 3218">
    <p class='ocr_par' dir='ltr' id='par_1_62' title="bbox 257 3134 3528 3218">
     <span class='ocr_line' id='line_1_62' title="bbox 257 3134 3528 3218; baseline 0.006 -33"><span class='ocrx_word' id='word_1_472' title='bbox 257 3136 465 3188; x_wconf 70' lang='lat' dir='ltr'><strong>ntodico</strong></span> <span class='ocrx_word' id='word_1_473' title='bbox 495 3144 670 3202; x_wconf 83' lang='lat' dir='ltr'><strong>utere,</strong></span> <span class='ocrx_word' id='word_1_474' title='bbox 701 3147 908 3204; x_wconf 86' lang='lat' dir='ltr'><strong>propter</strong></span> <span class='ocrx_word' id='word_1_475' title='bbox 935 3138 1254 3192; x_wconf 85' lang='lat' dir='ltr'><strong>stomachum</strong></span> <span class='ocrx_word' id='word_1_476' title='bbox 1288 3148 1463 3206; x_wconf 88' lang='lat' dir='ltr'><strong>tuum,</strong></span> <span class='ocrx_word' id='word_1_477' title='bbox 1494 3149 1541 3194; x_wconf 83' lang='lat' dir='ltr'><strong>et</strong></span> <span class='ocrx_word' id='word_1_478' title='bbox 1567 3146 1851 3211; x_wconf 75' lang='lat' dir='ltr'><strong>frequentes</strong></span> <span class='ocrx_word' id='word_1_479' title='bbox 1879 3134 1925 3198; x_wconf 90' lang='lat' dir='ltr'><strong><em>C</em></strong></span> <span class='ocrx_word' id='word_1_480' title='bbox 1959 3159 2112 3212; x_wconf 83' lang='lat' dir='ltr'><strong>mus,</strong></span> <span class='ocrx_word' id='word_1_481' title='bbox 2142 3144 2267 3200; x_wconf 89' lang='lat' dir='ltr'><strong>nudi</strong></span> <span class='ocrx_word' id='word_1_482' title='bbox 2299 3146 2459 3201; x_wconf 90' lang='lat' dir='ltr'><strong>etiam</strong></span> <span class='ocrx_word' id='word_1_483' title='bbox 2492 3145 2769 3212; x_wconf 86' lang='lat' dir='ltr'><strong>morituri;</strong></span> <span class='ocrx_word' id='word_1_484' title='bbox 2803 3147 3059 3218; x_wconf 85' lang='lat' dir='ltr'><strong>quidquid</strong></span> <span class='ocrx_word' id='word_1_485' title='bbox 3090 3147 3177 3204; x_wconf 85' lang='lat' dir='ltr'><strong>hic</strong></span> <span class='ocrx_word' id='word_1_486' title='bbox 3218 3148 3488 3205; x_wconf 86' lang='lat' dir='ltr'><strong>inventum</strong></span> <span class='ocrx_word' id='word_1_487' title='bbox 3512 3190 3528 3217; x_wconf 96' lang='lat'><strong>,</strong></span> 
     </span>
    </p>
   </div>
   <div class='ocr_carea' id='block_1_63' title="bbox 258 3218 1848 3301">
    <p class='ocr_par' dir='ltr' id='par_1_63' title="bbox 258 3218 1848 3301">
     <span class='ocr_line' id='line_1_63' title="bbox 258 3218 1848 3301; baseline 0.006 -22"><span class='ocrx_word' id='word_1_488' title='bbox 258 3235 373 3279; x_wconf 69' lang='lat' dir='ltr'><strong>tua:</strong></span> <span class='ocrx_word' id='word_1_489' title='bbox 399 3218 763 3294; x_wconf 78' lang='lat' dir='ltr'><strong>inﬁrmitates.</strong></span> <span class='ocrx_word' id='word_1_490' title='bbox 808 3228 909 3283; x_wconf 85' lang='lat' dir='ltr'><strong>Dat</strong></span> <span class='ocrx_word' id='word_1_491' title='bbox 949 3232 995 3286; x_wconf 89' lang='lat' dir='ltr'><strong>ei</strong></span> <span class='ocrx_word' id='word_1_492' title='bbox 1038 3231 1320 3286; x_wconf 72' lang='lat' dir='ltr'><strong>consilium</strong></span> <span class='ocrx_word' id='word_1_493' title='bbox 1363 3241 1423 3287; x_wconf 88' lang='lat' dir='ltr'><strong>ut</strong></span> <span class='ocrx_word' id='word_1_494' title='bbox 1465 3232 1585 3301; x_wconf 90' lang='lat' dir='ltr'><strong>plus</strong></span> <span class='ocrx_word' id='word_1_495' title='bbox 1626 3232 1848 3289; x_wconf 91' lang='lat' dir='ltr'><strong>aliorum</strong></span> 
     </span>
    </p>
   </div>
   <div class='ocr_carea' id='block_1_64' title="bbox 260 3318 1850 3390">
    <p class='ocr_par' dir='ltr' id='par_1_64' title="bbox 260 3318 1850 3390">
     <span class='ocr_line' id='line_1_64' title="bbox 260 3318 1850 3390; baseline 0.006 -19"><span class='ocrx_word' id='word_1_496' title='bbox 260 3318 560 3385; x_wconf 84' lang='lat' dir='ltr'><strong>profectum</strong></span> <span class='ocrx_word' id='word_1_497' title='bbox 601 3335 760 3390; x_wconf 89' lang='lat' dir='ltr'><strong>quam</strong></span> <span class='ocrx_word' id='word_1_498' title='bbox 799 3336 953 3377; x_wconf 89' lang='lat' dir='ltr'><strong>suam</strong></span> <span class='ocrx_word' id='word_1_499' title='bbox 994 3323 1373 3378; x_wconf 88' lang='lat' dir='ltr'><strong>abstinentiam</strong></span> <span class='ocrx_word' id='word_1_500' title='bbox 1424 3333 1595 3379; x_wconf 90' lang='lat' dir='ltr'><strong>curet.</strong></span> <span class='ocrx_word' id='word_1_501' title='bbox 1630 3323 1850 3380; x_wconf 83' lang='lat' dir='ltr'><strong>Poterat</strong></span> 
     </span>
    </p>
   </div>
   <div class='ocr_carea' id='block_1_65' title="bbox 258 3412 1850 3483">
    <p class='ocr_par' dir='ltr' id='par_1_65' title="bbox 258 3412 1850 3483">
     <span class='ocr_line' id='line_1_65' title="bbox 258 3412 1850 3483; baseline 0.004 -18"><span class='ocrx_word' id='word_1_502' title='bbox 258 3413 402 3465; x_wconf 88' lang='lat' dir='ltr'><strong>enim</strong></span> <span class='ocrx_word' id='word_1_503' title='bbox 432 3412 655 3467; x_wconf 86' lang='lat' dir='ltr'><strong>verbum</strong></span> <span class='ocrx_word' id='word_1_504' title='bbox 686 3414 947 3483; x_wconf 86' lang='lat' dir='ltr'><strong>impedire</strong></span> <span class='ocrx_word' id='word_1_505' title='bbox 975 3414 1278 3469; x_wconf 86' lang='lat' dir='ltr'><strong>inﬁrmitas.</strong></span> <span class='ocrx_word' id='word_1_506' title='bbox 1310 3415 1660 3482; x_wconf 84' lang='lat' dir='ltr'><strong>Quorumdam</strong></span> <span class='ocrx_word' id='word_1_507' title='bbox 1686 3416 1850 3471; x_wconf 85' lang='lat' dir='ltr'><strong>homi-</strong></span> 
     </span>
    </p>
   </div>
   <div class='ocr_carea' id='block_1_66' title="bbox 259 3507 1845 3577">
    <p class='ocr_par' dir='ltr' id='par_1_66' title="bbox 259 3507 1845 3577">
     <span class='ocr_line' id='line_1_66' title="bbox 259 3507 1845 3577; baseline 0.003 -20"><span class='ocrx_word' id='word_1_508' title='bbox 259 3520 385 3557; x_wconf 84' lang='lat' dir='ltr'><strong>num</strong></span> <span class='ocrx_word' id='word_1_509' title='bbox 429 3516 637 3571; x_wconf 86' lang='lat' dir='ltr'><strong>peccata</strong></span> <span class='ocrx_word' id='word_1_510' title='bbox 674 3507 949 3577; x_wconf 77' lang='lat' dir='ltr'><strong>manifesta</strong></span> <span class='ocrx_word' id='word_1_511' title='bbox 988 3516 1127 3562; x_wconf 87' lang='lat' dir='ltr'><strong>sunt.</strong></span> <span class='ocrx_word' id='word_1_512' title='bbox 1172 3508 1296 3563; x_wconf 89' lang='lat' dir='ltr'><strong>Sive</strong></span> <span class='ocrx_word' id='word_1_513' title='bbox 1336 3507 1461 3561; x_wconf 89' lang='lat' dir='ltr'><strong>dum</strong></span> <span class='ocrx_word' id='word_1_514' title='bbox 1504 3507 1845 3577; x_wconf 79' lang='lat' dir='ltr'><strong>deteguntur,</strong></span> 
     </span>
    </p>
   </div>
   <div class='ocr_carea' id='block_1_67' title="bbox 258 3602 1848 3675">
    <p class='ocr_par' dir='ltr' id='par_1_67' title="bbox 258 3602 1848 3675">
     <span class='ocr_line' id='line_1_67' title="bbox 258 3602 1848 3675; baseline 0.004 -22"><span class='ocrx_word' id='word_1_515' title='bbox 258 3602 826 3667; x_wconf 81' lang='lat' dir='ltr'><strong>escommunicantur;</strong></span> <span class='ocrx_word' id='word_1_516' title='bbox 850 3604 964 3658; x_wconf 88' lang='lat' dir='ltr'><strong>sive</strong></span> <span class='ocrx_word' id='word_1_517' title='bbox 986 3604 1111 3658; x_wconf 91' lang='lat' dir='ltr'><strong>dum</strong></span> <span class='ocrx_word' id='word_1_518' title='bbox 1141 3604 1310 3675; x_wconf 81' lang='lat' dir='ltr'><strong>plagis</strong></span> <span class='ocrx_word' id='word_1_519' title='bbox 1339 3604 1691 3673; x_wconf 59' lang='lat' dir='ltr'><strong>praesentibus</strong></span> <span class='ocrx_word' id='word_1_520' title='bbox 1717 3621 1848 3674; x_wconf 62' lang='lat' dir='ltr'><strong>prae-</strong></span> 
     </span>
    </p>
   </div>
   <div class='ocr_carea' id='block_1_68' title="bbox 260 3691 1848 3766">
    <p class='ocr_par' dir='ltr' id='par_1_68' title="bbox 260 3691 1848 3766">
     <span class='ocr_line' id='line_1_68' title="bbox 260 3691 1848 3766; baseline 0.007 -22"><span class='ocrx_word' id='word_1_521' title='bbox 260 3691 612 3759; x_wconf 78' lang='lat' dir='ltr'><strong>damnantur,</strong></span> <span class='ocrx_word' id='word_1_522' title='bbox 647 3695 789 3764; x_wconf 85' lang='lat' dir='ltr'><strong>quod</strong></span> <span class='ocrx_word' id='word_1_523' title='bbox 818 3697 869 3749; x_wconf 94' lang='lat' dir='ltr'><strong>in</strong></span> <span class='ocrx_word' id='word_1_524' title='bbox 900 3695 1079 3750; x_wconf 90' lang='lat' dir='ltr'><strong>futuro</strong></span> <span class='ocrx_word' id='word_1_525' title='bbox 1111 3695 1312 3766; x_wconf 90' lang='lat' dir='ltr'><strong>judicio</strong></span> <span class='ocrx_word' id='word_1_526' title='bbox 1346 3696 1718 3766; x_wconf 87' lang='lat' dir='ltr'><strong>accipiendum</strong></span> <span class='ocrx_word' id='word_1_527' title='bbox 1744 3708 1848 3755; x_wconf 87' lang='lat' dir='ltr'><strong>est.</strong></span> 
     </span>
    </p>
   </div>
   <div class='ocr_carea' id='block_1_69' title="bbox 261 3781 1849 3858">
    <p class='ocr_par' dir='ltr' id='par_1_69' title="bbox 261 3781 1849 3858">
     <span class='ocr_line' id='line_1_69' title="bbox 261 3781 1849 3858; baseline 0.006 -23"><span class='ocrx_word' id='word_1_528' title='bbox 261 3781 618 3839; x_wconf 74' lang='lat' dir='ltr'><strong>Prwcedentia</strong></span> <span class='ocrx_word' id='word_1_529' title='bbox 650 3786 719 3840; x_wconf 89' lang='lat' dir='ltr'><strong>ad</strong></span> <span class='ocrx_word' id='word_1_530' title='bbox 738 3788 1018 3857; x_wconf 81' lang='lat' dir='ltr'><strong>judicium.</strong></span> <span class='ocrx_word' id='word_1_531' title='bbox 1054 3787 1278 3843; x_wconf 83' lang='lat' dir='ltr'><strong>Pcccata</strong></span> <span class='ocrx_word' id='word_1_532' title='bbox 1309 3797 1433 3843; x_wconf 91' lang='lat' dir='ltr'><strong>sunt</strong></span> <span class='ocrx_word' id='word_1_533' title='bbox 1459 3786 1577 3858; x_wconf 79' lang='lat' dir='ltr'><strong>quae</strong></span> <span class='ocrx_word' id='word_1_534' title='bbox 1608 3798 1733 3843; x_wconf 89' lang='lat' dir='ltr'><strong>ante</strong></span> <span class='ocrx_word' id='word_1_535' title='bbox 1763 3789 1849 3844; x_wconf 90' lang='lat' dir='ltr'><strong>hic</strong></span> 
     </span>
    </p>
   </div>
   <div class='ocr_carea' id='block_1_70' title="bbox 261 3875 1848 3949">
    <p class='ocr_par' dir='ltr' id='par_1_70' title="bbox 261 3875 1848 3949">
     <span class='ocr_line' id='line_1_70' title="bbox 261 3875 1848 3949; baseline 0.006 -24"><span class='ocrx_word' id='word_1_536' title='bbox 261 3875 631 3944; x_wconf 85' lang='lat' dir='ltr'><strong>unusquisque</strong></span> <span class='ocrx_word' id='word_1_537' title='bbox 656 3878 963 3942; x_wconf 90' lang='lat' dir='ltr'><strong>commisit,</strong></span> <span class='ocrx_word' id='word_1_538' title='bbox 998 3878 1150 3933; x_wconf 88' lang='lat' dir='ltr'><strong>verbi</strong></span> <span class='ocrx_word' id='word_1_539' title='bbox 1188 3879 1389 3949; x_wconf 82' lang='lat' dir='ltr'><strong>gratia,</strong></span> <span class='ocrx_word' id='word_1_540' title='bbox 1424 3880 1470 3934; x_wconf 87' lang='lat' dir='ltr'><strong>si</strong></span> <span class='ocrx_word' id='word_1_541' title='bbox 1506 3882 1595 3949; x_wconf 91' lang='lat' dir='ltr'><strong>qui</strong></span> <span class='ocrx_word' id='word_1_542' title='bbox 1634 3895 1664 3934; x_wconf 91' lang='lat' dir='ltr'><strong>a</strong></span> <span class='ocrx_word' id='word_1_543' title='bbox 1695 3879 1848 3935; x_wconf 89' lang='lat' dir='ltr'><strong>vobis</strong></span> 
     </span>
    </p>
   </div>
   <div class='ocr_carea' id='block_1_71' title="bbox 262 3962 1849 4038">
    <p class='ocr_par' dir='ltr' id='par_1_71' title="bbox 262 3962 1849 4038">
     <span class='ocr_line' id='line_1_71' title="bbox 262 3962 1849 4038; baseline 0.004 -22"><span class='ocrx_word' id='word_1_544' title='bbox 262 3962 523 4019; x_wconf 73' lang='lat' dir='ltr'><strong>facultate</strong></span> <span class='ocrx_word' id='word_1_545' title='bbox 549 3965 744 4035; x_wconf 89' lang='lat' dir='ltr'><strong>privati</strong></span> <span class='ocrx_word' id='word_1_546' title='bbox 773 3968 932 4021; x_wconf 76' lang='lat' dir='ltr'><strong>ctiam</strong></span> <span class='ocrx_word' id='word_1_547' title='bbox 964 3977 1085 4038; x_wconf 92' lang='lat' dir='ltr'><strong>post</strong></span> <span class='ocrx_word' id='word_1_548' title='bbox 1108 3968 1311 4023; x_wconf 90' lang='lat' dir='ltr'><strong>obitum</strong></span> <span class='ocrx_word' id='word_1_549' title='bbox 1344 3977 1581 4024; x_wconf 91' lang='lat' dir='ltr'><strong>nostrum</strong></span> <span class='ocrx_word' id='word_1_550' title='bbox 1609 3968 1849 4038; x_wconf 80' lang='lat' dir='ltr'><strong>afﬂigan-</strong></span> 
     </span>
    </p>
   </div>
   <div class='ocr_carea' id='block_1_72' title="bbox 264 4057 1849 4128">
    <p class='ocr_par' dir='ltr' id='par_1_72' title="bbox 264 4057 1849 4128">
     <span class='ocr_line' id='line_1_72' title="bbox 264 4057 1849 4128; baseline 0.004 -21"><span class='ocrx_word' id='word_1_551' title='bbox 264 4068 347 4109; x_wconf 91' lang='lat' dir='ltr'><strong>tur</strong></span> <span class='ocrx_word' id='word_1_552' title='bbox 378 4057 576 4126; x_wconf 86' lang='lat' dir='ltr'><strong>inopia.</strong></span> <span class='ocrx_word' id='word_1_553' title='bbox 612 4058 871 4123; x_wconf 88' lang='lat' dir='ltr'><strong>Quosdam</strong></span> <span class='ocrx_word' id='word_1_554' title='bbox 898 4070 1067 4114; x_wconf 87' lang='lat' dir='ltr'><strong>autem</strong></span> <span class='ocrx_word' id='word_1_555' title='bbox 1097 4069 1142 4113; x_wconf 89' lang='lat' dir='ltr'><strong>et</strong></span> <span class='ocrx_word' id='word_1_556' title='bbox 1172 4060 1562 4128; x_wconf 88' lang='lat' dir='ltr'><strong>subsequuntur.</strong></span> <span class='ocrx_word' id='word_1_557' title='bbox 1598 4060 1849 4116; x_wconf 85' lang='lat' dir='ltr'><strong>Similiter</strong></span> 
     </span>
    </p>
   </div>
   <div class='ocr_carea' id='block_1_73' title="bbox 259 4147 1845 4219">
    <p class='ocr_par' dir='ltr' id='par_1_73' title="bbox 259 4147 1845 4219">
     <span class='ocr_line' id='line_1_73' title="bbox 259 4147 1845 4219; baseline 0.003 -20"><span class='ocrx_word' id='word_1_558' title='bbox 259 4155 307 4199; x_wconf 87' lang='lat' dir='ltr'><strong>et</strong></span> <span class='ocrx_word' id='word_1_559' title='bbox 333 4149 471 4215; x_wconf 73' lang='lat' dir='ltr'><strong>facta</strong></span> <span class='ocrx_word' id='word_1_560' title='bbox 497 4147 627 4200; x_wconf 87' lang='lat' dir='ltr'><strong>bona</strong></span> <span class='ocrx_word' id='word_1_561' title='bbox 653 4149 924 4219; x_wconf 75' lang='lat' dir='ltr'><strong>manifesta</strong></span> <span class='ocrx_word' id='word_1_562' title='bbox 944 4156 1079 4202; x_wconf 84' lang='lat' dir='ltr'><strong>sunt.</strong></span> <span class='ocrx_word' id='word_1_563' title='bbox 1108 4149 1470 4204; x_wconf 62' lang='lat' dir='ltr'><strong>Praecedentia</strong></span> <span class='ocrx_word' id='word_1_564' title='bbox 1497 4149 1563 4203; x_wconf 88' lang='lat' dir='ltr'><strong>ad</strong></span> <span class='ocrx_word' id='word_1_565' title='bbox 1588 4148 1845 4217; x_wconf 86' lang='lat' dir='ltr'><strong>judicium</strong></span> 
     </span>
    </p>
   </div>
   <div class='ocr_carea' id='block_1_74' title="bbox 261 4239 1845 4309">
    <p class='ocr_par' dir='ltr' id='par_1_74' title="bbox 261 4239 1845 4309">
     <span class='ocr_line' id='line_1_74' title="bbox 261 4239 1845 4309; baseline 0.003 -18"><span class='ocrx_word' id='word_1_566' title='bbox 261 4250 475 4306; x_wconf 84' lang='lat' dir='ltr'><strong>peccata</strong></span> <span class='ocrx_word' id='word_1_567' title='bbox 505 4249 661 4303; x_wconf 88' lang='lat' dir='ltr'><strong>sunt,</strong></span> <span class='ocrx_word' id='word_1_568' title='bbox 688 4239 815 4293; x_wconf 92' lang='lat' dir='ltr'><strong>dum</strong></span> <span class='ocrx_word' id='word_1_569' title='bbox 849 4241 1096 4295; x_wconf 90' lang='lat' dir='ltr'><strong>omnibus</strong></span> <span class='ocrx_word' id='word_1_570' title='bbox 1128 4250 1253 4295; x_wconf 89' lang='lat' dir='ltr'><strong>nota</strong></span> <span class='ocrx_word' id='word_1_571' title='bbox 1284 4249 1426 4296; x_wconf 90' lang='lat' dir='ltr'><strong>sunt.</strong></span> <span class='ocrx_word' id='word_1_572' title='bbox 1454 4240 1722 4309; x_wconf 84' lang='lat' dir='ltr'><strong>Quosdam</strong></span> <span class='ocrx_word' id='word_1_573' title='bbox 1754 4257 1845 4296; x_wconf 89' lang='lat' dir='ltr'><strong>au-</strong></span> 
     </span>
    </p>
   </div>
   <div class='ocr_carea' id='block_1_75' title="bbox 264 4329 1848 4403">
    <p class='ocr_par' dir='ltr' id='par_1_75' title="bbox 264 4329 1848 4403">
     <span class='ocr_line' id='line_1_75' title="bbox 264 4329 1848 4403; baseline 0.004 -23"><span class='ocrx_word' id='word_1_574' title='bbox 264 4336 366 4381; x_wconf 85' lang='lat' dir='ltr'><strong>tem</strong></span> <span class='ocrx_word' id='word_1_575' title='bbox 392 4337 446 4382; x_wconf 88' lang='lat' dir='ltr'><strong>et</strong></span> <span class='ocrx_word' id='word_1_576' title='bbox 475 4329 895 4398; x_wconf 87' lang='lat' dir='ltr'><strong>subsequuntur,</strong></span> <span class='ocrx_word' id='word_1_577' title='bbox 924 4331 1050 4386; x_wconf 90' lang='lat' dir='ltr'><strong>dum</strong></span> <span class='ocrx_word' id='word_1_578' title='bbox 1082 4341 1261 4401; x_wconf 80' lang='lat' dir='ltr'><strong>postea</strong></span> <span class='ocrx_word' id='word_1_579' title='bbox 1292 4333 1345 4387; x_wconf 91' lang='lat' dir='ltr'><strong>in</strong></span> <span class='ocrx_word' id='word_1_580' title='bbox 1372 4332 1574 4402; x_wconf 88' lang='lat' dir='ltr'><strong>judicio</strong></span> <span class='ocrx_word' id='word_1_581' title='bbox 1599 4346 1848 4403; x_wconf 88' lang='lat' dir='ltr'><strong>compro-</strong></span> 
     </span>
    </p>
   </div>
   <div class='ocr_carea' id='block_1_76' title="bbox 174 4408 1842 4495">
    <p class='ocr_par' dir='ltr' id='par_1_76' title="bbox 174 4408 1842 4495">
     <span class='ocr_line' id='line_1_76' title="bbox 174 4408 1842 4495; baseline 0.004 -23"><span class='ocrx_word' id='word_1_582' title='bbox 174 4408 181 4417; x_wconf 63' lang='grc'><strong>”</strong></span> <span class='ocrx_word' id='word_1_583' title='bbox 263 4417 473 4475; x_wconf 66' lang='lat' dir='ltr'><strong>bantur.</strong></span> <span class='ocrx_word' id='word_1_584' title='bbox 510 4420 641 4476; x_wconf 89' lang='lat' dir='ltr'><strong>Item</strong></span> <span class='ocrx_word' id='word_1_585' title='bbox 671 4422 825 4477; x_wconf 89' lang='lat' dir='ltr'><strong>aliter</strong></span> <span class='ocrx_word' id='word_1_586' title='bbox 854 4440 869 4477; x_wconf 94' lang='lat'><strong>:</strong></span> <span class='ocrx_word' id='word_1_587' title='bbox 900 4423 1216 4480; x_wconf 68' lang='lat' dir='ltr'><strong>Prmcedunt</strong></span> <span class='ocrx_word' id='word_1_588' title='bbox 1248 4440 1346 4480; x_wconf 93' lang='lat' dir='ltr'><strong>nos</strong></span> <span class='ocrx_word' id='word_1_589' title='bbox 1378 4426 1429 4479; x_wconf 93' lang='lat' dir='ltr'><strong>in</strong></span> <span class='ocrx_word' id='word_1_590' title='bbox 1466 4424 1724 4495; x_wconf 89' lang='lat' dir='ltr'><strong>judicium</strong></span> <span class='ocrx_word' id='word_1_591' title='bbox 1756 4425 1842 4480; x_wconf 86' lang='lat' dir='ltr'><strong>illa</strong></span> 
     </span>
    </p>
   </div>
   <div class='ocr_carea' id='block_1_77' title="bbox 1951 3236 3528 3311">
    <p class='ocr_par' dir='ltr' id='par_1_77' title="bbox 1951 3236 3528 3311">
     <span class='ocr_line' id='line_1_77' title="bbox 1951 3236 3528 3311; baseline 0.004 -22"><span class='ocrx_word' id='word_1_592' title='bbox 1951 3236 2037 3291; x_wconf 90' lang='lat' dir='ltr'><strong>bic</strong></span> <span class='ocrx_word' id='word_1_593' title='bbox 2057 3236 2410 3307; x_wconf 88' lang='lat' dir='ltr'><strong>relinquetur,</strong></span> <span class='ocrx_word' id='word_1_594' title='bbox 2436 3251 2542 3291; x_wconf 92' lang='lat' dir='ltr'><strong>non</strong></span> <span class='ocrx_word' id='word_1_595' title='bbox 2563 3248 2646 3292; x_wconf 89' lang='lat' dir='ltr'><strong>est</strong></span> <span class='ocrx_word' id='word_1_596' title='bbox 2668 3246 2907 3292; x_wconf 88' lang='lat' dir='ltr'><strong>nostrum</strong></span> <span class='ocrx_word' id='word_1_597' title='bbox 2928 3279 2944 3304; x_wconf 91' lang='lat'><strong>,</strong></span> <span class='ocrx_word' id='word_1_598' title='bbox 2971 3249 3218 3309; x_wconf 90' lang='lat' dir='ltr'><strong>tanquam</strong></span> <span class='ocrx_word' id='word_1_599' title='bbox 3242 3241 3528 3311; x_wconf 72' lang='lat' dir='ltr'><strong>peregrini.</strong></span> 
     </span>
    </p>
   </div>
   <div class='ocr_carea' id='block_1_78' title="bbox 1952 3326 3529 3401">
    <p class='ocr_par' dir='ltr' id='par_1_78' title="bbox 1952 3326 3529 3401">
     <span class='ocr_line' id='line_1_78' title="bbox 1952 3326 3529 3401; baseline 0.004 -20"><span class='ocrx_word' id='word_1_600' title='bbox 1952 3326 2097 3399; x_wconf 76' lang='lat' dir='ltr'><strong>Ergo</strong></span> <span class='ocrx_word' id='word_1_601' title='bbox 2126 3327 2450 3384; x_wconf 87' lang='lat' dir='ltr'><strong>sufﬁcientia</strong></span> <span class='ocrx_word' id='word_1_602' title='bbox 2479 3328 2756 3395; x_wconf 89' lang='lat' dir='ltr'><strong>contenti,</strong></span> <span class='ocrx_word' id='word_1_603' title='bbox 2789 3329 2910 3384; x_wconf 90' lang='lat' dir='ltr'><strong>illas</strong></span> <span class='ocrx_word' id='word_1_604' title='bbox 2939 3329 3153 3393; x_wconf 80' lang='lat' dir='ltr'><strong>divitias</strong></span> <span class='ocrx_word' id='word_1_605' title='bbox 3190 3331 3529 3401; x_wconf 87' lang='lat' dir='ltr'><strong>acquiramus</strong></span> 
     </span>
    </p>
   </div>
   <div class='ocr_carea' id='block_1_79' title="bbox 1949 3418 3526 3491">
    <p class='ocr_par' dir='ltr' id='par_1_79' title="bbox 1949 3418 3526 3491">
     <span class='ocr_line' id='line_1_79' title="bbox 1949 3418 3526 3491; baseline 0.003 -18"><span class='ocrx_word' id='word_1_606' title='bbox 1949 3434 2081 3489; x_wconf 90' lang='lat' dir='ltr'><strong>quas</strong></span> <span class='ocrx_word' id='word_1_607' title='bbox 2110 3418 2385 3474; x_wconf 84' lang='lat' dir='ltr'><strong>uobiscum</strong></span> <span class='ocrx_word' id='word_1_608' title='bbox 2420 3419 2486 3473; x_wconf 89' lang='lat' dir='ltr'><strong>ad</strong></span> <span class='ocrx_word' id='word_1_609' title='bbox 2517 3420 2739 3488; x_wconf 90' lang='lat' dir='ltr'><strong>patriam</strong></span> <span class='ocrx_word' id='word_1_610' title='bbox 2772 3422 3120 3491; x_wconf 88' lang='lat' dir='ltr'><strong>perferamus.</strong></span> <span class='ocrx_word' id='word_1_611' title='bbox 3147 3421 3404 3478; x_wconf 84' lang='lat' dir='ltr'><strong>Habentes</strong></span> <span class='ocrx_word' id='word_1_612' title='bbox 3427 3440 3526 3477; x_wconf 90' lang='lat' dir='ltr'><strong>au-</strong></span> 
     </span>
    </p>
   </div>
   <div class='ocr_carea' id='block_1_80' title="bbox 1950 3511 3525 3581">
    <p class='ocr_par' dir='ltr' id='par_1_80' title="bbox 1950 3511 3525 3581">
     <span class='ocr_line' id='line_1_80' title="bbox 1950 3511 3525 3581; baseline 0.004 -16"><span class='ocrx_word' id='word_1_613' title='bbox 1950 3520 2047 3565; x_wconf 80' lang='lat' dir='ltr'><strong>tem</strong></span> <span class='ocrx_word' id='word_1_614' title='bbox 2084 3512 2362 3576; x_wconf 88' lang='lat' dir='ltr'><strong>alimenta,</strong></span> <span class='ocrx_word' id='word_1_615' title='bbox 2401 3517 2451 3566; x_wconf 85' lang='lat' dir='ltr'><strong>et</strong></span> <span class='ocrx_word' id='word_1_616' title='bbox 2486 3511 2667 3581; x_wconf 82' lang='lat' dir='ltr'><strong>quibus</strong></span> <span class='ocrx_word' id='word_1_617' title='bbox 2705 3521 2954 3581; x_wconf 82' lang='lat' dir='ltr'><strong>tegamur,</strong></span> <span class='ocrx_word' id='word_1_618' title='bbox 2984 3514 3063 3568; x_wconf 81' lang='lat' dir='ltr'><strong>his</strong></span> <span class='ocrx_word' id='word_1_619' title='bbox 3087 3517 3305 3569; x_wconf 87' lang='lat' dir='ltr'><strong>contenti</strong></span> <span class='ocrx_word' id='word_1_620' title='bbox 3329 3531 3525 3571; x_wconf 86' lang='lat' dir='ltr'><strong>sumus.</strong></span> 
     </span>
    </p>
   </div>
   <div class='ocr_carea' id='block_1_81' title="bbox 1949 3602 3528 3676">
    <p class='ocr_par' dir='ltr' id='par_1_81' title="bbox 1949 3602 3528 3676">
     <span class='ocr_line' id='line_1_81' title="bbox 1949 3602 3528 3676; baseline 0.001 -18"><span class='ocrx_word' id='word_1_621' title='bbox 1949 3602 2117 3671; x_wconf 82' lang='lat' dir='ltr'><strong>Quod</strong></span> <span class='ocrx_word' id='word_1_622' title='bbox 2143 3604 2391 3673; x_wconf 88' lang='lat' dir='ltr'><strong>superius</strong></span> <span class='ocrx_word' id='word_1_623' title='bbox 2430 3603 2635 3658; x_wconf 80' lang='lat' dir='ltr'><strong>dixerat</strong></span> <span class='ocrx_word' id='word_1_624' title='bbox 2677 3604 3052 3660; x_wconf 82' lang='lat' dir='ltr'><strong>sufﬁcientiam</strong></span> <span class='ocrx_word' id='word_1_625' title='bbox 3083 3646 3097 3668; x_wconf 91' lang='lat'><strong>,</strong></span> <span class='ocrx_word' id='word_1_626' title='bbox 3148 3607 3404 3676; x_wconf 89' lang='lat' dir='ltr'><strong>quidquid</strong></span> <span class='ocrx_word' id='word_1_627' title='bbox 3446 3607 3528 3660; x_wconf 85' lang='lat' dir='ltr'><strong>his</strong></span> 
     </span>
    </p>
   </div>
   <div class='ocr_carea' id='block_1_82' title="bbox 1950 3693 3523 3764">
    <p class='ocr_par' dir='ltr' id='par_1_82' title="bbox 1950 3693 3523 3764">
     <span class='ocr_line' id='line_1_82' title="bbox 1950 3693 3523 3764; baseline 0.001 -15"><span class='ocrx_word' id='word_1_628' title='bbox 1950 3694 2178 3764; x_wconf 89' lang='lat' dir='ltr'><strong>amplius</strong></span> <span class='ocrx_word' id='word_1_629' title='bbox 2200 3702 2308 3759; x_wconf 88' lang='lat' dir='ltr'><strong>est,</strong></span> <span class='ocrx_word' id='word_1_630' title='bbox 2332 3693 2531 3748; x_wconf 71' lang='lat' dir='ltr'><strong>divitiae</strong></span> <span class='ocrx_word' id='word_1_631' title='bbox 2555 3703 2701 3749; x_wconf 89' lang='lat' dir='ltr'><strong>sunt.</strong></span> <span class='ocrx_word' id='word_1_632' title='bbox 2727 3694 2866 3747; x_wconf 85' lang='lat' dir='ltr'><strong>Nam</strong></span> <span class='ocrx_word' id='word_1_633' title='bbox 2886 3696 2972 3763; x_wconf 88' lang='lat' dir='ltr'><strong>qui</strong></span> <span class='ocrx_word' id='word_1_634' title='bbox 2996 3695 3170 3748; x_wconf 83' lang='lat' dir='ltr'><strong>volunt</strong></span> <span class='ocrx_word' id='word_1_635' title='bbox 3192 3697 3367 3749; x_wconf 82' lang='lat' dir='ltr'><strong>divites</strong></span> <span class='ocrx_word' id='word_1_636' title='bbox 3388 3696 3523 3764; x_wconf 78' lang='lat' dir='ltr'><strong>fieri.</strong></span> 
     </span>
    </p>
   </div>
   <div class='ocr_carea' id='block_1_83' title="bbox 1948 3783 3525 3854">
    <p class='ocr_par' dir='ltr' id='par_1_83' title="bbox 1948 3783 3525 3854">
     <span class='ocr_line' id='line_1_83' title="bbox 1948 3783 3525 3854; baseline 0.002 -16"><span class='ocrx_word' id='word_1_637' title='bbox 1948 3783 2049 3851; x_wconf 87' lang='lat' dir='ltr'><strong>Qui</strong></span> <span class='ocrx_word' id='word_1_638' title='bbox 2073 3793 2199 3838; x_wconf 90' lang='lat' dir='ltr'><strong>sunt</strong></span> <span class='ocrx_word' id='word_1_639' title='bbox 2225 3784 2414 3839; x_wconf 87' lang='lat' dir='ltr'><strong>divites</strong></span> <span class='ocrx_word' id='word_1_640' title='bbox 2433 3823 2447 3847; x_wconf 93' lang='lat'><strong>,</strong></span> <span class='ocrx_word' id='word_1_641' title='bbox 2481 3783 2617 3838; x_wconf 88' lang='lat' dir='ltr'><strong>bene</strong></span> <span class='ocrx_word' id='word_1_642' title='bbox 2646 3792 2862 3837; x_wconf 87' lang='lat' dir='ltr'><strong>utantur</strong></span> <span class='ocrx_word' id='word_1_643' title='bbox 2891 3784 3089 3838; x_wconf 87' lang='lat' dir='ltr'><strong>divitiis</strong></span> <span class='ocrx_word' id='word_1_644' title='bbox 3114 3801 3128 3840; x_wconf 88' lang='lat'><strong>:</strong></span> <span class='ocrx_word' id='word_1_645' title='bbox 3162 3800 3283 3838; x_wconf 87' lang='lat' dir='ltr'><strong>nam</strong></span> <span class='ocrx_word' id='word_1_646' title='bbox 3312 3786 3402 3854; x_wconf 87' lang='lat' dir='ltr'><strong>qui</strong></span> <span class='ocrx_word' id='word_1_647' title='bbox 3432 3801 3525 3841; x_wconf 87' lang='lat' dir='ltr'><strong>vo-</strong></span> 
     </span>
    </p>
   </div>
   <div class='ocr_carea' id='block_1_84' title="bbox 1950 3873 3524 3943">
    <p class='ocr_par' dir='ltr' id='par_1_84' title="bbox 1950 3873 3524 3943">
     <span class='ocr_line' id='line_1_84' title="bbox 1950 3873 3524 3943; baseline 0.001 -15"><span class='ocrx_word' id='word_1_648' title='bbox 1950 3874 2066 3928; x_wconf 90' lang='lat' dir='ltr'><strong>lunt</strong></span> <span class='ocrx_word' id='word_1_649' title='bbox 2102 3874 2208 3928; x_wconf 90' lang='lat' dir='ltr'><strong>divi</strong></span> <span class='ocrx_word' id='word_1_650' title='bbox 2236 3888 2295 3929; x_wconf 91' lang='lat' dir='ltr'><strong>es</strong></span> <span class='ocrx_word' id='word_1_651' title='bbox 2334 3873 2481 3939; x_wconf 86' lang='lat' dir='ltr'><strong>ﬁeri,</strong></span> <span class='ocrx_word' id='word_1_652' title='bbox 2522 3874 2639 3929; x_wconf 90' lang='lat' dir='ltr'><strong>sine</strong></span> <span class='ocrx_word' id='word_1_653' title='bbox 2679 3873 2971 3927; x_wconf 67' lang='lat' dir='ltr'><strong>tentatiune</strong></span> <span class='ocrx_word' id='word_1_654' title='bbox 3023 3888 3131 3929; x_wconf 89' lang='lat' dir='ltr'><strong>non</strong></span> <span class='ocrx_word' id='word_1_655' title='bbox 3183 3884 3350 3929; x_wconf 87' lang='lat' dir='ltr'><strong>sunt:</strong></span> <span class='ocrx_word' id='word_1_656' title='bbox 3399 3875 3524 3943; x_wconf 86' lang='lat' dir='ltr'><strong>quia</strong></span> 
     </span>
    </p>
   </div>
   <div class='ocr_carea' id='block_1_85' title="bbox 1950 3961 3524 4033">
    <p class='ocr_par' dir='ltr' id='par_1_85' title="bbox 1950 3961 3524 4033">
     <span class='ocr_line' id='line_1_85' title="bbox 1950 3961 3524 4033; baseline 0.002 -17"><span class='ocrx_word' id='word_1_657' title='bbox 1950 3962 2090 4033; x_wconf 90' lang='lat' dir='ltr'><strong>quod</strong></span> <span class='ocrx_word' id='word_1_658' title='bbox 2122 3962 2228 4017; x_wconf 87' lang='lat' dir='ltr'><strong>illis</strong></span> <span class='ocrx_word' id='word_1_659' title='bbox 2257 3964 2485 4029; x_wconf 81' lang='lat' dir='ltr'><strong>crescit,</strong></span> <span class='ocrx_word' id='word_1_660' title='bbox 2519 3964 2703 4031; x_wconf 87' lang='lat' dir='ltr'><strong>utique</strong></span> <span class='ocrx_word' id='word_1_661' title='bbox 2732 3961 2851 4015; x_wconf 91' lang='lat' dir='ltr'><strong>aliis</strong></span> <span class='ocrx_word' id='word_1_662' title='bbox 2882 3963 3157 4017; x_wconf 88' lang='lat' dir='ltr'><strong>mitntitur.</strong></span> <span class='ocrx_word' id='word_1_663' title='bbox 3199 3963 3442 4019; x_wconf 88' lang='lat' dir='ltr'><strong>Incidunt</strong></span> <span class='ocrx_word' id='word_1_664' title='bbox 3470 3967 3524 4019; x_wconf 90' lang='lat' dir='ltr'><strong>in</strong></span> 
     </span>
    </p>
   </div>
   <div class='ocr_carea' id='block_1_86' title="bbox 1951 4056 3521 4127">
    <p class='ocr_par' dir='ltr' id='par_1_86' title="bbox 1951 4056 3521 4127">
     <span class='ocr_line' id='line_1_86' title="bbox 1951 4056 3521 4127; baseline -0.001 -17"><span class='ocrx_word' id='word_1_665' title='bbox 1951 4058 2297 4111; x_wconf 85' lang='lat' dir='ltr'><strong>tentationem.</strong></span> <span class='ocrx_word' id='word_1_666' title='bbox 2329 4056 2551 4112; x_wconf 89' lang='lat' dir='ltr'><strong>Occasio</strong></span> <span class='ocrx_word' id='word_1_667' title='bbox 2575 4071 2704 4125; x_wconf 77' lang='lat' dir='ltr'><strong>ergo</strong></span> <span class='ocrx_word' id='word_1_668' title='bbox 2732 4056 3060 4122; x_wconf 88' lang='lat' dir='ltr'><strong>tcntatiouis,</strong></span> <span class='ocrx_word' id='word_1_669' title='bbox 3087 4070 3141 4111; x_wconf 88' lang='lat' dir='ltr'><strong>et</strong></span> <span class='ocrx_word' id='word_1_670' title='bbox 3167 4058 3386 4127; x_wconf 89' lang='lat' dir='ltr'><strong>laqueus</strong></span> <span class='ocrx_word' id='word_1_671' title='bbox 3412 4059 3521 4113; x_wconf 80' lang='lat' dir='ltr'><strong>dia-</strong></span> 
     </span>
    </p>
   </div>
   <div class='ocr_carea' id='block_1_87' title="bbox 1950 4146 3520 4216">
    <p class='ocr_par' dir='ltr' id='par_1_87' title="bbox 1950 4146 3520 4216">
     <span class='ocr_line' id='line_1_87' title="bbox 1950 4146 3520 4216; baseline 0 -14"><span class='ocrx_word' id='word_1_672' title='bbox 1950 4147 2057 4202; x_wconf 88' lang='lat' dir='ltr'><strong>boli</strong></span> <span class='ocrx_word' id='word_1_673' title='bbox 2089 4156 2171 4202; x_wconf 89' lang='lat' dir='ltr'><strong>est</strong></span> <span class='ocrx_word' id='word_1_674' title='bbox 2190 4186 2205 4212; x_wconf 92' lang='lat'><strong>,</strong></span> <span class='ocrx_word' id='word_1_675' title='bbox 2240 4146 2437 4202; x_wconf 89' lang='lat' dir='ltr'><strong>habere</strong></span> <span class='ocrx_word' id='word_1_676' title='bbox 2466 4147 2677 4201; x_wconf 86' lang='lat' dir='ltr'><strong>divitias</strong></span> <span class='ocrx_word' id='word_1_677' title='bbox 2696 4188 2713 4213; x_wconf 93' lang='lat'><strong>,</strong></span> <span class='ocrx_word' id='word_1_678' title='bbox 2743 4160 2878 4216; x_wconf 90' lang='lat' dir='ltr'><strong>quas</strong></span> <span class='ocrx_word' id='word_1_679' title='bbox 2905 4160 3006 4200; x_wconf 87' lang='lat' dir='ltr'><strong>nec</strong></span> <span class='ocrx_word' id='word_1_680' title='bbox 3034 4156 3283 4216; x_wconf 85' lang='lat' dir='ltr'><strong>parentes</strong></span> <span class='ocrx_word' id='word_1_681' title='bbox 3310 4148 3391 4203; x_wconf 89' lang='lat' dir='ltr'><strong>sui</strong></span> <span class='ocrx_word' id='word_1_682' title='bbox 3423 4148 3520 4203; x_wconf 56' lang='lat' dir='ltr'><strong>hac</strong></span> 
     </span>
    </p>
   </div>
   <div class='ocr_carea' id='block_1_88' title="bbox 1948 4238 3524 4308">
    <p class='ocr_par' dir='ltr' id='par_1_88' title="bbox 1948 4238 3524 4308">
     <span class='ocr_line' id='line_1_88' title="bbox 1948 4238 3524 4308; baseline 0.003 -16"><span class='ocrx_word' id='word_1_683' title='bbox 1948 4238 2179 4293; x_wconf 88' lang='lat' dir='ltr'><strong>b&#39;uerunt</strong></span> <span class='ocrx_word' id='word_1_684' title='bbox 2204 4256 2216 4291; x_wconf 90' lang='lat'><strong>:</strong></span> <span class='ocrx_word' id='word_1_685' title='bbox 2248 4253 2367 4294; x_wconf 91' lang='lat' dir='ltr'><strong>cum</strong></span> <span class='ocrx_word' id='word_1_686' title='bbox 2396 4239 2580 4308; x_wconf 88' lang='lat' dir='ltr'><strong>utique</strong></span> <span class='ocrx_word' id='word_1_687' title='bbox 2603 4238 2793 4308; x_wconf 90' lang='lat' dir='ltr'><strong>quibus</strong></span> <span class='ocrx_word' id='word_1_688' title='bbox 2820 4244 3071 4307; x_wconf 75' lang='lat' dir='ltr'><strong>parentes</strong></span> <span class='ocrx_word' id='word_1_689' title='bbox 3091 4238 3441 4305; x_wconf 87' lang='lat' dir='ltr'><strong>dimiserunt,</strong></span> <span class='ocrx_word' id='word_1_690' title='bbox 3469 4241 3524 4296; x_wconf 89' lang='lat' dir='ltr'><strong>in</strong></span> 
     </span>
    </p>
   </div>
   <div class='ocr_carea' id='block_1_89' title="bbox 1947 4328 3517 4409">
    <p class='ocr_par' dir='ltr' id='par_1_89' title="bbox 1947 4328 3517 4409">
     <span class='ocr_line' id='line_1_89' title="bbox 1947 4328 3517 4409; baseline 0 -24"><span class='ocrx_word' id='word_1_691' title='bbox 1947 4329 2107 4385; x_wconf 83' lang='lat' dir='ltr'><strong>bonis</strong></span> <span class='ocrx_word' id='word_1_692' title='bbox 2138 4329 2367 4385; x_wconf 88' lang='lat' dir='ltr'><strong>debeant</strong></span> <span class='ocrx_word' id='word_1_693' title='bbox 2394 4330 2645 4398; x_wconf 90' lang='lat' dir='ltr'><strong>operibus</strong></span> <span class='ocrx_word' id='word_1_694' title='bbox 2674 4329 2992 4409; x_wconf 87' lang='lat' dir='ltr'><strong>dispensari.</strong></span> <span class='ocrx_word' id='word_1_695' title='bbox 3032 4328 3098 4383; x_wconf 81' lang='lat' dir='ltr'><strong>Et</strong></span> <span class='ocrx_word' id='word_1_696' title='bbox 3138 4331 3375 4405; x_wconf 85' lang='lat' dir='ltr'><strong>laqueum</strong></span> <span class='ocrx_word' id='word_1_697' title='bbox 3403 4332 3517 4409; x_wconf 75' lang='lat' dir='ltr'><strong>dia-</strong></span> 
     </span>
    </p>
   </div>
   <div class='ocr_carea' id='block_1_90' title="bbox 1949 4407 3522 4491">
    <p class='ocr_par' dir='ltr' id='par_1_90' title="bbox 1949 4407 3522 4491">
     <span class='ocr_line' id='line_1_90' title="bbox 1949 4407 3522 4491; baseline 0.003 -19"><span class='ocrx_word' id='word_1_698' title='bbox 1949 4420 2085 4486; x_wconf 81' lang='lat' dir='ltr'><strong>boli,</strong></span> <span class='ocrx_word' id='word_1_699' title='bbox 2118 4429 2167 4473; x_wconf 88' lang='lat' dir='ltr'><strong>et</strong></span> <span class='ocrx_word' id='word_1_700' title='bbox 2192 4420 2445 4473; x_wconf 86' lang='lat' dir='ltr'><strong>desideria</strong></span> <span class='ocrx_word' id='word_1_701' title='bbox 2472 4421 2635 4474; x_wconf 88' lang='lat' dir='ltr'><strong>multa</strong></span> <span class='ocrx_word' id='word_1_702' title='bbox 2656 4458 2672 4485; x_wconf 94' lang='lat'><strong>,</strong></span> <span class='ocrx_word' id='word_1_703' title='bbox 2715 4428 2761 4473; x_wconf 92' lang='lat' dir='ltr'><strong>et</strong></span> <span class='ocrx_word' id='word_1_704' title='bbox 2788 4407 3025 4475; x_wconf 75' lang='lat' dir='ltr'><strong>inutilia.</strong></span> <span class='ocrx_word' id='word_1_705' title='bbox 3064 4419 3341 4491; x_wconf 81' lang='lat' dir='ltr'><strong>Nunquam</strong></span> <span class='ocrx_word' id='word_1_706' title='bbox 3381 4407 3522 4476; x_wconf 88' lang='lat' dir='ltr'><strong>enim</strong></span> 
     </span>
    </p>
   </div>
   <div class='ocr_carea' id='block_1_91' title="bbox 261 4503 3520 4586">
    <p class='ocr_par' dir='ltr' id='par_1_91' title="bbox 261 4503 3520 4586">
     <span class='ocr_line' id='line_1_91' title="bbox 261 4503 3520 4586; baseline 0.005 -29"><span class='ocrx_word' id='word_1_707' title='bbox 261 4523 475 4581; x_wconf 66' lang='lat' dir='ltr'><strong>peccata</strong></span> <span class='ocrx_word' id='word_1_708' title='bbox 509 4528 629 4583; x_wconf 63' lang='lat' dir='ltr'><strong>quae;</strong></span> <span class='ocrx_word' id='word_1_709' title='bbox 654 4524 779 4570; x_wconf 72' lang='lat' dir='ltr'><strong>ante</strong></span> <span class='ocrx_word' id='word_1_710' title='bbox 804 4516 890 4570; x_wconf 80' lang='lat' dir='ltr'><strong>hic</strong></span> <span class='ocrx_word' id='word_1_711' title='bbox 918 4516 1281 4585; x_wconf 76' lang='lat' dir='ltr'><strong>unusquisque</strong></span> <span class='ocrx_word' id='word_1_712' title='bbox 1319 4516 1647 4572; x_wconf 73' lang='lat' dir='ltr'><strong>commiserit</strong></span> <span class='ocrx_word' id='word_1_713' title='bbox 1676 4532 1689 4570; x_wconf 86' lang='lat'>:</span> <span class='ocrx_word' id='word_1_714' title='bbox 1718 4518 1841 4574; x_wconf 82' lang='lat' dir='ltr'><strong>sub.</strong></span> <span class='ocrx_word' id='word_1_715' title='bbox 1869 4503 1924 4564; x_wconf 85' lang='lat' dir='ltr'><strong>D</strong></span> <span class='ocrx_word' id='word_1_716' title='bbox 1948 4512 2249 4566; x_wconf 90' lang='lat' dir='ltr'><strong>divitiarum</strong></span> <span class='ocrx_word' id='word_1_717' title='bbox 2292 4513 2554 4568; x_wconf 85' lang='lat' dir='ltr'><strong>desideria</strong></span> <span class='ocrx_word' id='word_1_718' title='bbox 2591 4514 2889 4568; x_wconf 86' lang='lat' dir='ltr'><strong>satiantur:</strong></span> <span class='ocrx_word' id='word_1_719' title='bbox 2918 4514 3042 4584; x_wconf 87' lang='lat' dir='ltr'><strong>quia</strong></span> <span class='ocrx_word' id='word_1_720' title='bbox 3072 4529 3285 4586; x_wconf 87' lang='lat' dir='ltr'><strong>semper</strong></span> <span class='ocrx_word' id='word_1_721' title='bbox 3319 4531 3482 4585; x_wconf 78' lang='lat' dir='ltr'><strong>egens</strong></span> <span class='ocrx_word' id='word_1_722' title='bbox 3504 4557 3520 4583; x_wconf 96' lang='lat'><strong>,</strong></span> 
     </span>
    </p>
   </div>
   <div class='ocr_carea' id='block_1_92' title="bbox 261 4607 1844 4680">
    <p class='ocr_par' dir='ltr' id='par_1_92' title="bbox 261 4607 1844 4680">
     <span class='ocr_line' id='line_1_92' title="bbox 261 4607 1844 4680; baseline 0.005 -24"><span class='ocrx_word' id='word_1_723' title='bbox 261 4615 555 4673; x_wconf 76' lang='lat' dir='ltr'><strong>sequuntur</strong></span> <span class='ocrx_word' id='word_1_724' title='bbox 580 4607 669 4660; x_wconf 88' lang='lat' dir='ltr'><strong>illa</strong></span> <span class='ocrx_word' id='word_1_725' title='bbox 711 4608 904 4677; x_wconf 90' lang='lat' dir='ltr'><strong>quibus</strong></span> <span class='ocrx_word' id='word_1_726' title='bbox 960 4624 1057 4663; x_wconf 92' lang='lat' dir='ltr'><strong>nos</strong></span> <span class='ocrx_word' id='word_1_727' title='bbox 1084 4624 1275 4664; x_wconf 87' lang='lat' dir='ltr'><strong>causas</strong></span> <span class='ocrx_word' id='word_1_728' title='bbox 1300 4608 1576 4672; x_wconf 86' lang='lat' dir='ltr'><strong>dedimus;</strong></span> <span class='ocrx_word' id='word_1_729' title='bbox 1603 4611 1696 4665; x_wconf 91' lang='lat' dir='ltr'><strong>sed</strong></span> <span class='ocrx_word' id='word_1_730' title='bbox 1724 4619 1844 4680; x_wconf 83' lang='lat' dir='ltr'><strong>post</strong></span> 
     </span>
    </p>
   </div>
   <div class='ocr_carea' id='block_1_93' title="bbox 261 4700 1840 4772">
    <p class='ocr_par' dir='ltr' id='par_1_93' title="bbox 261 4700 1840 4772">
     <span class='ocr_line' id='line_1_93' title="bbox 261 4700 1840 4772; baseline 0.006 -25"><span class='ocrx_word' id='word_1_731' title='bbox 261 4705 501 4751; x_wconf 90' lang='lat' dir='ltr'><strong>nostrum</strong></span> <span class='ocrx_word' id='word_1_732' title='bbox 535 4700 815 4764; x_wconf 75' lang='lat' dir='ltr'><strong>transitum</strong></span> <span class='ocrx_word' id='word_1_733' title='bbox 844 4709 1281 4754; x_wconf 88' lang='lat' dir='ltr'><strong>consummantur</strong></span> <span class='ocrx_word' id='word_1_734' title='bbox 1306 4718 1318 4753; x_wconf 88' lang='lat'><strong>:</strong></span> <span class='ocrx_word' id='word_1_735' title='bbox 1348 4716 1476 4769; x_wconf 82' lang='lat' dir='ltr'><strong>ergo</strong></span> <span class='ocrx_word' id='word_1_736' title='bbox 1503 4700 1840 4772; x_wconf 83' lang='lat' dir='ltr'><strong>subsequun-</strong></span> 
     </span>
    </p>
   </div>
   <div class='ocr_carea' id='block_1_94' title="bbox 262 4788 1839 4860">
    <p class='ocr_par' dir='ltr' id='par_1_94' title="bbox 262 4788 1839 4860">
     <span class='ocr_line' id='line_1_94' title="bbox 262 4788 1839 4860; baseline 0.005 -22"><span class='ocrx_word' id='word_1_737' title='bbox 262 4793 347 4839; x_wconf 86' lang='lat' dir='ltr'><strong>tur</strong></span> <span class='ocrx_word' id='word_1_738' title='bbox 376 4802 471 4840; x_wconf 85' lang='lat' dir='ltr'><strong>nos</strong></span> <span class='ocrx_word' id='word_1_739' title='bbox 502 4788 806 4856; x_wconf 89' lang='lat' dir='ltr'><strong>hujusmodi</strong></span> <span class='ocrx_word' id='word_1_740' title='bbox 843 4802 1078 4855; x_wconf 84' lang='lat' dir='ltr'><strong>peccata.</strong></span> <span class='ocrx_word' id='word_1_741' title='bbox 1112 4789 1166 4844; x_wconf 87' lang='lat' dir='ltr'><strong>Si</strong></span> <span class='ocrx_word' id='word_1_742' title='bbox 1197 4788 1369 4854; x_wconf 72' lang='lat' dir='ltr'><strong>(verbi</strong></span> <span class='ocrx_word' id='word_1_743' title='bbox 1398 4789 1589 4860; x_wconf 83' lang='lat' dir='ltr'><strong>gratia)</strong></span> <span class='ocrx_word' id='word_1_744' title='bbox 1618 4790 1839 4860; x_wconf 81' lang='lat' dir='ltr'><strong>alicujus</strong></span> 
     </span>
    </p>
   </div>
   <div class='ocr_carea' id='block_1_95' title="bbox 265 4877 1839 4952">
    <p class='ocr_par' dir='ltr' id='par_1_95' title="bbox 265 4877 1839 4952">
     <span class='ocr_line' id='line_1_95' title="bbox 265 4877 1839 4952; baseline 0.004 -22"><span class='ocrx_word' id='word_1_745' title='bbox 265 4877 452 4948; x_wconf 74' lang='lat' dir='ltr'><strong>inopizc</strong></span> <span class='ocrx_word' id='word_1_746' title='bbox 476 4895 666 4936; x_wconf 86' lang='lat' dir='ltr'><strong>causas</strong></span> <span class='ocrx_word' id='word_1_747' title='bbox 692 4883 968 4936; x_wconf 87' lang='lat' dir='ltr'><strong>attulimus</strong></span> <span class='ocrx_word' id='word_1_748' title='bbox 988 4926 1001 4951; x_wconf 89' lang='lat'><strong>,</strong></span> <span class='ocrx_word' id='word_1_749' title='bbox 1030 4891 1085 4937; x_wconf 90' lang='lat' dir='ltr'><strong>et</strong></span> <span class='ocrx_word' id='word_1_750' title='bbox 1112 4882 1249 4937; x_wconf 85' lang='lat' dir='ltr'><strong>fame</strong></span> <span class='ocrx_word' id='word_1_751' title='bbox 1275 4890 1431 4951; x_wconf 91' lang='lat' dir='ltr'><strong>atque</strong></span> <span class='ocrx_word' id='word_1_752' title='bbox 1457 4890 1693 4952; x_wconf 77' lang='lat' dir='ltr'><strong>egestate</strong></span> <span class='ocrx_word' id='word_1_753' title='bbox 1721 4891 1839 4949; x_wconf 85' lang='lat' dir='ltr'><strong>post</strong></span> 
     </span>
    </p>
   </div>
   <div class='ocr_carea' id='block_1_96' title="bbox 263 4968 1836 5041">
    <p class='ocr_par' dir='ltr' id='par_1_96' title="bbox 263 4968 1836 5041">
     <span class='ocr_line' id='line_1_96' title="bbox 263 4968 1836 5041; baseline 0.003 -20"><span class='ocrx_word' id='word_1_754' title='bbox 263 4968 458 5024; x_wconf 87' lang='lat' dir='ltr'><strong>obitum</strong></span> <span class='ocrx_word' id='word_1_755' title='bbox 493 4981 733 5026; x_wconf 90' lang='lat' dir='ltr'><strong>nostrum</strong></span> <span class='ocrx_word' id='word_1_756' title='bbox 761 4972 1114 5026; x_wconf 69' lang='lat' dir='ltr'><strong>~.onsumitur.</strong></span> <span class='ocrx_word' id='word_1_757' title='bbox 1157 4971 1285 5026; x_wconf 88' lang='lat' dir='ltr'><strong>Sive</strong></span> <span class='ocrx_word' id='word_1_758' title='bbox 1325 4971 1378 5026; x_wconf 90' lang='lat' dir='ltr'><strong>in</strong></span> <span class='ocrx_word' id='word_1_759' title='bbox 1426 4972 1654 5027; x_wconf 89' lang='lat' dir='ltr'><strong>futurum</strong></span> <span class='ocrx_word' id='word_1_760' title='bbox 1692 4971 1836 5041; x_wconf 89' lang='lat' dir='ltr'><strong>judi—</strong></span> 
     </span>
    </p>
   </div>
   <div class='ocr_carea' id='block_1_97' title="bbox 261 5059 1839 5131">
    <p class='ocr_par' dir='ltr' id='par_1_97' title="bbox 261 5059 1839 5131">
     <span class='ocr_line' id='line_1_97' title="bbox 261 5059 1839 5131; baseline 0.003 -18"><span class='ocrx_word' id='word_1_761' title='bbox 261 5059 399 5114; x_wconf 86' lang='lat' dir='ltr'><strong>cium</strong></span> <span class='ocrx_word' id='word_1_762' title='bbox 424 5061 772 5130; x_wconf 75' lang='lat' dir='ltr'><strong>judicentur;</strong></span> <span class='ocrx_word' id='word_1_763' title='bbox 804 5063 925 5130; x_wconf 88' lang='lat' dir='ltr'><strong>quia</strong></span> <span class='ocrx_word' id='word_1_764' title='bbox 953 5063 1042 5117; x_wconf 90' lang='lat' dir='ltr'><strong>diu</strong></span> <span class='ocrx_word' id='word_1_765' title='bbox 1073 5063 1239 5118; x_wconf 89' lang='lat' dir='ltr'><strong>latere</strong></span> <span class='ocrx_word' id='word_1_766' title='bbox 1268 5076 1374 5116; x_wconf 93' lang='lat' dir='ltr'><strong>non</strong></span> <span class='ocrx_word' id='word_1_767' title='bbox 1416 5069 1659 5131; x_wconf 84' lang='lat' dir='ltr'><strong>possunt.</strong></span> <span class='ocrx_word' id='word_1_768' title='bbox 1697 5060 1839 5117; x_wconf 87' lang='lat' dir='ltr'><strong>Nihil</strong></span> 
     </span>
    </p>
   </div>
   <div class='ocr_carea' id='block_1_98' title="bbox 263 5153 1839 5224">
    <p class='ocr_par' dir='ltr' id='par_1_98' title="bbox 263 5153 1839 5224">
     <span class='ocr_line' id='line_1_98' title="bbox 263 5153 1839 5224; baseline 0.001 -19"><span class='ocrx_word' id='word_1_769' title='bbox 263 5153 527 5208; x_wconf 81' lang='lat' dir='ltr'><strong>occultum</strong></span> <span class='ocrx_word' id='word_1_770' title='bbox 553 5195 568 5220; x_wconf 90' lang='lat'><strong>,</strong></span> <span class='ocrx_word' id='word_1_771' title='bbox 599 5154 742 5224; x_wconf 92' lang='lat' dir='ltr'><strong>quod</strong></span> <span class='ocrx_word' id='word_1_772' title='bbox 772 5168 876 5209; x_wconf 88' lang='lat' dir='ltr'><strong>non</strong></span> <span class='ocrx_word' id='word_1_773' title='bbox 907 5154 1193 5210; x_wconf 87' lang='lat' dir='ltr'><strong>reveletur.</strong></span> <span class='ocrx_word' id='word_1_774' title='bbox 1230 5154 1401 5209; x_wconf 81' lang='lat' dir='ltr'><strong>Etiam</strong></span> <span class='ocrx_word' id='word_1_775' title='bbox 1432 5169 1551 5222; x_wconf 68' lang='lat' dir='ltr'><strong>qua:</strong></span> <span class='ocrx_word' id='word_1_776' title='bbox 1579 5153 1742 5208; x_wconf 83' lang='lat' dir='ltr'><strong>latent</strong></span> <span class='ocrx_word' id='word_1_777' title='bbox 1772 5153 1839 5207; x_wconf 85' lang='lat' dir='ltr'><strong>ad</strong></span> 
     </span>
    </p>
   </div>
   <div class='ocr_carea' id='block_1_99' title="bbox 267 5243 1840 5316">
    <p class='ocr_par' dir='ltr' id='par_1_99' title="bbox 267 5243 1840 5316">
     <span class='ocr_line' id='line_1_99' title="bbox 267 5243 1840 5316; baseline 0.001 -18"><span class='ocrx_word' id='word_1_778' title='bbox 267 5251 506 5313; x_wconf 78' lang='lat' dir='ltr'><strong>tempus,</strong></span> <span class='ocrx_word' id='word_1_779' title='bbox 553 5261 656 5302; x_wconf 92' lang='lat' dir='ltr'><strong>non</strong></span> <span class='ocrx_word' id='word_1_780' title='bbox 708 5256 928 5316; x_wconf 88' lang='lat' dir='ltr'><strong>possunt</strong></span> <span class='ocrx_word' id='word_1_781' title='bbox 977 5248 1027 5301; x_wconf 93' lang='lat' dir='ltr'><strong>in</strong></span> <span class='ocrx_word' id='word_1_782' title='bbox 1072 5246 1274 5316; x_wconf 88' lang='lat' dir='ltr'><strong>judicio</strong></span> <span class='ocrx_word' id='word_1_783' title='bbox 1320 5244 1598 5301; x_wconf 87' lang='lat' dir='ltr'><strong>occultari.</strong></span> <span class='ocrx_word' id='word_1_784' title='bbox 1630 5243 1697 5297; x_wconf 87' lang='lat' dir='ltr'><strong>Et</strong></span> <span class='ocrx_word' id='word_1_785' title='bbox 1726 5261 1840 5315; x_wconf 72' lang='lat' dir='ltr'><strong>qua:</strong></span> 
     </span>
    </p>
   </div>
   <div class='ocr_carea' id='block_1_100' title="bbox 261 5337 1836 5410">
    <p class='ocr_par' dir='ltr' id='par_1_100' title="bbox 261 5337 1836 5410">
     <span class='ocr_line' id='line_1_100' title="bbox 261 5337 1836 5410; baseline 0.004 -23"><span class='ocrx_word' id='word_1_786' title='bbox 261 5337 407 5389; x_wconf 81' lang='lat' dir='ltr'><strong>aliter</strong></span> <span class='ocrx_word' id='word_1_787' title='bbox 434 5354 484 5392; x_wconf 89' lang='lat' dir='ltr'><strong>se</strong></span> <span class='ocrx_word' id='word_1_788' title='bbox 514 5340 730 5406; x_wconf 83' lang='lat' dir='ltr'><strong>habent,</strong></span> <span class='ocrx_word' id='word_1_789' title='bbox 759 5339 1004 5393; x_wconf 89' lang='lat' dir='ltr'><strong>abscondi</strong></span> <span class='ocrx_word' id='word_1_790' title='bbox 1033 5356 1135 5395; x_wconf 91' lang='lat' dir='ltr'><strong>non</strong></span> <span class='ocrx_word' id='word_1_791' title='bbox 1165 5349 1399 5410; x_wconf 88' lang='lat' dir='ltr'><strong>possunt.</strong></span> <span class='ocrx_word' id='word_1_792' title='bbox 1430 5340 1472 5393; x_wconf 83' lang='lat' dir='ltr'><strong>A</strong></span> <span class='ocrx_word' id='word_1_793' title='bbox 1504 5337 1799 5393; x_wconf 90' lang='lat' dir='ltr'><strong>manifestis</strong></span> <span class='ocrx_word' id='word_1_794' title='bbox 1818 5379 1836 5406; x_wconf 94' lang='lat'><strong>,</strong></span> 
     </span>
    </p>
   </div>
   <div class='ocr_carea' id='block_1_101' title="bbox 262 5426 622 5483">
    <p class='ocr_par' dir='ltr' id='par_1_101' title="bbox 262 5426 622 5483">
     <span class='ocr_line' id='line_1_101' title="bbox 262 5426 622 5483; baseline 0.017 -5"><span class='ocrx_word' id='word_1_795' title='bbox 262 5426 309 5478; x_wconf 87' lang='lat' dir='ltr'><strong>si</strong></span> <span class='ocrx_word' id='word_1_796' title='bbox 322 5441 375 5479; x_wconf 59' lang='lat' dir='ltr'><strong>re</strong></span> <span class='ocrx_word' id='word_1_797' title='bbox 397 5442 423 5480; x_wconf 89' lang='lat' dir='ltr'><strong>a</strong></span> <span class='ocrx_word' id='word_1_798' title='bbox 453 5429 622 5483; x_wconf 82' lang='lat' dir='ltr'><strong>bonis.</strong></span> 
     </span>
    </p>
   </div>
   <div class='ocr_carea' id='block_1_102' title="bbox 337 5520 1837 5598">
    <p class='ocr_par' dir='ltr' id='par_1_102' title="bbox 337 5520 1837 5598">
     <span class='ocr_line' id='line_1_102' title="bbox 337 5520 1837 5598; baseline 0.005 -24"><span class='ocrx_word' id='word_1_799' title='bbox 337 5520 455 5575; x_wconf 69' lang='lat' dir='ltr'><strong>(Str.</strong></span> <span class='ocrx_word' id='word_1_800' title='bbox 482 5537 553 5576; x_wconf 78' lang='lat' dir='ltr'><strong>Vl.</strong></span> <span class='ocrx_word' id='word_1_801' title='bbox 586 5522 884 5594; x_wconf 83' lang='lat' dir='ltr'><strong>Quicunque</strong></span> <span class='ocrx_word' id='word_1_802' title='bbox 902 5533 1017 5579; x_wconf 90' lang='lat' dir='ltr'><strong>sunt</strong></span> <span class='ocrx_word' id='word_1_803' title='bbox 1042 5525 1135 5579; x_wconf 87' lang='lat' dir='ltr'><strong>sub</strong></span> <span class='ocrx_word' id='word_1_804' title='bbox 1151 5527 1281 5598; x_wconf 85' lang='lat' dir='ltr'><strong>jugo</strong></span> <span class='ocrx_word' id='word_1_805' title='bbox 1309 5527 1440 5581; x_wconf 84' lang='lat' dir='ltr'><strong>servi</strong></span> <span class='ocrx_word' id='word_1_806' title='bbox 1469 5527 1699 5581; x_wconf 87' lang='lat' dir='ltr'><strong>dominos</strong></span> <span class='ocrx_word' id='word_1_807' title='bbox 1718 5542 1837 5583; x_wconf 84' lang='lat' dir='ltr'><strong>suos</strong></span> 
     </span>
    </p>
   </div>
   <div class='ocr_carea' id='block_1_103' title="bbox 263 5609 1839 5684">
    <p class='ocr_par' dir='ltr' id='par_1_103' title="bbox 263 5609 1839 5684">
     <span class='ocr_line' id='line_1_103' title="bbox 263 5609 1839 5684; baseline 0.011 -30"><span class='ocrx_word' id='word_1_808' title='bbox 263 5609 400 5660; x_wconf 78' lang='grc' dir='ltr'><strong>οηιηὶ</strong></span> <span class='ocrx_word' id='word_1_809' title='bbox 436 5610 624 5667; x_wconf 87' lang='lat' dir='ltr'><strong>honore</strong></span> <span class='ocrx_word' id='word_1_810' title='bbox 665 5614 847 5684; x_wconf 81' lang='lat' dir='ltr'><strong>dignos</strong></span> <span class='ocrx_word' id='word_1_811' title='bbox 884 5616 1214 5671; x_wconf 86' lang='lat' dir='ltr'><strong>arbitrentur.</strong></span> <span class='ocrx_word' id='word_1_812' title='bbox 1260 5617 1428 5673; x_wconf 81' lang='lat' dir='ltr'><strong>Etiam</strong></span> <span class='ocrx_word' id='word_1_813' title='bbox 1461 5617 1724 5672; x_wconf 87' lang='lat' dir='ltr'><strong>inﬁdeles.</strong></span> <span class='ocrx_word' id='word_1_814' title='bbox 1756 5617 1839 5672; x_wconf 88' lang='lat' dir='ltr'><strong>Ne</strong></span> 
     </span>
    </p>
   </div>
   <div class='ocr_carea' id='block_1_104' title="bbox 264 5701 1839 5778">
    <p class='ocr_par' dir='ltr' id='par_1_104' title="bbox 264 5701 1839 5778">
     <span class='ocr_line' id='line_1_104' title="bbox 264 5701 1839 5778; baseline 0.011 -29"><span class='ocrx_word' id='word_1_815' title='bbox 264 5712 438 5753; x_wconf 64' lang='lat' dir='ltr'><strong>nonam</strong></span> <span class='ocrx_word' id='word_1_816' title='bbox 479 5701 678 5758; x_wconf 89' lang='lat' dir='ltr'><strong>Domini</strong></span> <span class='ocrx_word' id='word_1_817' title='bbox 714 5715 762 5760; x_wconf 83' lang='lat' dir='ltr'><strong>et</strong></span> <span class='ocrx_word' id='word_1_818' title='bbox 800 5707 1035 5761; x_wconf 84' lang='lat' dir='ltr'><strong>doctrina</strong></span> <span class='ocrx_word' id='word_1_819' title='bbox 1073 5708 1468 5778; x_wconf 75' lang='lat' dir='ltr'><strong>blasphemetur.</strong></span> <span class='ocrx_word' id='word_1_820' title='bbox 1505 5708 1581 5764; x_wconf 80' lang='lat' dir='ltr'><strong>Ne</strong></span> <span class='ocrx_word' id='word_1_821' title='bbox 1610 5709 1839 5766; x_wconf 83' lang='lat' dir='ltr'><strong>videaris</strong></span> 
     </span>
    </p>
   </div>
   <div class='ocr_carea' id='block_1_105' title="bbox 1949 4604 3518 4676">
    <p class='ocr_par' dir='ltr' id='par_1_105' title="bbox 1949 4604 3518 4676">
     <span class='ocr_line' id='line_1_105' title="bbox 1949 4604 3518 4676; baseline 0.003 -18"><span class='ocrx_word' id='word_1_822' title='bbox 1949 4606 2074 4659; x_wconf 90' lang='lat' dir='ltr'><strong>dum</strong></span> <span class='ocrx_word' id='word_1_823' title='bbox 2107 4604 2361 4675; x_wconf 87' lang='lat' dir='ltr'><strong>quidquid</strong></span> <span class='ocrx_word' id='word_1_824' title='bbox 2390 4606 2617 4669; x_wconf 87' lang='lat' dir='ltr'><strong>viderit,</strong></span> <span class='ocrx_word' id='word_1_825' title='bbox 2651 4606 2815 4676; x_wconf 89' lang='lat' dir='ltr'><strong>cupit.</strong></span> <span class='ocrx_word' id='word_1_826' title='bbox 2848 4604 2916 4659; x_wconf 85' lang='lat' dir='ltr'><strong>Et</strong></span> <span class='ocrx_word' id='word_1_827' title='bbox 2950 4607 3153 4660; x_wconf 83' lang='lat' dir='ltr'><strong>nociva.</strong></span> <span class='ocrx_word' id='word_1_828' title='bbox 3193 4608 3306 4661; x_wconf 87' lang='lat' dir='ltr'><strong>Non</strong></span> <span class='ocrx_word' id='word_1_829' title='bbox 3346 4609 3518 4662; x_wconf 87' lang='lat' dir='ltr'><strong>solum</strong></span> 
     </span>
    </p>
   </div>
   <div class='ocr_carea' id='block_1_106' title="bbox 1950 4692 3523 4766">
    <p class='ocr_par' dir='ltr' id='par_1_106' title="bbox 1950 4692 3523 4766">
     <span class='ocr_line' id='line_1_106' title="bbox 1950 4692 3523 4766; baseline 0.001 -18"><span class='ocrx_word' id='word_1_830' title='bbox 1950 4696 2177 4749; x_wconf 75' lang='lat' dir='ltr'><strong>inutilia.</strong></span> <span class='ocrx_word' id='word_1_831' title='bbox 2221 4696 2349 4760; x_wconf 64' lang='lat' dir='ltr'><strong>Quae</strong></span> <span class='ocrx_word' id='word_1_832' title='bbox 2377 4704 2607 4766; x_wconf 84' lang='lat' dir='ltr'><strong>mergunt</strong></span> <span class='ocrx_word' id='word_1_833' title='bbox 2635 4697 2860 4750; x_wconf 88' lang='lat' dir='ltr'><strong>homines</strong></span> <span class='ocrx_word' id='word_1_834' title='bbox 2896 4697 2950 4749; x_wconf 88' lang='lat' dir='ltr'><strong>in</strong></span> <span class='ocrx_word' id='word_1_835' title='bbox 2984 4697 3241 4750; x_wconf 86' lang='lat' dir='ltr'><strong>interitum</strong></span> <span class='ocrx_word' id='word_1_836' title='bbox 3270 4707 3317 4749; x_wconf 91' lang='lat' dir='ltr'><strong>et</strong></span> <span class='ocrx_word' id='word_1_837' title='bbox 3350 4692 3523 4765; x_wconf 81' lang='lat' dir='ltr'><strong>perdi-</strong></span> 
     </span>
    </p>
   </div>
   <div class='ocr_carea' id='block_1_107' title="bbox 1946 4787 3517 4854">
    <p class='ocr_par' dir='ltr' id='par_1_107' title="bbox 1946 4787 3517 4854">
     <span class='ocr_line' id='line_1_107' title="bbox 1946 4787 3517 4854; baseline 0.008 -16"><span class='ocrx_word' id='word_1_838' title='bbox 1946 4789 2154 4841; x_wconf 85' lang='lat' dir='ltr'><strong>tionem.</strong></span> <span class='ocrx_word' id='word_1_839' title='bbox 2188 4788 2318 4841; x_wconf 89' lang='lat' dir='ltr'><strong>Dum</strong></span> <span class='ocrx_word' id='word_1_840' title='bbox 2345 4787 2633 4841; x_wconf 87' lang='lat' dir='ltr'><strong>ambitione</strong></span> <span class='ocrx_word' id='word_1_841' title='bbox 2659 4788 2919 4843; x_wconf 83' lang='lat' dir='ltr'><strong>bonorum</strong></span> <span class='ocrx_word' id='word_1_842' title='bbox 2949 4795 3237 4850; x_wconf 67' lang='lat' dir='ltr'><strong>tumentes.</strong></span> <span class='ocrx_word' id='word_1_843' title='bbox 3263 4800 3429 4854; x_wconf 80' lang='lat' dir='ltr'><strong>usque</strong></span> <span class='ocrx_word' id='word_1_844' title='bbox 3451 4788 3517 4840; x_wconf 69' lang='lat' dir='ltr'><strong>ad</strong></span> 
     </span>
    </p>
   </div>
   <div class='ocr_carea' id='block_1_108' title="bbox 1947 4874 3521 4946">
    <p class='ocr_par' dir='ltr' id='par_1_108' title="bbox 1947 4874 3521 4946">
     <span class='ocr_line' id='line_1_108' title="bbox 1947 4874 3521 4946; baseline 0 -16"><span class='ocrx_word' id='word_1_845' title='bbox 1947 4878 2140 4931; x_wconf 89' lang='lat' dir='ltr'><strong>coelum</strong></span> <span class='ocrx_word' id='word_1_846' title='bbox 2181 4878 2373 4933; x_wconf 86' lang='lat' dir='ltr'><strong>elevati</strong></span> <span class='ocrx_word' id='word_1_847' title='bbox 2414 4891 2582 4946; x_wconf 86' lang='lat' dir='ltr'><strong>usque</strong></span> <span class='ocrx_word' id='word_1_848' title='bbox 2615 4877 2680 4930; x_wconf 89' lang='lat' dir='ltr'><strong>ad</strong></span> <span class='ocrx_word' id='word_1_849' title='bbox 2720 4876 2920 4930; x_wconf 84' lang='lat' dir='ltr'><strong>inferos</strong></span> <span class='ocrx_word' id='word_1_850' title='bbox 2949 4874 3366 4943; x_wconf 79' lang='lat' dir='ltr'><strong>demerguntur:</strong></span> <span class='ocrx_word' id='word_1_851' title='bbox 3406 4876 3521 4930; x_wconf 84' lang='lat' dir='ltr'><strong>sive</strong></span> 
     </span>
    </p>
   </div>
   <div class='ocr_carea' id='block_1_109' title="bbox 1949 4961 3512 5034">
    <p class='ocr_par' dir='ltr' id='par_1_109' title="bbox 1949 4961 3512 5034">
     <span class='ocr_line' id='line_1_109' title="bbox 1949 4961 3512 5034; baseline -0.002 -13"><span class='ocrx_word' id='word_1_852' title='bbox 1949 4969 2315 5022; x_wconf 86' lang='lat' dir='ltr'><strong>desiderantes</strong></span> <span class='ocrx_word' id='word_1_853' title='bbox 2336 4967 2539 5021; x_wconf 90' lang='lat' dir='ltr'><strong>alienas</strong></span> <span class='ocrx_word' id='word_1_854' title='bbox 2569 4979 2720 5034; x_wconf 88' lang='lat' dir='ltr'><strong>opes,</strong></span> <span class='ocrx_word' id='word_1_855' title='bbox 2746 4973 2804 5017; x_wconf 88' lang='lat' dir='ltr'><strong>ut</strong></span> <span class='ocrx_word' id='word_1_856' title='bbox 2830 4962 3067 5031; x_wconf 82' lang='lat' dir='ltr'><strong>adusque</strong></span> <span class='ocrx_word' id='word_1_857' title='bbox 3097 4961 3368 5015; x_wconf 87' lang='lat' dir='ltr'><strong>homicidii</strong></span> <span class='ocrx_word' id='word_1_858' title='bbox 3399 4980 3512 5033; x_wconf 60' lang='lat' dir='ltr'><strong>pero</strong></span> 
     </span>
    </p>
   </div>
   <div class='ocr_carea' id='block_1_110' title="bbox 1944 5054 3524 5115">
    <p class='ocr_par' dir='ltr' id='par_1_110' title="bbox 1944 5054 3524 5115">
     <span class='ocr_line' id='line_1_110' title="bbox 1944 5054 3524 5115; baseline 0 -2"><span class='ocrx_word' id='word_1_859' title='bbox 1944 5062 2167 5115; x_wconf 69' lang='lat' dir='ltr'><strong>vieniuut</strong></span> <span class='ocrx_word' id='word_1_860' title='bbox 2195 5060 2476 5115; x_wconf 80' lang='lat' dir='ltr'><strong>factiones.</strong></span> <span class='ocrx_word' id='word_1_861' title='bbox 2516 5057 2692 5111; x_wconf 75' lang='lat' dir='ltr'><strong>Radix</strong></span> <span class='ocrx_word' id='word_1_862' title='bbox 2719 5056 2851 5110; x_wconf 87' lang='lat' dir='ltr'><strong>enim</strong></span> <span class='ocrx_word' id='word_1_863' title='bbox 2890 5056 3119 5109; x_wconf 88' lang='lat' dir='ltr'><strong>omnium</strong></span> <span class='ocrx_word' id='word_1_864' title='bbox 3158 5054 3411 5110; x_wconf 88' lang='lat' dir='ltr'><strong>malorum</strong></span> <span class='ocrx_word' id='word_1_865' title='bbox 3449 5068 3524 5113; x_wconf 85' lang='lat' dir='ltr'><strong>est</strong></span> 
     </span>
    </p>
   </div>
   <div class='ocr_carea' id='block_1_111' title="bbox 1944 5146 3523 5221">
    <p class='ocr_par' dir='ltr' id='par_1_111' title="bbox 1944 5146 3523 5221">
     <span class='ocr_line' id='line_1_111' title="bbox 1944 5146 3523 5221; baseline -0.001 -15"><span class='ocrx_word' id='word_1_866' title='bbox 1944 5153 2221 5221; x_wconf 84' lang='lat' dir='ltr'><strong>cupiditas.</strong></span> <span class='ocrx_word' id='word_1_867' title='bbox 2263 5151 2395 5218; x_wconf 87' lang='lat' dir='ltr'><strong>Quia</strong></span> <span class='ocrx_word' id='word_1_868' title='bbox 2432 5158 2525 5205; x_wconf 90' lang='lat' dir='ltr'><strong>aut</strong></span> <span class='ocrx_word' id='word_1_869' title='bbox 2560 5149 2679 5203; x_wconf 81' lang='lat' dir='ltr'><strong>fons</strong></span> <span class='ocrx_word' id='word_1_870' title='bbox 2714 5157 2797 5202; x_wconf 86' lang='lat' dir='ltr'><strong>est</strong></span> <span class='ocrx_word' id='word_1_871' title='bbox 2835 5146 3072 5201; x_wconf 77' lang='lat' dir='ltr'><strong>omnium</strong></span> <span class='ocrx_word' id='word_1_872' title='bbox 3109 5147 3392 5204; x_wconf 90' lang='lat' dir='ltr'><strong>criminum</strong></span> <span class='ocrx_word' id='word_1_873' title='bbox 3433 5158 3523 5211; x_wconf 80' lang='lat' dir='ltr'><strong>aut</strong></span> 
     </span>
    </p>
   </div>
   <div class='ocr_carea' id='block_1_112' title="bbox 1944 5238 3519 5312">
    <p class='ocr_par' dir='ltr' id='par_1_112' title="bbox 1944 5238 3519 5312">
     <span class='ocr_line' id='line_1_112' title="bbox 1944 5238 3519 5312; baseline -0.003 -14"><span class='ocrx_word' id='word_1_874' title='bbox 1944 5242 2332 5312; x_wconf 85' lang='lat' dir='ltr'><strong>adjutuentum.</strong></span> <span class='ocrx_word' id='word_1_875' title='bbox 2386 5240 2550 5308; x_wconf 82' lang='lat' dir='ltr'><strong>Quam</strong></span> <span class='ocrx_word' id='word_1_876' title='bbox 2585 5238 2796 5308; x_wconf 87' lang='lat' dir='ltr'><strong>quidam</strong></span> <span class='ocrx_word' id='word_1_877' title='bbox 2834 5247 3124 5308; x_wconf 88' lang='lat' dir='ltr'><strong>appetentes</strong></span> <span class='ocrx_word' id='word_1_878' title='bbox 3161 5248 3450 5294; x_wconf 76' lang='lat' dir='ltr'><strong>erraverunt</strong></span> <span class='ocrx_word' id='word_1_879' title='bbox 3485 5256 3519 5293; x_wconf 89' lang='lat' dir='ltr'><strong>a</strong></span> 
     </span>
    </p>
   </div>
   <div class='ocr_carea' id='block_1_113' title="bbox 1944 5329 3518 5406">
    <p class='ocr_par' dir='ltr' id='par_1_113' title="bbox 1944 5329 3518 5406">
     <span class='ocr_line' id='line_1_113' title="bbox 1944 5329 3518 5406; baseline -0.003 -17"><span class='ocrx_word' id='word_1_880' title='bbox 1944 5338 2068 5406; x_wconf 80' lang='lat' dir='ltr'><strong>fide.</strong></span> <span class='ocrx_word' id='word_1_881' title='bbox 2121 5334 2477 5390; x_wconf 79' lang='lat' dir='ltr'><strong>ﬁecesserunt</strong></span> <span class='ocrx_word' id='word_1_882' title='bbox 2519 5347 2550 5387; x_wconf 87' lang='lat' dir='ltr'><strong>a</strong></span> <span class='ocrx_word' id='word_1_883' title='bbox 2596 5331 2699 5387; x_wconf 86' lang='lat' dir='ltr'><strong>fide</strong></span> <span class='ocrx_word' id='word_1_884' title='bbox 2743 5332 3126 5401; x_wconf 90' lang='lat' dir='ltr'><strong>promissorum</strong></span> <span class='ocrx_word' id='word_1_885' title='bbox 3165 5331 3279 5386; x_wconf 92' lang='lat' dir='ltr'><strong>Dei.</strong></span> <span class='ocrx_word' id='word_1_886' title='bbox 3321 5329 3391 5385; x_wconf 84' lang='lat' dir='ltr'><strong>Et</strong></span> <span class='ocrx_word' id='word_1_887' title='bbox 3436 5333 3518 5384; x_wconf 89' lang='lat' dir='ltr'><strong>in-</strong></span> 
     </span>
    </p>
   </div>
   <div class='ocr_carea' id='block_1_114' title="bbox 1944 5422 3516 5491">
    <p class='ocr_par' dir='ltr' id='par_1_114' title="bbox 1944 5422 3516 5491">
     <span class='ocr_line' id='line_1_114' title="bbox 1944 5422 3516 5491; baseline -0.004 -9"><span class='ocrx_word' id='word_1_888' title='bbox 1944 5435 2207 5482; x_wconf 87' lang='lat' dir='ltr'><strong>seruerunt</strong></span> <span class='ocrx_word' id='word_1_889' title='bbox 2239 5442 2293 5481; x_wconf 89' lang='lat' dir='ltr'><strong>se</strong></span> <span class='ocrx_word' id='word_1_890' title='bbox 2334 5424 2594 5480; x_wconf 87' lang='lat' dir='ltr'><strong>doloribus</strong></span> <span class='ocrx_word' id='word_1_891' title='bbox 2625 5423 2823 5477; x_wconf 90' lang='lat' dir='ltr'><strong>multis.</strong></span> <span class='ocrx_word' id='word_1_892' title='bbox 2853 5422 3065 5489; x_wconf 88' lang='lat' dir='ltr'><strong>Quanto</strong></span> <span class='ocrx_word' id='word_1_893' title='bbox 3092 5422 3209 5491; x_wconf 90' lang='lat' dir='ltr'><strong>plus</strong></span> <span class='ocrx_word' id='word_1_894' title='bbox 3240 5422 3516 5489; x_wconf 86' lang='lat' dir='ltr'><strong>habuerit,</strong></span> 
     </span>
    </p>
   </div>
   <div class='ocr_carea' id='block_1_115' title="bbox 1943 5512 3519 5587">
    <p class='ocr_par' dir='ltr' id='par_1_115' title="bbox 1943 5512 3519 5587">
     <span class='ocr_line' id='line_1_115' title="bbox 1943 5512 3519 5587; baseline -0.002 -15"><span class='ocrx_word' id='word_1_895' title='bbox 1943 5530 2091 5573; x_wconf 82' lang='lat' dir='ltr'><strong>tanto</strong></span> <span class='ocrx_word' id='word_1_896' title='bbox 2116 5515 2346 5587; x_wconf 90' lang='lat' dir='ltr'><strong>majores</strong></span> <span class='ocrx_word' id='word_1_897' title='bbox 2371 5514 2782 5571; x_wconf 90' lang='lat' dir='ltr'><strong>sollicitudinum</strong></span> <span class='ocrx_word' id='word_1_898' title='bbox 2810 5516 3035 5568; x_wconf 78' lang='lat' dir='ltr'><strong>Sustinet</strong></span> <span class='ocrx_word' id='word_1_899' title='bbox 3059 5512 3343 5583; x_wconf 83' lang='lat' dir='ltr'><strong>cruciatus.</strong></span> <span class='ocrx_word' id='word_1_900' title='bbox 3371 5513 3519 5569; x_wconf 91' lang='lat' dir='ltr'><strong>Unde</strong></span> 
     </span>
    </p>
   </div>
   <div class='ocr_carea' id='block_1_116' title="bbox 1945 5602 3561 5668">
    <p class='ocr_par' dir='ltr' id='par_1_116' title="bbox 1945 5602 3561 5668">
     <span class='ocr_line' id='line_1_116' title="bbox 1945 5602 3561 5668; baseline -0.005 -1"><span class='ocrx_word' id='word_1_901' title='bbox 1945 5621 1997 5668; x_wconf 89' lang='lat' dir='ltr'><strong>et</strong></span> <span class='ocrx_word' id='word_1_902' title='bbox 2028 5610 2283 5665; x_wconf 76' lang='lat' dir='ltr'><strong>Dominus</strong></span> <span class='ocrx_word' id='word_1_903' title='bbox 2309 5606 2613 5663; x_wconf 87' lang='lat' dir='ltr'><strong>divitiarum</strong></span> <span class='ocrx_word' id='word_1_904' title='bbox 2640 5604 2891 5660; x_wconf 59' lang='lat' dir='ltr'><strong>arumnis</strong></span> <span class='ocrx_word' id='word_1_905' title='bbox 2920 5602 3141 5657; x_wconf 84' lang='lat' dir='ltr'><strong>verbum</strong></span> <span class='ocrx_word' id='word_1_906' title='bbox 3170 5602 3435 5668; x_wconf 85' lang='lat' dir='ltr'><strong>asseruit,</strong></span> <span class='ocrx_word' id='word_1_907' title='bbox 3466 5617 3518 5658; x_wconf 88' lang='lat' dir='ltr'><strong>et</strong></span> <span class='ocrx_word' id='word_1_908' title='bbox 3556 5648 3561 5659; x_wconf 81' lang='lat'><strong>.</strong></span> 
     </span>
    </p>
   </div>
   <div class='ocr_carea' id='block_1_117' title="bbox 1946 5692 3569 5774">
    <p class='ocr_par' dir='ltr' id='par_1_117' title="bbox 1946 5692 3569 5774">
     <span class='ocr_line' id='line_1_117' title="bbox 1946 5692 3569 5774; baseline -0.009 -11"><span class='ocrx_word' id='word_1_909' title='bbox 1946 5706 2146 5763; x_wconf 86' lang='lat' dir='ltr'><strong>circum</strong></span> <span class='ocrx_word' id='word_1_910' title='bbox 2192 5703 2394 5774; x_wconf 77' lang='lat' dir='ltr'><strong>reliqua</strong></span> <span class='ocrx_word' id='word_1_911' title='bbox 2443 5696 2889 5771; x_wconf 82' lang='lat' dir='ltr'><strong>concupiscentiis</strong></span> <span class='ocrx_word' id='word_1_912' title='bbox 2936 5693 3232 5753; x_wconf 84' lang='lat' dir='ltr'><strong>sull&#39;ocari:</strong></span> <span class='ocrx_word' id='word_1_913' title='bbox 3285 5692 3517 5767; x_wconf 84' lang='lat' dir='ltr'><strong>denique</strong></span> <span class='ocrx_word' id='word_1_914' title='bbox 3566 5751 3569 5755; x_wconf 27' lang='lat'><strong>,</strong></span> 
     </span>
    </p>
   </div>
  </div>
