  <div class='ocr_page' id='page_1' title='image "/cluster/home/n/w/nwhite01/storage/ocr_20150623/68/hvd.32044054758719/343.png"; bbox 0 0 3884 6172; ppageno 0'>
   <div class='ocr_carea' id='block_1_1' title="bbox 356 339 451 391">
    <p class='ocr_par' dir='ltr' id='par_1_1' title="bbox 356 339 451 391">
     <span class='ocr_line' id='line_1_1' title="bbox 356 339 451 391; baseline 0.021 -2"><span class='ocrx_word' id='word_1_1' title='bbox 356 339 451 391; x_wconf 76' lang='grc' dir='ltr'><strong>6Τὶ</strong></span> 
     </span>
    </p>
   </div>
   <div class='ocr_carea' id='block_1_2' title="bbox 1473 328 2511 389">
    <p class='ocr_par' dir='ltr' id='par_1_2' title="bbox 1473 328 2511 389">
     <span class='ocr_line' id='line_1_2' title="bbox 1473 328 2511 389; baseline -0.003 -1"><span class='ocrx_word' id='word_1_2' title='bbox 1473 330 1766 388; x_wconf 73' lang='lat' dir='ltr'><strong>PRIHASII</strong></span> <span class='ocrx_word' id='word_1_3' title='bbox 1810 328 2043 384; x_wconf 75' lang='lat' dir='ltr'><strong>ADRUM</strong></span> <span class='ocrx_word' id='word_1_4' title='bbox 2056 329 2256 389; x_wconf 80' lang='lat' dir='ltr'><strong>ETANI</strong></span> <span class='ocrx_word' id='word_1_5' title='bbox 2298 330 2511 388; x_wconf 82' lang='lat' dir='ltr'><strong>EPISC.</strong></span> 
     </span>
    </p>
   </div>
   <div class='ocr_carea' id='block_1_3' title="bbox 3522 336 3626 388">
    <p class='ocr_par' dir='ltr' id='par_1_3' title="bbox 3522 336 3626 388">
     <span class='ocr_line' id='line_1_3' title="bbox 3522 336 3626 388; baseline 0.01 -1"><span class='ocrx_word' id='word_1_6' title='bbox 3522 336 3626 388; x_wconf 65' lang='lat'><strong>672</strong></span> 
     </span>
    </p>
   </div>
   <div class='ocr_carea' id='block_1_4' title="bbox 358 445 3630 517">
    <p class='ocr_par' dir='ltr' id='par_1_4' title="bbox 358 445 3630 517">
     <span class='ocr_line' id='line_1_4' title="bbox 358 445 3630 517; baseline -0.002 -10"><span class='ocrx_word' id='word_1_7' title='bbox 358 470 465 508; x_wconf 82' lang='lat' dir='ltr'><strong>non</strong></span> <span class='ocrx_word' id='word_1_8' title='bbox 505 452 850 509; x_wconf 75' lang='lat' dir='ltr'><strong>dominantur</strong></span> <span class='ocrx_word' id='word_1_9' title='bbox 886 451 1087 506; x_wconf 76' lang='lat' dir='ltr'><strong>divitiis</strong></span> <span class='ocrx_word' id='word_1_10' title='bbox 1107 492 1122 517; x_wconf 93' lang='lat'><strong>,</strong></span> <span class='ocrx_word' id='word_1_11' title='bbox 1153 450 1247 506; x_wconf 86' lang='lat' dir='ltr'><strong>sed</strong></span> <span class='ocrx_word' id='word_1_12' title='bbox 1278 449 1519 505; x_wconf 76' lang='lat' dir='ltr'><strong>serviunt</strong></span> <span class='ocrx_word' id='word_1_13' title='bbox 1546 466 1559 501; x_wconf 92' lang='lat'>:</span> <span class='ocrx_word' id='word_1_14' title='bbox 1604 449 1676 503; x_wconf 87' lang='lat' dir='ltr'><strong>ita</strong></span> <span class='ocrx_word' id='word_1_15' title='bbox 1705 459 1761 501; x_wconf 90' lang='lat' dir='ltr'><strong>ut</strong></span> <span class='ocrx_word' id='word_1_16' title='bbox 1790 446 1936 501; x_wconf 86' lang='lat' dir='ltr'><strong>dica-</strong></span> <span class='ocrx_word' id='word_1_17' title='bbox 1965 450 2012 508; x_wconf 81' lang='grc' dir='ltr'><strong>Α</strong></span> <span class='ocrx_word' id='word_1_18' title='bbox 2044 458 2165 498; x_wconf 87' lang='lat' dir='ltr'><strong>nam</strong></span> <span class='ocrx_word' id='word_1_19' title='bbox 2196 453 2253 500; x_wconf 89' lang='lat' dir='ltr'><strong>et</strong></span> <span class='ocrx_word' id='word_1_20' title='bbox 2280 446 2453 499; x_wconf 90' lang='lat' dir='ltr'><strong>solum</strong></span> <span class='ocrx_word' id='word_1_21' title='bbox 2487 452 2632 499; x_wconf 89' lang='lat' dir='ltr'><strong>tanto</strong></span> <span class='ocrx_word' id='word_1_22' title='bbox 2660 445 2889 513; x_wconf 67' lang='lat' dir='ltr'><strong>amplius</strong></span> <span class='ocrx_word' id='word_1_23' title='bbox 2917 446 3191 510; x_wconf 66' lang='lat' dir='ltr'><strong>vidi-mus,</strong></span> <span class='ocrx_word' id='word_1_24' title='bbox 3219 454 3419 513; x_wconf 82' lang='lat' dir='ltr'><strong>quanto</strong></span> <span class='ocrx_word' id='word_1_25' title='bbox 3446 449 3630 516; x_wconf 82' lang='lat' dir='ltr'><strong>purior</strong></span> 
     </span>
    </p>
   </div>
   <div class='ocr_carea' id='block_1_5' title="bbox 359 538 1935 611">
    <p class='ocr_par' dir='ltr' id='par_1_5' title="bbox 359 538 1935 611">
     <span class='ocr_line' id='line_1_5' title="bbox 359 538 1935 611; baseline -0.005 -12"><span class='ocrx_word' id='word_1_26' title='bbox 359 558 465 609; x_wconf 90' lang='lat' dir='ltr'><strong>tur,</strong></span> <span class='ocrx_word' id='word_1_27' title='bbox 496 555 811 611; x_wconf 84' lang='lat' dir='ltr'><strong>quantarnm</strong></span> <span class='ocrx_word' id='word_1_28' title='bbox 842 543 1147 597; x_wconf 79' lang='lat' dir='ltr'><strong>divitiarum</strong></span> <span class='ocrx_word' id='word_1_29' title='bbox 1175 553 1259 598; x_wconf 89' lang='lat' dir='ltr'><strong>est</strong></span> <span class='ocrx_word' id='word_1_30' title='bbox 1289 542 1449 594; x_wconf 86' lang='lat' dir='ltr'><strong>homo</strong></span> <span class='ocrx_word' id='word_1_31' title='bbox 1493 540 1626 595; x_wconf 86' lang='lat' dir='ltr'><strong>ille?</strong></span> <span class='ocrx_word' id='word_1_32' title='bbox 1657 539 1807 609; x_wconf 87' lang='lat' dir='ltr'><strong>quasi</strong></span> <span class='ocrx_word' id='word_1_33' title='bbox 1848 538 1935 591; x_wconf 89' lang='lat' dir='ltr'><strong>di-</strong></span> 
     </span>
    </p>
   </div>
   <div class='ocr_carea' id='block_1_6' title="bbox 357 628 1933 701">
    <p class='ocr_par' dir='ltr' id='par_1_6' title="bbox 357 628 1933 701">
     <span class='ocr_line' id='line_1_6' title="bbox 357 628 1933 701; baseline -0.006 -11"><span class='ocrx_word' id='word_1_34' title='bbox 357 653 451 692; x_wconf 79' lang='lat' dir='ltr'><strong>cas</strong></span> <span class='ocrx_word' id='word_1_35' title='bbox 496 637 817 701; x_wconf 73' lang='lat' dir='ltr'><strong>mancipium</strong></span> <span class='ocrx_word' id='word_1_36' title='bbox 861 634 1188 687; x_wconf 77' lang='lat' dir='ltr'><strong>divitiarum.</strong></span> <span class='ocrx_word' id='word_1_37' title='bbox 1226 633 1302 685; x_wconf 84' lang='lat' dir='ltr'><strong>Tu</strong></span> <span class='ocrx_word' id='word_1_38' title='bbox 1332 642 1532 695; x_wconf 87' lang='lat' dir='ltr'><strong>autem,</strong></span> <span class='ocrx_word' id='word_1_39' title='bbox 1567 646 1596 681; x_wconf 90' lang='grc' dir='ltr'><strong>ο</strong></span> <span class='ocrx_word' id='word_1_40' title='bbox 1624 631 1774 682; x_wconf 83' lang='lat' dir='ltr'><strong>homo</strong></span> <span class='ocrx_word' id='word_1_41' title='bbox 1821 628 1933 681; x_wconf 89' lang='lat' dir='ltr'><strong>Dei.</strong></span> 
     </span>
    </p>
   </div>
   <div class='ocr_carea' id='block_1_7' title="bbox 357 722 1935 792">
    <p class='ocr_par' dir='ltr' id='par_1_7' title="bbox 357 722 1935 792">
     <span class='ocr_line' id='line_1_7' title="bbox 357 722 1935 792; baseline -0.007 -8"><span class='ocrx_word' id='word_1_42' title='bbox 357 733 471 784; x_wconf 70' lang='lat' dir='ltr'><strong>Non</strong></span> <span class='ocrx_word' id='word_1_43' title='bbox 504 730 813 782; x_wconf 78' lang='lat' dir='ltr'><strong>divitiarum</strong></span> <span class='ocrx_word' id='word_1_44' title='bbox 849 728 1041 788; x_wconf 85' lang='lat' dir='ltr'><strong>homo,</strong></span> <span class='ocrx_word' id='word_1_45' title='bbox 1075 726 1166 781; x_wconf 77' lang='lat' dir='ltr'><strong>sed</strong></span> <span class='ocrx_word' id='word_1_46' title='bbox 1210 727 1371 777; x_wconf 88' lang='lat' dir='ltr'><strong>homo</strong></span> <span class='ocrx_word' id='word_1_47' title='bbox 1414 724 1537 787; x_wconf 88' lang='lat' dir='ltr'><strong>Dei,</strong></span> <span class='ocrx_word' id='word_1_48' title='bbox 1569 722 1721 792; x_wconf 85' lang='lat' dir='ltr'><strong>cujus</strong></span> <span class='ocrx_word' id='word_1_49' title='bbox 1759 723 1935 775; x_wconf 81' lang='lat' dir='ltr'><strong>omnia</strong></span> 
     </span>
    </p>
   </div>
   <div class='ocr_carea' id='block_1_8' title="bbox 358 817 1938 888">
    <p class='ocr_par' dir='ltr' id='par_1_8' title="bbox 358 817 1938 888">
     <span class='ocr_line' id='line_1_8' title="bbox 358 817 1938 888; baseline -0.006 -12"><span class='ocrx_word' id='word_1_50' title='bbox 358 836 516 887; x_wconf 81' lang='lat' dir='ltr'><strong>sunt,</strong></span> <span class='ocrx_word' id='word_1_51' title='bbox 546 834 599 876; x_wconf 91' lang='lat' dir='ltr'><strong>et</strong></span> <span class='ocrx_word' id='word_1_52' title='bbox 628 822 716 874; x_wconf 91' lang='lat' dir='ltr'><strong>uni</strong></span> <span class='ocrx_word' id='word_1_53' title='bbox 757 823 864 874; x_wconf 85' lang='lat' dir='ltr'><strong>Deo</strong></span> <span class='ocrx_word' id='word_1_54' title='bbox 905 820 1255 888; x_wconf 69' lang='lat' dir='ltr'><strong>mancipatus.</strong></span> <span class='ocrx_word' id='word_1_55' title='bbox 1302 817 1429 871; x_wconf 72' lang='lat' dir='ltr'><strong>ﬂare</strong></span> <span class='ocrx_word' id='word_1_56' title='bbox 1468 817 1603 886; x_wconf 77' lang='lat' dir='ltr'><strong>fuge.</strong></span> <span class='ocrx_word' id='word_1_57' title='bbox 1645 818 1776 882; x_wconf 73' lang='lat' dir='ltr'><strong>Qum</strong></span> <span class='ocrx_word' id='word_1_58' title='bbox 1813 823 1938 867; x_wconf 91' lang='lat' dir='ltr'><strong>sunt</strong></span> 
     </span>
    </p>
   </div>
   <div class='ocr_carea' id='block_1_9' title="bbox 359 908 1935 983">
    <p class='ocr_par' dir='ltr' id='par_1_9' title="bbox 359 908 1935 983">
     <span class='ocr_line' id='line_1_9' title="bbox 359 908 1935 983; baseline -0.006 -14"><span class='ocrx_word' id='word_1_59' title='bbox 359 934 518 969; x_wconf 70' lang='lat' dir='ltr'><strong>causa</strong></span> <span class='ocrx_word' id='word_1_60' title='bbox 563 915 798 983; x_wconf 75' lang='lat' dir='ltr'><strong>perﬁdia:</strong></span> <span class='ocrx_word' id='word_1_61' title='bbox 836 922 889 965; x_wconf 82' lang='lat' dir='ltr'><strong>et</strong></span> <span class='ocrx_word' id='word_1_62' title='bbox 937 913 1197 963; x_wconf 77' lang='lat' dir='ltr'><strong>dolorum.</strong></span> <span class='ocrx_word' id='word_1_63' title='bbox 1242 909 1451 964; x_wconf 80' lang='lat' dir='ltr'><strong>Sectare</strong></span> <span class='ocrx_word' id='word_1_64' title='bbox 1488 924 1602 961; x_wconf 76' lang='lat' dir='ltr'><strong>vero</strong></span> <span class='ocrx_word' id='word_1_65' title='bbox 1646 908 1935 977; x_wconf 75' lang='lat' dir='ltr'><strong>justitiam,</strong></span> 
     </span>
    </p>
   </div>
   <div class='ocr_carea' id='block_1_10' title="bbox 358 1001 1938 1078">
    <p class='ocr_par' dir='ltr' id='par_1_10' title="bbox 358 1001 1938 1078">
     <span class='ocr_line' id='line_1_10' title="bbox 358 1001 1938 1078; baseline -0.004 -23"><span class='ocrx_word' id='word_1_66' title='bbox 358 1012 625 1078; x_wconf 68' lang='lat' dir='ltr'><strong>pietatem,</strong></span> <span class='ocrx_word' id='word_1_67' title='bbox 667 1006 850 1070; x_wconf 77' lang='lat' dir='ltr'><strong>fidem,</strong></span> <span class='ocrx_word' id='word_1_68' title='bbox 892 1004 1221 1064; x_wconf 79' lang='lat' dir='ltr'><strong>tharitatem,</strong></span> <span class='ocrx_word' id='word_1_69' title='bbox 1268 1001 1602 1067; x_wconf 72' lang='lat' dir='ltr'><strong>patientiam,</strong></span> <span class='ocrx_word' id='word_1_70' title='bbox 1643 1008 1938 1051; x_wconf 79' lang='lat' dir='ltr'><strong>mansuetu-</strong></span> 
     </span>
    </p>
   </div>
   <div class='ocr_carea' id='block_1_11' title="bbox 360 1087 1937 1162">
    <p class='ocr_par' dir='ltr' id='par_1_11' title="bbox 360 1087 1937 1162">
     <span class='ocr_line' id='line_1_11' title="bbox 360 1087 1937 1162; baseline -0.005 -13"><span class='ocrx_word' id='word_1_71' title='bbox 360 1102 547 1150; x_wconf 78' lang='lat' dir='ltr'><strong>dinem.</strong></span> <span class='ocrx_word' id='word_1_72' title='bbox 584 1099 636 1150; x_wconf 90' lang='lat' dir='ltr'><strong>lu</strong></span> <span class='ocrx_word' id='word_1_73' title='bbox 672 1100 699 1148; x_wconf 90' lang='lat' dir='ltr'><strong>b</strong></span> <span class='ocrx_word' id='word_1_74' title='bbox 727 1111 752 1147; x_wconf 88' lang='lat' dir='ltr'><strong>s</strong></span> <span class='ocrx_word' id='word_1_75' title='bbox 784 1096 981 1148; x_wconf 73' lang='lat' dir='ltr'><strong>divitiis</strong></span> <span class='ocrx_word' id='word_1_76' title='bbox 1008 1097 1166 1162; x_wconf 73' lang='lat' dir='ltr'><strong>cupio</strong></span> <span class='ocrx_word' id='word_1_77' title='bbox 1196 1105 1245 1146; x_wconf 89' lang='lat' dir='ltr'><strong>te</strong></span> <span class='ocrx_word' id='word_1_78' title='bbox 1272 1108 1390 1147; x_wconf 64' lang='lat' dir='ltr'><strong>esse</strong></span> <span class='ocrx_word' id='word_1_79' title='bbox 1421 1090 1758 1155; x_wconf 62' lang='lat' dir='ltr'><strong>locupletem.</strong></span> <span class='ocrx_word' id='word_1_80' title='bbox 1787 1087 1937 1142; x_wconf 83' lang='lat' dir='ltr'><strong>Certa</strong></span> 
     </span>
    </p>
   </div>
   <div class='ocr_carea' id='block_1_12' title="bbox 359 1187 1937 1253">
    <p class='ocr_par' dir='ltr' id='par_1_12' title="bbox 359 1187 1937 1253">
     <span class='ocr_line' id='line_1_12' title="bbox 359 1187 1937 1253; baseline -0.005 -12"><span class='ocrx_word' id='word_1_81' title='bbox 359 1195 540 1241; x_wconf 84' lang='lat' dir='ltr'><strong>bonum</strong></span> <span class='ocrx_word' id='word_1_82' title='bbox 572 1199 824 1241; x_wconf 72' lang='lat' dir='ltr'><strong>certamen</strong></span> <span class='ocrx_word' id='word_1_83' title='bbox 858 1187 998 1253; x_wconf 72' lang='lat' dir='ltr'><strong>ﬁdet.</strong></span> <span class='ocrx_word' id='word_1_84' title='bbox 1034 1187 1234 1236; x_wconf 80' lang='lat' dir='ltr'><strong>liottum</strong></span> <span class='ocrx_word' id='word_1_85' title='bbox 1267 1194 1534 1236; x_wconf 71' lang='lat' dir='ltr'><strong>certatret</strong></span> <span class='ocrx_word' id='word_1_86' title='bbox 1567 1192 1676 1243; x_wconf 83' lang='lat' dir='ltr'><strong>est,</strong></span> <span class='ocrx_word' id='word_1_87' title='bbox 1708 1196 1809 1233; x_wconf 86' lang='lat' dir='ltr'><strong>non</strong></span> <span class='ocrx_word' id='word_1_88' title='bbox 1842 1196 1937 1249; x_wconf 90' lang='lat' dir='ltr'><strong>pro</strong></span> 
     </span>
    </p>
   </div>
   <div class='ocr_carea' id='block_1_13' title="bbox 359 1273 1935 1347">
    <p class='ocr_par' dir='ltr' id='par_1_13' title="bbox 359 1273 1935 1347">
     <span class='ocr_line' id='line_1_13' title="bbox 359 1273 1935 1347; baseline -0.006 -12"><span class='ocrx_word' id='word_1_89' title='bbox 359 1281 693 1347; x_wconf 47' lang='lat' dir='ltr'><strong>possessione</strong></span> <span class='ocrx_word' id='word_1_90' title='bbox 715 1320 727 1340; x_wconf 91' lang='lat'><strong>,</strong></span> <span class='ocrx_word' id='word_1_91' title='bbox 760 1280 852 1333; x_wconf 54' lang='lat' dir='ltr'><strong>sed</strong></span> <span class='ocrx_word' id='word_1_92' title='bbox 886 1292 981 1346; x_wconf 87' lang='lat' dir='ltr'><strong>pro</strong></span> <span class='ocrx_word' id='word_1_93' title='bbox 1014 1277 1113 1330; x_wconf 80' lang='lat' dir='ltr'><strong>title</strong></span> <span class='ocrx_word' id='word_1_94' title='bbox 1145 1287 1375 1331; x_wconf 63' lang='lat' dir='ltr'><strong>certate.</strong></span> <span class='ocrx_word' id='word_1_95' title='bbox 1419 1275 1754 1341; x_wconf 79' lang='lat' dir='ltr'><strong>Apprehende</strong></span> <span class='ocrx_word' id='word_1_96' title='bbox 1785 1273 1935 1325; x_wconf 62' lang='lat' dir='ltr'><strong>eiram</strong></span> 
     </span>
    </p>
   </div>
   <div class='ocr_carea' id='block_1_14' title="bbox 353 1366 1939 1435">
    <p class='ocr_par' dir='ltr' id='par_1_14' title="bbox 353 1366 1939 1435">
     <span class='ocr_line' id='line_1_14' title="bbox 353 1366 1939 1435; baseline -0.006 -9"><span class='ocrx_word' id='word_1_97' title='bbox 353 1386 611 1426; x_wconf 78' lang='lat' dir='ltr'><strong>teternam.</strong></span> <span class='ocrx_word' id='word_1_98' title='bbox 646 1371 793 1425; x_wconf 85' lang='lat' dir='ltr'><strong>Sicut</strong></span> <span class='ocrx_word' id='word_1_99' title='bbox 823 1371 890 1423; x_wconf 91' lang='lat' dir='ltr'><strong>de</strong></span> <span class='ocrx_word' id='word_1_100' title='bbox 922 1385 980 1425; x_wconf 81' lang='lat' dir='ltr'><strong>se</strong></span> <span class='ocrx_word' id='word_1_101' title='bbox 1008 1370 1136 1423; x_wconf 83' lang='lat' dir='ltr'><strong>dicit</strong></span> <span class='ocrx_word' id='word_1_102' title='bbox 1160 1386 1173 1422; x_wconf 90' lang='lat'><strong>:</strong></span> <span class='ocrx_word' id='word_1_103' title='bbox 1197 1369 1251 1422; x_wconf 86' lang='lat' dir='ltr'><strong>Si</strong></span> <span class='ocrx_word' id='word_1_104' title='bbox 1283 1370 1549 1435; x_wconf 81' lang='lat' dir='ltr'><strong>qttmuodo</strong></span> <span class='ocrx_word' id='word_1_105' title='bbox 1579 1366 1939 1435; x_wconf 51' lang='lat' dir='ltr'><strong>comprehene</strong></span> 
     </span>
    </p>
   </div>
   <div class='ocr_carea' id='block_1_15' title="bbox 351 1459 1933 1531">
    <p class='ocr_par' dir='ltr' id='par_1_15' title="bbox 351 1459 1933 1531">
     <span class='ocr_line' id='line_1_15' title="bbox 351 1459 1933 1531; baseline -0.004 -13"><span class='ocrx_word' id='word_1_106' title='bbox 351 1468 473 1518; x_wconf 83' lang='lat' dir='ltr'><strong>dam</strong></span> <span class='ocrx_word' id='word_1_107' title='bbox 497 1504 510 1524; x_wconf 87' lang='lat'><strong>.</strong></span> <span class='ocrx_word' id='word_1_108' title='bbox 543 1464 595 1516; x_wconf 92' lang='lat' dir='ltr'><strong>in</strong></span> <span class='ocrx_word' id='word_1_109' title='bbox 623 1478 729 1531; x_wconf 89' lang='lat' dir='ltr'><strong>quo</strong></span> <span class='ocrx_word' id='word_1_110' title='bbox 759 1462 1180 1529; x_wconf 82' lang='lat' dir='ltr'><strong>comprehensus</strong></span> <span class='ocrx_word' id='word_1_111' title='bbox 1215 1476 1356 1515; x_wconf 82' lang='lat' dir='ltr'><strong>Stltlt.</strong></span> <span class='ocrx_word' id='word_1_112' title='bbox 1401 1459 1465 1513; x_wconf 88' lang='lat' dir='ltr'><strong>In</strong></span> <span class='ocrx_word' id='word_1_113' title='bbox 1496 1476 1596 1529; x_wconf 86' lang='lat' dir='ltr'><strong>qua</strong></span> <span class='ocrx_word' id='word_1_114' title='bbox 1625 1468 1831 1512; x_wconf 79' lang='lat' dir='ltr'><strong>vocatus</strong></span> <span class='ocrx_word' id='word_1_115' title='bbox 1861 1475 1933 1512; x_wconf 90' lang='lat' dir='ltr'><strong>es.</strong></span> 
     </span>
    </p>
   </div>
   <div class='ocr_carea' id='block_1_16' title="bbox 353 1550 1933 1620">
    <p class='ocr_par' dir='ltr' id='par_1_16' title="bbox 353 1550 1933 1620">
     <span class='ocr_line' id='line_1_16' title="bbox 353 1550 1933 1620; baseline -0.004 -11"><span class='ocrx_word' id='word_1_116' title='bbox 353 1555 728 1610; x_wconf 78' lang='lat' dir='ltr'><strong>ltenuntiando</strong></span> <span class='ocrx_word' id='word_1_117' title='bbox 756 1554 953 1607; x_wconf 65' lang='lat' dir='ltr'><strong>saecqu</strong></span> <span class='ocrx_word' id='word_1_118' title='bbox 977 1563 1031 1607; x_wconf 89' lang='lat' dir='ltr'><strong>et.</strong></span> <span class='ocrx_word' id='word_1_119' title='bbox 1061 1554 1266 1620; x_wconf 76' lang='lat' dir='ltr'><strong>pompis</strong></span> <span class='ocrx_word' id='word_1_120' title='bbox 1295 1552 1431 1620; x_wconf 62' lang='lat' dir='ltr'><strong>ejus.</strong></span> <span class='ocrx_word' id='word_1_121' title='bbox 1464 1550 1527 1603; x_wconf 85' lang='lat' dir='ltr'><strong>Et</strong></span> <span class='ocrx_word' id='word_1_122' title='bbox 1558 1555 1817 1620; x_wconf 79' lang='lat' dir='ltr'><strong>confessus</strong></span> <span class='ocrx_word' id='word_1_123' title='bbox 1847 1550 1933 1603; x_wconf 90' lang='lat' dir='ltr'><strong>bo-</strong></span> 
     </span>
    </p>
   </div>
   <div class='ocr_carea' id='block_1_17' title="bbox 352 1642 1935 1713">
    <p class='ocr_par' dir='ltr' id='par_1_17' title="bbox 352 1642 1935 1713">
     <span class='ocr_line' id='line_1_17' title="bbox 352 1642 1935 1713; baseline -0.002 -15"><span class='ocrx_word' id='word_1_124' title='bbox 352 1662 470 1699; x_wconf 86' lang='lat' dir='ltr'><strong>num</strong></span> <span class='ocrx_word' id='word_1_125' title='bbox 510 1645 899 1713; x_wconf 76' lang='lat' dir='ltr'><strong>confessionem.</strong></span> <span class='ocrx_word' id='word_1_126' title='bbox 941 1643 996 1696; x_wconf 88' lang='lat' dir='ltr'><strong>In</strong></span> <span class='ocrx_word' id='word_1_127' title='bbox 1038 1645 1317 1712; x_wconf 86' lang='lat' dir='ltr'><strong>baptismo.</strong></span> <span class='ocrx_word' id='word_1_128' title='bbox 1362 1643 1545 1697; x_wconf 85' lang='lat' dir='ltr'><strong>Coram</strong></span> <span class='ocrx_word' id='word_1_129' title='bbox 1584 1642 1758 1696; x_wconf 86' lang='lat' dir='ltr'><strong>multis</strong></span> <span class='ocrx_word' id='word_1_130' title='bbox 1796 1643 1935 1695; x_wconf 87' lang='lat' dir='ltr'><strong>testi-</strong></span> 
     </span>
    </p>
   </div>
   <div class='ocr_carea' id='block_1_18' title="bbox 352 1734 1931 1802">
    <p class='ocr_par' dir='ltr' id='par_1_18' title="bbox 352 1734 1931 1802">
     <span class='ocr_line' id='line_1_18' title="bbox 352 1734 1931 1802; baseline -0.002 -10"><span class='ocrx_word' id='word_1_131' title='bbox 352 1739 465 1793; x_wconf 85' lang='lat' dir='ltr'><strong>bus.</strong></span> <span class='ocrx_word' id='word_1_132' title='bbox 505 1737 698 1791; x_wconf 87' lang='lat' dir='ltr'><strong>Coram</strong></span> <span class='ocrx_word' id='word_1_133' title='bbox 732 1737 1099 1791; x_wconf 84' lang='lat' dir='ltr'><strong>sacerdotibus</strong></span> <span class='ocrx_word' id='word_1_134' title='bbox 1142 1748 1191 1791; x_wconf 85' lang='lat' dir='ltr'><strong>et</strong></span> <span class='ocrx_word' id='word_1_135' title='bbox 1226 1737 1516 1800; x_wconf 88' lang='lat' dir='ltr'><strong>ministris,</strong></span> <span class='ocrx_word' id='word_1_136' title='bbox 1572 1744 1730 1802; x_wconf 73' lang='lat' dir='ltr'><strong>atque</strong></span> <span class='ocrx_word' id='word_1_137' title='bbox 1762 1734 1931 1789; x_wconf 82' lang='lat' dir='ltr'><strong>virtu-</strong></span> 
     </span>
    </p>
   </div>
   <div class='ocr_carea' id='block_1_19' title="bbox 2039 535 3626 608">
    <p class='ocr_par' dir='ltr' id='par_1_19' title="bbox 2039 535 3626 608">
     <span class='ocr_line' id='line_1_19' title="bbox 2039 535 3626 608; baseline 0.002 -18"><span class='ocrx_word' id='word_1_138' title='bbox 2039 536 2199 591; x_wconf 87' lang='lat' dir='ltr'><strong>l&#39;uerit</strong></span> <span class='ocrx_word' id='word_1_139' title='bbox 2236 537 2378 591; x_wconf 83' lang='lat' dir='ltr'><strong>acies</strong></span> <span class='ocrx_word' id='word_1_140' title='bbox 2416 539 2713 592; x_wconf 87' lang='lat' dir='ltr'><strong>oculorum.</strong></span> <span class='ocrx_word' id='word_1_141' title='bbox 2758 535 3006 591; x_wconf 71' lang='lat' dir='ltr'><strong>Divitibus</strong></span> <span class='ocrx_word' id='word_1_142' title='bbox 3043 538 3204 608; x_wconf 84' lang='lat' dir='ltr'><strong>hujus</strong></span> <span class='ocrx_word' id='word_1_143' title='bbox 3241 539 3438 592; x_wconf 67' lang='lat' dir='ltr'><strong>screnti.</strong></span> <span class='ocrx_word' id='word_1_144' title='bbox 3482 542 3626 593; x_wconf 76' lang='lat' dir='ltr'><strong>Sunt</strong></span> 
     </span>
    </p>
   </div>
   <div class='ocr_carea' id='block_1_20' title="bbox 2037 628 3628 698">
    <p class='ocr_par' dir='ltr' id='par_1_20' title="bbox 2037 628 3628 698">
     <span class='ocr_line' id='line_1_20' title="bbox 2037 628 3628 698; baseline 0.001 -17"><span class='ocrx_word' id='word_1_145' title='bbox 2037 628 2180 681; x_wconf 87' lang='lat' dir='ltr'><strong>enim</strong></span> <span class='ocrx_word' id='word_1_146' title='bbox 2221 636 2277 682; x_wconf 89' lang='lat' dir='ltr'><strong>et</strong></span> <span class='ocrx_word' id='word_1_147' title='bbox 2316 629 2539 682; x_wconf 84' lang='lat' dir='ltr'><strong>alterius</strong></span> <span class='ocrx_word' id='word_1_148' title='bbox 2578 628 2762 682; x_wconf 60' lang='grc' dir='ltr'><strong>επιξυιί</strong></span> <span class='ocrx_word' id='word_1_149' title='bbox 2805 629 2998 683; x_wconf 76' lang='lat' dir='ltr'><strong>divites</strong></span> <span class='ocrx_word' id='word_1_150' title='bbox 3019 670 3033 693; x_wconf 95' lang='lat'><strong>,</strong></span> <span class='ocrx_word' id='word_1_151' title='bbox 3066 630 3154 698; x_wconf 87' lang='lat' dir='ltr'><strong>qui</strong></span> <span class='ocrx_word' id='word_1_152' title='bbox 3186 639 3371 683; x_wconf 87' lang='lat' dir='ltr'><strong>emunt</strong></span> <span class='ocrx_word' id='word_1_153' title='bbox 3400 631 3497 683; x_wconf 81' lang='lat' dir='ltr'><strong>sibi</strong></span> <span class='ocrx_word' id='word_1_154' title='bbox 3530 646 3628 682; x_wconf 85' lang='lat' dir='ltr'><strong>au-</strong></span> 
     </span>
    </p>
   </div>
   <div class='ocr_carea' id='block_1_21' title="bbox 2036 716 3633 791">
    <p class='ocr_par' dir='ltr' id='par_1_21' title="bbox 2036 716 3633 791">
     <span class='ocr_line' id='line_1_21' title="bbox 2036 716 3633 791; baseline -0.001 -16"><span class='ocrx_word' id='word_1_155' title='bbox 2036 737 2154 775; x_wconf 90' lang='lat' dir='ltr'><strong>rum</strong></span> <span class='ocrx_word' id='word_1_156' title='bbox 2188 716 2409 791; x_wconf 81' lang='lat' dir='ltr'><strong>ignitum</strong></span> <span class='ocrx_word' id='word_1_157' title='bbox 2441 736 2469 774; x_wconf 92' lang='lat' dir='ltr'><strong>a</strong></span> <span class='ocrx_word' id='word_1_158' title='bbox 2506 722 2750 774; x_wconf 84' lang='lat' dir='ltr'><strong>Domino.</strong></span> <span class='ocrx_word' id='word_1_159' title='bbox 2780 719 3032 786; x_wconf 71' lang='lat' dir='ltr'><strong>Pra’cipe.</strong></span> <span class='ocrx_word' id='word_1_160' title='bbox 3064 721 3179 775; x_wconf 84' lang='lat' dir='ltr'><strong>Non</strong></span> <span class='ocrx_word' id='word_1_161' title='bbox 3212 722 3465 775; x_wconf 61' lang='lat' dir='ltr'><strong>adole-ris.</strong></span> <span class='ocrx_word' id='word_1_162' title='bbox 3509 720 3633 774; x_wconf 70' lang='lat' dir='ltr'><strong>Non</strong></span> 
     </span>
    </p>
   </div>
   <div class='ocr_carea' id='block_1_22' title="bbox 2034 809 3632 891">
    <p class='ocr_par' dir='ltr' id='par_1_22' title="bbox 2034 809 3632 891">
     <span class='ocr_line' id='line_1_22' title="bbox 2034 809 3632 891; baseline -0.002 -26"><span class='ocrx_word' id='word_1_163' title='bbox 2034 812 2252 865; x_wconf 83' lang='lat' dir='ltr'><strong>sublime</strong></span> <span class='ocrx_word' id='word_1_164' title='bbox 2282 826 2483 880; x_wconf 80' lang='lat' dir='ltr'><strong>sapere.</strong></span> <span class='ocrx_word' id='word_1_165' title='bbox 2518 809 2786 879; x_wconf 85' lang='lat' dir='ltr'><strong>Imprimis</strong></span> <span class='ocrx_word' id='word_1_166' title='bbox 2817 811 3047 879; x_wconf 89' lang='lat' dir='ltr'><strong>primum</strong></span> <span class='ocrx_word' id='word_1_167' title='bbox 3080 826 3266 864; x_wconf 72' lang='lat' dir='ltr'><strong>eorum</strong></span> <span class='ocrx_word' id='word_1_168' title='bbox 3297 813 3430 891; x_wconf 78' lang='lat' dir='ltr'><strong>tergi</strong></span> <span class='ocrx_word' id='word_1_169' title='bbox 3475 826 3632 865; x_wconf 81' lang='lat' dir='ltr'><strong>mur-</strong></span> 
     </span>
    </p>
   </div>
   <div class='ocr_carea' id='block_1_23' title="bbox 2038 901 3632 971">
    <p class='ocr_par' dir='ltr' id='par_1_23' title="bbox 2038 901 3632 971">
     <span class='ocr_line' id='line_1_23' title="bbox 2038 901 3632 971; baseline -0.001 -14"><span class='ocrx_word' id='word_1_170' title='bbox 2038 902 2189 957; x_wconf 87' lang='lat' dir='ltr'><strong>bum.</strong></span> <span class='ocrx_word' id='word_1_171' title='bbox 2224 902 2546 956; x_wconf 63' lang='lat' dir='ltr'><strong>Difﬁcil&#39;ime</strong></span> <span class='ocrx_word' id='word_1_172' title='bbox 2575 906 2718 955; x_wconf 88' lang='lat' dir='ltr'><strong>enim</strong></span> <span class='ocrx_word' id='word_1_173' title='bbox 2748 901 2967 956; x_wconf 86' lang='lat' dir='ltr'><strong>divitem</strong></span> <span class='ocrx_word' id='word_1_174' title='bbox 2998 902 3241 957; x_wconf 81' lang='lat' dir='ltr'><strong>invenies</strong></span> <span class='ocrx_word' id='word_1_175' title='bbox 3280 918 3386 957; x_wconf 85' lang='lat' dir='ltr'><strong>non</strong></span> <span class='ocrx_word' id='word_1_176' title='bbox 3430 918 3632 971; x_wconf 84' lang='lat' dir='ltr'><strong>super-</strong></span> 
     </span>
    </p>
   </div>
   <div class='ocr_carea' id='block_1_24' title="bbox 2040 978 3635 1064">
    <p class='ocr_par' dir='ltr' id='par_1_24' title="bbox 2040 978 3635 1064">
     <span class='ocr_line' id='line_1_24' title="bbox 2040 978 3635 1064; baseline 0.001 -19"><span class='ocrx_word' id='word_1_177' title='bbox 2040 993 2194 1054; x_wconf 83' lang='lat' dir='ltr'><strong>bum,</strong></span> <span class='ocrx_word' id='word_1_178' title='bbox 2236 994 2325 1056; x_wconf 88' lang='lat' dir='ltr'><strong>qui</strong></span> <span class='ocrx_word' id='word_1_179' title='bbox 2369 1008 2629 1061; x_wconf 84' lang='lat' dir='ltr'><strong>pauperes</strong></span> <span class='ocrx_word' id='word_1_180' title='bbox 2668 994 2749 1046; x_wconf 86' lang='lat' dir='ltr'><strong>vel</strong></span> <span class='ocrx_word' id='word_1_181' title='bbox 2804 1003 3053 1062; x_wconf 84' lang='lat' dir='ltr'><strong>parentes</strong></span> <span class='ocrx_word' id='word_1_182' title='bbox 3101 978 3391 1064; x_wconf 81' lang='lat' dir='ltr'><strong>agnoscat,</strong></span> <span class='ocrx_word' id='word_1_183' title='bbox 3439 1004 3494 1047; x_wconf 88' lang='lat' dir='ltr'><strong>et</strong></span> <span class='ocrx_word' id='word_1_184' title='bbox 3534 991 3635 1061; x_wconf 76' lang='lat' dir='ltr'><strong>qui</strong></span> 
     </span>
    </p>
   </div>
   <div class='ocr_carea' id='block_1_25' title="bbox 2040 1083 3631 1152">
    <p class='ocr_par' dir='ltr' id='par_1_25' title="bbox 2040 1083 3631 1152">
     <span class='ocr_line' id='line_1_25' title="bbox 2040 1083 3631 1152; baseline -0.001 -13"><span class='ocrx_word' id='word_1_185' title='bbox 2040 1099 2145 1139; x_wconf 87' lang='lat' dir='ltr'><strong>non</strong></span> <span class='ocrx_word' id='word_1_186' title='bbox 2177 1084 2411 1152; x_wconf 81' lang='lat' dir='ltr'><strong>graviter</strong></span> <span class='ocrx_word' id='word_1_187' title='bbox 2444 1084 2580 1139; x_wconf 84' lang='lat' dir='ltr'><strong>lerat</strong></span> <span class='ocrx_word' id='word_1_188' title='bbox 2611 1083 2830 1137; x_wconf 87' lang='lat' dir='ltr'><strong>minime</strong></span> <span class='ocrx_word' id='word_1_189' title='bbox 2860 1084 2958 1138; x_wconf 90' lang='lat' dir='ltr'><strong>sibi</strong></span> <span class='ocrx_word' id='word_1_190' title='bbox 2989 1084 3058 1138; x_wconf 88' lang='lat' dir='ltr'><strong>ab</strong></span> <span class='ocrx_word' id='word_1_191' title='bbox 3102 1084 3356 1139; x_wconf 88' lang='lat' dir='ltr'><strong>inferiore</strong></span> <span class='ocrx_word' id='word_1_192' title='bbox 3384 1084 3631 1138; x_wconf 83' lang='lat' dir='ltr'><strong>delatum</strong></span> 
     </span>
    </p>
   </div>
   <div class='ocr_carea' id='block_1_26' title="bbox 2041 1174 3630 1250">
    <p class='ocr_par' dir='ltr' id='par_1_26' title="bbox 2041 1174 3630 1250">
     <span class='ocr_line' id='line_1_26' title="bbox 2041 1174 3630 1250; baseline 0.001 -22"><span class='ocrx_word' id='word_1_193' title='bbox 2041 1178 2318 1229; x_wconf 85' lang='lat' dir='ltr'><strong>honorem.</strong></span> <span class='ocrx_word' id='word_1_194' title='bbox 2366 1174 2543 1243; x_wconf 76' lang='lat' dir='ltr'><strong>Neque</strong></span> <span class='ocrx_word' id='word_1_195' title='bbox 2585 1192 2808 1245; x_wconf 84' lang='lat' dir='ltr'><strong>sperare.</strong></span> <span class='ocrx_word' id='word_1_196' title='bbox 2852 1176 2964 1229; x_wconf 84' lang='lat' dir='ltr'><strong>Non</strong></span> <span class='ocrx_word' id='word_1_197' title='bbox 3008 1175 3273 1250; x_wconf 71' lang='lat' dir='ltr'><strong>sperando</strong></span> <span class='ocrx_word' id='word_1_198' title='bbox 3315 1177 3630 1231; x_wconf 76' lang='lat' dir='ltr'><strong>vilescunt:</strong></span> 
     </span>
    </p>
   </div>
   <div class='ocr_carea' id='block_1_27' title="bbox 2038 1266 3627 1335">
    <p class='ocr_par' dir='ltr' id='par_1_27' title="bbox 2038 1266 3627 1335">
     <span class='ocr_line' id='line_1_27' title="bbox 2038 1266 3627 1335; baseline 0.003 -15"><span class='ocrx_word' id='word_1_199' title='bbox 2038 1281 2157 1320; x_wconf 88' lang='lat' dir='ltr'><strong>cum</strong></span> <span class='ocrx_word' id='word_1_200' title='bbox 2192 1266 2469 1327; x_wconf 66' lang='lat' dir='ltr'><strong>vilurrint,</strong></span> <span class='ocrx_word' id='word_1_201' title='bbox 2500 1276 2809 1335; x_wconf 70' lang='lat' dir='ltr'><strong>erogantur.</strong></span> <span class='ocrx_word' id='word_1_202' title='bbox 2858 1267 2925 1319; x_wconf 84' lang='lat' dir='ltr'><strong>In</strong></span> <span class='ocrx_word' id='word_1_203' title='bbox 2963 1269 3160 1323; x_wconf 84' lang='lat' dir='ltr'><strong>incerto</strong></span> <span class='ocrx_word' id='word_1_204' title='bbox 3189 1268 3508 1321; x_wconf 84' lang='lat' dir='ltr'><strong>divitiarum.</strong></span> <span class='ocrx_word' id='word_1_205' title='bbox 3542 1270 3627 1325; x_wconf 86' lang='lat' dir='ltr'><strong>De</strong></span> 
     </span>
    </p>
   </div>
   <div class='ocr_carea' id='block_1_28' title="bbox 2039 1358 3638 1427">
    <p class='ocr_par' dir='ltr' id='par_1_28' title="bbox 2039 1358 3638 1427">
     <span class='ocr_line' id='line_1_28' title="bbox 2039 1358 3638 1427; baseline 0.003 -18"><span class='ocrx_word' id='word_1_206' title='bbox 2039 1358 2231 1427; x_wconf 85' lang='lat' dir='ltr'><strong>quibus</strong></span> <span class='ocrx_word' id='word_1_207' title='bbox 2264 1359 2503 1412; x_wconf 85' lang='lat' dir='ltr'><strong>incertus</strong></span> <span class='ocrx_word' id='word_1_208' title='bbox 2530 1373 2609 1424; x_wconf 88' lang='lat' dir='ltr'><strong>es,</strong></span> <span class='ocrx_word' id='word_1_209' title='bbox 2634 1360 2938 1413; x_wconf 70' lang='lat' dir='ltr'><strong>utrumillae</strong></span> <span class='ocrx_word' id='word_1_210' title='bbox 2962 1359 3078 1427; x_wconf 85' lang='lat' dir='ltr'><strong>tibi,</strong></span> <span class='ocrx_word' id='word_1_211' title='bbox 3111 1375 3177 1415; x_wconf 88' lang='lat' dir='ltr'><strong>an</strong></span> <span class='ocrx_word' id='word_1_212' title='bbox 3203 1369 3255 1415; x_wconf 91' lang='lat' dir='ltr'><strong>tu</strong></span> <span class='ocrx_word' id='word_1_213' title='bbox 3279 1363 3388 1416; x_wconf 90' lang='lat' dir='ltr'><strong>illis</strong></span> <span class='ocrx_word' id='word_1_214' title='bbox 3411 1361 3638 1416; x_wconf 81' lang='lat' dir='ltr'><strong>subtra-</strong></span> 
     </span>
    </p>
   </div>
   <div class='ocr_carea' id='block_1_29' title="bbox 2040 1450 3629 1508">
    <p class='ocr_par' dir='ltr' id='par_1_29' title="bbox 2040 1450 3629 1508">
     <span class='ocr_line' id='line_1_29' title="bbox 2040 1450 3629 1508; baseline 0.003 -5"><span class='ocrx_word' id='word_1_215' title='bbox 2040 1450 2188 1503; x_wconf 78' lang='lat' dir='ltr'><strong>haris</strong></span> <span class='ocrx_word' id='word_1_216' title='bbox 2218 1450 2452 1505; x_wconf 86' lang='lat' dir='ltr'><strong>celerius</strong></span> <span class='ocrx_word' id='word_1_217' title='bbox 2486 1467 2500 1503; x_wconf 90' lang='lat'><strong>:</strong></span> <span class='ocrx_word' id='word_1_218' title='bbox 2535 1451 2714 1505; x_wconf 89' lang='lat' dir='ltr'><strong>multis</strong></span> <span class='ocrx_word' id='word_1_219' title='bbox 2744 1452 2886 1505; x_wconf 89' lang='lat' dir='ltr'><strong>enim</strong></span> <span class='ocrx_word' id='word_1_220' title='bbox 2918 1467 3038 1507; x_wconf 91' lang='lat' dir='ltr'><strong>cum</strong></span> <span class='ocrx_word' id='word_1_221' title='bbox 3070 1454 3177 1506; x_wconf 85' lang='lat' dir='ltr'><strong>vita</strong></span> <span class='ocrx_word' id='word_1_222' title='bbox 3206 1452 3429 1508; x_wconf 69' lang='lat' dir='ltr'><strong>sublatae</strong></span> <span class='ocrx_word' id='word_1_223' title='bbox 3457 1464 3587 1508; x_wconf 87' lang='lat' dir='ltr'><strong>sunt</strong></span> <span class='ocrx_word' id='word_1_224' title='bbox 3613 1473 3629 1507; x_wconf 91' lang='lat'><strong>:</strong></span> 
     </span>
    </p>
   </div>
   <div class='ocr_carea' id='block_1_30' title="bbox 2038 1543 3638 1614">
    <p class='ocr_par' dir='ltr' id='par_1_30' title="bbox 2038 1543 3638 1614">
     <span class='ocr_line' id='line_1_30' title="bbox 2038 1543 3638 1614; baseline 0.002 -17"><span class='ocrx_word' id='word_1_225' title='bbox 2038 1545 2126 1597; x_wconf 89' lang='lat' dir='ltr'><strong>alii</strong></span> <span class='ocrx_word' id='word_1_226' title='bbox 2171 1543 2399 1611; x_wconf 80' lang='lat' dir='ltr'><strong>propriis</strong></span> <span class='ocrx_word' id='word_1_227' title='bbox 2437 1558 2529 1597; x_wconf 88' lang='lat' dir='ltr'><strong>eas</strong></span> <span class='ocrx_word' id='word_1_228' title='bbox 2570 1544 2797 1598; x_wconf 90' lang='lat' dir='ltr'><strong>alienari</strong></span> <span class='ocrx_word' id='word_1_229' title='bbox 2836 1545 3005 1598; x_wconf 83' lang='lat' dir='ltr'><strong>oculis</strong></span> <span class='ocrx_word' id='word_1_230' title='bbox 3049 1545 3447 1614; x_wconf 77' lang='lat' dir='ltr'><strong>pra-viderunt;</strong></span> <span class='ocrx_word' id='word_1_231' title='bbox 3490 1560 3638 1600; x_wconf 87' lang='lat' dir='ltr'><strong>non-</strong></span> 
     </span>
    </p>
   </div>
   <div class='ocr_carea' id='block_1_31' title="bbox 2038 1634 3631 1707">
    <p class='ocr_par' dir='ltr' id='par_1_31' title="bbox 2038 1634 3631 1707">
     <span class='ocr_line' id='line_1_31' title="bbox 2038 1634 3631 1707; baseline 0.003 -18"><span class='ocrx_word' id='word_1_232' title='bbox 2038 1635 2167 1689; x_wconf 64' lang='lat' dir='ltr'><strong>nulli</strong></span> <span class='ocrx_word' id='word_1_233' title='bbox 2200 1634 2349 1689; x_wconf 88' lang='lat' dir='ltr'><strong>inviti</strong></span> <span class='ocrx_word' id='word_1_234' title='bbox 2375 1649 2467 1690; x_wconf 84' lang='lat' dir='ltr'><strong>eas</strong></span> <span class='ocrx_word' id='word_1_235' title='bbox 2495 1639 2765 1691; x_wconf 74' lang='lat' dir='ltr'><strong>extraneis</strong></span> <span class='ocrx_word' id='word_1_236' title='bbox 2794 1638 3150 1707; x_wconf 88' lang='lat' dir='ltr'><strong>reliquerunt.</strong></span> <span class='ocrx_word' id='word_1_237' title='bbox 3187 1639 3291 1693; x_wconf 82' lang='lat' dir='ltr'><strong>Sed</strong></span> <span class='ocrx_word' id='word_1_238' title='bbox 3320 1640 3371 1693; x_wconf 86' lang='lat' dir='ltr'><strong>in</strong></span> <span class='ocrx_word' id='word_1_239' title='bbox 3408 1639 3516 1693; x_wconf 91' lang='lat' dir='ltr'><strong>Deo</strong></span> <span class='ocrx_word' id='word_1_240' title='bbox 3547 1642 3631 1693; x_wconf 82' lang='lat' dir='ltr'><strong>ri-</strong></span> 
     </span>
    </p>
   </div>
   <div class='ocr_carea' id='block_1_32' title="bbox 2036 1728 3637 1801">
    <p class='ocr_par' dir='ltr' id='par_1_32' title="bbox 2036 1728 3637 1801">
     <span class='ocr_line' id='line_1_32' title="bbox 2036 1728 3637 1801; baseline 0.004 -22"><span class='ocrx_word' id='word_1_241' title='bbox 2036 1743 2117 1790; x_wconf 81' lang='lat' dir='ltr'><strong>ro,</strong></span> <span class='ocrx_word' id='word_1_242' title='bbox 2144 1729 2232 1797; x_wconf 87' lang='lat' dir='ltr'><strong>qui</strong></span> <span class='ocrx_word' id='word_1_243' title='bbox 2258 1736 2468 1799; x_wconf 62' lang='lat' dir='ltr'><strong>prastat</strong></span> <span class='ocrx_word' id='word_1_244' title='bbox 2494 1728 2639 1781; x_wconf 88' lang='lat' dir='ltr'><strong>nobis</strong></span> <span class='ocrx_word' id='word_1_245' title='bbox 2667 1731 2859 1783; x_wconf 82' lang='lat' dir='ltr'><strong>omnia.</strong></span> <span class='ocrx_word' id='word_1_246' title='bbox 2883 1730 3052 1801; x_wconf 88' lang='lat' dir='ltr'><strong>Cujus</strong></span> <span class='ocrx_word' id='word_1_247' title='bbox 3077 1740 3197 1784; x_wconf 88' lang='lat' dir='ltr'><strong>sunt</strong></span> <span class='ocrx_word' id='word_1_248' title='bbox 3226 1732 3423 1785; x_wconf 88' lang='lat' dir='ltr'><strong>omnia.</strong></span> <span class='ocrx_word' id='word_1_249' title='bbox 3449 1733 3637 1785; x_wconf 80' lang='lat' dir='ltr'><strong>Abun-</strong></span> 
     </span>
    </p>
   </div>
   <div class='ocr_carea' id='block_1_33' title="bbox 348 1813 3635 1895">
    <p class='ocr_par' dir='ltr' id='par_1_33' title="bbox 348 1813 3635 1895">
     <span class='ocr_line' id='line_1_33' title="bbox 348 1813 3635 1895; baseline -0.002 -11"><span class='ocrx_word' id='word_1_250' title='bbox 348 1830 489 1884; x_wconf 88' lang='lat' dir='ltr'><strong>tibus</strong></span> <span class='ocrx_word' id='word_1_251' title='bbox 517 1827 826 1882; x_wconf 65' lang='lat' dir='ltr'><strong>caelestibus</strong></span> <span class='ocrx_word' id='word_1_252' title='bbox 852 1842 914 1881; x_wconf 90' lang='lat' dir='ltr'><strong>ac</strong></span> <span class='ocrx_word' id='word_1_253' title='bbox 941 1827 1156 1881; x_wconf 82' lang='lat' dir='ltr'><strong>divinis.</strong></span> <span class='ocrx_word' id='word_1_254' title='bbox 1211 1826 1467 1895; x_wconf 65' lang='lat' dir='ltr'><strong>Principio</strong></span> <span class='ocrx_word' id='word_1_255' title='bbox 1492 1826 1579 1879; x_wconf 85' lang='lat' dir='ltr'><strong>tibi</strong></span> <span class='ocrx_word' id='word_1_256' title='bbox 1606 1841 1776 1879; x_wconf 87' lang='lat' dir='ltr'><strong>coram</strong></span> <span class='ocrx_word' id='word_1_257' title='bbox 1807 1823 1929 1877; x_wconf 88' lang='lat' dir='ltr'><strong>Deo.</strong></span> <span class='ocrx_word' id='word_1_258' title='bbox 1968 1813 2010 1872; x_wconf 86' lang='grc' dir='ltr'><strong>Β</strong></span> <span class='ocrx_word' id='word_1_259' title='bbox 2039 1818 2122 1870; x_wconf 88' lang='lat' dir='ltr'><strong>de.</strong></span> <span class='ocrx_word' id='word_1_260' title='bbox 2153 1815 2250 1881; x_wconf 88' lang='lat' dir='ltr'><strong>Qui</strong></span> <span class='ocrx_word' id='word_1_261' title='bbox 2284 1816 2405 1870; x_wconf 86' lang='lat' dir='ltr'><strong>ideo</strong></span> <span class='ocrx_word' id='word_1_262' title='bbox 2436 1817 2646 1871; x_wconf 84' lang='lat' dir='ltr'><strong>abunde</strong></span> <span class='ocrx_word' id='word_1_263' title='bbox 2677 1828 2927 1886; x_wconf 71' lang='lat' dir='ltr'><strong>praestat,</strong></span> <span class='ocrx_word' id='word_1_264' title='bbox 2961 1831 3018 1873; x_wconf 95' lang='lat' dir='ltr'><strong>ut</strong></span> <span class='ocrx_word' id='word_1_265' title='bbox 3048 1833 3277 1887; x_wconf 84' lang='lat' dir='ltr'><strong>utamur,</strong></span> <span class='ocrx_word' id='word_1_266' title='bbox 3310 1823 3470 1875; x_wconf 90' lang='lat' dir='ltr'><strong>etiam</strong></span> <span class='ocrx_word' id='word_1_267' title='bbox 3503 1821 3635 1877; x_wconf 87' lang='lat' dir='ltr'><strong>aliis</strong></span> 
     </span>
    </p>
   </div>
   <div class='ocr_carea' id='block_1_34' title="bbox 350 1914 1932 1988">
    <p class='ocr_par' dir='ltr' id='par_1_34' title="bbox 350 1914 1932 1988">
     <span class='ocr_line' id='line_1_34' title="bbox 350 1914 1932 1988; baseline -0.005 -13"><span class='ocrx_word' id='word_1_268' title='bbox 350 1919 603 1988; x_wconf 68' lang='lat' dir='ltr'><strong>Praecipit</strong></span> <span class='ocrx_word' id='word_1_269' title='bbox 634 1918 1094 1986; x_wconf 82' lang='lat' dir='ltr'><strong>potestatepatris</strong></span> <span class='ocrx_word' id='word_1_270' title='bbox 1120 1927 1173 1971; x_wconf 91' lang='lat' dir='ltr'><strong>et</strong></span> <span class='ocrx_word' id='word_1_271' title='bbox 1197 1919 1510 1971; x_wconf 86' lang='lat' dir='ltr'><strong>auctoritate</strong></span> <span class='ocrx_word' id='word_1_272' title='bbox 1540 1915 1796 1984; x_wconf 78' lang='lat' dir='ltr'><strong>magistri.</strong></span> <span class='ocrx_word' id='word_1_273' title='bbox 1832 1914 1932 1980; x_wconf 85' lang='lat' dir='ltr'><strong>Qui</strong></span> 
     </span>
    </p>
   </div>
   <div class='ocr_carea' id='block_1_35' title="bbox 348 2006 1929 2081">
    <p class='ocr_par' dir='ltr' id='par_1_35' title="bbox 348 2006 1929 2081">
     <span class='ocr_line' id='line_1_35' title="bbox 348 2006 1929 2081; baseline -0.004 -17"><span class='ocrx_word' id='word_1_274' title='bbox 348 2010 587 2077; x_wconf 72' lang='lat' dir='ltr'><strong>rioiﬁcat.</strong></span> <span class='ocrx_word' id='word_1_275' title='bbox 646 2007 808 2075; x_wconf 87' lang='lat' dir='ltr'><strong>Cujus</strong></span> <span class='ocrx_word' id='word_1_276' title='bbox 841 2013 1073 2076; x_wconf 86' lang='lat' dir='ltr'><strong>potentia</strong></span> <span class='ocrx_word' id='word_1_277' title='bbox 1104 2017 1158 2061; x_wconf 90' lang='lat' dir='ltr'><strong>et</strong></span> <span class='ocrx_word' id='word_1_278' title='bbox 1182 2007 1332 2075; x_wconf 83' lang='lat' dir='ltr'><strong>jussu</strong></span> <span class='ocrx_word' id='word_1_279' title='bbox 1364 2009 1521 2060; x_wconf 83' lang='lat' dir='ltr'><strong>etiam</strong></span> <span class='ocrx_word' id='word_1_280' title='bbox 1553 2006 1699 2081; x_wconf 80' lang='lat' dir='ltr'><strong>arida</strong></span> <span class='ocrx_word' id='word_1_281' title='bbox 1729 2007 1929 2058; x_wconf 89' lang='lat' dir='ltr'><strong>revire-</strong></span> 
     </span>
    </p>
   </div>
   <div class='ocr_carea' id='block_1_36' title="bbox 346 2096 1932 2166">
    <p class='ocr_par' dir='ltr' id='par_1_36' title="bbox 346 2096 1932 2166">
     <span class='ocr_line' id='line_1_36' title="bbox 346 2096 1932 2166; baseline -0.004 -12"><span class='ocrx_word' id='word_1_282' title='bbox 346 2110 523 2154; x_wconf 83' lang='lat' dir='ltr'><strong>scunt.</strong></span> <span class='ocrx_word' id='word_1_283' title='bbox 556 2099 764 2153; x_wconf 82' lang='lat' dir='ltr'><strong>Omnia.</strong></span> <span class='ocrx_word' id='word_1_284' title='bbox 793 2099 923 2166; x_wconf 74' lang='lat' dir='ltr'><strong>Qute</strong></span> <span class='ocrx_word' id='word_1_285' title='bbox 951 2099 1155 2152; x_wconf 88' lang='lat' dir='ltr'><strong>vivunt.</strong></span> <span class='ocrx_word' id='word_1_286' title='bbox 1190 2098 1256 2153; x_wconf 86' lang='lat' dir='ltr'><strong>Et</strong></span> <span class='ocrx_word' id='word_1_287' title='bbox 1285 2097 1485 2150; x_wconf 77' lang='lat' dir='ltr'><strong>Christo</strong></span> <span class='ocrx_word' id='word_1_288' title='bbox 1513 2096 1657 2159; x_wconf 84' lang='lat' dir='ltr'><strong>Jesu,</strong></span> <span class='ocrx_word' id='word_1_289' title='bbox 1678 2098 1764 2163; x_wconf 75' lang='lat' dir='ltr'><strong>qui</strong></span> <span class='ocrx_word' id='word_1_290' title='bbox 1795 2096 1932 2149; x_wconf 85' lang='lat' dir='ltr'><strong>testi-</strong></span> 
     </span>
    </p>
   </div>
   <div class='ocr_carea' id='block_1_37' title="bbox 347 2186 1931 2254">
    <p class='ocr_par' dir='ltr' id='par_1_37' title="bbox 347 2186 1931 2254">
     <span class='ocr_line' id='line_1_37' title="bbox 347 2186 1931 2254; baseline -0.005 -9"><span class='ocrx_word' id='word_1_291' title='bbox 347 2193 577 2245; x_wconf 86' lang='lat' dir='ltr'><strong>monium</strong></span> <span class='ocrx_word' id='word_1_292' title='bbox 618 2191 839 2242; x_wconf 78' lang='lat' dir='ltr'><strong>reddidit</strong></span> <span class='ocrx_word' id='word_1_293' title='bbox 877 2190 968 2243; x_wconf 90' lang='lat' dir='ltr'><strong>sub</strong></span> <span class='ocrx_word' id='word_1_294' title='bbox 1000 2188 1189 2242; x_wconf 88' lang='lat' dir='ltr'><strong>Pontio</strong></span> <span class='ocrx_word' id='word_1_295' title='bbox 1223 2188 1393 2241; x_wconf 86' lang='lat' dir='ltr'><strong>Pilato</strong></span> <span class='ocrx_word' id='word_1_296' title='bbox 1433 2189 1614 2239; x_wconf 90' lang='lat' dir='ltr'><strong>bonam</strong></span> <span class='ocrx_word' id='word_1_297' title='bbox 1652 2186 1931 2254; x_wconf 76' lang='lat' dir='ltr'><strong>confessio-</strong></span> 
     </span>
    </p>
   </div>
   <div class='ocr_carea' id='block_1_38' title="bbox 349 2276 1927 2336">
    <p class='ocr_par' dir='ltr' id='par_1_38' title="bbox 349 2276 1927 2336">
     <span class='ocr_line' id='line_1_38' title="bbox 349 2276 1927 2336; baseline -0.006 0"><span class='ocrx_word' id='word_1_298' title='bbox 349 2298 485 2336; x_wconf 95' lang='lat' dir='ltr'><strong>nem.</strong></span> <span class='ocrx_word' id='word_1_299' title='bbox 529 2281 737 2336; x_wconf 83' lang='lat' dir='ltr'><strong>Amodo</strong></span> <span class='ocrx_word' id='word_1_300' title='bbox 777 2280 1025 2334; x_wconf 84' lang='lat' dir='ltr'><strong>videbitis</strong></span> <span class='ocrx_word' id='word_1_301' title='bbox 1066 2280 1259 2333; x_wconf 84' lang='lat' dir='ltr'><strong>Filium</strong></span> <span class='ocrx_word' id='word_1_302' title='bbox 1302 2276 1531 2331; x_wconf 91' lang='lat' dir='ltr'><strong>hominis</strong></span> <span class='ocrx_word' id='word_1_303' title='bbox 1577 2276 1704 2330; x_wconf 89' lang='lat' dir='ltr'><strong>sede</strong></span> <span class='ocrx_word' id='word_1_304' title='bbox 1746 2286 1848 2330; x_wconf 87' lang='lat' dir='ltr'><strong>tem</strong></span> <span class='ocrx_word' id='word_1_305' title='bbox 1898 2289 1927 2327; x_wconf 89' lang='lat' dir='ltr'><strong>a</strong></span> 
     </span>
    </p>
   </div>
   <div class='ocr_carea' id='block_1_39' title="bbox 304 2367 1924 2428">
    <p class='ocr_par' dir='ltr' id='par_1_39' title="bbox 304 2367 1924 2428">
     <span class='ocr_line' id='line_1_39' title="bbox 304 2367 1924 2428; baseline -0.006 0"><span class='ocrx_word' id='word_1_306' title='bbox 304 2378 307 2379; x_wconf 63' lang='grc'><strong><em>⁷</em></strong></span> <span class='ocrx_word' id='word_1_307' title='bbox 343 2375 544 2428; x_wconf 82' lang='lat' dir='ltr'><strong>dextris</strong></span> <span class='ocrx_word' id='word_1_308' title='bbox 572 2373 776 2427; x_wconf 89' lang='lat' dir='ltr'><strong>virtutis</strong></span> <span class='ocrx_word' id='word_1_309' title='bbox 803 2371 918 2426; x_wconf 87' lang='lat' dir='ltr'><strong>Dei.</strong></span> <span class='ocrx_word' id='word_1_310' title='bbox 955 2370 1208 2425; x_wconf 66' lang='lat' dir='ltr'><strong>Utserves</strong></span> <span class='ocrx_word' id='word_1_311' title='bbox 1237 2386 1286 2423; x_wconf 88' lang='lat' dir='ltr'><strong>m</strong></span> <span class='ocrx_word' id='word_1_312' title='bbox 1306 2369 1531 2422; x_wconf 54' lang='lat' dir='ltr'><strong>indutum</strong></span> <span class='ocrx_word' id='word_1_313' title='bbox 1568 2369 1676 2421; x_wconf 89' lang='lat' dir='ltr'><strong>sine</strong></span> <span class='ocrx_word' id='word_1_314' title='bbox 1703 2367 1924 2419; x_wconf 82' lang='lat' dir='ltr'><strong>macula.</strong></span> 
     </span>
    </p>
   </div>
   <div class='ocr_carea' id='block_1_40' title="bbox 343 2456 1924 2529">
    <p class='ocr_par' dir='ltr' id='par_1_40' title="bbox 343 2456 1924 2529">
     <span class='ocr_line' id='line_1_40' title="bbox 343 2456 1924 2529; baseline -0.006 -11"><span class='ocrx_word' id='word_1_315' title='bbox 343 2466 490 2519; x_wconf 85' lang='lat' dir='ltr'><strong>Sicut</strong></span> <span class='ocrx_word' id='word_1_316' title='bbox 532 2463 621 2517; x_wconf 89' lang='lat' dir='ltr'><strong>ille</strong></span> <span class='ocrx_word' id='word_1_317' title='bbox 658 2462 892 2517; x_wconf 86' lang='lat' dir='ltr'><strong>servavit</strong></span> <span class='ocrx_word' id='word_1_318' title='bbox 932 2474 1100 2529; x_wconf 85' lang='lat' dir='ltr'><strong>usque</strong></span> <span class='ocrx_word' id='word_1_319' title='bbox 1126 2459 1180 2512; x_wconf 90' lang='lat' dir='ltr'><strong>in</strong></span> <span class='ocrx_word' id='word_1_320' title='bbox 1212 2458 1393 2512; x_wconf 86' lang='lat' dir='ltr'><strong>linem.</strong></span> <span class='ocrx_word' id='word_1_321' title='bbox 1426 2456 1924 2524; x_wconf 71' lang='lat' dir='ltr'><strong>lrreprehensibilis.</strong></span> 
     </span>
    </p>
   </div>
   <div class='ocr_carea' id='block_1_41' title="bbox 346 2549 1929 2621">
    <p class='ocr_par' dir='ltr' id='par_1_41' title="bbox 346 2549 1929 2621">
     <span class='ocr_line' id='line_1_41' title="bbox 346 2549 1929 2621; baseline -0.006 -11"><span class='ocrx_word' id='word_1_322' title='bbox 346 2555 569 2610; x_wconf 71' lang='lat' dir='ltr'><strong>Maculat</strong></span> <span class='ocrx_word' id='word_1_323' title='bbox 614 2555 755 2609; x_wconf 90' lang='lat' dir='ltr'><strong>enim</strong></span> <span class='ocrx_word' id='word_1_324' title='bbox 780 2597 793 2621; x_wconf 91' lang='lat'><strong>,</strong></span> <span class='ocrx_word' id='word_1_325' title='bbox 836 2561 891 2607; x_wconf 88' lang='lat' dir='ltr'><strong>et</strong></span> <span class='ocrx_word' id='word_1_326' title='bbox 924 2550 1316 2621; x_wconf 82' lang='lat' dir='ltr'><strong>comprehendi</strong></span> <span class='ocrx_word' id='word_1_327' title='bbox 1370 2549 1530 2617; x_wconf 87' lang='lat' dir='ltr'><strong>facit,</strong></span> <span class='ocrx_word' id='word_1_328' title='bbox 1571 2549 1660 2616; x_wconf 89' lang='lat' dir='ltr'><strong>qui</strong></span> <span class='ocrx_word' id='word_1_329' title='bbox 1702 2562 1761 2601; x_wconf 91' lang='lat' dir='ltr'><strong>se</strong></span> <span class='ocrx_word' id='word_1_330' title='bbox 1801 2561 1929 2616; x_wconf 87' lang='lat' dir='ltr'><strong>pec-</strong></span> 
     </span>
    </p>
   </div>
   <div class='ocr_carea' id='block_1_42' title="bbox 346 2639 1932 2713">
    <p class='ocr_par' dir='ltr' id='par_1_42' title="bbox 346 2639 1932 2713">
     <span class='ocr_line' id='line_1_42' title="bbox 346 2639 1932 2713; baseline -0.006 -13"><span class='ocrx_word' id='word_1_331' title='bbox 346 2648 483 2700; x_wconf 84' lang='lat' dir='ltr'><strong>catis</strong></span> <span class='ocrx_word' id='word_1_332' title='bbox 507 2644 828 2713; x_wconf 84' lang='lat' dir='ltr'><strong>capitalibus</strong></span> <span class='ocrx_word' id='word_1_333' title='bbox 855 2643 1117 2713; x_wconf 84' lang='lat' dir='ltr'><strong>inquinat.</strong></span> <span class='ocrx_word' id='word_1_334' title='bbox 1151 2640 1323 2709; x_wconf 83' lang='lat' dir='ltr'><strong>Usque</strong></span> <span class='ocrx_word' id='word_1_335' title='bbox 1347 2642 1399 2693; x_wconf 89' lang='lat' dir='ltr'><strong>in</strong></span> <span class='ocrx_word' id='word_1_336' title='bbox 1427 2641 1696 2693; x_wconf 82' lang='lat' dir='ltr'><strong>adventum</strong></span> <span class='ocrx_word' id='word_1_337' title='bbox 1722 2639 1932 2691; x_wconf 85' lang='lat' dir='ltr'><strong>Domini</strong></span> 
     </span>
    </p>
   </div>
   <div class='ocr_carea' id='block_1_43' title="bbox 344 2733 1928 2803">
    <p class='ocr_par' dir='ltr' id='par_1_43' title="bbox 344 2733 1928 2803">
     <span class='ocr_line' id='line_1_43' title="bbox 344 2733 1928 2803; baseline -0.006 -10"><span class='ocrx_word' id='word_1_338' title='bbox 344 2739 504 2793; x_wconf 80' lang='lat' dir='ltr'><strong>nostri</strong></span> <span class='ocrx_word' id='word_1_339' title='bbox 531 2737 658 2792; x_wconf 82' lang='lat' dir='ltr'><strong>Jesu</strong></span> <span class='ocrx_word' id='word_1_340' title='bbox 683 2738 895 2791; x_wconf 77' lang='lat' dir='ltr'><strong>Christi.</strong></span> <span class='ocrx_word' id='word_1_341' title='bbox 923 2737 1023 2803; x_wconf 85' lang='lat' dir='ltr'><strong>Qui</strong></span> <span class='ocrx_word' id='word_1_342' title='bbox 1055 2735 1196 2790; x_wconf 87' lang='lat' dir='ltr'><strong>enim</strong></span> <span class='ocrx_word' id='word_1_343' title='bbox 1229 2735 1656 2803; x_wconf 78' lang='lat' dir='ltr'><strong>perseveraverit</strong></span> <span class='ocrx_word' id='word_1_344' title='bbox 1684 2747 1849 2801; x_wconf 89' lang='lat' dir='ltr'><strong>usque</strong></span> <span class='ocrx_word' id='word_1_345' title='bbox 1876 2733 1928 2784; x_wconf 90' lang='lat' dir='ltr'><strong>in</strong></span> 
     </span>
    </p>
   </div>
   <div class='ocr_carea' id='block_1_44' title="bbox 342 2822 1930 2893">
    <p class='ocr_par' dir='ltr' id='par_1_44' title="bbox 342 2822 1930 2893">
     <span class='ocr_line' id='line_1_44' title="bbox 342 2822 1930 2893; baseline -0.004 -13"><span class='ocrx_word' id='word_1_346' title='bbox 342 2831 504 2881; x_wconf 70' lang='lat' dir='ltr'><strong>linem</strong></span> <span class='ocrx_word' id='word_1_347' title='bbox 527 2868 543 2893; x_wconf 94' lang='lat'><strong>,</strong></span> <span class='ocrx_word' id='word_1_348' title='bbox 575 2827 660 2881; x_wconf 87' lang='lat' dir='ltr'><strong>hic</strong></span> <span class='ocrx_word' id='word_1_349' title='bbox 688 2826 869 2879; x_wconf 84' lang='lat' dir='ltr'><strong>salvus</strong></span> <span class='ocrx_word' id='word_1_350' title='bbox 898 2826 1018 2879; x_wconf 83' lang='lat' dir='ltr'><strong>erit.</strong></span> <span class='ocrx_word' id='word_1_351' title='bbox 1047 2825 1208 2890; x_wconf 82' lang='lat' dir='ltr'><strong>Quem</strong></span> <span class='ocrx_word' id='word_1_352' title='bbox 1232 2825 1339 2877; x_wconf 89' lang='lat' dir='ltr'><strong>suis</strong></span> <span class='ocrx_word' id='word_1_353' title='bbox 1367 2824 1681 2888; x_wconf 81' lang='lat' dir='ltr'><strong>temporibus</strong></span> <span class='ocrx_word' id='word_1_354' title='bbox 1708 2822 1930 2875; x_wconf 81' lang='lat' dir='ltr'><strong>ostendet</strong></span> 
     </span>
    </p>
   </div>
   <div class='ocr_carea' id='block_1_45' title="bbox 341 2912 1930 2987">
    <p class='ocr_par' dir='ltr' id='par_1_45' title="bbox 341 2912 1930 2987">
     <span class='ocr_line' id='line_1_45' title="bbox 341 2912 1930 2987; baseline -0.008 -14"><span class='ocrx_word' id='word_1_355' title='bbox 341 2921 535 2984; x_wconf 84' lang='lat' dir='ltr'><strong>beatus,</strong></span> <span class='ocrx_word' id='word_1_356' title='bbox 562 2929 606 2972; x_wconf 86' lang='lat' dir='ltr'><strong>et</strong></span> <span class='ocrx_word' id='word_1_357' title='bbox 629 2917 765 2971; x_wconf 90' lang='lat' dir='ltr'><strong>solus</strong></span> <span class='ocrx_word' id='word_1_358' title='bbox 792 2928 969 2987; x_wconf 86' lang='lat' dir='ltr'><strong>potens</strong></span> <span class='ocrx_word' id='word_1_359' title='bbox 986 2916 1094 2969; x_wconf 77' lang='lat' dir='ltr'><strong>Rea:</strong></span> <span class='ocrx_word' id='word_1_360' title='bbox 1112 2932 1288 2984; x_wconf 86' lang='lat' dir='ltr'><strong>regum</strong></span> <span class='ocrx_word' id='word_1_361' title='bbox 1315 2923 1360 2967; x_wconf 88' lang='lat' dir='ltr'><strong>et</strong></span> <span class='ocrx_word' id='word_1_362' title='bbox 1384 2913 1634 2967; x_wconf 81' lang='lat' dir='ltr'><strong>Dominus</strong></span> <span class='ocrx_word' id='word_1_363' title='bbox 1658 2912 1930 2965; x_wconf 84' lang='lat' dir='ltr'><strong>dominan-</strong></span> 
     </span>
    </p>
   </div>
   <div class='ocr_carea' id='block_1_46' title="bbox 339 3002 1929 3075">
    <p class='ocr_par' dir='ltr' id='par_1_46' title="bbox 339 3002 1929 3075">
     <span class='ocr_line' id='line_1_46' title="bbox 339 3002 1929 3075; baseline -0.004 -15"><span class='ocrx_word' id='word_1_364' title='bbox 339 3010 486 3063; x_wconf 86' lang='lat' dir='ltr'><strong>tium.</strong></span> <span class='ocrx_word' id='word_1_365' title='bbox 530 3007 752 3075; x_wconf 87' lang='lat' dir='ltr'><strong>Quando</strong></span> <span class='ocrx_word' id='word_1_366' title='bbox 792 3006 1059 3070; x_wconf 87' lang='lat' dir='ltr'><strong>voluerit,</strong></span> <span class='ocrx_word' id='word_1_367' title='bbox 1094 3006 1381 3071; x_wconf 83' lang='lat' dir='ltr'><strong>ostendet,</strong></span> <span class='ocrx_word' id='word_1_368' title='bbox 1418 3004 1509 3072; x_wconf 89' lang='lat' dir='ltr'><strong>qui</strong></span> <span class='ocrx_word' id='word_1_369' title='bbox 1538 3004 1640 3056; x_wconf 90' lang='lat' dir='ltr'><strong>hoc</strong></span> <span class='ocrx_word' id='word_1_370' title='bbox 1664 3002 1811 3055; x_wconf 82' lang='lat' dir='ltr'><strong>solus</strong></span> <span class='ocrx_word' id='word_1_371' title='bbox 1840 3016 1929 3069; x_wconf 84' lang='lat' dir='ltr'><strong>po-</strong></span> 
     </span>
    </p>
   </div>
   <div class='ocr_carea' id='block_1_47' title="bbox 344 3094 1929 3163">
    <p class='ocr_par' dir='ltr' id='par_1_47' title="bbox 344 3094 1929 3163">
     <span class='ocr_line' id='line_1_47' title="bbox 344 3094 1929 3163; baseline -0.004 -10"><span class='ocrx_word' id='word_1_372' title='bbox 344 3109 462 3154; x_wconf 82' lang='lat' dir='ltr'><strong>tcus</strong></span> <span class='ocrx_word' id='word_1_373' title='bbox 492 3112 593 3153; x_wconf 58' lang='lat' dir='ltr'><strong>esu</strong></span> <span class='ocrx_word' id='word_1_374' title='bbox 617 3098 814 3153; x_wconf 85' lang='lat' dir='ltr'><strong>facere.</strong></span> <span class='ocrx_word' id='word_1_375' title='bbox 862 3098 961 3163; x_wconf 84' lang='lat' dir='ltr'><strong>Qui</strong></span> <span class='ocrx_word' id='word_1_376' title='bbox 991 3099 1132 3150; x_wconf 89' lang='lat' dir='ltr'><strong>solus</strong></span> <span class='ocrx_word' id='word_1_377' title='bbox 1164 3097 1310 3150; x_wconf 81' lang='lat' dir='ltr'><strong>habet</strong></span> <span class='ocrx_word' id='word_1_378' title='bbox 1349 3096 1797 3148; x_wconf 84' lang='lat' dir='ltr'><strong>immortalitatem.</strong></span> <span class='ocrx_word' id='word_1_379' title='bbox 1838 3094 1929 3147; x_wconf 80' lang='lat' dir='ltr'><strong>ille</strong></span> 
     </span>
    </p>
   </div>
   <div class='ocr_carea' id='block_1_48' title="bbox 2035 1909 3632 1981">
    <p class='ocr_par' dir='ltr' id='par_1_48' title="bbox 2035 1909 3632 1981">
     <span class='ocr_line' id='line_1_48' title="bbox 2035 1909 3632 1981; baseline 0.007 -19"><span class='ocrx_word' id='word_1_380' title='bbox 2035 1909 2321 1977; x_wconf 79' lang='lat' dir='ltr'><strong>largientes</strong></span> <span class='ocrx_word' id='word_1_381' title='bbox 2349 1926 2361 1962; x_wconf 91' lang='lat'><strong>:</strong></span> <span class='ocrx_word' id='word_1_382' title='bbox 2393 1925 2499 1964; x_wconf 92' lang='lat' dir='ltr'><strong>non</strong></span> <span class='ocrx_word' id='word_1_383' title='bbox 2527 1919 2584 1965; x_wconf 92' lang='lat' dir='ltr'><strong>ut</strong></span> <span class='ocrx_word' id='word_1_384' title='bbox 2610 1912 3015 1981; x_wconf 71' lang='lat' dir='ltr'><strong>graudi&#39;labore</strong></span> <span class='ocrx_word' id='word_1_385' title='bbox 3055 1916 3396 1971; x_wconf 83' lang='lat' dir='ltr'><strong>destruenles</strong></span> <span class='ocrx_word' id='word_1_386' title='bbox 3427 1918 3632 1973; x_wconf 84' lang='lat' dir='ltr'><strong>horrea</strong></span> 
     </span>
    </p>
   </div>
   <div class='ocr_carea' id='block_1_49' title="bbox 2035 1999 3631 2074">
    <p class='ocr_par' dir='ltr' id='par_1_49' title="bbox 2035 1999 3631 2074">
     <span class='ocr_line' id='line_1_49' title="bbox 2035 1999 3631 2074; baseline 0.006 -20"><span class='ocrx_word' id='word_1_387' title='bbox 2035 2000 2235 2069; x_wconf 85' lang='lat' dir='ltr'><strong>majora</strong></span> <span class='ocrx_word' id='word_1_388' title='bbox 2259 1999 2537 2056; x_wconf 79' lang='lat' dir='ltr'><strong>faciamus.</strong></span> <span class='ocrx_word' id='word_1_389' title='bbox 2561 2004 2641 2055; x_wconf 87' lang='lat' dir='ltr'><strong>Ad</strong></span> <span class='ocrx_word' id='word_1_390' title='bbox 2668 2004 2965 2074; x_wconf 78' lang='lat' dir='ltr'><strong>fruendum.</strong></span> <span class='ocrx_word' id='word_1_391' title='bbox 2990 2005 3103 2060; x_wconf 84' lang='lat' dir='ltr'><strong>Non</strong></span> <span class='ocrx_word' id='word_1_392' title='bbox 3133 2008 3197 2060; x_wconf 89' lang='lat' dir='ltr'><strong>ad</strong></span> <span class='ocrx_word' id='word_1_393' title='bbox 3230 2008 3631 2072; x_wconf 62' lang='lat' dir='ltr'><strong>reponendum.</strong></span> 
     </span>
    </p>
   </div>
   <div class='ocr_carea' id='block_1_50' title="bbox 2034 2093 3631 2168">
    <p class='ocr_par' dir='ltr' id='par_1_50' title="bbox 2034 2093 3631 2168">
     <span class='ocr_line' id='line_1_50' title="bbox 2034 2093 3631 2168; baseline 0.004 -21"><span class='ocrx_word' id='word_1_394' title='bbox 2034 2106 2085 2147; x_wconf 89' lang='lat' dir='ltr'><strong>et</strong></span> <span class='ocrx_word' id='word_1_395' title='bbox 2118 2108 2283 2159; x_wconf 72' lang='lat' dir='ltr'><strong>super</strong></span> <span class='ocrx_word' id='word_1_396' title='bbox 2310 2093 2388 2147; x_wconf 86' lang='lat' dir='ltr'><strong>eis</strong></span> <span class='ocrx_word' id='word_1_397' title='bbox 2422 2094 2800 2150; x_wconf 88' lang='lat' dir='ltr'><strong>incubandum.</strong></span> <span class='ocrx_word' id='word_1_398' title='bbox 2830 2094 2969 2150; x_wconf 90' lang='lat' dir='ltr'><strong>Bene</strong></span> <span class='ocrx_word' id='word_1_399' title='bbox 2997 2113 3147 2168; x_wconf 87' lang='lat' dir='ltr'><strong>agere</strong></span> <span class='ocrx_word' id='word_1_400' title='bbox 3174 2113 3191 2152; x_wconf 91' lang='lat'><strong><em>:</em></strong></span> <span class='ocrx_word' id='word_1_401' title='bbox 3217 2099 3396 2152; x_wconf 73' lang='lat' dir='ltr'><strong>divftes</strong></span> <span class='ocrx_word' id='word_1_402' title='bbox 3426 2100 3543 2167; x_wconf 82' lang='lat' dir='ltr'><strong>ﬁeri</strong></span> <span class='ocrx_word' id='word_1_403' title='bbox 3570 2102 3631 2153; x_wconf 83' lang='lat' dir='ltr'><strong>in</strong></span> 
     </span>
    </p>
   </div>
   <div class='ocr_carea' id='block_1_51' title="bbox 2032 2180 3633 2260">
    <p class='ocr_par' dir='ltr' id='par_1_51' title="bbox 2032 2180 3633 2260">
     <span class='ocr_line' id='line_1_51' title="bbox 2032 2180 3633 2260; baseline 0.006 -24"><span class='ocrx_word' id='word_1_404' title='bbox 2032 2185 2269 2250; x_wconf 85' lang='lat' dir='ltr'><strong>operibus</strong></span> <span class='ocrx_word' id='word_1_405' title='bbox 2310 2185 2472 2239; x_wconf 86' lang='lat' dir='ltr'><strong>bonis.</strong></span> <span class='ocrx_word' id='word_1_406' title='bbox 2517 2184 2634 2240; x_wconf 86' lang='lat' dir='ltr'><strong>Non</strong></span> <span class='ocrx_word' id='word_1_407' title='bbox 2676 2185 2729 2241; x_wconf 90' lang='lat' dir='ltr'><strong>in</strong></span> <span class='ocrx_word' id='word_1_408' title='bbox 2770 2200 2902 2243; x_wconf 87' lang='lat' dir='ltr'><strong>auro</strong></span> <span class='ocrx_word' id='word_1_409' title='bbox 2939 2199 2993 2244; x_wconf 87' lang='lat' dir='ltr'><strong>et</strong></span> <span class='ocrx_word' id='word_1_410' title='bbox 3032 2180 3277 2260; x_wconf 76' lang='lat' dir='ltr'><strong>argerito.</strong></span> <span class='ocrx_word' id='word_1_411' title='bbox 3316 2191 3498 2246; x_wconf 77' lang='lat' dir='ltr'><strong>Fa:ile</strong></span> <span class='ocrx_word' id='word_1_412' title='bbox 3527 2194 3633 2246; x_wconf 80' lang='lat' dir='ltr'><strong>tri-</strong></span> 
     </span>
    </p>
   </div>
   <div class='ocr_carea' id='block_1_52' title="bbox 2034 2276 3632 2345">
    <p class='ocr_par' dir='ltr' id='par_1_52' title="bbox 2034 2276 3632 2345">
     <span class='ocr_line' id='line_1_52' title="bbox 2034 2276 3632 2345; baseline 0.008 -18"><span class='ocrx_word' id='word_1_413' title='bbox 2034 2276 2204 2329; x_wconf 47' lang='lat' dir='ltr'><strong>buere.</strong></span> <span class='ocrx_word' id='word_1_414' title='bbox 2250 2276 2351 2342; x_wconf 90' lang='lat' dir='ltr'><strong>Qui</strong></span> <span class='ocrx_word' id='word_1_415' title='bbox 2400 2278 2552 2331; x_wconf 80' lang='lat' dir='ltr'><strong>facile</strong></span> <span class='ocrx_word' id='word_1_416' title='bbox 2593 2278 2818 2345; x_wconf 89' lang='lat' dir='ltr'><strong>tribuit,</strong></span> <span class='ocrx_word' id='word_1_417' title='bbox 2863 2281 2972 2335; x_wconf 88' lang='lat' dir='ltr'><strong>cito</strong></span> <span class='ocrx_word' id='word_1_418' title='bbox 3012 2282 3167 2337; x_wconf 88' lang='lat' dir='ltr'><strong>dives</strong></span> <span class='ocrx_word' id='word_1_419' title='bbox 3206 2299 3328 2339; x_wconf 80' lang='lat' dir='ltr'><strong>esse</strong></span> <span class='ocrx_word' id='word_1_420' title='bbox 3366 2287 3632 2341; x_wconf 82' lang='lat' dir='ltr'><strong>cessabit.</strong></span> 
     </span>
    </p>
   </div>
   <div class='ocr_carea' id='block_1_53' title="bbox 2033 2367 3635 2440">
    <p class='ocr_par' dir='ltr' id='par_1_53' title="bbox 2033 2367 3635 2440">
     <span class='ocr_line' id='line_1_53' title="bbox 2033 2367 3635 2440; baseline 0.006 -19"><span class='ocrx_word' id='word_1_421' title='bbox 2033 2367 2441 2423; x_wconf 76' lang='lat' dir='ltr'><strong>Communicare.</strong></span> <span class='ocrx_word' id='word_1_422' title='bbox 2468 2369 2602 2424; x_wconf 82' lang='lat' dir='ltr'><strong>Rem</strong></span> <span class='ocrx_word' id='word_1_423' title='bbox 2633 2372 2903 2440; x_wconf 89' lang='lat' dir='ltr'><strong>propriam</strong></span> <span class='ocrx_word' id='word_1_424' title='bbox 2930 2387 3265 2429; x_wconf 85' lang='lat' dir='ltr'><strong>communem</strong></span> <span class='ocrx_word' id='word_1_425' title='bbox 3293 2374 3472 2431; x_wconf 78' lang='lat' dir='ltr'><strong>facere</strong></span> <span class='ocrx_word' id='word_1_426' title='bbox 3500 2394 3515 2429; x_wconf 88' lang='lat'><strong>:</strong></span> <span class='ocrx_word' id='word_1_427' title='bbox 3544 2377 3635 2431; x_wconf 86' lang='lat' dir='ltr'><strong>vel</strong></span> 
     </span>
    </p>
   </div>
   <div class='ocr_carea' id='block_1_54' title="bbox 2035 2459 3634 2534">
    <p class='ocr_par' dir='ltr' id='par_1_54' title="bbox 2035 2459 3634 2534">
     <span class='ocr_line' id='line_1_54' title="bbox 2035 2459 3634 2534; baseline 0.008 -22"><span class='ocrx_word' id='word_1_428' title='bbox 2035 2459 2121 2513; x_wconf 65' lang='lat' dir='ltr'><strong>hic</strong></span> <span class='ocrx_word' id='word_1_429' title='bbox 2162 2459 2325 2526; x_wconf 86' lang='lat' dir='ltr'><strong>dare,</strong></span> <span class='ocrx_word' id='word_1_430' title='bbox 2367 2469 2421 2515; x_wconf 89' lang='lat' dir='ltr'><strong>et</strong></span> <span class='ocrx_word' id='word_1_431' title='bbox 2462 2460 2516 2514; x_wconf 91' lang='lat' dir='ltr'><strong>in</strong></span> <span class='ocrx_word' id='word_1_432' title='bbox 2557 2460 2790 2516; x_wconf 85' lang='lat' dir='ltr'><strong>futurum</strong></span> <span class='ocrx_word' id='word_1_433' title='bbox 2834 2463 3095 2534; x_wconf 88' lang='lat' dir='ltr'><strong>recipere.</strong></span> <span class='ocrx_word' id='word_1_434' title='bbox 3130 2465 3501 2523; x_wconf 76' lang='lat' dir='ltr'><strong>Tliesaurizare</strong></span> <span class='ocrx_word' id='word_1_435' title='bbox 3529 2470 3634 2525; x_wconf 83' lang='lat' dir='ltr'><strong>sibi</strong></span> 
     </span>
    </p>
   </div>
   <div class='ocr_carea' id='block_1_55' title="bbox 2031 2551 3631 2624">
    <p class='ocr_par' dir='ltr' id='par_1_55' title="bbox 2031 2551 3631 2624">
     <span class='ocr_line' id='line_1_55' title="bbox 2031 2551 3631 2624; baseline 0.008 -21"><span class='ocrx_word' id='word_1_436' title='bbox 2031 2551 2422 2620; x_wconf 76' lang='lat' dir='ltr'><strong>fundamentum</strong></span> <span class='ocrx_word' id='word_1_437' title='bbox 2453 2551 2640 2606; x_wconf 89' lang='lat' dir='ltr'><strong>bonum</strong></span> <span class='ocrx_word' id='word_1_438' title='bbox 2681 2555 2734 2608; x_wconf 89' lang='lat' dir='ltr'><strong>in</strong></span> <span class='ocrx_word' id='word_1_439' title='bbox 2776 2555 3035 2624; x_wconf 75' lang='lat' dir='ltr'><strong>futurum.</strong></span> <span class='ocrx_word' id='word_1_440' title='bbox 3077 2556 3262 2613; x_wconf 73' lang='lat' dir='ltr'><strong>Vende</strong></span> <span class='ocrx_word' id='word_1_441' title='bbox 3302 2561 3482 2613; x_wconf 87' lang='lat' dir='ltr'><strong>omnia</strong></span> <span class='ocrx_word' id='word_1_442' title='bbox 3507 2604 3521 2622; x_wconf 85' lang='lat'><strong>,</strong></span> <span class='ocrx_word' id='word_1_443' title='bbox 3559 2562 3631 2616; x_wconf 81' lang='lat' dir='ltr'><strong>da</strong></span> 
     </span>
    </p>
   </div>
   <div class='ocr_carea' id='block_1_56' title="bbox 2032 2646 3629 2719">
    <p class='ocr_par' dir='ltr' id='par_1_56' title="bbox 2032 2646 3629 2719">
     <span class='ocr_line' id='line_1_56' title="bbox 2032 2646 3629 2719; baseline 0.006 -22"><span class='ocrx_word' id='word_1_444' title='bbox 2032 2648 2373 2715; x_wconf 83' lang='lat' dir='ltr'><strong>pauperibus,</strong></span> <span class='ocrx_word' id='word_1_445' title='bbox 2404 2656 2458 2700; x_wconf 87' lang='lat' dir='ltr'><strong>et</strong></span> <span class='ocrx_word' id='word_1_446' title='bbox 2490 2646 2711 2701; x_wconf 87' lang='lat' dir='ltr'><strong>habebis</strong></span> <span class='ocrx_word' id='word_1_447' title='bbox 2741 2651 3050 2704; x_wconf 84' lang='lat' dir='ltr'><strong>thesaurum</strong></span> <span class='ocrx_word' id='word_1_448' title='bbox 3083 2650 3135 2703; x_wconf 88' lang='lat' dir='ltr'><strong>in</strong></span> <span class='ocrx_word' id='word_1_449' title='bbox 3163 2650 3303 2705; x_wconf 66' lang='lat' dir='ltr'><strong>coelo</strong></span> <span class='ocrx_word' id='word_1_450' title='bbox 3328 2691 3342 2714; x_wconf 92' lang='lat'><strong>,</strong></span> <span class='ocrx_word' id='word_1_451' title='bbox 3373 2662 3431 2706; x_wconf 88' lang='lat' dir='ltr'><strong>et</strong></span> <span class='ocrx_word' id='word_1_452' title='bbox 3473 2653 3629 2719; x_wconf 81' lang='lat' dir='ltr'><strong>veni,</strong></span> 
     </span>
    </p>
   </div>
   <div class='ocr_carea' id='block_1_57' title="bbox 2030 2737 3628 2805">
    <p class='ocr_par' dir='ltr' id='par_1_57' title="bbox 2030 2737 3628 2805">
     <span class='ocr_line' id='line_1_57' title="bbox 2030 2737 3628 2805; baseline 0.004 -14"><span class='ocrx_word' id='word_1_453' title='bbox 2030 2752 2257 2805; x_wconf 82' lang='lat' dir='ltr'><strong>sequere</strong></span> <span class='ocrx_word' id='word_1_454' title='bbox 2286 2753 2372 2790; x_wconf 83' lang='lat' dir='ltr'><strong>me</strong></span> <span class='ocrx_word' id='word_1_455' title='bbox 2400 2754 2413 2788; x_wconf 94' lang='lat'>:</span> <span class='ocrx_word' id='word_1_456' title='bbox 2451 2737 2551 2791; x_wconf 86' lang='lat' dir='ltr'><strong>hoc</strong></span> <span class='ocrx_word' id='word_1_457' title='bbox 2583 2737 2930 2805; x_wconf 81' lang='lat' dir='ltr'><strong>perfectionis</strong></span> <span class='ocrx_word' id='word_1_458' title='bbox 2962 2751 3043 2795; x_wconf 86' lang='lat' dir='ltr'><strong>est</strong></span> <span class='ocrx_word' id='word_1_459' title='bbox 3085 2741 3517 2797; x_wconf 89' lang='lat' dir='ltr'><strong>fundamentum.</strong></span> <span class='ocrx_word' id='word_1_460' title='bbox 3557 2745 3628 2799; x_wconf 84' lang='lat' dir='ltr'><strong>Ut</strong></span> 
     </span>
    </p>
   </div>
   <div class='ocr_carea' id='block_1_58' title="bbox 2029 2827 3626 2898">
    <p class='ocr_par' dir='ltr' id='par_1_58' title="bbox 2029 2827 3626 2898">
     <span class='ocr_line' id='line_1_58' title="bbox 2029 2827 3626 2898; baseline 0.005 -19"><span class='ocrx_word' id='word_1_461' title='bbox 2029 2827 2416 2896; x_wconf 81' lang='lat' dir='ltr'><strong>apprehendant</strong></span> <span class='ocrx_word' id='word_1_462' title='bbox 2443 2842 2615 2879; x_wconf 85' lang='lat' dir='ltr'><strong>veram</strong></span> <span class='ocrx_word' id='word_1_463' title='bbox 2652 2829 2828 2881; x_wconf 82' lang='lat' dir='ltr'><strong>vitam.</strong></span> <span class='ocrx_word' id='word_1_464' title='bbox 2872 2830 2997 2885; x_wconf 72' lang='lat' dir='ltr'><strong>llaec</strong></span> <span class='ocrx_word' id='word_1_465' title='bbox 3026 2836 3171 2885; x_wconf 69' lang='lat' dir='ltr'><strong>enim</strong></span> <span class='ocrx_word' id='word_1_466' title='bbox 3206 2847 3312 2886; x_wconf 91' lang='lat' dir='ltr'><strong>non</strong></span> <span class='ocrx_word' id='word_1_467' title='bbox 3343 2843 3427 2886; x_wconf 84' lang='lat' dir='ltr'><strong>est</strong></span> <span class='ocrx_word' id='word_1_468' title='bbox 3456 2850 3586 2887; x_wconf 84' lang='lat' dir='ltr'><strong>vera</strong></span> <span class='ocrx_word' id='word_1_469' title='bbox 3609 2877 3626 2898; x_wconf 86' lang='lat'><strong>,</strong></span> 
     </span>
    </p>
   </div>
   <div class='ocr_carea' id='block_1_59' title="bbox 2029 2922 3627 2988">
    <p class='ocr_par' dir='ltr' id='par_1_59' title="bbox 2029 2922 3627 2988">
     <span class='ocr_line' id='line_1_59' title="bbox 2029 2922 3627 2988; baseline 0.006 -19"><span class='ocrx_word' id='word_1_470' title='bbox 2029 2924 2149 2988; x_wconf 85' lang='lat' dir='ltr'><strong>quia</strong></span> <span class='ocrx_word' id='word_1_471' title='bbox 2176 2922 2223 2971; x_wconf 89' lang='lat' dir='ltr'><strong>in</strong></span> <span class='ocrx_word' id='word_1_472' title='bbox 2250 2933 2347 2972; x_wconf 91' lang='lat' dir='ltr'><strong>suo</strong></span> <span class='ocrx_word' id='word_1_473' title='bbox 2373 2933 2477 2971; x_wconf 90' lang='lat' dir='ltr'><strong>non</strong></span> <span class='ocrx_word' id='word_1_474' title='bbox 2510 2927 2793 2987; x_wconf 85' lang='lat' dir='ltr'><strong>permanet</strong></span> <span class='ocrx_word' id='word_1_475' title='bbox 2819 2929 2957 2974; x_wconf 87' lang='lat' dir='ltr'><strong>statu</strong></span> <span class='ocrx_word' id='word_1_476' title='bbox 2985 2938 3000 2975; x_wconf 88' lang='lat'><strong>:</strong></span> <span class='ocrx_word' id='word_1_477' title='bbox 3037 2923 3239 2977; x_wconf 85' lang='lat' dir='ltr'><strong>vanitas</strong></span> <span class='ocrx_word' id='word_1_478' title='bbox 3265 2923 3408 2977; x_wconf 88' lang='lat' dir='ltr'><strong>enim</strong></span> <span class='ocrx_word' id='word_1_479' title='bbox 3438 2927 3627 2979; x_wconf 60' lang='lat' dir='ltr'><strong>omnia</strong></span> 
     </span>
    </p>
   </div>
   <div class='ocr_carea' id='block_1_60' title="bbox 2028 3008 3628 3086">
    <p class='ocr_par' dir='ltr' id='par_1_60' title="bbox 2028 3008 3628 3086">
     <span class='ocr_line' id='line_1_60' title="bbox 2028 3008 3628 3086; baseline 0.004 -23"><span class='ocrx_word' id='word_1_480' title='bbox 2028 3009 2129 3063; x_wconf 67' lang='grc' dir='ltr'>θυι)</span> <span class='ocrx_word' id='word_1_481' title='bbox 2162 3011 2294 3063; x_wconf 67' lang='lat' dir='ltr'><strong>sole.</strong></span> <span class='ocrx_word' id='word_1_482' title='bbox 2342 3008 2386 3061; x_wconf 90' lang='grc'><strong><em>0</em></strong></span> <span class='ocrx_word' id='word_1_483' title='bbox 2414 3008 2704 3086; x_wconf 75' lang='lat' dir='ltr'><strong>Timotheo,</strong></span> <span class='ocrx_word' id='word_1_484' title='bbox 2751 3012 3042 3080; x_wconf 85' lang='lat' dir='ltr'><strong>depositum</strong></span> <span class='ocrx_word' id='word_1_485' title='bbox 3081 3016 3301 3068; x_wconf 83' lang='lat' dir='ltr'><strong>custodi.</strong></span> <span class='ocrx_word' id='word_1_486' title='bbox 3326 3015 3628 3069; x_wconf 73' lang='lat' dir='ltr'><strong>Commen-</strong></span> 
     </span>
    </p>
   </div>
   <div class='ocr_carea' id='block_1_61' title="bbox 2031 3088 3627 3161">
    <p class='ocr_par' dir='ltr' id='par_1_61' title="bbox 2031 3088 3627 3161">
     <span class='ocr_line' id='line_1_61' title="bbox 2031 3088 3627 3161; baseline 0.004 -8"><span class='ocrx_word' id='word_1_487' title='bbox 2031 3099 2211 3153; x_wconf 88' lang='lat' dir='ltr'><strong>datum</strong></span> <span class='ocrx_word' id='word_1_488' title='bbox 2255 3113 2283 3151; x_wconf 90' lang='lat' dir='ltr'><strong>a</strong></span> <span class='ocrx_word' id='word_1_489' title='bbox 2317 3099 2473 3154; x_wconf 79' lang='lat' dir='ltr'><strong>nobis</strong></span> <span class='ocrx_word' id='word_1_490' title='bbox 2512 3114 2667 3155; x_wconf 85' lang='lat' dir='ltr'><strong>serva</strong></span> <span class='ocrx_word' id='word_1_491' title='bbox 2710 3103 3016 3157; x_wconf 90' lang='lat' dir='ltr'><strong>mandatum</strong></span> <span class='ocrx_word' id='word_1_492' title='bbox 3048 3121 3059 3156; x_wconf 93' lang='lat'><strong>:</strong></span> <span class='ocrx_word' id='word_1_493' title='bbox 3094 3106 3206 3159; x_wconf 85' lang='lat' dir='ltr'><strong>sive</strong></span> <span class='ocrx_word' id='word_1_494' title='bbox 3247 3088 3371 3159; x_wconf 82' lang='lat' dir='ltr'><strong>lidei</strong></span> <span class='ocrx_word' id='word_1_495' title='bbox 3408 3109 3627 3161; x_wconf 83' lang='lat' dir='ltr'><strong>custodi</strong></span> 
     </span>
    </p>
   </div>
   <div class='ocr_carea' id='block_1_62' title="bbox 342 3177 3627 3264">
    <p class='ocr_par' dir='ltr' id='par_1_62' title="bbox 342 3177 3627 3264">
     <span class='ocr_line' id='line_1_62' title="bbox 342 3177 3627 3264; baseline 0.003 -22"><span class='ocrx_word' id='word_1_496' title='bbox 342 3189 489 3242; x_wconf 54' lang='lat' dir='ltr'><strong>stilus</strong></span> <span class='ocrx_word' id='word_1_497' title='bbox 520 3190 734 3256; x_wconf 74' lang='lat' dir='ltr'><strong>proprie</strong></span> <span class='ocrx_word' id='word_1_498' title='bbox 778 3186 938 3241; x_wconf 85' lang='lat' dir='ltr'><strong>habet</strong></span> <span class='ocrx_word' id='word_1_499' title='bbox 979 3190 1068 3255; x_wconf 85' lang='lat' dir='ltr'><strong>qui</strong></span> <span class='ocrx_word' id='word_1_500' title='bbox 1109 3185 1315 3255; x_wconf 75' lang='lat' dir='ltr'><strong>angelis</strong></span> <span class='ocrx_word' id='word_1_501' title='bbox 1346 3194 1395 3239; x_wconf 88' lang='lat' dir='ltr'><strong>et</strong></span> <span class='ocrx_word' id='word_1_502' title='bbox 1442 3183 1751 3237; x_wconf 81' lang='lat' dir='ltr'><strong>hominibus</strong></span> <span class='ocrx_word' id='word_1_503' title='bbox 1776 3182 1923 3236; x_wconf 78' lang='lat' dir='ltr'><strong>dedit</strong></span> <span class='ocrx_word' id='word_1_504' title='bbox 1952 3177 1997 3237; x_wconf 89' lang='lat' dir='ltr'><strong>C</strong></span> <span class='ocrx_word' id='word_1_505' title='bbox 2028 3190 2347 3258; x_wconf 77' lang='lat' dir='ltr'><strong>depositum.</strong></span> <span class='ocrx_word' id='word_1_506' title='bbox 2395 3188 2574 3243; x_wconf 74' lang='lat' dir='ltr'><strong>Debita</strong></span> <span class='ocrx_word' id='word_1_507' title='bbox 2614 3191 2862 3261; x_wconf 79' lang='lat' dir='ltr'><strong>profanas</strong></span> <span class='ocrx_word' id='word_1_508' title='bbox 2901 3209 3082 3247; x_wconf 85' lang='lat' dir='ltr'><strong>vocum</strong></span> <span class='ocrx_word' id='word_1_509' title='bbox 3113 3197 3379 3251; x_wconf 77' lang='lat' dir='ltr'><strong>noritates.</strong></span> <span class='ocrx_word' id='word_1_510' title='bbox 3414 3197 3565 3264; x_wconf 84' lang='lat' dir='ltr'><strong>Quas</strong></span> <span class='ocrx_word' id='word_1_511' title='bbox 3595 3216 3627 3254; x_wconf 75' lang='grc' dir='ltr'><strong>ιι</strong></span> 
     </span>
    </p>
   </div>
   <div class='ocr_carea' id='block_1_63' title="bbox 344 3276 1919 3344">
    <p class='ocr_par' dir='ltr' id='par_1_63' title="bbox 344 3276 1919 3344">
     <span class='ocr_line' id='line_1_63' title="bbox 344 3276 1919 3344; baseline -0.003 -10"><span class='ocrx_word' id='word_1_512' title='bbox 344 3282 566 3335; x_wconf 80' lang='lat' dir='ltr'><strong>habere.</strong></span> <span class='ocrx_word' id='word_1_513' title='bbox 598 3279 706 3334; x_wconf 86' lang='lat' dir='ltr'><strong>Nos</strong></span> <span class='ocrx_word' id='word_1_514' title='bbox 735 3288 915 3333; x_wconf 88' lang='lat' dir='ltr'><strong>autem</strong></span> <span class='ocrx_word' id='word_1_515' title='bbox 949 3293 1048 3333; x_wconf 90' lang='lat' dir='ltr'><strong>nec</strong></span> <span class='ocrx_word' id='word_1_516' title='bbox 1078 3279 1211 3344; x_wconf 90' lang='lat' dir='ltr'><strong>soli,</strong></span> <span class='ocrx_word' id='word_1_517' title='bbox 1242 3293 1338 3333; x_wconf 89' lang='lat' dir='ltr'><strong>nec</strong></span> <span class='ocrx_word' id='word_1_518' title='bbox 1363 3293 1430 3332; x_wconf 81' lang='lat' dir='ltr'><strong>ex</strong></span> <span class='ocrx_word' id='word_1_519' title='bbox 1457 3278 1610 3331; x_wconf 89' lang='lat' dir='ltr'><strong>nobis</strong></span> <span class='ocrx_word' id='word_1_520' title='bbox 1638 3276 1919 3341; x_wconf 77' lang='lat' dir='ltr'><strong>habemus,</strong></span> 
     </span>
    </p>
   </div>
   <div class='ocr_carea' id='block_1_64' title="bbox 342 3368 1923 3437">
    <p class='ocr_par' dir='ltr' id='par_1_64' title="bbox 342 3368 1923 3437">
     <span class='ocr_line' id='line_1_64' title="bbox 342 3368 1923 3437; baseline -0.001 -14"><span class='ocrx_word' id='word_1_521' title='bbox 342 3381 400 3425; x_wconf 89' lang='lat' dir='ltr'><strong>ut</strong></span> <span class='ocrx_word' id='word_1_522' title='bbox 426 3372 533 3425; x_wconf 86' lang='lat' dir='ltr'><strong>ille.</strong></span> <span class='ocrx_word' id='word_1_523' title='bbox 569 3371 711 3426; x_wconf 90' lang='lat' dir='ltr'><strong>Idem</strong></span> <span class='ocrx_word' id='word_1_524' title='bbox 742 3370 891 3424; x_wconf 90' lang='lat' dir='ltr'><strong>solus</strong></span> <span class='ocrx_word' id='word_1_525' title='bbox 933 3369 1096 3425; x_wconf 86' lang='lat' dir='ltr'><strong>habet</strong></span> <span class='ocrx_word' id='word_1_526' title='bbox 1139 3369 1727 3425; x_wconf 88' lang='lat' dir='ltr'><strong>incommutabilitatem</strong></span> <span class='ocrx_word' id='word_1_527' title='bbox 1752 3409 1767 3431; x_wconf 87' lang='lat'><strong>,</strong></span> <span class='ocrx_word' id='word_1_528' title='bbox 1798 3368 1923 3437; x_wconf 89' lang='lat' dir='ltr'><strong>quia</strong></span> 
     </span>
    </p>
   </div>
   <div class='ocr_carea' id='block_1_65' title="bbox 341 3460 1922 3516">
    <p class='ocr_par' dir='ltr' id='par_1_65' title="bbox 341 3460 1922 3516">
     <span class='ocr_line' id='line_1_65' title="bbox 341 3460 1922 3516; baseline -0.003 -1"><span class='ocrx_word' id='word_1_529' title='bbox 341 3462 490 3515; x_wconf 84' lang='lat' dir='ltr'><strong>solus</strong></span> <span class='ocrx_word' id='word_1_530' title='bbox 521 3476 699 3516; x_wconf 88' lang='lat' dir='ltr'><strong>veram</strong></span> <span class='ocrx_word' id='word_1_531' title='bbox 729 3461 890 3516; x_wconf 87' lang='lat' dir='ltr'><strong>habet</strong></span> <span class='ocrx_word' id='word_1_532' title='bbox 914 3461 1270 3516; x_wconf 60' lang='lat' dir='ltr'><strong>aeternitatem</strong></span> <span class='ocrx_word' id='word_1_533' title='bbox 1299 3479 1311 3513; x_wconf 90' lang='lat'><strong>:</strong></span> <span class='ocrx_word' id='word_1_534' title='bbox 1342 3476 1463 3515; x_wconf 89' lang='lat' dir='ltr'><strong>nam</strong></span> <span class='ocrx_word' id='word_1_535' title='bbox 1491 3460 1922 3514; x_wconf 66' lang='lat' dir='ltr'><strong>anima&#39;imumr-</strong></span> 
     </span>
    </p>
   </div>
   <div class='ocr_carea' id='block_1_66' title="bbox 343 3538 1923 3621">
    <p class='ocr_par' dir='ltr' id='par_1_66' title="bbox 343 3538 1923 3621">
     <span class='ocr_line' id='line_1_66' title="bbox 343 3538 1923 3621; baseline -0.001 -16"><span class='ocrx_word' id='word_1_536' title='bbox 343 3551 469 3605; x_wconf 55' lang='lat' dir='ltr'><strong>talis</strong></span> <span class='ocrx_word' id='word_1_537' title='bbox 499 3551 714 3621; x_wconf 81' lang='lat' dir='ltr'><strong>quidem</strong></span> <span class='ocrx_word' id='word_1_538' title='bbox 743 3562 861 3618; x_wconf 88' lang='lat' dir='ltr'><strong>est,</strong></span> <span class='ocrx_word' id='word_1_539' title='bbox 893 3552 987 3607; x_wconf 86' lang='lat' dir='ltr'><strong>sed</strong></span> <span class='ocrx_word' id='word_1_540' title='bbox 1019 3538 1338 3606; x_wconf 86' lang='lat' dir='ltr'><strong>mutabilis:</strong></span> <span class='ocrx_word' id='word_1_541' title='bbox 1381 3552 1434 3606; x_wconf 89' lang='lat' dir='ltr'><strong>in</strong></span> <span class='ocrx_word' id='word_1_542' title='bbox 1474 3550 1587 3606; x_wconf 89' lang='lat' dir='ltr'><strong>Deo</strong></span> <span class='ocrx_word' id='word_1_543' title='bbox 1613 3565 1742 3605; x_wconf 85' lang='lat' dir='ltr'><strong>vero</strong></span> <span class='ocrx_word' id='word_1_544' title='bbox 1778 3549 1923 3605; x_wconf 80' lang='lat' dir='ltr'><strong>nulla</strong></span> 
     </span>
    </p>
   </div>
   <div class='ocr_carea' id='block_1_67' title="bbox 340 3641 1926 3697">
    <p class='ocr_par' dir='ltr' id='par_1_67' title="bbox 340 3641 1926 3697">
     <span class='ocr_line' id='line_1_67' title="bbox 340 3641 1926 3697; baseline 0 -1"><span class='ocrx_word' id='word_1_545' title='bbox 340 3642 688 3697; x_wconf 66' lang='lat' dir='ltr'><strong>mutabilius.</strong></span> <span class='ocrx_word' id='word_1_546' title='bbox 732 3641 798 3696; x_wconf 86' lang='lat' dir='ltr'><strong>Et</strong></span> <span class='ocrx_word' id='word_1_547' title='bbox 844 3644 1010 3696; x_wconf 88' lang='lat' dir='ltr'><strong>lucem</strong></span> <span class='ocrx_word' id='word_1_548' title='bbox 1058 3642 1254 3696; x_wconf 86' lang='lat' dir='ltr'><strong>habitat</strong></span> <span class='ocrx_word' id='word_1_549' title='bbox 1300 3642 1717 3697; x_wconf 89' lang='lat' dir='ltr'><strong>inaccessibilem.</strong></span> <span class='ocrx_word' id='word_1_550' title='bbox 1768 3641 1926 3696; x_wconf 86' lang='lat' dir='ltr'><strong>Omni</strong></span> 
     </span>
    </p>
   </div>
   <div class='ocr_carea' id='block_1_68' title="bbox 339 3732 1921 3798">
    <p class='ocr_par' dir='ltr' id='par_1_68' title="bbox 339 3732 1921 3798">
     <span class='ocr_line' id='line_1_68' title="bbox 339 3732 1921 3798; baseline 0.001 -12"><span class='ocrx_word' id='word_1_551' title='bbox 339 3742 629 3788; x_wconf 72' lang='lat' dir='ltr'><strong>creatum.</strong></span> <span class='ocrx_word' id='word_1_552' title='bbox 679 3734 849 3788; x_wconf 82' lang='lat' dir='ltr'><strong>Nemo</strong></span> <span class='ocrx_word' id='word_1_553' title='bbox 894 3735 1040 3789; x_wconf 90' lang='lat' dir='ltr'><strong>enim</strong></span> <span class='ocrx_word' id='word_1_554' title='bbox 1091 3734 1235 3788; x_wconf 78' lang='lat' dir='ltr'><strong>novit</strong></span> <span class='ocrx_word' id='word_1_555' title='bbox 1285 3734 1534 3798; x_wconf 55' lang='lat' dir='ltr'><strong>Patrem,</strong></span> <span class='ocrx_word' id='word_1_556' title='bbox 1585 3732 1687 3787; x_wconf 89' lang='lat' dir='ltr'><strong>nisi</strong></span> <span class='ocrx_word' id='word_1_557' title='bbox 1734 3732 1921 3787; x_wconf 86' lang='lat' dir='ltr'><strong>Filius.</strong></span> 
     </span>
    </p>
   </div>
   <div class='ocr_carea' id='block_1_69' title="bbox 342 3823 1923 3893">
    <p class='ocr_par' dir='ltr' id='par_1_69' title="bbox 342 3823 1923 3893">
     <span class='ocr_line' id='line_1_69' title="bbox 342 3823 1923 3893; baseline 0.001 -17"><span class='ocrx_word' id='word_1_558' title='bbox 342 3823 507 3889; x_wconf 81' lang='lat' dir='ltr'><strong>Quem</strong></span> <span class='ocrx_word' id='word_1_559' title='bbox 545 3825 668 3878; x_wconf 76' lang='lat' dir='ltr'><strong>vidit</strong></span> <span class='ocrx_word' id='word_1_560' title='bbox 706 3824 881 3878; x_wconf 85' lang='lat' dir='ltr'><strong>nullus</strong></span> <span class='ocrx_word' id='word_1_561' title='bbox 918 3825 1180 3879; x_wconf 85' lang='lat' dir='ltr'><strong>hominum</strong></span> <span class='ocrx_word' id='word_1_562' title='bbox 1206 3842 1226 3879; x_wconf 89' lang='lat'><strong><em>:</em></strong></span> <span class='ocrx_word' id='word_1_563' title='bbox 1262 3826 1351 3879; x_wconf 85' lang='lat' dir='ltr'><strong>sed</strong></span> <span class='ocrx_word' id='word_1_564' title='bbox 1390 3842 1480 3879; x_wconf 89' lang='lat' dir='ltr'><strong>nec</strong></span> <span class='ocrx_word' id='word_1_565' title='bbox 1517 3825 1685 3879; x_wconf 74' lang='lat' dir='ltr'><strong>videre</strong></span> <span class='ocrx_word' id='word_1_566' title='bbox 1723 3833 1923 3893; x_wconf 84' lang='lat' dir='ltr'><strong>potest:</strong></span> 
     </span>
    </p>
   </div>
   <div class='ocr_carea' id='block_1_70' title="bbox 334 3914 1925 3985">
    <p class='ocr_par' dir='ltr' id='par_1_70' title="bbox 334 3914 1925 3985">
     <span class='ocr_line' id='line_1_70' title="bbox 334 3914 1925 3985; baseline 0.001 -16"><span class='ocrx_word' id='word_1_567' title='bbox 334 3914 421 3969; x_wconf 77' lang='lat' dir='ltr'><strong>cui</strong></span> <span class='ocrx_word' id='word_1_568' title='bbox 455 3923 527 3967; x_wconf 83' lang='lat' dir='ltr'><strong>est</strong></span> <span class='ocrx_word' id='word_1_569' title='bbox 554 3914 749 3981; x_wconf 88' lang='lat' dir='ltr'><strong>honor,</strong></span> <span class='ocrx_word' id='word_1_570' title='bbox 780 3922 827 3967; x_wconf 86' lang='lat' dir='ltr'><strong>et</strong></span> <span class='ocrx_word' id='word_1_571' title='bbox 865 3915 1139 3984; x_wconf 87' lang='lat' dir='ltr'><strong>imperium</strong></span> <span class='ocrx_word' id='word_1_572' title='bbox 1165 3917 1555 3985; x_wconf 86' lang='lat' dir='ltr'><strong>sempiternum.</strong></span> <span class='ocrx_word' id='word_1_573' title='bbox 1604 3919 1788 3971; x_wconf 83' lang='lat' dir='ltr'><strong>Amen.</strong></span> <span class='ocrx_word' id='word_1_574' title='bbox 1822 3915 1925 3971; x_wconf 83' lang='lat' dir='ltr'><strong>Ne-</strong></span> 
     </span>
    </p>
   </div>
   <div class='ocr_carea' id='block_1_71' title="bbox 346 4004 1921 4079">
    <p class='ocr_par' dir='ltr' id='par_1_71' title="bbox 346 4004 1921 4079">
     <span class='ocr_line' id='line_1_71' title="bbox 346 4004 1921 4079; baseline 0.004 -18"><span class='ocrx_word' id='word_1_575' title='bbox 346 4018 439 4061; x_wconf 89' lang='lat' dir='ltr'><strong>mo</strong></span> <span class='ocrx_word' id='word_1_576' title='bbox 462 4004 597 4060; x_wconf 82' lang='lat' dir='ltr'><strong>vidit</strong></span> <span class='ocrx_word' id='word_1_577' title='bbox 623 4015 880 4075; x_wconf 84' lang='lat' dir='ltr'><strong>quantum</strong></span> <span class='ocrx_word' id='word_1_578' title='bbox 908 4017 992 4063; x_wconf 88' lang='lat' dir='ltr'><strong>est</strong></span> <span class='ocrx_word' id='word_1_579' title='bbox 1011 4052 1026 4077; x_wconf 94' lang='lat'><strong>,</strong></span> <span class='ocrx_word' id='word_1_580' title='bbox 1053 4008 1147 4063; x_wconf 86' lang='lat' dir='ltr'><strong>sed</strong></span> <span class='ocrx_word' id='word_1_581' title='bbox 1179 4009 1544 4079; x_wconf 87' lang='lat' dir='ltr'><strong>unusquisque</strong></span> <span class='ocrx_word' id='word_1_582' title='bbox 1570 4022 1667 4078; x_wconf 89' lang='lat' dir='ltr'><strong>pro</strong></span> <span class='ocrx_word' id='word_1_583' title='bbox 1693 4008 1921 4067; x_wconf 86' lang='lat' dir='ltr'><strong>merito:</strong></span> 
     </span>
    </p>
   </div>
   <div class='ocr_carea' id='block_1_72' title="bbox 2030 3274 3629 3353">
    <p class='ocr_par' dir='ltr' id='par_1_72' title="bbox 2030 3274 3629 3353">
     <span class='ocr_line' id='line_1_72' title="bbox 2030 3274 3629 3353; baseline 0.008 -20"><span class='ocrx_word' id='word_1_584' title='bbox 2030 3296 2115 3333; x_wconf 84' lang='lat' dir='ltr'><strong>me</strong></span> <span class='ocrx_word' id='word_1_585' title='bbox 2158 3296 2261 3332; x_wconf 90' lang='lat' dir='ltr'><strong>non</strong></span> <span class='ocrx_word' id='word_1_586' title='bbox 2311 3279 2547 3343; x_wconf 87' lang='lat' dir='ltr'><strong>audisti,</strong></span> <span class='ocrx_word' id='word_1_587' title='bbox 2581 3296 2678 3334; x_wconf 88' lang='lat' dir='ltr'><strong>nec</strong></span> <span class='ocrx_word' id='word_1_588' title='bbox 2709 3283 2777 3335; x_wconf 88' lang='lat' dir='ltr'><strong>ab</strong></span> <span class='ocrx_word' id='word_1_589' title='bbox 2808 3284 2996 3353; x_wconf 82' lang='lat' dir='ltr'><strong>angelo</strong></span> <span class='ocrx_word' id='word_1_590' title='bbox 3027 3286 3071 3339; x_wconf 90' lang='lat' dir='ltr'><strong>si</strong></span> <span class='ocrx_word' id='word_1_591' title='bbox 3114 3288 3342 3350; x_wconf 87' lang='lat' dir='ltr'><strong>dicatur,</strong></span> <span class='ocrx_word' id='word_1_592' title='bbox 3387 3274 3629 3345; x_wconf 70' lang='lat' dir='ltr'><strong>lilienier</strong></span> 
     </span>
    </p>
   </div>
   <div class='ocr_carea' id='block_1_73' title="bbox 2032 3368 3627 3447">
    <p class='ocr_par' dir='ltr' id='par_1_73' title="bbox 2032 3368 3627 3447">
     <span class='ocr_line' id='line_1_73' title="bbox 2032 3368 3627 3447; baseline 0.011 -25"><span class='ocrx_word' id='word_1_593' title='bbox 2032 3368 2313 3423; x_wconf 80' lang='lat' dir='ltr'><strong>admi:tas.</strong></span> <span class='ocrx_word' id='word_1_594' title='bbox 2368 3368 2435 3422; x_wconf 82' lang='lat' dir='ltr'><strong>Et</strong></span> <span class='ocrx_word' id='word_1_595' title='bbox 2485 3372 2849 3440; x_wconf 73' lang='lat' dir='ltr'><strong>oppositiones.</strong></span> <span class='ocrx_word' id='word_1_596' title='bbox 2901 3376 3245 3444; x_wconf 72' lang='lat' dir='ltr'><strong>Opponentes</strong></span> <span class='ocrx_word' id='word_1_597' title='bbox 3294 3381 3627 3447; x_wconf 72' lang='lat' dir='ltr'><strong>attazstiones</strong></span> 
     </span>
    </p>
   </div>
   <div class='ocr_carea' id='block_1_74' title="bbox 2032 3457 3625 3539">
    <p class='ocr_par' dir='ltr' id='par_1_74' title="bbox 2032 3457 3625 3539">
     <span class='ocr_line' id='line_1_74' title="bbox 2032 3457 3625 3539; baseline 0.009 -28"><span class='ocrx_word' id='word_1_598' title='bbox 2032 3457 2329 3539; x_wconf 69' lang='lat' dir='ltr'><strong>dialectica:</strong></span> <span class='ocrx_word' id='word_1_599' title='bbox 2359 3460 2490 3513; x_wconf 87' lang='lat' dir='ltr'><strong>artis</strong></span> <span class='ocrx_word' id='word_1_600' title='bbox 2512 3503 2527 3529; x_wconf 87' lang='lat'><strong>,</strong></span> <span class='ocrx_word' id='word_1_601' title='bbox 2560 3469 2616 3515; x_wconf 89' lang='lat' dir='ltr'><strong>et</strong></span> <span class='ocrx_word' id='word_1_602' title='bbox 2645 3459 2903 3516; x_wconf 87' lang='lat' dir='ltr'><strong>intinitam</strong></span> <span class='ocrx_word' id='word_1_603' title='bbox 2939 3480 3116 3520; x_wconf 88' lang='lat' dir='ltr'><strong>rerum</strong></span> <span class='ocrx_word' id='word_1_604' title='bbox 3149 3470 3427 3521; x_wconf 73' lang='lat' dir='ltr'><strong>scientiam</strong></span> <span class='ocrx_word' id='word_1_605' title='bbox 3461 3473 3625 3538; x_wconf 69' lang='lat' dir='ltr'><strong>potii-</strong></span> 
     </span>
    </p>
   </div>
   <div class='ocr_carea' id='block_1_75' title="bbox 2027 3549 3625 3629">
    <p class='ocr_par' dir='ltr' id='par_1_75' title="bbox 2027 3549 3625 3629">
     <span class='ocr_line' id='line_1_75' title="bbox 2027 3549 3625 3629; baseline 0.006 -23"><span class='ocrx_word' id='word_1_606' title='bbox 2027 3562 2232 3606; x_wconf 87' lang='lat' dir='ltr'><strong>centes.</strong></span> <span class='ocrx_word' id='word_1_607' title='bbox 2266 3549 2412 3604; x_wconf 80' lang='lat' dir='ltr'><strong>Falsi</strong></span> <span class='ocrx_word' id='word_1_608' title='bbox 2441 3554 2661 3606; x_wconf 88' lang='lat' dir='ltr'><strong>nominis</strong></span> <span class='ocrx_word' id='word_1_609' title='bbox 2690 3555 2944 3619; x_wconf 62' lang='lat' dir='ltr'><strong>scientias,</strong></span> <span class='ocrx_word' id='word_1_610' title='bbox 2974 3574 3126 3626; x_wconf 68' lang='lat' dir='ltr'><strong>quam</strong></span> <span class='ocrx_word' id='word_1_611' title='bbox 3157 3561 3365 3627; x_wconf 77' lang='lat' dir='ltr'><strong>quidam</strong></span> <span class='ocrx_word' id='word_1_612' title='bbox 3398 3565 3625 3629; x_wconf 88' lang='lat' dir='ltr'><strong>promit-</strong></span> 
     </span>
    </p>
   </div>
   <div class='ocr_carea' id='block_1_76' title="bbox 2032 3642 3624 3719">
    <p class='ocr_par' dir='ltr' id='par_1_76' title="bbox 2032 3642 3624 3719">
     <span class='ocr_line' id='line_1_76' title="bbox 2032 3642 3624 3719; baseline 0.007 -25"><span class='ocrx_word' id='word_1_613' title='bbox 2032 3649 2189 3696; x_wconf 87' lang='lat' dir='ltr'><strong>tentes</strong></span> <span class='ocrx_word' id='word_1_614' title='bbox 2218 3642 2354 3695; x_wconf 90' lang='lat' dir='ltr'><strong>circa</strong></span> <span class='ocrx_word' id='word_1_615' title='bbox 2386 3642 2537 3706; x_wconf 80' lang='lat' dir='ltr'><strong>[idem</strong></span> <span class='ocrx_word' id='word_1_616' title='bbox 2570 3644 2886 3699; x_wconf 56' lang='lat' dir='ltr'><strong>ceciderunt.</strong></span> <span class='ocrx_word' id='word_1_617' title='bbox 2925 3646 3314 3703; x_wconf 68' lang='lat' dir='ltr'><strong>[hereticorum</strong></span> <span class='ocrx_word' id='word_1_618' title='bbox 3338 3692 3351 3713; x_wconf 89' lang='lat'><strong>,</strong></span> <span class='ocrx_word' id='word_1_619' title='bbox 3379 3654 3468 3719; x_wconf 87' lang='lat' dir='ltr'><strong>qui</strong></span> <span class='ocrx_word' id='word_1_620' title='bbox 3504 3669 3624 3705; x_wconf 86' lang='lat' dir='ltr'><strong>ma-</strong></span> 
     </span>
    </p>
   </div>
   <div class='ocr_carea' id='block_1_77' title="bbox 2026 3732 3623 3812">
    <p class='ocr_par' dir='ltr' id='par_1_77' title="bbox 2026 3732 3623 3812">
     <span class='ocr_line' id='line_1_77' title="bbox 2026 3732 3623 3812; baseline 0.006 -26"><span class='ocrx_word' id='word_1_621' title='bbox 2026 3732 2201 3801; x_wconf 87' lang='lat' dir='ltr'><strong>jorem</strong></span> <span class='ocrx_word' id='word_1_622' title='bbox 2225 3754 2247 3798; x_wconf 50' lang='grc' dir='ltr'><strong>,η</strong></span> <span class='ocrx_word' id='word_1_623' title='bbox 2283 3734 2424 3786; x_wconf 86' lang='lat' dir='ltr'><strong>sicut</strong></span> <span class='ocrx_word' id='word_1_624' title='bbox 2461 3747 2687 3802; x_wconf 85' lang='lat' dir='ltr'><strong>serpens</strong></span> <span class='ocrx_word' id='word_1_625' title='bbox 2713 3736 2858 3801; x_wconf 75' lang='lat' dir='ltr'><strong>Erae,</strong></span> <span class='ocrx_word' id='word_1_626' title='bbox 2894 3738 3623 3812; x_wconf 73' lang='lat' dir='ltr'><strong>scientiamproni&#39;ittentes,a</strong></span> 
     </span>
    </p>
   </div>
   <div class='ocr_carea' id='block_1_78' title="bbox 2033 3823 3621 3888">
    <p class='ocr_par' dir='ltr' id='par_1_78' title="bbox 2033 3823 3621 3888">
     <span class='ocr_line' id='line_1_78' title="bbox 2033 3823 3621 3888; baseline 0.008 -12"><span class='ocrx_word' id='word_1_627' title='bbox 2033 3823 2153 3879; x_wconf 88' lang='lat' dir='ltr'><strong>fidei</strong></span> <span class='ocrx_word' id='word_1_628' title='bbox 2185 3823 2414 3878; x_wconf 73' lang='lat' dir='ltr'><strong>veritate</strong></span> <span class='ocrx_word' id='word_1_629' title='bbox 2453 3825 2782 3880; x_wconf 85' lang='lat' dir='ltr'><strong>ceciderunt.</strong></span> <span class='ocrx_word' id='word_1_630' title='bbox 2826 3825 3006 3882; x_wconf 81' lang='lat' dir='ltr'><strong>Gratia</strong></span> <span class='ocrx_word' id='word_1_631' title='bbox 3047 3839 3231 3885; x_wconf 85' lang='lat' dir='ltr'><strong>tecum.</strong></span> <span class='ocrx_word' id='word_1_632' title='bbox 3275 3832 3452 3887; x_wconf 79' lang='lat' dir='ltr'><strong>Amen.</strong></span> <span class='ocrx_word' id='word_1_633' title='bbox 3490 3834 3621 3888; x_wconf 79' lang='lat' dir='ltr'><strong>Pcr-</strong></span> 
     </span>
    </p>
   </div>
   <div class='ocr_carea' id='block_1_79' title="bbox 2032 3914 2646 3969">
    <p class='ocr_par' dir='ltr' id='par_1_79' title="bbox 2032 3914 2646 3969">
     <span class='ocr_line' id='line_1_79' title="bbox 2032 3914 2646 3969; baseline 0.002 -2"><span class='ocrx_word' id='word_1_634' title='bbox 2032 3921 2246 3969; x_wconf 79' lang='lat' dir='ltr'><strong>maneat</strong></span> <span class='ocrx_word' id='word_1_635' title='bbox 2277 3914 2330 3968; x_wconf 92' lang='lat' dir='ltr'><strong>in</strong></span> <span class='ocrx_word' id='word_1_636' title='bbox 2360 3923 2646 3969; x_wconf 79' lang='lat' dir='ltr'><strong>:eteruutn.</strong></span> 
     </span>
    </p>
   </div>
   <div class='ocr_carea' id='block_1_80' title="bbox 351 4142 3599 4167">
    <p class='ocr_par' dir='ltr' id='par_1_80' title="bbox 351 4142 3599 4167">
     <span class='ocr_line' id='line_1_80' title="bbox 351 4142 3599 4167; baseline 0.001 -4"><span class='ocrx_word' id='word_1_637' title='bbox 351 4142 3599 4167; x_wconf 25' lang='grc' dir='ltr'>Ἠ</span> 
     </span>
    </p>
   </div>
   <div class='ocr_carea' id='block_1_81' title="bbox 1027 4256 2917 4343">
    <p class='ocr_par' dir='ltr' id='par_1_81' title="bbox 1027 4256 2917 4343">
     <span class='ocr_line' id='line_1_81' title="bbox 1027 4256 2917 4343; baseline -0.003 -1"><span class='ocrx_word' id='word_1_638' title='bbox 1027 4263 1519 4343; x_wconf 82' lang='lat' dir='ltr'><strong>EPISTOLA</strong></span> <span class='ocrx_word' id='word_1_639' title='bbox 1569 4263 1703 4339; x_wconf 81' lang='lat' dir='ltr'><strong>AD</strong></span> <span class='ocrx_word' id='word_1_640' title='bbox 1742 4258 2373 4339; x_wconf 88' lang='lat' dir='ltr'><strong>TIMOTHEUM</strong></span> <span class='ocrx_word' id='word_1_641' title='bbox 2427 4256 2917 4339; x_wconf 78' lang='lat' dir='ltr'><strong>SECUNDA.</strong></span> 
     </span>
    </p>
   </div>
   <div class='ocr_carea' id='block_1_82' title="bbox 908 4505 1407 4564">
    <p class='ocr_par' dir='ltr' id='par_1_82' title="bbox 908 4505 1407 4564">
     <span class='ocr_line' id='line_1_82' title="bbox 908 4505 1407 4564; baseline 0.002 -1"><span class='ocrx_word' id='word_1_642' title='bbox 908 4505 1407 4564; x_wconf 75' lang='lat' dir='ltr'><strong>ARGUMENTUM.</strong></span> 
     </span>
    </p>
   </div>
   <div class='ocr_carea' id='block_1_83' title="bbox 334 4620 1921 4694">
    <p class='ocr_par' dir='ltr' id='par_1_83' title="bbox 334 4620 1921 4694">
     <span class='ocr_line' id='line_1_83' title="bbox 334 4620 1921 4694; baseline -0.003 -16"><span class='ocrx_word' id='word_1_643' title='bbox 334 4620 607 4694; x_wconf 81' lang='lat' dir='ltr'><strong>Timotheo</strong></span> <span class='ocrx_word' id='word_1_644' title='bbox 625 4622 798 4694; x_wconf 78' lang='lat' dir='ltr'><strong>scribit</strong></span> <span class='ocrx_word' id='word_1_645' title='bbox 826 4622 1010 4678; x_wconf 84' lang='lat' dir='ltr'><strong>iterum</strong></span> <span class='ocrx_word' id='word_1_646' title='bbox 1028 4624 1093 4677; x_wconf 84' lang='lat' dir='ltr'><strong>de</strong></span> <span class='ocrx_word' id='word_1_647' title='bbox 1119 4624 1471 4679; x_wconf 68' lang='lat' dir='ltr'><strong>exhortatione</strong></span> <span class='ocrx_word' id='word_1_648' title='bbox 1490 4623 1725 4694; x_wconf 80' lang='lat' dir='ltr'><strong>martyrii</strong></span> <span class='ocrx_word' id='word_1_649' title='bbox 1744 4630 1790 4676; x_wconf 89' lang='lat' dir='ltr'><strong>et</strong></span> <span class='ocrx_word' id='word_1_650' title='bbox 1813 4637 1921 4675; x_wconf 80' lang='lat' dir='ltr'><strong>om-</strong></span> 
     </span>
    </p>
   </div>
   <div class='ocr_carea' id='block_1_84' title="bbox 409 4693 1915 4776">
    <p class='ocr_par' dir='ltr' id='par_1_84' title="bbox 409 4693 1915 4776">
     <span class='ocr_line' id='line_1_84' title="bbox 409 4693 1915 4776; baseline -0.004 -26"><span class='ocrx_word' id='word_1_651' title='bbox 409 4693 488 4776; x_wconf 77' lang='lat' dir='ltr'><strong>nis</strong></span> <span class='ocrx_word' id='word_1_652' title='bbox 501 4693 690 4776; x_wconf 70' lang='lat' dir='ltr'><strong>regula:</strong></span> <span class='ocrx_word' id='word_1_653' title='bbox 703 4694 949 4776; x_wconf 70' lang='lat' dir='ltr'><strong>ueritatis,</strong></span> <span class='ocrx_word' id='word_1_654' title='bbox 975 4702 1023 4748; x_wconf 87' lang='lat' dir='ltr'><strong>et</strong></span> <span class='ocrx_word' id='word_1_655' title='bbox 1043 4694 1166 4776; x_wconf 78' lang='lat' dir='ltr'><strong>quid</strong></span> <span class='ocrx_word' id='word_1_656' title='bbox 1179 4697 1409 4776; x_wconf 68' lang='lat' dir='ltr'><strong>futurum</strong></span> <span class='ocrx_word' id='word_1_657' title='bbox 1421 4698 1484 4748; x_wconf 88' lang='lat' dir='ltr'><strong>sit</strong></span> <span class='ocrx_word' id='word_1_658' title='bbox 1497 4693 1801 4776; x_wconf 75' lang='lat' dir='ltr'><strong>temporist</strong></span> <span class='ocrx_word' id='word_1_659' title='bbox 1821 4708 1915 4744; x_wconf 89' lang='lat' dir='ltr'><strong>no-</strong></span> 
     </span>
    </p>
   </div>
   <div class='ocr_carea' id='block_1_85' title="bbox 406 4761 1918 4831">
    <p class='ocr_par' dir='ltr' id='par_1_85' title="bbox 406 4761 1918 4831">
     <span class='ocr_line' id='line_1_85' title="bbox 406 4761 1918 4831; baseline -0.002 -13"><span class='ocrx_word' id='word_1_660' title='bbox 406 4761 642 4828; x_wconf 79' lang='lat' dir='ltr'><strong>vissimis,</strong></span> <span class='ocrx_word' id='word_1_661' title='bbox 666 4765 795 4819; x_wconf 80' lang='lat' dir='ltr'><strong>etde</strong></span> <span class='ocrx_word' id='word_1_662' title='bbox 813 4780 909 4818; x_wconf 88' lang='lat' dir='ltr'><strong>sua</strong></span> <span class='ocrx_word' id='word_1_663' title='bbox 931 4761 1188 4831; x_wconf 72' lang='lat' dir='ltr'><strong>passione.</strong></span> <span class='ocrx_word' id='word_1_664' title='bbox 1209 4762 1408 4817; x_wconf 85' lang='lat' dir='ltr'><strong>Paulus</strong></span> <span class='ocrx_word' id='word_1_665' title='bbox 1434 4780 1548 4817; x_wconf 90' lang='lat' dir='ltr'><strong>cum</strong></span> <span class='ocrx_word' id='word_1_666' title='bbox 1573 4761 1700 4817; x_wconf 86' lang='lat' dir='ltr'><strong>esset</strong></span> <span class='ocrx_word' id='word_1_667' title='bbox 1741 4761 1918 4815; x_wconf 79' lang='lat' dir='ltr'><strong>Roma:</strong></span> 
     </span>
    </p>
   </div>
   <div class='ocr_carea' id='block_1_86' title="bbox 405 4833 1915 4901">
    <p class='ocr_par' dir='ltr' id='par_1_86' title="bbox 405 4833 1915 4901">
     <span class='ocr_line' id='line_1_86' title="bbox 405 4833 1915 4901; baseline -0.001 -14"><span class='ocrx_word' id='word_1_668' title='bbox 405 4836 459 4888; x_wconf 90' lang='lat' dir='ltr'><strong>in</strong></span> <span class='ocrx_word' id='word_1_669' title='bbox 488 4834 703 4889; x_wconf 81' lang='lat' dir='ltr'><strong>vinculis</strong></span> <span class='ocrx_word' id='word_1_670' title='bbox 717 4834 1041 4896; x_wconf 85' lang='lat' dir='ltr'><strong>constitutus.</strong></span> <span class='ocrx_word' id='word_1_671' title='bbox 1084 4834 1256 4887; x_wconf 86' lang='lat' dir='ltr'><strong>scribit</strong></span> <span class='ocrx_word' id='word_1_672' title='bbox 1272 4833 1560 4901; x_wconf 83' lang='lat' dir='ltr'><strong>Timotheo,</strong></span> <span class='ocrx_word' id='word_1_673' title='bbox 1591 4847 1915 4886; x_wconf 69' lang='lat' dir='ltr'><strong>commoneas</strong></span> 
     </span>
    </p>
   </div>
   <div class='ocr_carea' id='block_1_87' title="bbox 406 4901 1914 4975">
    <p class='ocr_par' dir='ltr' id='par_1_87' title="bbox 406 4901 1914 4975">
     <span class='ocr_line' id='line_1_87' title="bbox 406 4901 1914 4975; baseline -0.002 -17"><span class='ocrx_word' id='word_1_674' title='bbox 406 4922 542 4968; x_wconf 81' lang='lat' dir='ltr'><strong>eum,</strong></span> <span class='ocrx_word' id='word_1_675' title='bbox 571 4921 632 4958; x_wconf 88' lang='lat' dir='ltr'><strong>ne</strong></span> <span class='ocrx_word' id='word_1_676' title='bbox 656 4922 746 4975; x_wconf 86' lang='lat' dir='ltr'><strong>per</strong></span> <span class='ocrx_word' id='word_1_677' title='bbox 765 4907 875 4974; x_wconf 86' lang='lat' dir='ltr'><strong>ejus</strong></span> <span class='ocrx_word' id='word_1_678' title='bbox 896 4906 1176 4958; x_wconf 87' lang='lat' dir='ltr'><strong>absentiam</strong></span> <span class='ocrx_word' id='word_1_679' title='bbox 1196 4905 1271 4958; x_wconf 84' lang='lat' dir='ltr'><strong>vel</strong></span> <span class='ocrx_word' id='word_1_680' title='bbox 1292 4904 1534 4975; x_wconf 83' lang='lat' dir='ltr'><strong>prapriis,</strong></span> <span class='ocrx_word' id='word_1_681' title='bbox 1568 4903 1641 4957; x_wconf 79' lang='lat' dir='ltr'><strong>vel</strong></span> <span class='ocrx_word' id='word_1_682' title='bbox 1686 4901 1914 4975; x_wconf 66' lang='lat' dir='ltr'><strong>magistri</strong></span> 
     </span>
    </p>
   </div>
   <div class='ocr_carea' id='block_1_88' title="bbox 406 4970 1913 5042">
    <p class='ocr_par' dir='ltr' id='par_1_88' title="bbox 406 4970 1913 5042">
     <span class='ocr_line' id='line_1_88' title="bbox 406 4970 1913 5042; baseline -0.002 -14"><span class='ocrx_word' id='word_1_683' title='bbox 406 4970 813 5029; x_wconf 77' lang='lat' dir='ltr'><strong>tribulationibus</strong></span> <span class='ocrx_word' id='word_1_684' title='bbox 863 4985 1132 5042; x_wconf 86' lang='lat' dir='ltr'><strong>terreatur,</strong></span> <span class='ocrx_word' id='word_1_685' title='bbox 1175 4984 1263 5027; x_wconf 89' lang='lat' dir='ltr'><strong>aut</strong></span> <span class='ocrx_word' id='word_1_686' title='bbox 1292 4970 1653 5029; x_wconf 54' lang='lat' dir='ltr'><strong>testimonium</strong></span> <span class='ocrx_word' id='word_1_687' title='bbox 1703 4970 1913 5026; x_wconf 83' lang='lat' dir='ltr'><strong>Domini</strong></span> 
     </span>
    </p>
   </div>
   <div class='ocr_carea' id='block_1_89' title="bbox 403 5044 1915 5116">
    <p class='ocr_par' dir='ltr' id='par_1_89' title="bbox 403 5044 1915 5116">
     <span class='ocr_line' id='line_1_89' title="bbox 403 5044 1915 5116; baseline -0.002 -18"><span class='ocrx_word' id='word_1_688' title='bbox 403 5046 682 5116; x_wconf 84' lang='lat' dir='ltr'><strong>erubescat,</strong></span> <span class='ocrx_word' id='word_1_689' title='bbox 713 5063 804 5116; x_wconf 87' lang='lat' dir='ltr'><strong>pro</strong></span> <span class='ocrx_word' id='word_1_690' title='bbox 832 5061 931 5114; x_wconf 80' lang='lat' dir='ltr'><strong>quo</strong></span> <span class='ocrx_word' id='word_1_691' title='bbox 954 5062 1110 5115; x_wconf 87' lang='lat' dir='ltr'><strong>usque</strong></span> <span class='ocrx_word' id='word_1_692' title='bbox 1139 5045 1206 5097; x_wconf 86' lang='lat' dir='ltr'><strong>ad</strong></span> <span class='ocrx_word' id='word_1_693' title='bbox 1222 5054 1433 5099; x_wconf 88' lang='lat' dir='ltr'><strong>mortem</strong></span> <span class='ocrx_word' id='word_1_694' title='bbox 1456 5046 1563 5115; x_wconf 88' lang='lat' dir='ltr'><strong>ipse</strong></span> <span class='ocrx_word' id='word_1_695' title='bbox 1577 5046 1782 5097; x_wconf 83' lang='lat' dir='ltr'><strong>certavit</strong></span> <span class='ocrx_word' id='word_1_696' title='bbox 1798 5060 1816 5108; x_wconf 87' lang='lat'><strong><em>;</em></strong></span> <span class='ocrx_word' id='word_1_697' title='bbox 1842 5044 1915 5116; x_wconf 84' lang='lat' dir='ltr'><strong>si-</strong></span> 
     </span>
    </p>
   </div>
   <div class='ocr_carea' id='block_1_90' title="bbox 405 5112 1914 5186">
    <p class='ocr_par' dir='ltr' id='par_1_90' title="bbox 405 5112 1914 5186">
     <span class='ocr_line' id='line_1_90' title="bbox 405 5112 1914 5186; baseline 0.002 -22"><span class='ocrx_word' id='word_1_698' title='bbox 405 5112 516 5186; x_wconf 79' lang='lat' dir='ltr'><strong>mul</strong></span> <span class='ocrx_word' id='word_1_699' title='bbox 537 5124 581 5186; x_wconf 84' lang='lat' dir='ltr'><strong>et</strong></span> <span class='ocrx_word' id='word_1_700' title='bbox 599 5115 660 5166; x_wconf 86' lang='lat' dir='ltr'><strong>de</strong></span> <span class='ocrx_word' id='word_1_701' title='bbox 684 5112 931 5186; x_wconf 67' lang='lat' dir='ltr'><strong>barreticis</strong></span> <span class='ocrx_word' id='word_1_702' title='bbox 972 5112 1191 5169; x_wconf 71' lang='lat' dir='ltr'><strong>vitandis</strong></span> <span class='ocrx_word' id='word_1_703' title='bbox 1211 5126 1360 5184; x_wconf 81' lang='lat' dir='ltr'><strong>atque</strong></span> <span class='ocrx_word' id='word_1_704' title='bbox 1389 5112 1583 5186; x_wconf 41' lang='lat' dir='ltr'><strong>his&#39;qui</strong></span> <span class='ocrx_word' id='word_1_705' title='bbox 1606 5130 1726 5168; x_wconf 85' lang='lat' dir='ltr'><strong>suas</strong></span> <span class='ocrx_word' id='word_1_706' title='bbox 1748 5115 1914 5184; x_wconf 86' lang='lat' dir='ltr'><strong>potius</strong></span> 
     </span>
    </p>
   </div>
   <div class='ocr_carea' id='block_1_91' title="bbox 406 5181 1505 5254">
    <p class='ocr_par' dir='ltr' id='par_1_91' title="bbox 406 5181 1505 5254">
     <span class='ocr_line' id='line_1_91' title="bbox 406 5181 1505 5254; baseline 0.004 -18"><span class='ocrx_word' id='word_1_707' title='bbox 406 5181 612 5254; x_wconf 79' lang='lat' dir='ltr'><strong>fabulas</strong></span> <span class='ocrx_word' id='word_1_708' title='bbox 640 5198 789 5251; x_wconf 77' lang='lat' dir='ltr'><strong>quam</strong></span> <span class='ocrx_word' id='word_1_709' title='bbox 810 5184 904 5238; x_wconf 89' lang='lat' dir='ltr'><strong>Dei</strong></span> <span class='ocrx_word' id='word_1_710' title='bbox 927 5187 1204 5252; x_wconf 72' lang='lat' dir='ltr'><strong>pradicant</strong></span> <span class='ocrx_word' id='word_1_711' title='bbox 1225 5181 1505 5241; x_wconf 79' lang='lat' dir='ltr'><strong>veritatem.</strong></span> 
     </span>
    </p>
   </div>
   <div class='ocr_carea' id='block_1_92' title="bbox 395 5305 1919 5382">
    <p class='ocr_par' dir='ltr' id='par_1_92' title="bbox 395 5305 1919 5382">
     <span class='ocr_line' id='line_1_92' title="bbox 395 5305 1919 5382; baseline 0.004 -23"><span class='ocrx_word' id='word_1_712' title='bbox 395 5305 575 5360; x_wconf 68' lang='lat' dir='ltr'><strong>Carus</strong></span> <span class='ocrx_word' id='word_1_713' title='bbox 596 5321 816 5361; x_wconf 78' lang='lat' dir='ltr'><strong>rutuots.</strong></span> <span class='ocrx_word' id='word_1_714' title='bbox 836 5305 1031 5362; x_wconf 85' lang='lat' dir='ltr'><strong>Paulus</strong></span> <span class='ocrx_word' id='word_1_715' title='bbox 1042 5310 1301 5379; x_wconf 86' lang='lat' dir='ltr'><strong>apostolus</strong></span> <span class='ocrx_word' id='word_1_716' title='bbox 1315 5309 1506 5365; x_wconf 81' lang='lat' dir='ltr'><strong>Christi</strong></span> <span class='ocrx_word' id='word_1_717' title='bbox 1515 5308 1640 5364; x_wconf 78' lang='lat' dir='ltr'><strong>Jesu</strong></span> <span class='ocrx_word' id='word_1_718' title='bbox 1652 5326 1739 5382; x_wconf 88' lang='lat' dir='ltr'><strong>per</strong></span> <span class='ocrx_word' id='word_1_719' title='bbox 1751 5312 1919 5365; x_wconf 85' lang='lat' dir='ltr'><strong>volun-</strong></span> 
     </span>
    </p>
   </div>
   <div class='ocr_carea' id='block_1_93' title="bbox 335 5397 1947 5459">
    <p class='ocr_par' dir='ltr' id='par_1_93' title="bbox 335 5397 1947 5459">
     <span class='ocr_line' id='line_1_93' title="bbox 335 5397 1947 5459; baseline 0.003 -8"><span class='ocrx_word' id='word_1_720' title='bbox 335 5406 490 5451; x_wconf 82' lang='lat' dir='ltr'><strong>tatem</strong></span> <span class='ocrx_word' id='word_1_721' title='bbox 505 5397 616 5453; x_wconf 88' lang='lat' dir='ltr'><strong>Dei.</strong></span> <span class='ocrx_word' id='word_1_722' title='bbox 635 5397 899 5453; x_wconf 82' lang='lat' dir='ltr'><strong>Consueta</strong></span> <span class='ocrx_word' id='word_1_723' title='bbox 917 5400 1519 5458; x_wconf 88' lang='lat' dir='ltr'><strong>veritateethumilitate</strong></span> <span class='ocrx_word' id='word_1_724' title='bbox 1550 5418 1655 5457; x_wconf 88' lang='lat' dir='ltr'><strong>non</strong></span> <span class='ocrx_word' id='word_1_725' title='bbox 1679 5416 1778 5457; x_wconf 88' lang='lat' dir='ltr'><strong>suo</strong></span> <span class='ocrx_word' id='word_1_726' title='bbox 1803 5419 1947 5459; x_wconf 84' lang='lat' dir='ltr'><strong>me-.</strong></span> 
     </span>
    </p>
   </div>
   <div class='ocr_carea' id='block_1_94' title="bbox 333 5482 1941 5558">
    <p class='ocr_par' dir='ltr' id='par_1_94' title="bbox 333 5482 1941 5558">
     <span class='ocr_line' id='line_1_94' title="bbox 333 5482 1941 5558; baseline 0.003 -15"><span class='ocrx_word' id='word_1_727' title='bbox 333 5489 732 5553; x_wconf 78' lang='lat' dir='ltr'><strong>rito,asseritse</strong></span> <span class='ocrx_word' id='word_1_728' title='bbox 749 5489 1041 5558; x_wconf 82' lang='lat' dir='ltr'><strong>apostolum</strong></span> <span class='ocrx_word' id='word_1_729' title='bbox 1058 5490 1277 5558; x_wconf 85' lang='lat' dir='ltr'><strong>factum,</strong></span> <span class='ocrx_word' id='word_1_730' title='bbox 1299 5493 1390 5546; x_wconf 86' lang='lat' dir='ltr'><strong>sed</strong></span> <span class='ocrx_word' id='word_1_731' title='bbox 1409 5493 1612 5548; x_wconf 90' lang='lat' dir='ltr'><strong>Domini</strong></span> <span class='ocrx_word' id='word_1_732' title='bbox 1629 5482 1941 5548; x_wconf 49' lang='lat' dir='ltr'><strong>voluntate.</strong></span> 
     </span>
    </p>
   </div>
   <div class='ocr_carea' id='block_1_95' title="bbox 338 5577 1918 5649">
    <p class='ocr_par' dir='ltr' id='par_1_95' title="bbox 338 5577 1918 5649">
     <span class='ocr_line' id='line_1_95' title="bbox 338 5577 1918 5649; baseline 0.003 -16"><span class='ocrx_word' id='word_1_733' title='bbox 338 5577 635 5633; x_wconf 80' lang='lat' dir='ltr'><strong>Secundum</strong></span> <span class='ocrx_word' id='word_1_734' title='bbox 661 5582 1044 5649; x_wconf 82' lang='lat' dir='ltr'><strong>promissionem</strong></span> <span class='ocrx_word' id='word_1_735' title='bbox 1082 5584 1196 5635; x_wconf 70' lang='lat' dir='ltr'><strong>vita</strong></span> <span class='ocrx_word' id='word_1_736' title='bbox 1226 5598 1339 5649; x_wconf 71' lang='lat' dir='ltr'><strong>quae</strong></span> <span class='ocrx_word' id='word_1_737' title='bbox 1385 5583 1526 5636; x_wconf 86' lang='lat' dir='ltr'><strong>estin</strong></span> <span class='ocrx_word' id='word_1_738' title='bbox 1549 5583 1750 5637; x_wconf 82' lang='lat' dir='ltr'><strong>Christo</strong></span> <span class='ocrx_word' id='word_1_739' title='bbox 1769 5583 1801 5635; x_wconf 84' lang='lat' dir='ltr'><strong><em>J</em></strong></span> <span class='ocrx_word' id='word_1_740' title='bbox 1808 5600 1918 5638; x_wconf 86' lang='lat' dir='ltr'><strong>esu.</strong></span> 
     </span>
    </p>
   </div>
   <div class='ocr_carea' id='block_1_96' title="bbox 337 5671 1914 5738">
    <p class='ocr_par' dir='ltr' id='par_1_96' title="bbox 337 5671 1914 5738">
     <span class='ocr_line' id='line_1_96' title="bbox 337 5671 1914 5738; baseline 0.006 -19"><span class='ocrx_word' id='word_1_741' title='bbox 337 5671 469 5732; x_wconf 82' lang='lat' dir='ltr'><strong>Quia</strong></span> <span class='ocrx_word' id='word_1_742' title='bbox 496 5673 649 5725; x_wconf 86' lang='lat' dir='ltr'><strong>nobis</strong></span> <span class='ocrx_word' id='word_1_743' title='bbox 667 5689 759 5738; x_wconf 78' lang='lat' dir='ltr'><strong>per</strong></span> <span class='ocrx_word' id='word_1_744' title='bbox 772 5672 1041 5727; x_wconf 79' lang='lat' dir='ltr'><strong>Christum</strong></span> <span class='ocrx_word' id='word_1_745' title='bbox 1056 5675 1255 5729; x_wconf 89' lang='lat' dir='ltr'><strong>estvita</strong></span> <span class='ocrx_word' id='word_1_746' title='bbox 1272 5682 1489 5728; x_wconf 64' lang='lat' dir='ltr'><strong>aeterna.</strong></span> <span class='ocrx_word' id='word_1_747' title='bbox 1508 5673 1771 5729; x_wconf 88' lang='lat' dir='ltr'><strong>Timotheo</strong></span> <span class='ocrx_word' id='word_1_748' title='bbox 1792 5679 1914 5729; x_wconf 84' lang='lat' dir='ltr'><strong>cha-</strong></span> 
     </span>
    </p>
   </div>
   <div class='ocr_carea' id='block_1_97' title="bbox 337 5759 1912 5836">
    <p class='ocr_par' dir='ltr' id='par_1_97' title="bbox 337 5759 1912 5836">
     <span class='ocr_line' id='line_1_97' title="bbox 337 5759 1912 5836; baseline 0.007 -26"><span class='ocrx_word' id='word_1_749' title='bbox 337 5759 540 5812; x_wconf 84' lang='lat' dir='ltr'><strong>rissima</strong></span> <span class='ocrx_word' id='word_1_750' title='bbox 585 5761 694 5827; x_wconf 75' lang='lat' dir='ltr'><strong>ﬁlio</strong></span> <span class='ocrx_word' id='word_1_751' title='bbox 721 5764 912 5833; x_wconf 81' lang='lat' dir='ltr'><strong>gratia,</strong></span> <span class='ocrx_word' id='word_1_752' title='bbox 942 5764 1310 5835; x_wconf 79' lang='lat' dir='ltr'><strong>misericordia,</strong></span> <span class='ocrx_word' id='word_1_753' title='bbox 1342 5779 1499 5836; x_wconf 76' lang='lat' dir='ltr'><strong>paxa</strong></span> <span class='ocrx_word' id='word_1_754' title='bbox 1525 5763 1632 5821; x_wconf 85' lang='lat' dir='ltr'><strong>Deo</strong></span> <span class='ocrx_word' id='word_1_755' title='bbox 1658 5764 1835 5835; x_wconf 77' lang='lat' dir='ltr'><strong>Patre,</strong></span> <span class='ocrx_word' id='word_1_756' title='bbox 1866 5777 1912 5821; x_wconf 88' lang='lat' dir='ltr'><strong>ct</strong></span> 
     </span>
    </p>
   </div>
   <div class='ocr_carea' id='block_1_98' title="bbox 1948 4496 3611 4579">
    <p class='ocr_par' dir='ltr' id='par_1_98' title="bbox 1948 4496 3611 4579">
     <span class='ocr_line' id='line_1_98' title="bbox 1948 4496 3611 4579; baseline 0.01 -29"><span class='ocrx_word' id='word_1_757' title='bbox 1948 4503 2003 4563; x_wconf 83' lang='grc' dir='ltr'>ι)</span> <span class='ocrx_word' id='word_1_758' title='bbox 2027 4496 2228 4552; x_wconf 88' lang='lat' dir='ltr'><strong>Christo</strong></span> <span class='ocrx_word' id='word_1_759' title='bbox 2255 4496 2381 4551; x_wconf 80' lang='lat' dir='ltr'><strong>Jesu</strong></span> <span class='ocrx_word' id='word_1_760' title='bbox 2408 4496 2631 4552; x_wconf 84' lang='lat' dir='ltr'><strong>Domino</strong></span> <span class='ocrx_word' id='word_1_761' title='bbox 2659 4508 2851 4556; x_wconf 85' lang='lat' dir='ltr'><strong>nostra.</strong></span> <span class='ocrx_word' id='word_1_762' title='bbox 2886 4501 3035 4557; x_wconf 84' lang='lat' dir='ltr'><strong>Talis</strong></span> <span class='ocrx_word' id='word_1_763' title='bbox 3051 4510 3134 4558; x_wconf 90' lang='lat' dir='ltr'><strong>est</strong></span> <span class='ocrx_word' id='word_1_764' title='bbox 3153 4506 3408 4562; x_wconf 86' lang='lat' dir='ltr'><strong>salutatio</strong></span> <span class='ocrx_word' id='word_1_765' title='bbox 3439 4508 3611 4579; x_wconf 82' lang='lat' dir='ltr'><strong>Pauli,</strong></span> 
     </span>
    </p>
   </div>
   <div class='ocr_carea' id='block_1_99' title="bbox 2027 4588 3617 4671">
    <p class='ocr_par' dir='ltr' id='par_1_99' title="bbox 2027 4588 3617 4671">
     <span class='ocr_line' id='line_1_99' title="bbox 2027 4588 3617 4671; baseline 0.013 -30"><span class='ocrx_word' id='word_1_766' title='bbox 2027 4594 2088 4641; x_wconf 90' lang='lat' dir='ltr'><strong>ut</strong></span> <span class='ocrx_word' id='word_1_767' title='bbox 2115 4589 2294 4643; x_wconf 86' lang='lat' dir='ltr'><strong>omnia</strong></span> <span class='ocrx_word' id='word_1_768' title='bbox 2325 4588 2521 4643; x_wconf 84' lang='lat' dir='ltr'><strong>Christi</strong></span> <span class='ocrx_word' id='word_1_769' title='bbox 2550 4598 2603 4643; x_wconf 89' lang='lat' dir='ltr'><strong>et</strong></span> <span class='ocrx_word' id='word_1_770' title='bbox 2625 4588 3071 4648; x_wconf 81' lang='lat' dir='ltr'><strong>Pati-isheneticia</strong></span> <span class='ocrx_word' id='word_1_771' title='bbox 3118 4608 3437 4671; x_wconf 82' lang='lat' dir='ltr'><strong>mereretur,</strong></span> <span class='ocrx_word' id='word_1_772' title='bbox 3495 4605 3617 4661; x_wconf 82' lang='lat' dir='ltr'><strong>ideo</strong></span> 
     </span>
    </p>
   </div>
   <div class='ocr_carea' id='block_1_100' title="bbox 2020 4679 3617 4760">
    <p class='ocr_par' dir='ltr' id='par_1_100' title="bbox 2020 4679 3617 4760">
     <span class='ocr_line' id='line_1_100' title="bbox 2020 4679 3617 4760; baseline 0.008 -29"><span class='ocrx_word' id='word_1_773' title='bbox 2020 4679 2246 4749; x_wconf 87' lang='lat' dir='ltr'><strong>gratiam</strong></span> <span class='ocrx_word' id='word_1_774' title='bbox 2266 4694 2477 4748; x_wconf 87' lang='lat' dir='ltr'><strong>semper</strong></span> <span class='ocrx_word' id='word_1_775' title='bbox 2505 4681 2866 4737; x_wconf 81' lang='lat' dir='ltr'><strong>commendat.</strong></span> <span class='ocrx_word' id='word_1_776' title='bbox 2894 4680 3101 4740; x_wconf 85' lang='lat' dir='ltr'><strong>Gratias</strong></span> <span class='ocrx_word' id='word_1_777' title='bbox 3127 4703 3225 4760; x_wconf 79' lang='lat' dir='ltr'><strong>ago</strong></span> <span class='ocrx_word' id='word_1_778' title='bbox 3253 4689 3379 4755; x_wconf 84' lang='lat' dir='ltr'><strong>Deo,</strong></span> <span class='ocrx_word' id='word_1_779' title='bbox 3403 4696 3487 4747; x_wconf 79' lang='lat' dir='ltr'><strong>cui</strong></span> <span class='ocrx_word' id='word_1_780' title='bbox 3510 4713 3617 4751; x_wconf 84' lang='lat' dir='ltr'><strong>ser.</strong></span> 
     </span>
    </p>
   </div>
   <div class='ocr_carea' id='block_1_101' title="bbox 2021 4768 3614 4841">
    <p class='ocr_par' dir='ltr' id='par_1_101' title="bbox 2021 4768 3614 4841">
     <span class='ocr_line' id='line_1_101' title="bbox 2021 4768 3614 4841; baseline 0.011 -18"><span class='ocrx_word' id='word_1_781' title='bbox 2021 4772 2140 4825; x_wconf 77' lang='lat' dir='ltr'><strong>uio.</strong></span> <span class='ocrx_word' id='word_1_782' title='bbox 2162 4768 2377 4824; x_wconf 85' lang='lat' dir='ltr'><strong>Gratias</strong></span> <span class='ocrx_word' id='word_1_783' title='bbox 2396 4783 2495 4840; x_wconf 87' lang='lat' dir='ltr'><strong>ago</strong></span> <span class='ocrx_word' id='word_1_784' title='bbox 2526 4772 2573 4825; x_wconf 91' lang='lat' dir='ltr'><strong>ei</strong></span> <span class='ocrx_word' id='word_1_785' title='bbox 2605 4772 2692 4841; x_wconf 91' lang='lat' dir='ltr'><strong>qui</strong></span> <span class='ocrx_word' id='word_1_786' title='bbox 2713 4772 2866 4829; x_wconf 89' lang='lat' dir='ltr'><strong>nobis</strong></span> <span class='ocrx_word' id='word_1_787' title='bbox 2894 4775 3052 4830; x_wconf 84' lang='lat' dir='ltr'><strong>talem</strong></span> <span class='ocrx_word' id='word_1_788' title='bbox 3084 4779 3135 4831; x_wconf 84' lang='lat' dir='ltr'><strong>in</strong></span> <span class='ocrx_word' id='word_1_789' title='bbox 3175 4779 3435 4836; x_wconf 83' lang='lat' dir='ltr'><strong>alterutro</strong></span> <span class='ocrx_word' id='word_1_790' title='bbox 3481 4786 3614 4841; x_wconf 81' lang='lat' dir='ltr'><strong>cha-</strong></span> 
     </span>
    </p>
   </div>
   <div class='ocr_carea' id='block_1_102' title="bbox 2020 4860 3612 4944">
    <p class='ocr_par' dir='ltr' id='par_1_102' title="bbox 2020 4860 3612 4944">
     <span class='ocr_line' id='line_1_102' title="bbox 2020 4860 3612 4944; baseline 0.008 -28"><span class='ocrx_word' id='word_1_791' title='bbox 2020 4862 2237 4917; x_wconf 89' lang='lat' dir='ltr'><strong>ritatem</strong></span> <span class='ocrx_word' id='word_1_792' title='bbox 2270 4860 2505 4927; x_wconf 87' lang='lat' dir='ltr'><strong>donavit,</strong></span> <span class='ocrx_word' id='word_1_793' title='bbox 2542 4872 2596 4917; x_wconf 84' lang='lat' dir='ltr'><strong>et</strong></span> <span class='ocrx_word' id='word_1_794' title='bbox 2628 4863 2820 4932; x_wconf 83' lang='lat' dir='ltr'><strong>dignos</strong></span> <span class='ocrx_word' id='word_1_795' title='bbox 2844 4866 3145 4934; x_wconf 82' lang='lat' dir='ltr'><strong>apostolatu</strong></span> <span class='ocrx_word' id='word_1_796' title='bbox 3186 4868 3329 4926; x_wconf 88' lang='lat' dir='ltr'><strong>fecit.</strong></span> <span class='ocrx_word' id='word_1_797' title='bbox 3360 4873 3401 4925; x_wconf 81' lang='grc' dir='ltr'><strong><em>Α</em></strong></span> <span class='ocrx_word' id='word_1_798' title='bbox 3431 4892 3612 4944; x_wconf 85' lang='lat' dir='ltr'><strong>proge-</strong></span> 
     </span>
    </p>
   </div>
   <div class='ocr_carea' id='block_1_103' title="bbox 2018 4950 3611 5026">
    <p class='ocr_par' dir='ltr' id='par_1_103' title="bbox 2018 4950 3611 5026">
     <span class='ocr_line' id='line_1_103' title="bbox 2018 4950 3611 5026; baseline 0.01 -22"><span class='ocrx_word' id='word_1_799' title='bbox 2018 4950 2271 5005; x_wconf 88' lang='lat' dir='ltr'><strong>nitoribus</strong></span> <span class='ocrx_word' id='word_1_800' title='bbox 2298 4951 2351 5003; x_wconf 89' lang='lat' dir='ltr'><strong>in</strong></span> <span class='ocrx_word' id='word_1_801' title='bbox 2378 4953 2685 5007; x_wconf 89' lang='lat' dir='ltr'><strong>conscientia</strong></span> <span class='ocrx_word' id='word_1_802' title='bbox 2713 4969 2865 5023; x_wconf 84' lang='lat' dir='ltr'><strong>pura,</strong></span> <span class='ocrx_word' id='word_1_803' title='bbox 2911 4957 3047 5026; x_wconf 85' lang='lat' dir='ltr'><strong>quod</strong></span> <span class='ocrx_word' id='word_1_804' title='bbox 3084 4958 3193 5012; x_wconf 86' lang='lat' dir='ltr'><strong>sine</strong></span> <span class='ocrx_word' id='word_1_805' title='bbox 3237 4960 3611 5021; x_wconf 85' lang='lat' dir='ltr'><strong>intermissione</strong></span> 
     </span>
    </p>
   </div>
   <div class='ocr_carea' id='block_1_104' title="bbox 2022 5028 3610 5127">
    <p class='ocr_par' dir='ltr' id='par_1_104' title="bbox 2022 5028 3610 5127">
     <span class='ocr_line' id='line_1_104' title="bbox 2022 5028 3610 5127; baseline 0.011 -32"><span class='ocrx_word' id='word_1_806' title='bbox 2022 5042 2233 5096; x_wconf 83' lang='lat' dir='ltr'><strong>habeam</strong></span> <span class='ocrx_word' id='word_1_807' title='bbox 2259 5041 2331 5095; x_wconf 89' lang='lat' dir='ltr'><strong>tui</strong></span> <span class='ocrx_word' id='word_1_808' title='bbox 2353 5044 2645 5097; x_wconf 89' lang='lat' dir='ltr'><strong>memoriam</strong></span> <span class='ocrx_word' id='word_1_809' title='bbox 2666 5046 2718 5098; x_wconf 89' lang='lat' dir='ltr'><strong>in</strong></span> <span class='ocrx_word' id='word_1_810' title='bbox 2740 5028 3054 5102; x_wconf 73' lang='lat' dir='ltr'><strong>orationibus</strong></span> <span class='ocrx_word' id='word_1_811' title='bbox 3083 5050 3225 5104; x_wconf 88' lang='lat' dir='ltr'><strong>meis.</strong></span> <span class='ocrx_word' id='word_1_812' title='bbox 3251 5052 3437 5108; x_wconf 87' lang='lat' dir='ltr'><strong>Omnis</strong></span> <span class='ocrx_word' id='word_1_813' title='bbox 3462 5059 3610 5127; x_wconf 76' lang='lat' dir='ltr'><strong>origo</strong></span> 
     </span>
    </p>
   </div>
   <div class='ocr_carea' id='block_1_105' title="bbox 2022 5134 3607 5208">
    <p class='ocr_par' dir='ltr' id='par_1_105' title="bbox 2022 5134 3607 5208">
     <span class='ocr_line' id='line_1_105' title="bbox 2022 5134 3607 5208; baseline 0.01 -20"><span class='ocrx_word' id='word_1_814' title='bbox 2022 5149 2139 5189; x_wconf 89' lang='lat' dir='ltr'><strong>mea</strong></span> <span class='ocrx_word' id='word_1_815' title='bbox 2168 5134 2339 5188; x_wconf 89' lang='lat' dir='ltr'><strong>solum</strong></span> <span class='ocrx_word' id='word_1_816' title='bbox 2368 5134 2534 5188; x_wconf 88' lang='lat' dir='ltr'><strong>coluit</strong></span> <span class='ocrx_word' id='word_1_817' title='bbox 2561 5135 2748 5201; x_wconf 84' lang='lat' dir='ltr'><strong>Deum,</strong></span> <span class='ocrx_word' id='word_1_818' title='bbox 2775 5154 2870 5206; x_wconf 90' lang='lat' dir='ltr'><strong>pro</strong></span> <span class='ocrx_word' id='word_1_819' title='bbox 2900 5156 3001 5208; x_wconf 87' lang='lat' dir='ltr'><strong>qua</strong></span> <span class='ocrx_word' id='word_1_820' title='bbox 3025 5156 3083 5194; x_wconf 90' lang='lat' dir='ltr'><strong>re</strong></span> <span class='ocrx_word' id='word_1_821' title='bbox 3105 5150 3161 5195; x_wconf 78' lang='lat' dir='ltr'><strong>et</strong></span> <span class='ocrx_word' id='word_1_822' title='bbox 3191 5143 3483 5201; x_wconf 71' lang='lat' dir='ltr'><strong>Ecclesium</strong></span> <span class='ocrx_word' id='word_1_823' title='bbox 3517 5150 3607 5204; x_wconf 85' lang='lat' dir='ltr'><strong>Dei</strong></span> 
     </span>
    </p>
   </div>
   <div class='ocr_carea' id='block_1_106' title="bbox 2025 5225 3605 5305">
    <p class='ocr_par' dir='ltr' id='par_1_106' title="bbox 2025 5225 3605 5305">
     <span class='ocr_line' id='line_1_106' title="bbox 2025 5225 3605 5305; baseline 0.009 -26"><span class='ocrx_word' id='word_1_824' title='bbox 2025 5225 2155 5295; x_wconf 88' lang='lat' dir='ltr'><strong>legis</strong></span> <span class='ocrx_word' id='word_1_825' title='bbox 2171 5226 2507 5282; x_wconf 64' lang='lat' dir='ltr'><strong>aemulatione</strong></span> <span class='ocrx_word' id='word_1_826' title='bbox 2522 5243 2639 5289; x_wconf 79' lang='lat' dir='ltr'><strong>sum</strong></span> <span class='ocrx_word' id='word_1_827' title='bbox 2664 5240 2993 5299; x_wconf 88' lang='lat' dir='ltr'><strong>persecutus.</strong></span> <span class='ocrx_word' id='word_1_828' title='bbox 3013 5232 3179 5288; x_wconf 86' lang='lat' dir='ltr'><strong>Nocte</strong></span> <span class='ocrx_word' id='word_1_829' title='bbox 3198 5253 3260 5289; x_wconf 87' lang='lat' dir='ltr'><strong>ac</strong></span> <span class='ocrx_word' id='word_1_830' title='bbox 3278 5239 3378 5305; x_wconf 84' lang='lat' dir='ltr'><strong>die,</strong></span> <span class='ocrx_word' id='word_1_831' title='bbox 3402 5241 3605 5293; x_wconf 54' lang='lat' dir='ltr'><strong>desidi-</strong></span> 
     </span>
    </p>
   </div>
   <div class='ocr_carea' id='block_1_107' title="bbox 2024 5317 3604 5399">
    <p class='ocr_par' dir='ltr' id='par_1_107' title="bbox 2024 5317 3604 5399">
     <span class='ocr_line' id='line_1_107' title="bbox 2024 5317 3604 5399; baseline 0.011 -30"><span class='ocrx_word' id='word_1_832' title='bbox 2024 5333 2146 5371; x_wconf 82' lang='lat' dir='ltr'><strong>rans</strong></span> <span class='ocrx_word' id='word_1_833' title='bbox 2172 5325 2217 5371; x_wconf 82' lang='lat' dir='ltr'><strong>te</strong></span> <span class='ocrx_word' id='word_1_834' title='bbox 2232 5317 2417 5372; x_wconf 81' lang='lat' dir='ltr'><strong>videre.</strong></span> <span class='ocrx_word' id='word_1_835' title='bbox 2445 5318 2513 5374; x_wconf 85' lang='lat' dir='ltr'><strong>Et</strong></span> <span class='ocrx_word' id='word_1_836' title='bbox 2530 5319 2845 5376; x_wconf 80' lang='lat' dir='ltr'><strong>charitatem</strong></span> <span class='ocrx_word' id='word_1_837' title='bbox 2863 5326 3119 5393; x_wconf 77' lang='lat' dir='ltr'><strong>ostendit,</strong></span> <span class='ocrx_word' id='word_1_838' title='bbox 3139 5335 3194 5381; x_wconf 88' lang='lat' dir='ltr'><strong>et</strong></span> <span class='ocrx_word' id='word_1_839' title='bbox 3206 5328 3406 5399; x_wconf 87' lang='lat' dir='ltr'><strong>jugiter</strong></span> <span class='ocrx_word' id='word_1_840' title='bbox 3419 5334 3604 5387; x_wconf 86' lang='lat' dir='ltr'><strong>orandi</strong></span> 
     </span>
    </p>
   </div>
   <div class='ocr_carea' id='block_1_108' title="bbox 2026 5407 3605 5492">
    <p class='ocr_par' dir='ltr' id='par_1_108' title="bbox 2026 5407 3605 5492">
     <span class='ocr_line' id='line_1_108' title="bbox 2026 5407 3605 5492; baseline 0.011 -32"><span class='ocrx_word' id='word_1_841' title='bbox 2026 5407 2229 5476; x_wconf 61' lang='lat' dir='ltr'><strong>prabet</strong></span> <span class='ocrx_word' id='word_1_842' title='bbox 2248 5410 2572 5479; x_wconf 78' lang='lat' dir='ltr'><strong>exemplum.</strong></span> <span class='ocrx_word' id='word_1_843' title='bbox 2592 5410 2789 5466; x_wconf 77' lang='lat' dir='ltr'><strong>Memor</strong></span> <span class='ocrx_word' id='word_1_844' title='bbox 2810 5414 3150 5485; x_wconf 86' lang='lat' dir='ltr'><strong>lacrymarum</strong></span> <span class='ocrx_word' id='word_1_845' title='bbox 3171 5428 3390 5486; x_wconf 85' lang='lat' dir='ltr'><strong>tuarum,</strong></span> <span class='ocrx_word' id='word_1_846' title='bbox 3410 5433 3466 5475; x_wconf 83' lang='lat' dir='ltr'><strong>ut</strong></span> <span class='ocrx_word' id='word_1_847' title='bbox 3489 5441 3605 5492; x_wconf 76' lang='lat' dir='ltr'><strong>gau-</strong></span> 
     </span>
    </p>
   </div>
   <div class='ocr_carea' id='block_1_109' title="bbox 2023 5499 3597 5580">
    <p class='ocr_par' dir='ltr' id='par_1_109' title="bbox 2023 5499 3597 5580">
     <span class='ocr_line' id='line_1_109' title="bbox 2023 5499 3597 5580; baseline 0.011 -29"><span class='ocrx_word' id='word_1_848' title='bbox 2023 5499 2110 5552; x_wconf 82' lang='lat' dir='ltr'><strong>dio</strong></span> <span class='ocrx_word' id='word_1_849' title='bbox 2136 5500 2380 5568; x_wconf 87' lang='lat' dir='ltr'><strong>implear.</strong></span> <span class='ocrx_word' id='word_1_850' title='bbox 2406 5500 2955 5574; x_wconf 77' lang='lat' dir='ltr'><strong>Lacrymarumquas</strong></span> <span class='ocrx_word' id='word_1_851' title='bbox 3004 5523 3090 5561; x_wconf 90' lang='lat' dir='ltr'><strong>me</strong></span> <span class='ocrx_word' id='word_1_852' title='bbox 3122 5508 3353 5566; x_wconf 82' lang='lat' dir='ltr'><strong>abeunte</strong></span> <span class='ocrx_word' id='word_1_853' title='bbox 3394 5512 3597 5580; x_wconf 66' lang='lat' dir='ltr'><strong>fudiSLi,</strong></span> 
     </span>
    </p>
   </div>
   <div class='ocr_carea' id='block_1_110' title="bbox 2024 5590 3599 5674">
    <p class='ocr_par' dir='ltr' id='par_1_110' title="bbox 2024 5590 3599 5674">
     <span class='ocr_line' id='line_1_110' title="bbox 2024 5590 3599 5674; baseline 0.011 -31"><span class='ocrx_word' id='word_1_854' title='bbox 2024 5590 2163 5644; x_wconf 90' lang='lat' dir='ltr'><strong>unde</strong></span> <span class='ocrx_word' id='word_1_855' title='bbox 2181 5605 2263 5645; x_wconf 90' lang='lat' dir='ltr'><strong>me</strong></span> <span class='ocrx_word' id='word_1_856' title='bbox 2284 5591 2348 5645; x_wconf 89' lang='lat' dir='ltr'><strong>ad</strong></span> <span class='ocrx_word' id='word_1_857' title='bbox 2375 5591 2641 5646; x_wconf 89' lang='lat' dir='ltr'><strong>tristitiam</strong></span> <span class='ocrx_word' id='word_1_858' title='bbox 2666 5598 2987 5663; x_wconf 85' lang='lat' dir='ltr'><strong>provocasti,</strong></span> <span class='ocrx_word' id='word_1_859' title='bbox 3017 5614 3173 5667; x_wconf 86' lang='lat' dir='ltr'><strong>quam</strong></span> <span class='ocrx_word' id='word_1_860' title='bbox 3202 5609 3287 5654; x_wconf 76' lang='lat' dir='ltr'><strong>tua</strong></span> <span class='ocrx_word' id='word_1_861' title='bbox 3312 5611 3441 5671; x_wconf 85' lang='lat' dir='ltr'><strong>opto</strong></span> <span class='ocrx_word' id='word_1_862' title='bbox 3469 5620 3599 5674; x_wconf 75' lang='lat' dir='ltr'><strong>prte-</strong></span> 
     </span>
    </p>
   </div>
   <div class='ocr_carea' id='block_1_111' title="bbox 2022 5684 3687 5767">
    <p class='ocr_par' dir='ltr' id='par_1_111' title="bbox 2022 5684 3687 5767">
     <span class='ocr_line' id='line_1_111' title="bbox 2022 5684 3687 5767; baseline 0.01 -30"><span class='ocrx_word' id='word_1_863' title='bbox 2022 5684 2190 5737; x_wconf 79' lang='lat' dir='ltr'><strong>sentia</strong></span> <span class='ocrx_word' id='word_1_864' title='bbox 2227 5685 2534 5753; x_wconf 88' lang='lat' dir='ltr'><strong>temperari.</strong></span> <span class='ocrx_word' id='word_1_865' title='bbox 2572 5685 2993 5743; x_wconf 79' lang='lat' dir='ltr'><strong>Recordationem</strong></span> <span class='ocrx_word' id='word_1_866' title='bbox 3041 5692 3293 5763; x_wconf 79' lang='lat' dir='ltr'><strong>accipiens</strong></span> <span class='ocrx_word' id='word_1_867' title='bbox 3338 5698 3448 5766; x_wconf 83' lang='lat' dir='ltr'><strong>ejus</strong></span> <span class='ocrx_word' id='word_1_868' title='bbox 3483 5699 3598 5767; x_wconf 80' lang='lat' dir='ltr'><strong>ﬁdei</strong></span> <span class='ocrx_word' id='word_1_869' title='bbox 3664 5698 3687 5713; x_wconf 74' lang='lat'>‘</span> 
     </span>
    </p>
   </div>
   <div class='ocr_carea' id='block_1_112' title="bbox 2018 5774 3593 5856">
    <p class='ocr_par' dir='ltr' id='par_1_112' title="bbox 2018 5774 3593 5856">
     <span class='ocr_line' id='line_1_112' title="bbox 2018 5774 3593 5856; baseline 0.011 -30"><span class='ocrx_word' id='word_1_870' title='bbox 2018 5788 2132 5843; x_wconf 78' lang='lat' dir='ltr'><strong>qua:</strong></span> <span class='ocrx_word' id='word_1_871' title='bbox 2156 5785 2230 5829; x_wconf 83' lang='lat' dir='ltr'><strong>est</strong></span> <span class='ocrx_word' id='word_1_872' title='bbox 2276 5774 2327 5829; x_wconf 89' lang='lat' dir='ltr'><strong>in</strong></span> <span class='ocrx_word' id='word_1_873' title='bbox 2357 5783 2404 5828; x_wconf 90' lang='lat' dir='ltr'><strong>te</strong></span> <span class='ocrx_word' id='word_1_874' title='bbox 2433 5792 2532 5830; x_wconf 85' lang='lat' dir='ltr'><strong>twn</strong></span> <span class='ocrx_word' id='word_1_875' title='bbox 2564 5776 2681 5845; x_wconf 76' lang='lat' dir='ltr'><strong>[icta</strong></span> <span class='ocrx_word' id='word_1_876' title='bbox 2703 5792 2724 5833; x_wconf 86' lang='lat'><strong><em>:</em></strong></span> <span class='ocrx_word' id='word_1_877' title='bbox 2749 5794 2863 5848; x_wconf 66' lang='lat' dir='ltr'><strong>quia</strong></span> <span class='ocrx_word' id='word_1_878' title='bbox 2905 5789 2952 5835; x_wconf 78' lang='lat' dir='ltr'><strong>et</strong></span> <span class='ocrx_word' id='word_1_879' title='bbox 2998 5779 3240 5839; x_wconf 81' lang='lat' dir='ltr'><strong>habitavit</strong></span> <span class='ocrx_word' id='word_1_880' title='bbox 3288 5788 3510 5856; x_wconf 78' lang='lat' dir='ltr'><strong>primum</strong></span> <span class='ocrx_word' id='word_1_881' title='bbox 3545 5791 3593 5843; x_wconf 80' lang='lat' dir='ltr'><strong>in</strong></span> 
     </span>
    </p>
   </div>
  </div>
