3884 6172
245 261 335 312 6ῗῆ

1003 248 1067 305 ΙΝ
1108 244 1490 305 EPISTULAM
1538 243 1581 298 ll
1612 241 1703 297 AD
1742 232 2147 308 TlMOTliEUM
2186 232 2709 296 COMMENTARIA.

3397 231 3503 296 67‘

251 379 344 433 atria
372 388 455 428 tua
482 370 658 431 Laide,
674 377 719 421 et
741 377 901 421 matre
917 374 1003 419 tua
1030 362 1244 417 Eunice.
1267 362 1395 429 Quzn
1428 359 1621 415 verain
1640 368 1688 413 te
1704 372 1824 412 esse
1854 357 1904 415 A
1927 356 2141 412 audisti.
2170 356 2470 411 Secundum
2498 372 2612 411 eam
2642 356 2865 410 formam
2894 366 2944 412 et
2977 358 3114 421 vive,
3138 368 3188 413 et
3213 358 3364 422 doce,
3382 364 3502 427 quia

248 468 488 538 operibus
509 459 912 530 comprobatur,
932 459 1067 510 sicut
1091 455 1321 509 Jacobus
1344 452 1603 517 deﬁnivit,
1632 462 1815 518 etqute

249 563 303 617 ad
332 569 383 613 te
412 574 475 611 ex
501 570 560 609 ea
590 555 691 608 vita
741 547 1099 605 successionis
1162 544 1497 599 institutione
1541 543 1683 596 dono
1722 540 1815 595 Dei

247 651 383 723 quasi
417 643 759 702 luereditario
784 642 905 710 jure
934 636 1230 692 descendit.
1254 633 1435 688 Certus
1482 648 1597 685 sum
1622 641 1813 693 autem,

248 745 368 816 quod
387 751 433 796 et
461 742 514 793 in
537 750 599 794 te.
637 735 769 804 Quia
817 729 1162 798 comprobari
1201 728 1360 782 iidem
1384 736 1548 781 tuam.
1568 724 1817 816 Commo-

248 815 347 892 veri
381 834 607 902 indiges,
639 844 744 882 non
773 824 974 880 doceri.
1010 821 1228 892 PrOpter
1277 834 1430 889 quam
1474 833 1679 870 causam
1724 815 1819 868 ad-

249 945 411 982 moneo
442 938 512 991 ti',
543 933 596 976 ut
624 921 890 976 resuscites
914 917 1129 988 gratiam
1173 913 1286 978 Dei,
1306 929 1418 983 qua:
1463 922 1537 966 est
1571 913 1622 964 in
1654 921 1718 964 te.
1750 909 1817 963 Ut

248 1018 548 1077 resn~cites,
580 1011 728 1083 quasi
784 1006 1217 1063 tribulationibus
1252 1004 1659 1065 dormitantem,
1698 1016 1818 1071 quae

248 1111 329 1166 tibi
356 1110 503 1178 prius
535 1106 705 1158 luerat
734 1102 893 1155 ﬁdem
926 1101 977 1153 in
1004 1096 1331 1152 infundendo
1345 1096 1558 1148 donata.
1584 1092 1687 1147 Per
1721 1094 1817 1143 im-

245 1202 536 1270 positionem
563 1209 809 1248 manuum
838 1205 1083 1243 mearum.
1116 1186 1570 1245 Benedictionem,
1591 1184 1815 1253 quamin

246 1292 547 1360 episcopatu
588 1301 680 1355 per
705 1293 896 1338 manus
944 1279 1060 1348 ejus
1097 1276 1491 1345 impasitiouem
1516 1282 1815 1343 acceperat.

244 1381 359 1437 Non
386 1380 521 1434 enim
534 1377 670 1431 Deus
695 1374 833 1427 dedit
847 1371 987 1425 nobis
1014 1367 1473 1439 spiritumtinwris,
1497 1365 1584 1419 sed
1595 1363 1817 1431 virtutis,

244 1485 284 1529 et
311 1468 619 1532 dilectionis,
659 1474 709 1519 et
730 1462 1037 1518 sobrietatis.
1068 1460 1148 1514 Illi
1179 1458 1375 1512 habent
1403 1456 1646 1529 spiriium
1666 1456 1821 1508 timo-

244 1567 311 1621 ris
330 1564 417 1634 qui
449 1560 761 1630 injustitiam
789 1562 1100 1625 operantur,
1123 1553 1257 1606 sicut
1290 1551 1402 1618 ipse
1455 1550 1580 1603 alibi
1612 1549 1688 1602 ait
1720 1566 1732 1602 :
1762 1548 1818 1603 Si

242 1662 413 1709 autem
439 1648 789 1714 malefeceris,
834 1647 979 1699 time.
1006 1642 1132 1699 Sive
1153 1641 1285 1709 legis
1312 1641 1579 1710 spiritum,
1616 1656 1734 1707 quae
1767 1640 1817 1693 in

246 1742 586 1815 peccantibus
616 1738 942 1792 vindicabat.
971 1731 1097 1788 Noli
1136 1733 1306 1801 itaque
1354 1731 1642 1785 erubescere
1689 1730 1824 1782 testi-

243 1830 687 1887 moniumDomiui
714 1827 1069 1895 nostri,neque
1091 1840 1168 1877 me
1198 1825 1415 1875 einrtum
1433 1822 1564 1889 ejus.
1590 1822 1719 1887 Quia
1751 1820 1822 1874 ui-

246 1924 311 1978 hil
332 1922 584 1977 Christus
612 1918 927 1972 confusione
984 1915 1202 1983 dignum
1250 1914 1528 1967 exercuit:
1561 1927 1659 1966 nec
1701 1926 1820 1980 ego,

242 2029 391 2083 quem
426 2010 592 2075 nosti,
616 2024 720 2063 non
733 2007 1026 2075 obaliquod
1046 2008 1269 2072 crimen,
1288 2004 1380 2059 sed
1413 2015 1627 2073 propter
1650 2004 1821 2071 ipsum

244 2108 347 2159 lia:c
367 2104 553 2159 omnia
580 2101 838 2155 sustineo.
876 2098 981 2153 Sed
1003 2097 1262 2150 collabora
1308 2098 1583 2167 lg'rangelio
1637 2112 1821 2149 secun-

242 2197 352 2247 dum
375 2196 615 2247 virtutem
633 2190 746 2243 Dci.
767 2189 897 2255 Quae
924 2203 1020 2241 nos
1043 2202 1253 2256 semper
1276 2187 1563 2253 ceul'ortat,
1584 2194 1639 2241 et
1664 2201 1821 2240 causa

242 2289 316 2338 sui
340 2284 560 2352 adjuvat
584 2283 911 2335 laborantes.
934 2278 1032 2345 Qui
1056 2295 1146 2331 nos
1193 2280 1441 2332 liberavit.
1468 2282 1507 2331 Α
1567 2280 1821 2347 peccatis,

242 2385 293 2433 et
321 2392 348 2429 a
378 2374 583 2431 diaboli
608 2380 891 2443 potestate,
919 2372 999 2425 vel
1031 2371 1356 2437 capt'vitate.
1409 2368 1477 2422 Et
1500 2356 1691 2423 vocavit
1737 2386 1824 2423 vo-

242 2468 442 2522 catione
460 2482 555 2520 sua
578 2473 774 2518 sancta.
818 2462 927 2516 Hoc
947 2469 1031 2516 est
1060 2463 1161 2529 pia.
1200 2458 1350 2527 Quos
1394 2470 1570 2515 autem
1596 2463 1818 2525 vocavit,

244 2561 358 2614 illos
386 2564 447 2612 et
473 2554 804 2625 justiticavit.
837 2552 958 2606 Non
984 2554 1258 2605 secundum
1303 2565 1458 2617 Opera
1499 2560 1693 2615 nostra,
1735 2552 1823 2603 sed

242 2649 519 2704 secundum
531 2646 843 2715 propositum
865 2660 1034 2709 suum,
1057 2653 1103 2695 et
1122 2642 1360 2713 gratiam,
1381 2658 1492 2710 qua:
1508 2643 1630 2694 data
1650 2651 1823 2695 estno-

244 2742 312 2793 bis
339 2743 392 2794 in
413 2738 623 2793 Christo
639 2735 789 2791 Iesu.
824 2735 878 2789 ln
906 2750 1011 2804 quo
1039 2736 1325 2803 proposuit.
1368 2748 1464 2786 nos
1523 2747 1615 2802 per
1668 2734 1822 2786 Chri-

240 2839 374 2886 stum
404 2831 579 2902 gratis
603 2829 831 2895 salvere,
891 2826 1049 2880 nullis
1114 2824 1538 2893 praecedentibus
1594 2821 1817 2878 meritis.

242 2925 302 2977 Et
333 2925 436 2977 hoc
470 2922 782 2981 notandum,
823 2917 962 2985 quod
984 2916 1132 2981 dicit,
1189 2930 1296 2968 non
1328 2914 1618 2969 secundum
1659 2929 1820 2985 opera

242 3026 445 3081 nostra,
482 3020 627 3067 utne
655 3012 773 3079 quis
804 3011 1083 3080 glorietur.
1118 3008 1247 3061 Ante
1274 3016 1502 3077 tempora
1530 3007 1817 3061 swcularia.

1919 464 1947 502 a
1979 465 2063 503 me
2088 452 2327 505 breviten
2346 449 2621 516 accepisti.
2650 448 2714 502 In
2744 449 2846 515 ﬁde
2865 460 2909 502 et
2942 452 3209 504 dilectione
3230 452 3282 504 in
3299 449 3503 504 Christo

1918 543 2065 597 Jesu.
2100 545 2376 609 Quomodo
2400 546 2601 612 integro
2623 543 2927 608 credamus,
2954 557 3001 596 et
3034 547 3347 599 alterutrum
3387 545 3504 598 dili-

1919 651 2125 706 gamus.
2156 635 2354 689 Bonum
2378 637 2665 702 depositum
2689 635 2887 687 custodi
2936 650 3024 702 per
3082 635 3333 706 Spiritum
3382 652 3509 689 san-

1920 736 2075 781 ctum.
2108 728 2261 795 Quod
2295 727 2432 795 apud
2460 737 2511 781 te
2536 724 2758 794 deposui
2792 739 2885 791 per
2905 734 3166 788 sanctum,
3207 727 3344 793 quod
3376 726 3510 779 [Ides

1919 819 2253 889 intelligitur,
2280 834 2397 887 qua:
2421 818 2557 871 inter
2586 815 2789 869 fructus
2814 815 3045 881 Spiritus
3066 814 3232 867 sancti
3263 815 3327 866 ad
3356 813 3509 867 Gala-

1922 920 1999 964 tas
2019 909 2343 964 nominatur.
2379 910 2479 975 Qui
2507 907 2698 961 habitat
2732 908 2784 959 in
2813 907 2977 960 nobis.
3015 906 3180 959 Datus
3221 916 3300 959 est
3333 904 3507 957 nobis.

1921 1002 2040 1057 Scis
2068 1002 2204 1054 e..im
2227 1002 2340 1065 hoc,
2366 1001 2504 1069 quod
2525 999 2688 1052 aversi
2716 1009 2833 1052 sunt
2861 1016 2891 1050 a
2916 1016 2994 1051 me
3018 1013 3211 1051 omnes.
3233 996 3431 1051 Idcirco
3462 1007 3512 1048 te

1922 1109 2261 1159 commoneo,
2294 1096 2413 1161 quia
2441 1107 2574 1161 quos
2605 1108 2688 1145 me
2713 1108 2815 1146 non
2845 1092 3094 1160 putabam
3126 1091 3396 1151 deserere,
3428 1102 3515 1141 re-

1920 1185 2208 1254 liquerunt.
2249 1185 2352 1248 Qui
2380 1185 2431 1237 in
2459 1185 2577 1237 Asia
2604 1191 2719 1236 sunt
2749 1198 2767 1236 :
2796 1198 2857 1236 ea:
2880 1184 3058 1252 qubus
3088 1191 3159 1235 est
3186 1180 3263 1234 Ph
3277 1182 3430 1251 'gelus
3462 1186 3511 1232 et

1924 1276 2289 1346 Hermogenes.
2326 1274 2425 1329 Det
2448 1276 2849 1329 misericordiam
2889 1273 3142 1329 Dominus
3203 1273 3513 1338 Onesiphori

1922 1369 2117 1431 domu",
2146 1370 2267 1434 quia
2294 1385 2429 1439 sirpe
2472 1384 2550 1420 me
2587 1368 2928 1436 refrigerarit,
2970 1376 3019 1419 et
3070 1376 3298 1419 catenam
3346 1379 3512 1416 meam

1924 1476 2024 1512 non
2049 1461 2266 1513 embu‘t.
2296 1440 2571 1526 Vituperat
2604 1459 2929 1523 desertores,
2960 1469 3014 1511 et
3057 1456 3235 1510 laudat
3259 1470 3509 1522 perseve-

1922 1558 2127 1614 rantes,
2163 1553 2330 1605 bonos
2378 1563 2436 1603 ut
2485 1559 2734 1617 provocet
2776 1551 2840 1602 ad
2874 1548 3199 1619 exemplum.
3245 1546 3350 1603 Sed
3401 1562 3514 1598 cum

1928 1640 2139 1695 llouzam
2166 1645 2399 1708 venisset,
2435 1642 2652 1695 sollicite
2676 1658 2756 1694 me
2783 1643 3035 1710 quwsieit,
3087 1650 3132 1694 ιι
3182 1640 3387 1692 invenit.
3421 1637 3515 1690 Det

1865 1732 1904 1790 Β
1930 1733 2009 1785 illi
2049 1732 2302 1786 Dominus
2334 1734 2555 1785 invenire
2578 1733 2979 1787 misericordiam
3020 1749 3050 1784 a
3101 1730 3318 1784 Domino
3342 1727 3393 1782 in
3423 1728 3515 1781 illa

1924 1824 2025 1876 die.
2056 1822 2119 1875 Et
2144 1834 2334 1892 quanta
2362 1823 2553 1893 Ephesi
2580 1825 2877 1877 ministravit
2919 1823 3097 1876 melius
3128 1834 3180 1875 tu
3203 1822 3351 1875 nosti.
3390 1819 3515 1872 Ideo

1924 1915 2129 1969 invenit
2158 1916 2279 1984 quia
2324 1916 2553 1969 sollicite
2597 1900 2899 1982 requisivit
2936 1933 2949 1969 :
3003 1916 3142 1969 nude
3188 1917 3510 1985 ostenditur,

1923 2006 2043 2075 quia
2069 2006 2270 2059 idcirco
2302 2020 2405 2060 non
2437 2021 2623 2059 omnes
2645 2006 2731 2074 qui
2761 2019 3003 2075 qumrunt
3034 2007 3339 2072 inveniunt,
3384 2024 3518 2077 quo-

1925 2098 2066 2150 uiam
2100 2098 2431 2167 negligenter
2460 2096 2753 2165 inquirunt.

1994 2211 2118 2264 CAP.
2147 2226 2205 2263 tt.
2264 2208 2338 2261 Tu
2366 2226 2505 2280 ergo,
2537 2209 2615 2275 ﬁli
2638 2209 2729 2273 mi,
2762 2209 3051 2277 confortare
3084 2210 3135 2263 in
3182 2211 3371 2278 gratia,
3402 2227 3517 2280 qua:

1925 2315 1994 2355 est
2016 2305 2062 2353 in
2084 2301 2284 2355 Christo
2307 2300 2453 2369 Jcsu,
2479 2311 2527 2353 et
2548 2317 2660 2371 qua:
2678 2300 2868 2353 audisti
2891 2317 2919 2352 a
2944 2316 3021 2353 me
3042 2316 3131 2367 per
3149 2301 3331 2353 multos
3345 2311 3512 2356 tes1es.

1923 2394 2044 2449 Sive
2068 2394 2418 2462 prwseutibns
2462 2392 2640 2445 multis
2695 2390 2785 2445 tibi
2820 2392 3068 2444 mandata
3118 2391 3236 2443 dedi
3287 2392 3517 2461 quali‘er

1924 2487 2119 2539 debeas
2148 2487 2383 2539 docere:
2417 2484 2529 2538 sive
2558 2498 2676 2550 qua:
2726 2482 2859 2547 dixi,
2903 2482 3081 2534 multis
3135 2480 3515 2549 prophetarum

1924 2575 2184 2642 exetnplis
2215 2583 2268 2627 et
2323 2573 2641 2627 testimoniis
2693 2573 3026 2625 conﬁrmavi.
3064 2571 3191 2623 Ila'c
3220 2574 3515 2623 commenda

1923 2666 2159 2735 ﬁdelibus
2189 2665 2497 2716 hominibus.
2530 2663 2627 2731 Qui
2654 2662 2881 2716 lidelitcr
2912 2663 3114 2731 possint
3149 2663 3236 2716 Dei
3285 2664 3511 2731 gratiam

1925 2755 2258 2821 disiiensare,
2291 2752 2388 2805 hoc
2418 2761 2521 2816 est,
2555 2757 2769 2818 propter
2807 2751 2970 2804 Deum
3002 2749 3276 2816 docentes,
3307 2760 3362 2805 et
3406 2767 3514 2806 non

1927 2852 2140 2912 propter
2174 2842 2358 2897 tnuizdi
2390 2841 2731 2896 commodum
2759 2840 3059 2905 adulantes,
3105 2841 3184 2896 vel
3223 2856 3369 2894 suam
3393 2841 3513 2911 glo-

1925 2939 2059 2991 riam
2092 2946 2417 3004 qmerexates.
2452 2934 2551 3001 Qui
2577 2922 2927 2987 idonei'erunt
2949 2944 2995 2987 et
3022 2934 3150 2987 alios
3179 2935 3377 2987 docere.
3415 2933 3513 3000 Qui

1924 3043 2029 3081 non
2053 3026 2226 3080 solum
2258 3027 2472 3091 iaciant,
2492 3026 2581 3079 sed
2615 3034 2666 3079 et
2697 3024 2944 3089 doceant.
2976 3023 3173 3076 Labora
3196 3026 3322 3077 sicut
3348 3025 3515 3077 bonus

242 3107 283 3173 ρ
303 3114 513 3160 tantum
552 3104 617 3157 ad
642 3102 1034 3170 praascientiam
1065 3100 1183 3165 Dei,
1212 3106 1336 3154 ante
1358 3099 1549 3154 stecula
1578 3100 1684 3167 jam
1726 3100 1819 3152 do-

1929 3120 2067 3170 miles
2106 3118 2293 3169 Christi
2332 3115 2477 3169 Jesu.
2512 3116 2713 3169 idcirco
2741 3116 2935 3169 milites
2959 3108 3214 3179 'dicimur,
3239 3114 3361 3184 quia
3384 3130 3517 3169 con-

240 3198 381 3252 navit
410 3217 427 3252 :
461 3212 586 3251 nam
606 3207 658 3250 et
688 3195 952 3261 homines,
988 3192 1231 3262 quamvis
1255 3194 1465 3254 incerti,
1498 3193 1676 3245 solent
1706 3191 1825 3245 ﬁliis

240 3290 515 3343 destinare
543 3287 739 3358 pra-dia
777 3292 1059 3352 antequam
1093 3292 1378 3339 nascantur
1410 3300 1425 3336 :
1460 3284 1672 3338 sicntet
1698 3282 1826 3336 alibi

239 3383 362 3435 dicit
389 3399 404 3435 :
428 3381 536 3448 Qui
566 3394 661 3432 11ος
694 3378 1091 3447 pr:r~destinavit
1114 3378 1166 3429 in
1196 3376 1537 3445 adoptionem
1595 3376 1824 3429 liliorum

240 3484 357 3526 ante
381 3483 631 3539 tempora
655 3454 958 3523 sa‘cnlaria’:
975 3470 1092 3536 quia
1116 3468 1253 3537 apud
1272 3469 1435 3522 Deum
1450 3467 1624 3521 omnia
1649 3468 1826 3522 futura

230 3575 338 3629 pm
369 3560 518 3615 facta
545 3572 664 3615 esse
694 3568 1004 3612 noscuntur.
1040 3557 1372 3626 Manifestum
1404 3570 1476 3611 est
1494 3571 1663 3611 autem
1695 3575 1827 3612 nunc

237 3667 323 3720 per
353 3652 790 3704 illuminatiouem
826 3649 1111 3704 Saluatoris
1135 3650 1294 3702 nostri
1312 3649 1436 3702 Jesu
1474 3648 1827 3716 Christi.Qna:

236 3747 355 3796 ante
390 3741 634 3805 latebat;
673 3748 728 3794 ct
759 3741 939 3809 paucis
971 3740 1025 3794 in
1063 3756 1169 3793 uno
1200 3750 1400 3794 tantum
1435 3740 1629 3808 populo
1662 3742 1829 3795 dona-

238 3832 415 3885 batur.
454 3832 560 3897 Qui
588 3832 837 3884 destruxit
866 3832 1069 3900 quidem
1100 3841 1332 3886 mortem.
1364 3832 1539 3885 Gratia
1575 3838 1827 3900 potentiae

233 3939 341 3979 sua:
373 3923 651 3978 destruxit
680 3931 917 3992 peccata,
977 3939 1097 3993 qua:
1141 3934 1365 3978 mortem
1396 3923 1745 3992 generabant,
1776 3932 1828 3976 et

233 4016 480 4082 donavit,
517 4026 679 4082 atque
705 4014 937 4068 ostendit
966 4015 1234 4083 quomodo
1262 4016 1369 4069 vita
1403 4022 1455 4067 et
1497 4016 1827 4083 iucorruptio

228 4117 601 4174 qttazret'etur.
625 4105 939 4158 Illumiuarit
965 4116 1133 4159 autem
1157 4107 1311 4159 vitam
1334 4113 1379 4157 et
1401 4105 1828 4174 incorruptionem

229 4213 318 4266 per
343 4197 717 4273 Euangelium,
744 4199 797 4250 in
817 4214 913 4265 quo
937 4199 1133 4268 positus
1182 4214 1294 4252 sum
1320 4215 1409 4269 ego
1452 4199 1755 4270 praedicator
1783 4205 1829 4251 et

227 4294 527 4357 apostolus.
560 4291 824 4354 ldesv,illo
870 4290 1218 4368 illunii’nante,
1262 4298 1317 4344 et
1366 4305 1449 4344 me
1504 4288 1831 4357 praedicante

229 4384 608 4443 crediderunt,
640 4383 761 4450 quia
791 4395 959 4448 neque
996 4384 1097 4448 qur
1118 4380 1318 4448 plantat
1355 4388 1437 4434 est
1489 4376 1712 4447 aliquid,
1744 4394 1827 4432 ne-

230 4489 331 4543 que
361 4476 461 4544 qui
494 4473 667 4540 rigat,
722 4471 816 4524 sed
848 4471 933 4540 qui
986 4470 1369 4523 incrementum
1392 4470 1501 4534 dat,
1551 4471 1711 4524 Dens.
1764 4470 1826 4523 Et

228 4569 483 4633 magister
500 4563 749 4635 gentium.
782 4563 860 4615 Ad
892 4548 1343 4631 comparationem
1387 4564 1613 4615 aliorum
1642 4563 1830 4617 dicun-

228 4664 313 4707 tur
335 4656 524 4724 magis
552 4653 594 4706 ri
627 4652 730 4705 :ad
771 4651 967 4706 Clnisti
997 4667 1121 4705 ιρι-ο
1174 4653 1622 4720 comparationem
1673 4668 1829 4707 tremo

227 4747 503 4814 magister
536 4750 619 4796 est
644 4756 824 4805 verus,
863 4743 962 4795 nisi
995 4745 1106 4810 ipse
1133 4744 1298 4795 Solus.
1336 4743 1411 4794 0b
1434 4760 1586 4811 quam
1622 4759 1829 4795 causam

226 4838 335 4889 lucc
367 4838 542 4891 etiam
559 4836 746 4904 patior.
768 4835 883 4887 Non
910 4844 1124 4902 propter
1140 4833 1351 4902 aliquod
1373 4835 1596 4898 crimen,
1620 4834 1755 4886 sicut
1778 4842 1831 4886 et

223 4944 321 4981 nos
353 4928 477 4997 pati
513 4927 701 4980 Petrus
731 4926 990 4979 hortatur.
1017 4926 1123 4981 Sed
1156 4942 1256 4979 non
1302 4928 1606 4995 confundor.
1638 4925 1830 4977 Paulus

227 5035 334 5073 non
364 5018 657 5073 erubescit
673 5017 726 5071 in
755 5016 977 5083 catenis,
1009 5032 1131 5074 cum
1164 5033 1262 5071 nos
1299 5020 1349 5070 in
1379 5019 1506 5071 solis
1530 5016 1832 5085 approbriis

220 5111 641 5165 confundamur
666 5125 681 5161 :
711 5120 889 5164 etnon
919 5109 1088 5162 solum
1119 5123 1224 5162 non
1268 5123 1577 5178 operemur,
1626 5117 1670 5167 si
1727 5129 1830 5167 non

222 5201 553 5265 laudamur,
578 5200 671 5255 sed
701 5210 755 5254 et
775 5199 1117 5269 tepescimus.
1146 5198 1269 5256 Scio
1316 5202 1449 5255 enim
1484 5204 1567 5256 cui
1613 5206 1831 5259 credidi.

220 5294 353 5350 Scio
380 5310 500 5366 ego
519 5307 640 5348 esse
655 5293 861 5348 ﬁdelem
892 5293 1290 5350 retributorem.
1312 5294 1377 5348 Et
1394 5306 1557 5351 certus
1577 5314 1690 5352 sum
1712 5300 1834 5368 quia

223 5397 417 5454 potens
450 5393 537 5440 est
560 5386 847 5453 depositum
870 5400 1034 5439 meum
1052 5401 1251 5440 seruare
1282 5388 1337 5441 in
1365 5388 1513 5442 illum
1554 5390 1708 5444 diem.
1754 5391 1837 5445 Fi-

220 5482 373 5541 dem,
411 5475 555 5547 quia
592 5486 645 5533 et
671 5478 810 5546 apud
836 5492 922 5533 me
961 5479 1075 5545 ipse
1125 5480 1388 5548 deposuit,
1450 5484 1786 5538 conservabit
1818 5503 1831 5539 :

188 5556 347 5638 ’ςιιςε
391 5569 550 5623 meis
585 5571 790 5624 viribus
829 5572 944 5625 sine
984 5570 1125 5625 illius
1167 5572 1430 5642 adiutorio
1477 5577 1679 5631 servari
1729 5594 1833 5633 non

218 5671 436 5730 potest.
475 5656 727 5714 Formam
755 5660 941 5716 habens
964 5676 1204 5717 sanorum
1255 5666 1520 5721 verborum
1558 5684 1672 5738 qua:
1699 5686 1730 5721 a
1760 5686 1837 5723 me

1622 5922 1639 5951 I

1927 3218 2006 3262 ιη
2042 3207 2221 3261 hostes
2236 3208 2327 3261 Dei
2360 3206 2799 3273 ad,utorioarmis
2828 3206 3151 3275 spiritalibus
3176 3206 3510 3260 diuricamus.

1930 3301 1996 3354 Et
2024 3300 2140 3354 ideo
2167 3300 2278 3369 jflm
2322 3310 2373 3352 tu
2399 3299 2541 3352 dono
2579 3298 2670 3352 Dei
2692 3300 2929 3351 armatus
2958 3306 3011 3352 et
3046 3306 3280 3352 structus
3309 3297 3515 3362 labora,

1926 3404 1983 3445 ut
2007 3391 2225 3460 prmmia
2256 3391 2419 3461 digna
2451 3391 2523 3443 tui
2549 3390 2746 3444 laboris
2797 3390 3044 3458 accipias.
3076 3390 3241 3443 Nemo
3288 3390 3518 3447 militans

1929 3481 2035 3535 Deo
2066 3482 2292 3549 implicat
2318 3498 2373 3535 se
2399 3482 2615 3552 negotiis
2644 3482 2997 3549 saecularibus,
3025 3490 3079 3533 ut
3109 3482 3155 3534 ei
3185 3483 3401 3551 placeat,
3430 3482 3515 3534 cui

1928 3590 1981 3626 se
2043 3574 2291 3640 probavit.
2343 3571 2757 3640 Comparatione
2804 3572 3143 3639 militanﬁium
3205 3574 3396 3636 utitur,
3458 3583 3513 3626 ut

1928 3668 2175 3720 ostendat
2195 3668 2363 3720 multo
2398 3667 2564 3736 magis
2584 3681 2680 3720 nos
2708 3682 2737 3720 a
2768 3666 2993 3733 negotiis
3012 3664 3354 3719 sazcularibus
3383 3666 3516 3719 libe-

1929 3775 2017 3814 ros
2039 3774 2157 3813 esse
2183 3758 2713 3820 debere,nthristo
2755 3758 3077 3826 placeamus,
3122 3757 3165 3808 si
3208 3758 3366 3809 etiam
3416 3771 3515 3808 sa:-

1927 3852 2030 3904 culi
2055 3852 2250 3903 milites
2279 3866 2306 3901 a
2337 3849 2557 3918 reliquis
2585 3849 2702 3916 ejus
2737 3850 2945 3903 actibus
2988 3859 3194 3911 vacant,
3229 3859 3278 3901 ut
3310 3848 3511 3918 possint

1929 3941 2037 4009 rogi
2068 3954 2165 3993 suo
2200 3930 2425 4005 placere.
2468 3937 2721 4005 perfecte,
2767 3946 2823 3993 et
2865 3946 3066 4006 Oplalll.
3112 3949 3400 4005 Ρτωεειιιοε
3429 3955 3515 3992 35'

1930 4032 2142 4085 sistere.
2171 4029 2307 4082 Nam
2339 4040 2385 4082 et
2422 4031 2511 4099 qui
2558 4039 2713 4082 certat
2740 4031 2793 4081 in
2846 4046 3027 4101 agone.
3085 4029 3228 4083 Multi
3282 4039 3511 4099 certant,

1929 4122 2022 4178 sed
2056 4122 2143 4176 ille
2177 4132 2462 4176 coronatur
2484 4122 2571 4190 qui
2603 4121 2806 4187 vicerit.
2835 4122 2940 4176 Nos
2969 4131 3144 4175 autem
3194 4139 3380 4178 orunes
3412 4123 3515 4178 Dn-

1930 4215 2073 4268 mino
2102 4214 2342 4280 adiutore
2370 4216 2438 4265 ita
2465 4212 2721 4267 debemus
2748 4230 2931 4285 agere,
2973 4224 3029 4265 ut
3055 4228 3243 4267 outnes
3283 4231 3373 4283 per
3399 4219 3525 4284 ejus

1929 4308 2150 4375 gratiam
2168 4306 2701 4373 triuiupliemus.Non
2722 4309 3118 4370 coronaturmisi
3133 4310 3350 4378 legitime
3361 4319 3527 4362 τεττα-

1930 4400 2075 4452 verit.
2108 4399 2369 4452 Perfecte.
2406 4398 3041 4471 Labor/intemagricolum
3072 4412 3269 4468 oportet
3298 4378 3527 4468 primun

1932 4494 1994 4546 de
2023 4492 2267 4564 fructibus
2288 4478 2532 4561 accipere.
2568 4492 2641 4545 Ne
2672 4492 2900 4558 dict-ret,
2924 4493 3063 4547 unde
3096 4494 3330 4547 victurus
3376 4511 3527 4559 sum,

1848 4643 1850 4646 ,
1931 4585 1973 4639 si
2004 4600 2086 4638 me
2116 4596 2168 4635 to
2196 4600 2279 4636 nm
2311 4599 2640 4652 occupavere
2665 4584 3011 4638 indocti-ina?
3056 4585 3302 4641 Ostendit
3357 4591 3527 4642 etiam

1934 4675 2196 4741 primitias
2220 4674 2482 4730 fructuum
2537 4691 2565 4727 a
2610 4676 2802 4745 popqu
2843 4676 2926 4727 hic
2976 4675 3173 4751 debere
3220 4678 3528 4751 percipere,

1932 4762 2453 4830 prtetermcrcedem
2484 4761 2695 4823 messis,
2732 4775 2888 4829 quam
2938 4776 2963 4809 a
3013 4759 3240 4811 Domino
3284 4752 3526 4827 accipies

1934 4852 1987 4905 in
2017 4852 2217 4906 futuro.
2250 4850 2488 4922 Intellige
2504 4868 2616 4921 qum
2632 4852 2743 4902 dico
2762 4866 2780 4901 ,ο
2809 4849 2945 4900 dabit
2970 4849 3100 4900 enim
3125 4848 3213 4899 tibi
3243 4846 3525 4903 Dominus.

1940 4941 2055 4994 Non
2078 4944 2476 5011 admoneretur,
2510 4941 2553 4993 si
2601 4954 2786 4992 omnes
2834 4938 3129 5003 intelligere
3176 4939 3397 5006 possint.
3452 4939 3524 4993 he

1941 5033 2174 5084 omu'bus
2204 5031 2529 5084 intellectum.
2567 5030 2680 5083 Non
2704 5032 2873 5082 solum
2899 5028 2949 5080 in
2985 5029 3067 5083 bis
3104 5047 3116 5083 :
3147 5040 3199 5084 et
3238 5031 3529 5100 diligenter

1940 5122 2155 5175 adverte
2185 5122 2400 5189 quodut
2434 5122 2807 5189 intelligimus,
2842 5121 3092 5174 Dominus
3146 5122 3306 5176 donat
3365 5125 3529 5177 intel-

1942 5213 2156 5275 lectum,
2180 5228 2246 5265 ne
2273 5212 2423 5264 nobis
2445 5210 2642 5279 aliquid
2666 5211 3015 5275 aserbamus,
3040 5212 3132 5267 sed
3153 5214 3519 5284 donatorigra-

1942 5306 2041 5359 tias
2075 5305 2391 5368 referamus,
2421 5302 2509 5371 qui
2545 5312 2784 5357 nostrqu
2835 5304 2958 5357 fecit
2984 5320 3124 5369 esse,
3189 5305 3325 5372 quod
3365 5321 3529 5358 sonus

1940 5406 2041 5451 est.
2066 5395 2259 5447 Memor
2280 5406 2385 5447 cs’o
2406 5392 2582 5446 Iesum
2611 5394 2867 5448 Christum
2896 5396 3227 5448 ream-rexisse
3246 5412 3276 5446 a
3307 5397 3529 5449 mortuis

1941 5503 2002 5541 ex
2027 5488 2213 5540 semine
2242 5485 2425 5539 David.
2462 5486 2555 5539 llic
2586 5494 2771 5541 contra
2829 5487 2948 5540 illos
2987 5488 3073 5555 qui
3130 5488 3304 5540 carnis
3335 5501 3521 5539 resur-

1942 5580 2085 5633 reeti»
2113 5594 2231 5631 nem
2261 5586 2534 5647 negantes,
2595 5588 2986 5647 consequenter
3040 5576 3301 5645 negabant
3357 5579 3525 5633 etiam

1941 5671 2169 5735 Christi;
2198 5671 2289 5724 sed
2314 5679 2365 5725 et
2395 5670 2676 5725 adversum
2702 5670 2817 5726 illos
2845 5671 2932 5741 qui
2956 5671 3222 5740 negabant
3252 5669 3373 5727 l'bri
3394 5683 3530 5728 tuus
