3910 6174
442 281 546 336 675
1555 274 1854 333 PRIMAS“
1895 274 2031 331 ann

2144 274 2342 358 Eram
2395 275 2600 333 EPISC.
3550 284 3630 343 ore

439 401 494 454 iu
522 414 683 452 carne
714 394 950 462 venisse,
986 408 1121 465 quos
1147 393 1488 449 antichristus
1510 394 1742 449 Joannes
1767 394 2016 463 appellat.
2051 396 2098 453 Λ
2127 394 2272 448 nium
2307 394 2601 449 Ezechielis
2622 400 2835 448 sumunt
2864 391 2931 448 de
2957 394 3166 450 ossibus
3213 410 3227 451 :
3257 411 3378 466 quos
3416 397 3473 452 dit
3490 400 3523 454 it
3546 420 3630 455 oni-

442 490 737 547 Set'undunt
766 487 1099 559 anngelium
1139 504 1324 541 meum.
1378 487 1683 557 Secundum
1737 486 1876 556 quod
1930 502 2029 555 ego

440 580 696 649 prtedico.
730 578 798 632 In
816 596 917 648 quo
944 577 1122 631 laboro
1152 594 1309 649 usque
1326 578 1396 632 ad
1425 578 1648 641 vincula,
1700 577 1852 646 quasi
1901 578 2032 630 male

442 687 679 740 operans.
700 668 815 723 Non
845 676 1023 723 tamen
1051 684 1200 735 vere,
1232 669 1325 722 sed
1354 668 1527 737 quasi.
1557 668 1663 723 Sed
1692 666 1897 720 verbum
1934 666 2032 720 Dei

443 778 548 814 non
570 771 645 816 est
665 759 955 831 alligatum.
984 758 1115 825 Quia
1137 767 1193 813 et
1220 767 1508 826 prmseutes
1527 757 1839 811 lidurialiter
1863 756 2034 812 doceo

445 853 692 919 verbum,
726 861 781 906 et
802 850 994 905 litteris
1023 849 1275 903 absentes
1312 848 1532 903 instituo
1556 858 1717 915 alque
1746 846 2030 901 confirmo.

446 942 577 998 Ideo
609 944 782 997 omnia
818 941 1040 996 sustineo
1070 951 1273 1008 prapter
1294 940 1497 1002 electos,
1526 949 1581 992 ut
1613 948 1657 991 rt
1697 940 1794 1009 ipsi
1821 937 2031 992 salutem

445 1044 842 1104 consequantur.
872 1035 995 1089 Ideo
1047 1033 1299 1086 auxilium
1351 1032 1475 1101 petii
1532 1046 1562 1084 a
1608 1031 1862 1086 tribuno:
1914 1031 2035 1086 ideo

450 1127 709 1197 appellavi
738 1127 1023 1189 Cursarem,
1055 1132 1110 1177 ut
1137 1138 1229 1192 per
1284 1138 1370 1175 me
1414 1123 1801 1176 conﬁrmentur
1848 1122 2031 1189 electi,

450 1232 573 1269 cum
623 1215 715 1269 bas
742 1215 1015 1283 passiones
1043 1213 1150 1283 jam
1206 1213 1470 1281 potuerim
1529 1212 1683 1266 linire
1735 1212 2033 1266 moriendo.

450 1308 579 1371 Quae
604 1317 675 1360 est
705 1308 753 1358 in
776 1305 980 1360 Christo
1007 1304 1135 1357 Jesu
1162 1321 1276 1357 cum
1303 1305 1470 1373 gloria
1498 1304 1702 1357 cwlesti.
1736 1305 1864 1370 Quae
1894 1304 2037 1357 salus

447 1399 501 1453 in
524 1396 735 1453 Christo
756 1406 838 1451 est
862 1412 874 1447 :
906 1404 1087 1450 etnon
1120 1395 1284 1457 nuda,
1304 1396 1396 1449 sed
1420 1410 1539 1448 cum
1568 1396 1734 1464 gloria
1761 1412 1775 1459 ;
1803 1409 1903 1449 nec
1932 1405 2033 1449 ter-

451 1506 602 1554 rena,
634 1488 729 1544 sed
776 1488 1006 1544 cmlesti.
1050 1484 1249 1541 Fidelis
1302 1504 1487 1541 sermo.
1541 1488 1788 1543 Veritatis
1830 1489 2038 1542 ratione

448 1582 730 1639 subnisus.
765 1580 906 1635 Nam
936 1584 981 1635 si
1001 1581 1302 1635 commortui
1327 1597 1522 1645 sumus,
1549 1589 1594 1634 et
1619 1582 1954 1635 convivemus.
1981 1581 2038 1638 Si

449 1674 819 1740 commortuia
849 1674 996 1733 vitiis
1032 1681 1087 1728 et
1131 1674 1494 1741 voluptatibus
1539 1689 1746 1739 sumus,
1800 1675 2040 1729 vivemus

2136 489 2264 540 nino
2309 485 2573 539 vitandos.
2630 484 2736 540 Sed
2784 485 2988 554 ﬁrmum
3017 487 3108 539 Dei
3136 487 3494 557 fundamentum
3512 495 3634 549 stetit.

2136 578 2190 631 ln
2219 593 2444 648 quorum
2476 576 2638 632 corde
2664 577 2797 632 fides
2817 585 2933 631 erat
2956 575 3145 631 Christi
3192 576 3410 643 laudati,
3431 596 3518 634 non
3544 594 3635 635 sunt

2135 673 2263 724 moti
2305 686 2478 739 neque
2502 669 2726 724 seducti.
2787 668 2990 724 [labens
3030 670 3336 738 signaculum
3384 672 3484 725 hoc.
3521 675 3638 738 Quod

2138 767 2379 829 tempore
2406 760 2574 830 Moysi
2604 759 2802 814 factum
2830 744 3000 813 est'de
3030 759 3114 813 bis
3138 759 3261 828 quia
3276 758 3465 817 Dathan
3482 770 3526 815 et
3548 762 3641 818 Abi-

2130 864 2233 905 ron
2271 851 2507 906 subverti
2559 850 2781 906 minime
2830 857 3136 921 potuerunt.
3189 847 3415 919 Cognovit
3444 850 3642 909 Dominus

2134 942 2223 1011 qui
2234 952 2354 995 sunt
2384 942 2517 1011 ejus.
2549 940 2611 995 lli
2637 941 2855 996 minime
2882 955 3003 996 cum
3030 942 3380 1010 peccatoribus
3404 942 3642 1011 perierunt,

2136 1032 2225 1100 qui
2257 1032 2363 1086 illis
2411 1030 2632 1087 minime
2695 1039 3101 1086 consenserunt.
3143 1028 3392 1099 Cognovit
3442 1034 3645 1088 Dotniuus

2137 1123 2225 1191 qui
2254 1131 2379 1176 sunt
2407 1123 2523 1191 cjus
2551 1138 2567 1175 :
2596 1120 2718 1192 quia
2747 1120 2798 1175 in
2830 1120 3160 1190 [inscientia
3209 1136 3297 1174 sua
3337 1138 3432 1175 ιιι-η
3458 1122 3645 1189 fallitur,

2138 1215 2226 1282 qui
2252 1229 2350 1267 nos
2385 1214 2543 1281 elegit
2571 1221 2695 1267 ante
2745 1212 3179 1266 constitutionem
3222 1213 3408 1276 mundi,
3453 1228 3535 1267 nec
3560 1230 3629 1280 per

2139 1303 2301 1357 mittit
2324 1303 2422 1358 illis
2453 1305 2728 1358 erroribus
2757 1304 3016 1371 implicari
3059 1320 3072 1356 :
3103 1304 3221 1371 quia
3268 1308 3349 1372 qui
3401 1317 3493 1357 non
3521 1321 3647 1373 usque

2140 1393 2193 1448 in
2223 1394 2382 1449 linem
2414 1395 2897 1464 perseveraverint,
2953 1395 3070 1449 sine
3117 1394 3272 1449 dubio
3298 1394 3403 1464 ejus
3447 1412 3648 1453 essenon

2142 1496 2382 1554 possunt.
2416 1485 2482 1539 Et
2508 1487 2738 1540 discedat
2767 1488 2828 1540 ab
2858 1488 3126 1556 iniquitate
3155 1489 3311 1541 omnis
3347 1490 3424 1556 qui
3468 1491 3649 1544 nominat

2140 1594 2327 1632 nomen
2346 1577 2571 1633 Domini.
2604 1582 2679 1634 {\e
2707 1595 2826 1634 cum
2856 1580 3052 1649 iniquis
3085 1592 3282 1650 pereat.
3328 1579 3387 1634 In
3411 1600 3567 1653 magna
3581 1601 3650 1637 au-

2144 1681 2243 1727 tem
2265 1675 2439 1729 domo.
2473 1673 2549 1728 Ne
2572 1674 2814 1729 dicerent
2846 1674 3012 1743 aliqui
3049 1692 3063 1727 :
3095 1676 3267 1740 Quare
3302 1690 3418 1744 ergo
3467 1674 3649 1729 bn-retici

449 1763 665 1818 Christo
692 1780 704 1815 :
732 1763 965 1831 alioquin
985 1762 1256 1829 quomodo
1303 1763 1677 1818 convivimus?
1727 1764 1848 1833 quia
1895 1763 2039 1817 nulla
2069 1764 2117 1823 B
2142 1764 2225 1817 vel
2253 1764 2377 1818 mali
2406 1762 2693 1818 Christiani
2718 1766 2768 1819 in
2803 1765 3098 1820 Ecclesiam
3130 1766 3501 1835 ingrediuntur?
3541 1767 3651 1836 ponit

449 1854 734 1910 conventio
755 1854 953 1909 Christi
983 1863 1038 1908 et
1062 1838 1245 1908 Belial.
1282 1854 1342 1910 Si
1370 1855 1750 1919 sustinebimus,
1770 1865 1819 1909 et
1860 1870 2038 1907 conre-

451 1947 740 2017 gnabimus.
768 1944 823 2000 Si
842 1944 1247 2011 sustinebimus,
1280 1960 1399 2014 quae
1429 1946 1518 1999 ille
1562 1952 1619 1999 et
1653 1945 1819 1999 verbo
1860 1944 2042 2000 docuit

452 2044 507 2092 et
529 2036 798 2104 exemplo,
829 2046 954 2090 tunc
998 2035 1213 2103 demum
1246 2034 1403 2088 simul
1450 2038 1677 2104 regnare
1700 2034 1990 2104 poterimus
2020 2050 2036 2090 :

453 2146 576 2186 nam
608 2129 651 2183 si
680 2144 807 2195 non,
838 2128 1042 2182 utinam
1068 2126 1151 2181 vel
1167 2126 1375 2180 veniam
1406 2127 1835 2196 consequamur!
1872 2125 1931 2179 Si
1955 2141 2042 2177 ne-

454 2222 708 2291 gabimus,
738 2228 783 2272 et
812 2218 896 2271 ille
924 2217 1123 2288 negabit
1153 2234 1265 2272 nos.
1293 2216 1440 2271 Sicut
1492 2217 1545 2271 in
1606 2217 1751 2270 Evan
1792 2215 1895 2269 elio
1928 2215 2040 2283 ipse

457 2310 725 2381 promisit,
749 2324 809 2363 se
832 2324 1010 2363 coram
1037 2307 1342 2362 hominibus
1365 2313 1638 2375 negantes,
1674 2320 1855 2360 coram
1884 2305 2041 2359 Patre

452 2411 508 2457 et
527 2400 731 2470 angelis
755 2408 1092 2469 negaturum.
1124 2396 1184 2454 Si
1203 2415 1303 2453 non
1327 2399 1601 2462 credimus,
1623 2396 1714 2450 ille
1735 2395 1903 2465 ﬁdelis
1925 2413 2041 2463 per-

456 2500 647 2557 manet,
671 2506 858 2561 negare
878 2488 1100 2559 seipsum
1128 2504 1229 2542 non
1256 2498 1439 2558 potest.
1466 2486 1589 2543 Sive
1616 2486 1905 2549 credimus,
1929 2484 2042 2541 sive

456 2601 564 2641 non
594 2584 881 2651 credimus,
911 2582 1108 2638 veritas
1136 2595 1240 2636 non
1264 2588 1495 2636 mutatur
1516 2596 1532 2646 ;
1552 2578 1647 2635 sed
1665 2579 1706 2634 si
1746 2579 2038 2646 credimus,

458 2676 615 2731 nobis
645 2684 981 2745 praestamus.
1010 2671 1141 2727 Nam
1188 2671 1278 2727 ille
1304 2686 1409 2725 non
1435 2670 1575 2725 aliud
1612 2668 1866 2725 exhibere
1889 2679 2041 2739 pote-

455 2769 524 2820 rit
550 2766 796 2835 singulis,
825 2779 982 2834 quam
1016 2763 1279 2833 promisit,
1310 2761 1433 2831 quia
1464 2760 1672 2816 Veritas
1703 2755 1808 2815 non
1849 2760 2043 2815 menti-

456 2871 566 2925 tur,
598 2874 695 2913 nec
721 2859 862 2912 enim
892 2866 1113 2912 evacuat
1136 2853 1454 2925 promissum
1476 2868 1652 2920 suum,
1678 2854 1779 2910 etsi
1798 2868 1898 2909 non
1926 2869 2044 2908 om-

457 2964 554 3003 nes
579 2946 928 3011 crediderint,
956 2945 1093 2999 sicut
1121 2944 1184 2998 ad
1213 2944 1483 2999 Romanos
1512 2945 1640 3000 dicit
1664 2961 1677 2998 :
1706 2944 1950 3016 Nunquid
1980 2944 2045 2999 il-

456 3042 625 3096 lorum
641 3037 983 3094 incredulitas
1003 3036 1157 3090 (idem
1177 3035 1267 3089 Dei
1284 3034 1739 3090 evacuavit‘lNam
1767 3034 1853 3089 ille
1871 3034 2042 3089 lldelis

2140 1857 2589 1925 comparationem
2622 1872 2827 1927 magna:
2854 1857 3071 1922 domus,
3098 1858 3264 1927 qualis
3294 1859 3441 1912 modo
3466 1859 3649 1913 Ecclesia

2141 1959 2267 2003 ante
2293 1948 2764 2004 resurrectionem.
2794 1935 3039 2018 Magnam
3079 1950 3290 2003 domum
3322 1951 3569 2004 Ecclesiam
3591 1950 3639 2003 di

2140 2044 2232 2108 cit,
2267 2043 2318 2096 in
2341 2057 2442 2112 qua
2472 2052 2595 2096 sunt
2618 2042 2766 2095 mixti
2802 2042 2922 2095 boni
2960 2053 3013 2096 et
3045 2042 3195 2110 mali,
3220 2042 3344 2096 certi
3368 2052 3416 2096 et
3439 2041 3547 2103 ﬁcti,
3585 2041 3641 2110 ju-

2141 2134 2209 2187 sti
2230 2134 2493 2201 etiniqui,
2526 2132 2664 2186 sicut
2684 2143 2739 2186 et
2770 2147 2916 2198 area,
2951 2132 3003 2185 in
3048 2149 3148 2202 qua
3195 2134 3412 2187 triticum
3454 2143 3499 2187 et
3539 2134 3652 2201 palea

2141 2225 2298 2280 simul
2321 2241 2440 2279 cum
2495 2225 2696 2278 zizania
2734 2225 2921 2277 teritur
2977 2225 3260 2303 usquead
3304 2223 3651 2277 ventilationetn.

2141 2319 2274 2373 Nam
2302 2319 2419 2373 sine
2449 2318 2655 2371 macula
2685 2326 2740 2370 et
2767 2331 2896 2385 ruga
2927 2315 3174 2370 Ecclesia
3224 2323 3337 2385 post
3378 2313 3654 2368 resurrectio-

2142 2429 2263 2468 nem
2291 2412 2394 2467 erit
2415 2410 2612 2476 futura,
2642 2424 2765 2464 cum
2797 2408 2997 2461 zizania
3028 2422 3059 2461 a
3083 2407 3261 2461 tritico
3288 2406 3653 2472 fueritseparata.

2141 2502 2273 2558 Nam
2301 2503 2479 2569 modo,
2509 2502 2651 2571 quod
2685 2500 2835 2571 pejus
2857 2508 2957 2566 est,
2990 2498 3148 2553 multi
3180 2498 3283 2552 ficti
3329 2496 3578 2551 Christiani
3598 2496 3658 2548 itt-

2143 2602 2285 2649 trant
2318 2592 2607 2648 Ecclesiam
2629 2633 2643 2657 ,
2674 2599 2729 2645 et
2756 2590 2949 2659 populo
2980 2589 3076 2643 Dei
3101 2588 3378 2642 miscentur
3399 2601 3412 2641 :
3432 2587 3544 2639 sicut
3566 2592 3655 2637 sunt

2142 2681 2437 2743 Maniclttei,
2470 2680 2554 2735 vel
2581 2678 2794 2749 reliqui.
2824 2676 2949 2732 Non
2977 2677 3150 2731 solum
3172 2687 3293 2755 sunt
3312 2692 3421 2729 vasa
3461 2690 3586 2727 aurea
3620 2682 3655 2725 et

2143 2782 2404 2844 argentea,
2427 2771 2676 2842 pretiosa,
2701 2778 2750 2824 et
2764 2768 2921 2839 fortia
2950 2768 3084 2822 :sed
3114 2777 3163 2822 et
3187 2766 3368 2837 lignea,
3409 2764 3655 2830 etﬁctilie:

2142 2875 2189 2918 et
2216 2864 2450 2934 quadam
2478 2861 2680 2931 quidem
2734 2860 2787 2912 in
2836 2857 3107 2921 honorem,
3166 2857 3390 2925 quadam
3437 2863 3575 2906 autem
3618 2850 3658 2901 is

2144 2954 2524 3010 contumeliam.
2562 2951 2697 3006 Vilia
2723 2960 2779 3005 et
2802 2938 3037 3005 inﬁrma.
3091 2947 3152 3004 Si
3193 2948 3306 3017 quis
3335 2955 3481 2998 autem
3520 2957 3658 2994 eiusn-

2146 3047 2337 3099 daverit
2364 3060 2417 3098 se
2444 3043 2505 3097 ab
2538 3042 2673 3106 istis,
2717 3042 2809 3095 erit
2839 3056 2927 3093 vas
2955 3040 3007 3092 in
3032 3040 3299 3093 honorent.
3330 3037 3382 3092 Si
3426 3034 3525 3104 quis
3555 3046 3602 3085 se
3634 3043 3658 3083 ι

460 3141 663 3187 manet.
690 3130 816 3184 Haec
844 3145 1129 3195 commone,
1159 3128 1439 3197 testificaris
1463 3144 1636 3181 coram
1667 3126 1908 3181 Domino.
1931 3126 2040 3183 Sub

2145 3133 2523 3190 seductoribns
2555 3131 2674 3186 istis
2698 3128 2970 3183 brereticis
2996 3125 3388 3189 emundaverit,
3419 3122 3562 3177 credit
3596 3135 3660 3172 rs-

456 3223 828 3280 testilicatione
860 3221 948 3275 Dei
973 3219 1297 3289 constringe.
1326 3218 1455 3272 Noli
1498 3218 1660 3272 verbis
1688 3218 1992 3272 contendere
2024 3232 2045 3272 ε

454 3316 527 3371 ad
556 3314 684 3369 nihil
707 3314 839 3367 enim
863 3311 989 3367 utile
1016 3323 1107 3376 est,
1156 3310 1256 3363 nisi
1303 3311 1371 3363 ad
1422 3310 1793 3364 subrersionsm
1831 3309 2047 3363 audien-

456 3407 740 3464 tium.Sine
763 3406 1079 3461 testimoniis
1108 3402 1502 3474 Scripturarum
1527 3403 1865 3473 :hujusmodi
1900 3404 2041 3459 enim

456 3500 727 3553 contentio
755 3514 857 3551 neu
882 3494 1132 3560 aediﬁcat,
1160 3494 1256 3550 sed
1282 3494 1510 3550 destruit
1537 3495 1838 3550 audientes.
1874 3494 2042 3551 Solli-

456 3591 554 3644 cite
581 3598 752 3643 autem
773 3604 895 3641 cura
923 3588 1141 3659 teipsum
1161 3584 1475 3656 probabilem
1499 3586 1733 3640 exhibere
1753 3585 1879 3640 Deo.
1908 3589 2045 3641 Ante

457 3679 633 3734 omnia
657 3677 757 3733 hoc
785 3677 987 3744 labora,
1021 3685 1077 3731 ut
1130 3676 1289 3730 talem
1318 3685 1369 3730 te
1398 3674 1535 3744 apud
1578 3675 1740 3729 Deum
1768 3674 2041 3739 exhibeas,

457 3787 562 3841 quo
591 3769 783 3825 merito
831 3769 999 3839 possit
1045 3767 1136 3823 tibi
1186 3767 1414 3838 populus
1464 3768 1704 3824 obedire.
1740 3768 2044 3835 Operarinm

456 3860 891 3931 inconfuslbilem.
915 3859 972 3913 lu
988 3859 1128 3912 bono
1148 3871 1311 3926 opere
1339 3857 1447 3911 noli
1472 3857 1746 3912 confundi.
1770 3859 1920 3912 Recte
1936 3868 2043 3912 tra-

458 3962 678 4005 ctantem
710 3950 912 4004 verbum
933 3949 1179 4003 veritatis.
1204 3948 1304 4015 Qui
1335 3947 1533 4003 dictum
1564 3950 1816 4018 exemplo
1843 3965 1874 4004 c
1897 3950 2043 4004 antir-

460 4051 570 4097 mat
597 4058 613 4097 :
642 4040 763 4112 quia
792 4041 930 4095 sicut
972 4047 1342 4095 ornamentum
1395 4040 1516 4094 vita:
1553 4040 1790 4095 doctrina
1838 4052 1939 4110 est,
1968 4043 2036 4097 ita

457 4145 829 4191 ornamentum
861 4134 1116 4189 doctrina:
1138 4134 1470 4189 conversatio
1499 4133 1636 4189 bona
1696 4150 1710 4188 :
1763 4135 1883 4203 quia
1935 4150 2042 4189 non

458 4228 598 4283 bene
624 4226 882 4281 docentur
909 4225 1112 4290 verbis,
1143 4226 1186 4280 si
1209 4224 1553 4281 destruantur
1577 4226 1856 4295 exemplis.
1909 4223 2046 4279 Pro-

461 4320 583 4390 fana
612 4328 781 4371 autem
802 4327 848 4369 et
882 4316 1172 4385 vaniloquia
1218 4316 1384 4369 devita
1432 4332 1463 4369 :.
1502 4318 1713 4370 multum
1758 4319 1894 4371 enim
1936 4333 2049 4384 pro.

464 4412 643 4477 [icinnt
692 4410 759 4461 ad
790 4407 1121 4475 impietatem.
1170 4405 1495 4475 lrreligiosas
1543 4407 2047 4462 l'abulashmretico-

2148 3225 2536 3284 surmclionem
2561 3225 2814 3288 futuram,
2840 3229 2896 3276 et
2913 3220 3176 3291 judicium
3224 3220 3336 3284 Dei,
3386 3231 3443 3271 ac
3477 3228 3554 3284 per
3586 3212 3660 3264 hoc

2147 3334 2308 3376 omne
2334 3333 2468 3387 opus
2499 3317 2697 3371 bonum
2726 3313 2820 3369 Dei
2849 3313 3127 3382 adjutorio
3173 3310 3389 3381 implere
3424 3303 3659 3366 contendit,

2147 3420 2203 3467 et
2237 3412 2344 3467 erit
2372 3423 2465 3464 vas
2501 3422 2720 3477 aureum
2752 3415 2806 3461 et
2835 3412 3180 3473 argenteum,
3209 3403 3341 3472 quod
3380 3401 3486 3469 igne
3523 3410 3663 3467 purga-

2148 3511 2234 3556 tur
2255 3500 2595 3571 magisquam
2625 3496 2983 3553 consumitur.
3044 3494 3449 3561 Sancti/ictuum,
3487 3500 3528 3542 et
3569 3482 3663 3538 utile

2148 3582 2392 3660 Domino,
2411 3595 2478 3647 od
2503 3609 2652 3647 omne
2676 3608 2804 3661 Opus
2827 3592 3012 3644 bonum
3037 3599 3295 3660 paratum.
3324 3587 3427 3641 Non
3452 3581 3664 3653 peccando

2148 3686 2397 3756 capitalia
2432 3701 2447 3738 :
2478 3699 2600 3740 nam
2624 3683 2743 3738 sine
2782 3680 3008 3736 minutis
3039 3679 3277 3749 peccatis
3304 3691 3414 3732 esse
3439 3689 3528 3730 non
3570 3685 3663 3741 pos-

2148 3794 2354 3834 sumus.
2381 3777 2643 3831 Juvenilia
2672 3784 2843 3828 autem
2872 3773 3136 3828 desideria
3166 3773 3299 3844 fuge.
3325 3767 3549 3824 iuvenilia
3592 3762 3665 3816 dc-

2148 3870 2344 3925 sitleria
2370 3879 2421 3922 et
2452 3868 2503 3922 in
2532 3866 2753 3921 senibus
2773 3879 2894 3919 esse
2922 3872 3174 3933 possunt,
3200 3863 3379 3917 si'btec
3403 3866 3540 3929 agunt
3573 3866 3665 3923 qua

2148 3959 2394 4028 gravitati
2418 3971 2522 4012 non
2552 3956 2882 4010 conveniunt
2910 3952 3256 4016 Christianae,
3283 3960 3335 4006 et
3384 3965 3411 4004 a
3431 3944 3664 4018 juvenibus

2151 4050 2242 4105 Dei
2261 4050 2532 4119 juvamine
2558 4047 2697 4102 vinci
2724 4054 2964 4115 possunt,
2983 4044 3027 4099 si
3058 4054 3285 4100 caveant
3308 4043 3564 4098 levitatem.
3591 4035 3666 4091 Sc-

2150 4149 2286 4194 ctare
2307 4155 2422 4193 vero
2436 4137 2715 4209 justitiam,
2740 4136 2914 4205 ﬁdem,
2946 4134 3272 4188 charitatem.
3304 4133 3392 4187 Hic
3430 4130 3562 4184 ﬁdem
3603 4129 3667 4179 in-

2152 4228 2450 4297 tegritatem
2480 4226 2601 4280 ﬁdei
2623 4225 2771 4278 dicit.
2806 4223 2991 4277 Pacem
3012 4238 3130 4275 cum
3160 4223 3237 4275 his
3265 4220 3348 4291 qni
3366 4221 3567 4273 invocant
3588 4212 3665 4267 De

2150 4321 2368 4374 minam.
2394 4318 2584 4371 Pacem
2611 4315 2754 4369 illam
2781 4330 2901 4383 quae
2929 4314 3175 4380 religioni
3199 4313 3430 4375 debetur,
3452 4320 3606 4375 puram
3625 4310 3665 4357 et

2150 4412 2467 4478 simplicem.
2504 4407 2580 4462 De
2600 4395 2759 4461 corde
2784 4421 2931 4476 puro.
2968 4404 3117 4459 Beati
3149 4403 3341 4458 mundo
3374 4400 3537 4465 corde,
3564 4409 3665 4465 quo.

464 4518 581 4557 rum
612 4499 1059 4555 remrreetiouem
1090 4498 1416 4567 negantium.
1463 4514 1557 4567 per
1598 4499 1738 4568 quod
1788 4501 1974 4571 utique
1994 4508 2049 4554 et
2077 4500 2123 4559 D
2151 4504 2292 4557 niam
2321 4502 2419 4571 ipsi
2453 4500 2618 4554 Deum
2647 4498 2925 4552 videbunt.
2966 4494 3167 4550 Stultus
3208 4503 3369 4547 autem
3412 4500 3452 4544 et
3471 4491 3561 4542 sine
3603 4485 3665 4537 di-

459 4592 644 4664 jutlicii
698 4590 891 4645 timore
940 4589 1173 4655 sublato,
1227 4588 1294 4643 ad
1346 4604 1559 4643 omnem
1613 4591 1932 4660 impietatem
1990 4598 2046 4647 et

396 4673 401 4679 ’
464 4685 530 4739 ad
554 4692 744 4739 cuncta
767 4682 990 4736 crimina
1022 4681 1349 4750 pervenitur.
1369 4680 1434 4734 Et
1463 4698 1624 4736 sermo
1644 4699 1821 4736 eorum
1842 4693 1895 4736 ut
1916 4699 2044 4736 can-

463 4791 547 4830 cer
565 4776 740 4843 serpit.
768 4771 974 4827 Cancer
999 4771 1197 4849 dicitur
1221 4785 1340 4827 esse
1367 4772 1556 4825 vulnus
1575 4773 1713 4841 quod
1743 4772 1793 4825 in
1836 4773 2045 4827 mamil-

468 4868 531 4922 lis
557 4866 790 4921 nascitur
818 4864 1131 4920 feminarum
1156 4903 1173 4929 ,
1205 4872 1259 4918 et
1288 4864 1385 4917 nisi
1408 4864 1486 4917 eis
1517 4863 1695 4918 subito
1740 4862 1896 4919 fuerit
1923 4864 2048 4920 sub-

442 4969 705 5022 ventum,
737 4975 856 5012 cum
902 4957 968 5011 ad
1021 4973 1115 5012 cor
1160 4957 1422 5024 serpendo
1471 4956 1788 5023 pervenerit,
1843 4955 2046 5010 nullum

468 5049 604 5103 ultra
637 5048 924 5102 remedium
956 5059 1058 5102 est.
1092 5046 1166 5099 lta
1193 5057 1245 5100 et
1270 5045 1639 5099 haereticorum
1668 5056 1790 5098 sunt
1833 5046 2046 5100 vitanda

467 5137 752 5205 colloquia,
785 5151 853 5191 ne
900 5152 991 5205 per
1038 5150 1193 5191 aures
1229 5134 1689 5190 irremediabiliter
1764 5134 2046 5190 vulnerent

470 5237 728 5283 mentem.
765 5224 846 5279 Ex
873 5226 1053 5293 quibus
1083 5238 1154 5281 est
1184 5225 1238 5279 Η
1242 5243 1492 5297 ymenwns
1517 5234 1563 5279 et
1614 5223 1867 5293 Philetas,
1889 5227 1976 5296 qui
2011 5243 2044 5280 α

468 5322 677 5374 veritate
699 5317 1012 5371 exciderunt.
1068 5315 1289 5371 Nomina
1339 5317 1703 5387 designantur,
1738 5327 1794 5371 ut
1837 5317 2046 5373 noverit

468 5426 601 5482 quos
623 5416 855 5465 caveret.
910 5406 1142 5461 Dicentes
1179 5410 1594 5463 resurrectionem
1646 5413 1762 5479 jam
1804 5409 1992 5478 factum
2022 5425 2042 5465 :

468 5514 515 5555 et
544 5499 1192 5569 subuertuntquorumdam
1231 5499 1401 5567 ﬁdem.
1435 5498 1902 5555 Resurrectionem
1950 5516 2046 5573 po-

472 5604 657 5649 nentes
691 5595 741 5648 in
774 5594 915 5661 filiis,
944 5592 1054 5647 sive
1098 5590 1371 5655 inanima,
1413 5606 1530 5644 cum
1568 5607 1596 5645 a
1627 5592 1765 5645 vitiis
1794 5595 2040 5663 resurgit.

472 5686 576 5739 Sed
600 5697 655 5739 et
680 5686 744 5742 ad
771 5686 1110 5757 decipiendos
1141 5699 1274 5756 quos
1318 5684 1565 5755 perdunt,
1610 5684 1752 5757 illud
1805 5687 2045 5743 testimo-

2148 4587 2369 4666 sci’plina
2413 4591 2713 4663 quwstiones
2742 4587 2928 4650 devita,
2959 4586 3123 4639 sciens
3151 4586 3274 4655 quia
3316 4588 3533 4656 generant
3560 4578 3659 4634 lita.

2152 4685 2342 4742 Stulta:
2367 4693 2487 4737 sunt
2516 4692 2705 4735 omnes
2725 4692 2843 4746 qua:
2889 4677 3009 4730 sine
3035 4673 3310 4744 disciplina
3335 4673 3664 4739 Scripturarunt

2150 4788 2276 4836 sunt
2300 4777 2639 4849 quastiones.
2665 4772 2882 4829 Servum
2936 4779 3105 4824 autem
3150 4769 3354 4823 Domini
3393 4784 3483 4821 non
3515 4768 3665 4834 oportet

2153 4872 2373 4942 litigare.
2396 4872 2596 4925 Servus
2619 4865 2814 4921 Christi
2840 4863 3002 4918 debet
3051 4862 3317 4917 Christum
3366 4857 3561 4921 imitari,
3596 4852 3664 4921 qui

2155 4978 2259 5017 non
2280 4960 2547 5021 clamavit,
2579 4972 2751 5023 neque
2769 4952 3065 5016 contendit,
3088 4967 3186 5007 nec
3223 4950 3415 5010 audivit
3440 4949 3662 5020 quisquam

2155 5055 2206 5107 in
2231 5054 2415 5121 plateis
2447 5067 2633 5105 vocem
2665 5052 2801 5120 ejus,
2857 5058 2964 5105 etc.
3012 5051 3312 5107 Secundum
3361 5043 3487 5116 quod
3526 5040 3582 5093 de
3616 5049 3666 5091 eo

2155 5148 2413 5215 pmpheta
2446 5144 2714 5213 prs-dixit.
2750 5144 2855 5198 Sed
2883 5152 3205 5198 mansuetum
3249 5156 3353 5193 esse
3401 5135 3463 5187 ad
3510 5142 3649 5183 οιιυιιι

2151 5238 2265 5293 Νοη
2288 5237 2461 5292 solum
2490 5235 2556 5290 ad
2588 5235 2806 5290 amicos.
2841 5234 3135 5298 Docibilem,
3159 5231 3439 5302 patientem.
3467 5220 3549 5288 Qui
3570 5228 3660 5284 905‘

2149 5329 2219 5383 sit
2249 5341 2436 5381 omnes
2460 5326 2656 5381 docere
2682 5327 2969 5396 patienter,
2986 5324 3079 5380 sed
3103 5331 3158 5378 et
3180 5321 3384 5377 discere
3403 5330 3494 5370 non
3517 5306 3659 5362 ετιιιιθ

2151 5427 2283 5473 seat.
2317 5416 2442 5470 Cum
2465 5416 2711 5469 modestia
2739 5416 3089 5480 corripientem
3115 5426 3198 5464 eos
3238 5408 3324 5479 qui
3372 5403 3577 5459 resistunt
3598 5406 3659 5443 tte-

2150 5509 2309 5561 ritati.
2341 5506 2589 5561 Noncum
2612 5504 2904 5567 iracundia,
2956 5504 3040 5557 vel
3088 5503 3336 5554 clamore.
3388 5490 3461 5546 Ne
3498 5480 3658 5555 σκαηλθ

2152 5598 2233 5650 det
2265 5597 2367 5649 illis
2393 5596 2528 5648 Deus
2567 5595 2907 5663 paenitentiam
2934 5596 2999 5645 ad
3029 5575 3413 5660 cognoscendam
3432 5578 3657 5663 veritatettt.

2152 5688 2351 5743 Contra
2382 5659 2723 5752 Novatianos,
2748 5686 2835 5754 qui
2865 5681 3244 5755 pmniteutiam
3290 5681 3503 5743 negant:
3524 5659 3668 5721 simul-
