3884 6172
227 280 324 332 0'77

1013 278 1080 334 IN
1120 276 1506 337 EPISTOLA)!
1552 279 1593 336 ll
1636 279 1728 335 AD
1768 273 2172 334 TIMOTIIEUM
2211 274 2730 333 COMMENTARIA.
3405 276 3508 333 678

225 404 328 457 que
359 387 680 454 notandum,
709 387 829 457 quia
857 389 1169 457 poenitentia
1221 389 1316 445 Dei
1346 400 1430 445 est
1457 390 1654 447 donum
1683 406 1697 444 :
1726 405 1820 459 per
1854 391 1896 447 Α
1928 388 2016 459 qui
2049 398 2193 443 tanta
2221 403 2338 442 sum
2370 402 2576 457 passus,
2603 403 2709 440 non
2735 400 2853 441 mea
2876 386 3092 453 virtute,
3116 389 3202 444 vel
3230 374 3524 445 industria—

224 489 369 533 tuam
400 479 586 534 mitem
644 487 697 535 et
719 478 966 533 blandam
996 491 1392 549 correptionem
1424 499 1438 535 :
1490 483 1621 559 hoc,
1646 493 1703 537 ut
1734 482 1819 537 di-

222 582 368 626 ctum
401 580 508 637 est,
538 581 727 627 contra
757 571 1088 628 Novatianos
1120 573 1344 640 dictum,
1374 558 1701 643 pmiiitcniite
1730 591 1823 631 ne-

219 673 481 732 gatores:
514 664 637 733 quia
686 666 847 719 etiam
901 664 984 718 bis
1037 665 1193 720 venia
1249 666 1601 736 promittitur.
1643 669 1733 735 qui
1766 670 1820 723 in

220 756 310 808 tali
346 754 541 808 heresi
560 753 889 810 detinentur.
918 752 985 807 Et
1012 755 1315 823 resipiseant
1338 773 1368 809 a
1390 758 1580 819 diaboli
1603 759 1825 829 laqueis,

218 854 250 897 ti
273 861 379 912 quo
406 846 545 915 capti
569 855 803 900 tenentur
819 847 887 899 ad
913 847 1078 917 ipsius
1099 847 1430 904 voluntatem.
1465 852 1700 920 Accepta
1740 865 1826 905 ra-

219 937 394 991 tione.

285 1028 427 1083 ΟΑΡ.
459 1044 539 1084 ιιι.
572 1028 690 1082 Hoc
714 1038 884 1082 autem
896 1031 1043 1095 scito,
1071 1032 1208 1101 quod
1233 1033 1285 1085 in
1312 1032 1489 1086 diebus
1509 1033 1821 1086 novissimis.

217 1121 339 1175 Non
364 1122 436 1174 sit
469 1120 560 1174 tibi
593 1122 808 1185 mirum,
834 1123 975 1189 quod
999 1123 1239 1191 quotidie
1271 1124 1450 1192 pejora
1482 1125 1821 1192 perveniunt.

218 1211 507 1265 Instubunt
536 1222 767 1279 tempora
787 1212 1099 1283 periculosa.
1119 1213 1384 1269 Dilﬁcilia.
1403 1212 1465 1266 Et
1488 1223 1634 1267 erunt
1659 1214 1826 1268 homi-

216 1319 305 1357 nes
340 1304 535 1372 seipsos
564 1313 813 1358 amantes.
842 1304 1067 1370 Quando
1114 1315 1355 1360 nOStrum
1399 1306 1738 1360 commodmn
1770 1321 1824 1361 et

215 1394 456 1463 gloriam
488 1397 804 1465 quaerimus,
836 1411 933 1452 nos
960 1397 1130 1466 ipsos,
1151 1406 1205 1451 et
1229 1412 1334 1452 non
1360 1397 1525 1451 Deum
1555 1411 1818 1452 amamus.

216 1486 439 1555 Quanto
469 1488 612 1541 enim
641 1489 761 1558 quis
785 1488 836 1541 in
868 1488 1066 1543 intimis
1086 1488 1407 1557 delectatur,
1456 1497 1603 1543 tanto
1660 1502 1689 1541 a
1737 1506 1823 1542 su-

215 1580 528 1647 perzoribus
554 1579 897 1647 disjungitur.
924 1578 1136 1647 Cupidi,
1163 1578 1307 1635 elati.
1341 1578 1523 1645 Avari,
1556 1588 1717 1648 atque
1742 1579 1825 1649 ja-

216 1669 712 1739 ctantes.Superbi,
736 1670 1039 1741 blasphemi.
1061 1670 1314 1726 Nolentes
1336 1671 1565 1736 discere,
1590 1681 1645 1726 et
1672 1687 1824 1728 usur-

218 1772 416 1830 pantes
460 1761 781 1817 doctrinam.
838 1760 1152 1817 Parentibus
1195 1781 1297 1817 non
1338 1765 1639 1819 obedientes.
1672 1765 1820 1820 Vcris
1852 1757 1897 1815 Β

216 1852 435 1907 scilicet
457 1852 793 1919 doctoribus,
826 1853 917 1922 qui
946 1868 1038 1908 eos
1070 1870 1163 1921 per
1214 1855 1562 1925 Evangelium
1612 1870 1820 1925 genue-

218 1953 353 1998 runt.
385 1943 472 1997 vel
502 1944 819 1999 docuerunt.
854 1943 1078 2016 Ingrati,
1103 1948 1321 2015 scelesti,
1369 1950 1479 2001 sine
1516 1939 1819 2020 affectione.

221 2036 338 2092 lloc
371 2045 480 2105 est,
509 2038 626 2092 sine
658 2039 875 2107 pietate.
901 2039 1028 2095 Sine
1054 2057 1176 2109 pace
1200 2043 1814 2099 criminatores.Sancto-

219 2145 340 2183 rum
377 2147 391 2180 :
424 2131 548 2200 quia
581 2134 651 2185 ita
679 2144 739 2185 se
769 2131 930 2187 habet
950 2142 1136 2187 natura
1167 2135 1372 2199 vitiata,
1404 2146 1459 2189 ut
1498 2138 1714 2206 quando
1763 2152 1822 2193 se

219 2238 487 2278 excusare
535 2238 641 2278 non
702 2233 914 2292 potest,
961 2226 1098 2279 alios
1154 2226 1257 2282 sibi
1307 2227 1455 2283 falsis
1507 2230 1823 2286 criminibus

218 2315 521 2381 complices
550 2324 774 2384 quaerat.
806 2314 1210 2385 Incontinentes,
1244 2321 1483 2385 immites,
1523 2324 1633 2377 sine
1679 2324 1823 2378 beni-

216 2404 305 2472 gni
333 2417 441 2459 ate.
472 2405 753 2474 Vitiorum,
785 2407 868 2462 vel
918 2409 1179 2463 avaritim.
1233 2408 1549 2474 Proditores,
1581 2414 1820 2481 proterii,

219 2497 434 2550 tumidi.
465 2497 718 2553 Invicem.
768 2497 1099 2569 Voluptatum
1152 2500 1405 2557 amatores
1456 2506 1617 2577 magis
1668 2522 1824 2576 quam

222 2586 339 2641 Dei.
369 2587 507 2642 Hinc
535 2590 897 2659 cognoscitur,
950 2592 1076 2659 quid
1136 2593 1364 2662 amplius
1402 2594 1706 2664 diligamus,
1767 2596 1821 2650 in

219 2696 329 2747 quo
356 2681 616 2751 majorem
640 2682 1053 2739 sollicitudinem
1083 2683 1281 2739 habere
1308 2685 1566 2740 fuerimus
1595 2687 1818 2741 inventi.

227 2770 489 2825 Habentes
514 2772 716 2842 quidem
736 2774 956 2841 speciem
1007 2775 1229 2844 pictatis.
1285 2775 1530 2844 Speciem
1587 2777 1817 2846 habitus,

220 2863 304 2916 vel
333 2863 623 2917 doctrinae.
663 2863 913 2918 Virtutem
939 2875 1109 2919 autem
1152 2867 1264 2935 ejus
1316 2867 1641 2937 abnegantes.
1688 2869 1819 2923 Rem

220 2952 393 3021 ipsam
419 2954 673 3022 cperibus
696 2955 1041 3025 denegantes.
1094 2955 1159 3010 Et
1213 2958 1307 3011 hos
1355 2958 1547 3012 devita.
1608 2959 1691 3013 Ea:
1741 2961 1821 3014 his

220 3045 357 3098 enim
382 3054 506 3097 sunt
526 3044 611 3111 qui
642 3024 1132 3113 penetrant/domos.
1166 3046 1241 3101 Ne
1261 3061 1608 3118 corrumpant
1648 3049 1817 3103 bonos

222 3150 403 3190 mores
430 3134 697 3204 colloquia
726 3136 884 3191 mala.
916 3136 981 3190 Et
1012 3137 1238 3207 captivas
1268 3139 1464 3192 ducunt
1486 3141 1812 3194 mulierculas

223 3236 459 3279 oneratas
483 3228 720 3297 peccatis.
748 3227 871 3281 Illas
887 3229 1124 3297 capiunt,
1147 3244 1267 3298 quae
1284 3239 1408 3284 sunt
1429 3242 1666 3287 onerata
1691 3247 1814 3302 pec-

224 3319 382 3381 catis,
407 3317 782 3385 impunitatem
814 3318 1014 3373 eisdem
1069 3330 1119 3373 et
1151 3321 1358 3374 veniam
1405 3324 1812 3394 promittentes;

224 3406 339 3461 sive
395 3406 605 3459 animas
655 3406 915 3471 inﬁrmas,
971 3423 1092 3477 quae
1150 3407 1362 3464 feminis
1411 3425 1810 3481 comparantur.

226 3496 353 3561 Qui:
373 3499 633 3552 ducuntur
657 3502 811 3555 variis
834 3501 1114 3556 desideriis.
1159 3503 1302 3557 Nova
1359 3519 1572 3573 semper
1621 3512 1808 3569 audire

223 3587 527 3655 cupientes.
553 3588 765 3659 Semper
786 3591 1051 3654 discentes,
1080 3600 1126 3643 et
1150 3607 1411 3660 nunquam
1436 3595 1505 3647 ad
1521 3597 1810 3655 scientiam.

222 3676 356 3742 Quia
396 3677 525 3731 nihil
573 3678 846 3734 definitum
896 3688 1041 3734 tenet
1088 3680 1176 3751 qui
1223 3683 1404 3737 omnia
1451 3686 1564 3740 vult
1609 3697 1812 3760 tenere,

222 3768 382 3823 etiam
421 3782 527 3823 n0n
552 3770 773 3837 probata
809 3788 822 3823 :
863 3772 982 3839 quia
1025 3786 1142 3839 qua:
1192 3771 1261 3824 ab
1290 3788 1397 3828 uno
1440 3776 1692 3845 audierit,
1741 3782 1810 3837 ab

225 3859 329 3912 alio
358 3859 729 3941 destruuntur.
768 3859 1010 3914 Veritatis
1036 3859 1399 3931 per'eeuientes.
1451 3865 1725 3940 Tanquam
1765 3875 1810 3929 si

225 3950 395 4015 dicas,
423 3964 639 4019 semper
658 3952 1016 4023 ambulantes,
1057 3961 1111 4007 et
1158 3952 1224 4007 ad
1280 3955 1420 4011 viam
1462 3974 1567 4014 non
1618 3978 1807 4030 perve-

224 4041 453 4096 nientes.
490 4042 934 4108 Quemadmodum
985 4053 1154 4098 autem
1209 4042 1416 4101 .Iannes
1452 4060 1499 4103 et
1554 4051 1811 4110 Mambres

223 4132 515 4186 restiterunt
540 4131 732 4205 Moysi,
759 4137 829 4189 ita
846 4146 893 4190 et
913 4134 967 4189 lti
991 4137 1233 4193 resistunt
1275 4140 1491 4195 veritati.
1540 4143 1688 4199 Sicut
1734 4146 1809 4201 illi

223 4234 319 4288 per
346 4225 565 4292 magicae
587 4224 874 4293 fallaciam,
904 4228 973 4283 ita
1006 4239 1062 4285 et
1114 4232 1170 4286 hi
1219 4226 1316 4304 per
1371 4247 1807 4305 argumentorum

226 4314 539 4384 praestigias,
566 4330 629 4371 ac
652 4319 934 4374 verborum
986 4326 1241 4393 argutias.
1293 4326 1539 4381 Homines
1581 4332 1809 4400 corrupti

223 4419 401 4461 mente.
429 4410 681 4480 Corrupti
710 4413 777 4467 ab
822 4412 1133 4485 integritate
1184 4418 1465 4483 doctrinm,
1496 4421 1575 4475 \el
1599 4436 1627 4474 a
1676 4421 1802 4476 ﬁde.

1929 478 1995 533 Et
2017 495 2188 534 omnes
2209 479 2296 548 qui
2324 480 2499 532 volunt
2533 479 2613 546 pie
2642 480 2801 532 vivere
2845 480 2898 531 in
2941 478 3167 546 Christo,
3201 483 3515 549 persecutio-

1926 588 2040 627 nem
2071 569 2472 642 palicrtlttt'.N0tt
2501 571 2674 625 solum
2707 584 2826 638 ego,
2867 570 2963 624 sed
2990 582 3044 625 et
3072 585 3260 627 omnes
3284 574 3374 640 qui
3407 587 3516 627 non

1925 663 2180 720 occidunt
2232 663 2439 717 animas
2492 661 2786 715 adulando.
2831 660 2984 716 Unde
3028 663 3317 718 timendum
3360 665 3519 731 nobis

1926 766 2030 821 est,
2061 771 2128 811 ne
2157 770 2262 809 non
2289 756 2373 823 pie
2404 758 2667 819 vivamus,
2694 754 2785 822 qui
2820 753 2952 807 nihil
3010 755 3243 822 patimur
3296 768 3516 826 propter

1928 847 2114 902 Deum.
2151 848 2281 900 Mali
2310 855 2479 900 autem
2510 846 2738 897 homines
2777 854 2823 897 et
2847 845 3134 900 seductores
3175 849 3438 916 proﬁcient
3465 852 3519 900 in

1926 941 2094 1010 pejus,
2120 949 2372 1006 errantes,
2395 946 2442 990 et
2466 937 2518 989 in
2546 951 2770 988 errorem
2793 937 3063 999 mittentes.
3102 939 3213 992 lloc
3237 939 3305 993 de
3333 939 3519 992 adula-

1925 1030 2131 1082 toribus
2177 1032 2256 1083 vel
2288 1029 2357 1083 de
2389 1028 2659 1085 litereticis
2711 1031 2861 1095 dicit,
2892 1031 2983 1101 qtti
3012 1030 3136 1085 dum
3182 1030 3252 1084 ab
3279 1030 3519 1085 ‘bomini—

1924 1122 2023 1176 bus
2052 1122 2341 1189 diliguntur
2368 1133 2527 1192 atque
2566 1126 2867 1191 laudantur,
2900 1124 3068 1192 magis
3117 1122 3326 1178 seducti
3354 1121 3517 1176 sedu-

1923 1226 2075 1271 cont.
2105 1216 2185 1270 Tu
2206 1234 2321 1271 vero
2346 1236 2585 1289 permane
2610 1222 2661 1272 in
2686 1220 2763 1273 liis
2783 1233 2895 1287 qua:
2938 1218 3166 1271 didicisti
3220 1225 3264 1269 et
3318 1218 3517 1269 credita

1923 1323 2041 1363 sunt
2065 1311 2177 1364 tibi.
2199 1311 2332 1365 Nolo
2361 1312 2791 1369 istatctcrreant.
2811 1313 2987 1367 Sciens
3040 1328 3072 1363 a
3093 1327 3194 1381 quo
3246 1311 3513 1363 didiceris.

1924 1404 1969 1458 A
1996 1418 2123 1458 vero
2156 1406 2397 1471 aposmlo
2426 1406 2648 1461 Christi.
2694 1407 2757 1461 Et
2805 1408 2927 1477 quia
2969 1408 3032 1459 ab
3072 1408 3292 1476 infantia
3342 1423 3516 1460 sacras

1924 1494 2121 1548 litteras
2152 1499 2305 1558 nosti,
2328 1512 2441 1565 qua!
2465 1508 2511 1551 te
2538 1507 2751 1567 possunt
2786 1479 3050 1551 instruere.
3065 1498 3131 1549 ad
3169 1500 3403 1560 salutem,
3428 1513 3517 1565 per

1926 1589 2080 1657 ﬁdem
2111 1606 2223 1653 quw
2252 1600 2326 1644 est
2348 1591 2398 1642 in
2420 1588 2623 1644 Christo
2643 1589 2789 1644 Iesu.
2820 1590 2949 1645 Siue
2972 1591 3077 1643 fide
3116 1589 3312 1644 Christi
3357 1589 3521 1645 modo

1928 1697 2033 1735 non
2059 1690 2281 1750 possunt
2314 1682 2578 1735 instruere
2617 1681 2681 1735 all
2716 1685 2965 1736 salutem.
2997 1682 3175 1734 Omnis
3201 1680 3337 1733 enim
3368 1682 3515 1733 Scri-

1927 1772 2333 1839 pturadirinitus
2352 1772 2620 1838 inspirata.
2637 1772 2945 1840 Quarcunqu
2967 1788 2979 1821 ε
3009 1773 3152 1825 enim
3177 1771 3372 1838 scripta
3391 1778 3518 1822 sunt

1930 1862 1979 1913 in
2000 1860 2137 1929 lege,
2155 1860 2219 1912 ad
2236 1871 2469 1914 nostram
2497 1862 2792 1914 doctrinam
2818 1862 3015 1928 scripta
3045 1870 3194 1924 sunt,
3232 1859 3372 1912 sicut
3403 1860 3518 1927 ipse

1926 1950 2054 2005 alibi
2067 1954 2159 2004 ait.
2179 1950 2267 2004 Est
2282 1951 2420 2003 utilis
2440 1953 2505 2004 od
2519 1953 2822 2019 docendum,
2839 1953 2904 2004 ad
2919 1952 3252 2022 urguendum,
3267 1950 3337 2003 ad
3350 1966 3454 2003 cor:
3466 1952 3520 2001 i-

1924 2043 2249 2112 gendum,ud
2281 2036 2618 2096 erudiendum
2656 2045 2707 2095 in
2733 2044 2959 2113 justitia,
2980 2051 3034 2094 ut
3061 2044 3315 2113 perfectus
3352 2044 3416 2094 sit
3431 2042 3517 2094 ho-

1926 2149 2009 2185 mo
2034 2132 2150 2186 Dei.
2174 2133 2249 2186 De
2280 2133 2389 2199 ipsa
2422 2133 2537 2201 lege
2567 2134 2790 2187 docetur
2834 2132 3110 2201 ignorans,
3162 2141 3402 2200 arguitur
3443 2133 3520 2184 in—

1929 2223 2129 2286 solens,
2187 2224 2474 2290 corripitur
2519 2238 2727 2289 errans,
2761 2223 3006 2275 eruditur
3030 2222 3096 2275 ad
3133 2220 3394 2288 justitiam
3425 2222 3515 2286 qui

1924 2314 2142 2367 modum
2203 2328 2422 2369 servare
2461 2328 2567 2369 non
2611 2315 2776 2368 novit.
2803 2313 2881 2366 Ad
2919 2329 3067 2366 omne
3114 2329 3243 2384 Opus
3300 2313 3511 2366 bonum.

1926 2404 2041 2459 Non
2070 2405 2133 2459 ad
2166 2421 2351 2459 unum.
2373 2405 2398 2458 1
2409 2413 2683 2459 nstruotus.
2708 2404 3000 2473 Propterea
3020 2403 3246 2458 estdata
3274 2403 3518 2471 Scriptu-

1924 2511 2103 2550 rarnm
2135 2497 2440 2550 instructio.

1995 2588 2122 2643 Car.
2156 2605 2226 2642 tv.
2259 2589 2530 2658 Testi/icor
2551 2606 2726 2644 coram
2750 2590 2877 2657 Deo,
2899 2602 2947 2645 et
2973 2588 3177 2645 Christo
3195 2587 3342 2645 Iesu.
3373 2586 3519 2639 Con-

1928 2689 2153 2735 testatur
2184 2682 2329 2736 illum
2359 2697 2458 2751 per
2488 2683 2740 2738 universa
2770 2698 2890 2753 qua:
2923 2682 3117 2739 credit.
3167 2681 3269 2745 Qui
3306 2680 3519 2749 ji-diea-

1926 2779 2071 2824 turus
2092 2781 2164 2824 est
2189 2772 2325 2824 vivos
2343 2781 2388 2824 et
2413 2780 2641 2825 mortuos
2670 2786 2688 2824 :
2729 2781 2778 2825 et
2820 2788 2909 2840 per
2958 2772 3231 2825 adventum
3284 2762 3340 2840 ip
3367 2770 3515 2823 iuset

1923 2880 2133 2933 regnum
2160 2866 2292 2935 ejus.
2323 2864 2460 2931 Quia
2507 2875 2560 2920 et
2611 2874 2856 2920 mortuos
2907 2866 3211 2931 suscitabit,
3261 2874 3317 2920 et
3362 2867 3517 2919 vivos

1925 2954 2179 3009 inveniet.
2217 2954 2450 3017 Prcediea
2476 2955 2705 3020 verbum,
2734 2957 2869 3009 insta
2897 2957 3222 3021 incessanter.
3281 2955 3516 3011 Ferven-

1927 3054 2025 3100 ter.
2063 3044 2383 3117 Opportune,
2413 3048 2721 3114 importune.
2755 3047 3127 3115 Opportunum
3158 3054 3242 3100 est
3287 3046 3514 3099 libenter

1844 3120 1889 3183 (ἶ
1919 3135 2179 3206 audienti,
2198 3140 2561 3206 importunum
2597 3137 2790 3191 invito.
2818 3137 3008 3221 Argue,
3030 3138 3254 3201 obsecra,
3282 3137 3513 3207 increpa,

1918 3226 1973 3279 in
2000 3228 2139 3279 omni
2162 3228 2411 3295 patientia
2429 3237 2483 3303 et.
2499 3227 2757 3279 doctrina.
2782 3227 2962 3295 Argue
3016 3236 3321 3295 peccantes,
3348 3227 3512 3280 obse-

1917 3330 2009 3370 cra
2056 3331 2125 3369 ne
2158 3327 2398 3386 peccent,
2429 3317 2646 3386 increpa
2677 3318 3030 3380 resistentes;
3062 3316 3157 3371 sed
3186 3316 3304 3370 haec
3332 3317 3512 3369 omnia

1916 3421 2037 3460 eum
2071 3407 2323 3475 patientia
2360 3408 2649 3462 secundum
2680 3408 2812 3478 legis
2842 3407 3161 3460 doctrinam.
3217 3404 3331 3459 Erit
3378 3406 3516 3458 enim

1919 3506 2115 3563 tempus
2127 3514 2239 3549 cum
2252 3514 2430 3550 sanam
2448 3498 2730 3549 doctrinam
2746 3514 2844 3549 non
2863 3497 3206 3550 sustinebunt.
3219 3496 3409 3550 Verum
3427 3511 3513 3549 att-

1918 3586 2033 3641 dire
2056 3588 2323 3654 nolentes,
2351 3589 2487 3642 sicut
2517 3588 2745 3657 populus
2774 3588 2937 3641 l-rael
2969 3588 3275 3656 preplietas.
3309 3588 3415 3641 Sed
3442 3588 3511 3640 ad

1916 3674 2011 3734 sua
2037 3681 2287 3735 desideria
2328 3682 2693 3735 coacervabunt
2744 3680 2838 3733 sibi
2868 3681 3158 3751 magistros.
3199 3680 3360 3734 Tales
3404 3680 3508 3734 sibi

1919 3770 2203 3839 magistros
2236 3772 2538 3839 inquirent,
2569 3771 2657 3839 qui
2686 3785 2744 3825 ea
2775 3769 2961 3824 dicunt
2996 3785 3114 3839 quae
3160 3770 3259 3839 ipsi
3287 3770 3500 3824 deside-

1915 3871 2059 3927 rant,
2079 3874 2135 3916 ut
2163 3864 2335 3917 securi
2385 3864 2720 3932 delinquant.
2772 3860 3076 3933 Prurientes
3116 3862 3346 3917 auribus.
3405 3860 3512 3927 Qui

1915 3955 2167 4010 delectari
2215 3954 2542 4021 desiderant,
2594 3968 2699 4007 non
2753 3952 3063 4023 compungi.
3126 3949 3253 4005 Eta
3298 3952 3509 4007 veritate

1914 4048 2118 4116 quidem
2149 4048 2385 4099 auditum
2412 4054 2658 4111 averterit,
2683 4044 2750 4097 ad
2777 4042 2984 4112 fabulas
3012 4052 3182 4097 autem
3211 4053 3508 4097 concerten-

1914 4149 2018 4194 tur.
2046 4139 2089 4194 A
2114 4140 2339 4194 veritate
2358 4138 2674 4208 Scriptura,
2703 4152 2807 4206 qua
2830 4135 2953 4189 vitia
2978 4138 3312 4200 damnamus,
3338 4146 3390 4191 et
3419 4153 3508 4190 ra-

1913 4233 2087 4287 tiones
2115 4234 2397 4295 humanas,
2419 4245 2535 4299 quze
2552 4228 2719 4283 Deum
2736 4243 2841 4281 non
2865 4227 3140 4283 vindicare
3159 4227 3502 4283 concinnant.

1913 4310 1997 4375 Tu
2016 4339 2130 4375 vero
2156 4321 2311 4394 vigila
2341 4336 2361 4375 :
2381 4322 2434 4374 in
2458 4321 2691 4374 omnibus
2716 4319 2913 4374 labora.
2945 4320 3075 4387 Quae
3121 4318 3187 4374 ad
3219 4320 3525 4374 utilitatem

1915 4412 2185 4479 pertinent
2205 4410 2561 4465 audientium.
2596 4410 2741 4479 Opus
2768 4410 2854 4478 [ac
2876 4408 3217 4481 euangelista.
3269 4409 3339 4465 Ut
3390 4425 3505 4467 ver-

225 4495 444 4565 Reprobi
463 4499 602 4552 circa
625 4501 799 4569 fidem.
835 4502 980 4559 Licet
1020 4507 1182 4561 vitam
1230 4509 1556 4578 probabilem
1607 4512 1806 4569 homini
1839 4489 1885 4548 D
1915 4506 2037 4559 hum
2070 4512 2216 4558 tuum
2249 4519 2411 4572 opere
2438 4502 2807 4558 confirmetur.
2837 4501 3180 4555 Ministerium
3234 4512 3375 4555 tuum
3405 4503 3504 4556 im-

224 4589 440 4647 forsitan
472 4594 757 4651 videantur
782 4612 960 4666 agere.
982 4601 1089 4654 Sed
1111 4603 1246 4657 ultra
1275 4620 1375 4659 non
1400 4607 1665 4673 proficient
1691 4624 1710 4663 :
1728 4609 1809 4662 in-

223 4685 453 4752 sipientia
476 4688 615 4743 enim
646 4690 822 4744 eorum
852 4694 1180 4762 manifestata
1207 4699 1302 4751 erit
1320 4699 1572 4753 omnibus.
1602 4700 1713 4754 Non
1739 4700 1808 4757 de

222 4776 463 4831 omnibus
498 4778 765 4835 hmreticis
786 4781 936 4849 dicit,
970 4785 1065 4839 sed
1098 4785 1166 4839 de
1189 4787 1271 4842 his
1295 4797 1496 4843 tantum
1516 4804 1650 4859 quos
1680 4797 1806 4847 tunc

223 4870 329 4920 cito
349 4868 547 4923 destrui
579 4873 924 4941 prtevidebat.
952 4876 1099 4930 Sicut
1134 4888 1182 4932 et
1231 4881 1438 4933 illorum
1488 4881 1605 4947 fuit.
1665 4880 1797 4935 Cum

224 4961 443 5015 confessi
464 4974 588 5019 sunt
617 4965 785 5035 digito
810 4968 902 5024 Dei
935 4986 993 5028 se
1030 4988 1150 5028 esse
1189 4982 1491 5041 superatos.
1522 4971 1603 5025 Tu
1632 4981 1804 5026 autem

223 5067 473 5111 assecutus
497 5076 550 5113 es
582 5062 1079 5129 meamdoetrinam,
1122 5064 1513 5123 institutionem,
1567 5064 1805 5129 proposi-

224 5150 349 5211 tum,
388 5148 563 5215 ﬁdem,
590 5152 1054 5221 longanimitatem,
1102 5155 1445 5219 dilectionem,
1478 5154 1796 5223 patientiam.

225 5236 348 5291 Plus
372 5242 460 5296 tibi
492 5242 560 5297 de
583 5259 668 5299 me
693 5245 854 5301 crede
884 5261 1045 5316 quam
1076 5247 1193 5300 illis
1220 5263 1233 5299 :
1286 5248 1409 5301 sive
1462 5247 1662 5300 idcirco
1709 5247 1803 5300 tibi

225 5342 329 5380 non
361 5332 537 5399 timeo,
567 5336 691 5404 quia
718 5336 829 5391 scio
860 5346 910 5392 te
937 5338 1101 5392 vitam
1154 5352 1326 5393 meam
1358 5338 1559 5407 optime
1602 5352 1772 5407 cognu

225 5423 379 5479 visse.
404 5427 805 5494 Persecutiones,
839 5433 1126 5498 passiones,
1148 5433 1326 5500 qualia
1369 5432 1494 5484 mihi
1527 5435 1662 5500 facta
1682 5440 1800 5483 sunt

225 5516 514 5585 An'iorhite,
552 5520 720 5575 Iconii
742 5531 788 5577 et
814 5522 1059 5593 Lystris:
1083 5523 1257 5591 quales
1289 5524 1657 5593 persecutiones
1687 5538 1803 5574 sus-

224 5610 349 5659 tinui
366 5654 378 5673 ,
407 5623 450 5662 et
474 5628 535 5666 es
564 5614 797 5687 omnibus
824 5630 904 5675 me
930 5615 1121 5685 eripuit
1171 5613 1438 5667 Dominus.
1495 5612 1569 5667 Ex
1596 5611 1681 5666 his
1708 5627 1800 5681 po-

220 5703 372 5775 iusti
397 5719 561 5775 cogno
592 5722 740 5776 cere,
765 5723 849 5764 me
871 5708 1005 5764 nihil
1050 5717 1267 5781 propter
1310 5707 1553 5763 homines
1602 5705 1805 5773 facere,

1912 4593 2532 4665 ple..Episcopatus;vel
2554 4594 2919 4664 unusquisque
2954 4593 3005 4646 in
3040 4606 3131 4646 sua
3164 4594 3504 4661 professione

1912 4688 2267 4745 ministerium
2293 4701 2446 4742 suum
2479 4686 2716 4757 impleat.
2748 4685 2861 4755 Ego
2910 4686 3047 4739 enim
3092 4687 3208 4754 jam
3259 4685 3454 4738 delibor
3482 4702 3503 4740 :

1908 4793 1956 4837 et
1979 4792 2176 4853 tempus
2205 4795 2331 4834 mete
2383 4780 2710 4834 resolutionis
2762 4779 2940 4831 instat.
2982 4775 3201 4830 Delibor
3235 4792 3249 4825 :
3296 4775 3395 4829 hoc
3418 4785 3505 4829 est

1910 4875 2184 4929 immolor.
2210 4873 2429 4927 Mortem
2462 4886 2614 4925 suam
2645 4871 2792 4936 quasi
2814 4868 3132 4922 sacrificium
3188 4865 3299 4918 Deo
3351 4864 3498 4917 futu-

1907 4983 2020 5021 ram
2049 4965 2209 5029 dixit,
2235 4974 2427 5019 uteum
2455 4963 2519 5016 ad
2551 4962 2863 5032 martyrium
2910 4970 3248 5029 provocaret.
3296 4957 3498 5011 Bonum

1906 5069 2159 5112 certamen
2190 5056 2375 5109 certavi
2395 5070 2414 5108 :
2434 5070 2636 5108 cursum
2668 5052 3032 5105 consummavi.
3064 5049 3340 5121 Modojam
3368 5062 3494 5103 con-

1904 5151 2134 5205 ﬁdenter
2166 5147 2423 5211 hocdicit,
2457 5148 2507 5201 in
2532 5156 2777 5200 extremo
2798 5144 2923 5198 vita:
2947 5143 3117 5198 limite
3146 5144 3492 5199 constitutus.

1904 5243 1981 5297 Ita
2010 5241 2190 5308 utique
2209 5240 2315 5305 jam
2345 5239 2531 5292 merita
2562 5250 2653 5291 sua
2682 5236 2825 5290 bona
2848 5245 3258 5303 commemorat,
3284 5246 3340 5289 ιιι
3372 5243 3494 5303 post

1908 5332 2047 5389 bona
2079 5331 2264 5385 merita
2294 5340 2651 5399 consequatur
2673 5344 2950 5398 coronam,
2975 5333 3059 5400 qui
3082 5342 3196 5400 post
3224 5328 3359 5382 mala
3381 5339 3497 5378 me-

1909 5426 2010 5479 rita
2040 5434 2356 5478 consecutus
2395 5432 2486 5493 est
2530 5422 2777 5491 gratiam.
2824 5422 3063 5492 Denique
3100 5421 3324 5476 attende
3363 5416 3497 5487 quid

1908 5526 2178 5586 sequatur.
2206 5514 2467 5583 Superest,
2504 5512 2698 5579 inquit,
2726 5514 2848 5567 mihi
2869 5531 3058 5568 corona
3069 5512 3315 5583 justitite,
3339 5523 3494 5577 quam
3520 5516 3521 5519 ‘

1906 5609 2082 5664 reddet
2117 5606 2237 5661 mihi
2275 5606 2589 5660 Daminusin
2618 5607 2709 5659 illa
2742 5607 3005 5677 diejustus
3022 5604 3211 5677 judex.
3240 5600 3339 5656 Cui
3371 5598 3499 5653 red.

1907 5701 2056 5757 deret
2088 5713 2339 5754 coronam
2389 5696 2565 5768 justus
2616 5696 2814 5768 index,
2843 5697 2884 5752 si
2915 5711 3021 5752 non
3064 5695 3322 5751 donasset
3373 5705 3498 5763 gra-
