3910 6174
355 302 454 356 ϐῖο

1482 291 1783 351 Ριιικιλειι
1829 286 2282 346 ADRUMETANI
2329 283 2545 341 EPISC.

3507 284 3629 345 680.

290 408 295 413 ’
353 419 477 470 tiam
507 414 808 470 misericors
839 413 1027 470 Pater?
1054 420 1108 466 et
1133 409 1401 481 quomodo
1430 380 1593 462 esset.
1644 407 1745 460 ista
1771 417 1931 458 coro-
1963 409 2011 470 Α
2038 400 2253 454 a'rarius
2282 397 2440 450 multa
2465 378 2597 447 mala
2621 392 2741 447 mihi
2768 393 2989 447 ostendit
3017 411 3035 459 ,'
3065 393 3243 446 reddat
3284 398 3334 447 ei
3369 392 3611 449 Dominus

352 525 420 565 na
443 510 689 578 jnstitim,
721 506 820 561 nisi
840 506 1225 579 pra-cessisset
1270 501 1462 571 gratia,
1517 514 1638 568 qua:
1662 495 1928 566 justiﬁcat

354 602 576 671 impium
601 602 623 653 τ
649 599 927 666 Quomodo
955 599 1050 653 ista
1076 598 1254 651 debila
1285 595 1619 657 redderetur,
1653 591 1755 645 nisi
1784 588 1933 658 prius

355 695 444 750 illa
472 694 699 762 gratuita
728 694 1054 747 donaretur?
1081 690 1265 745 Fidem
1304 690 1496 743 servavi
1513 704 1533 742 :
1558 687 1609 740 in
1635 687 1834 754 reliquo
1859 701 1935 737 re-

354 787 521 857 posita
532 795 605 839 est
622 785 747 838 mihi
761 800 949 838 corona
954 784 1195 853 justitite.
1215 781 1396 835 Fidem
1414 794 1572 849 quam
1587 778 1789 846 accepi,
1808 778 1859 828 in
1876 774 1937 828 li-

357 892 477 931 nem
516 892 685 943 usque
723 891 819 943 per
850 876 1073 943 gratiam
1116 872 1232 941 ejus
1273 869 1514 932 servavi,
1557 882 1717 944 quam
1747 866 1937 921 reddet

359 968 488 1021 mihi
517 967 568 1021 in
600 968 685 1020 illa
715 967 800 1020 die
820 967 994 1035 justus
1018 964 1202 1033 judex,
1244 963 1331 1031 qui
1381 977 1465 1015 me
1495 962 1647 1013 novit
1675 974 1842 1025 usque
1871 958 1935 1010 ad

360 1068 588 1112 mortem
622 1071 716 1125 pro
739 1055 941 1126 justitia
966 1056 1133 1123 ipsius
1163 1053 1429 1123 ailjutorio
1469 1050 1773 1116 dimicasse.
1816 1047 1938 1102 Itan

359 1153 524 1204 solum
554 1160 723 1202 autem
754 1148 900 1212 mihi,
933 1150 1019 1199 sed
1047 1155 1094 1199 et
1141 1147 1205 1198 iis
1232 1146 1336 1211 qui.
1369 1143 1468 1209 Qui
1507 1158 1593 1197 me
1622 1140 1820 1196 fuerint
1847 1139 1941 1193 ad-

357 1240 533 1308 jntore
564 1240 669 1292 Deo
698 1238 905 1290 imitati.
937 1237 1169 1307 Diligunt
1202 1236 1479 1289 adventum
1509 1237 1642 1304 ejus.
1695 1231 1942 1287 Gaudent

362 1331 631 1383 Christum
662 1330 895 1393 venisse,
926 1337 980 1382 et
1002 1326 1260 1395 justitiam
1288 1326 1537 1380 docuisse
1558 1342 1571 1377 ε
1591 1324 1673 1379 vel
1703 1312 1943 1392 quotidie

363 1423 516 1491 plena
541 1422 645 1475 ﬁde
671 1420 886 1500 dicunt:
908 1420 1172 1475 Adveniat
1200 1433 1420 1488 regnum
1456 1427 1624 1470 tuum.
1650 1412 1862 1469 Festina
1878 1415 1947 1467 ad

361 1530 440 1567 me
467 1513 632 1566 uenire
660 1514 757 1565 cito
787 1527 804 1565 :
838 1512 1020 1565 Demus
1070 1512 1203 1564 enim
1253 1525 1333 1563 me
1382 1508 1671 1575 dereliquit,
1727 1507 1946 1576 diligens

363 1606 460 1657 hoc
498 1602 767 1665 swculum,
796 1612 843 1656 et
866 1602 991 1655 abiit
1038 1598 1472 1656 Thessaloiticant.
1511 1599 1743 1654 Necesse
1788 1607 1947 1653 estut

364 1694 594 1762 diligens
624 1693 1118 1762 smculivoluptates
1151 1694 1480 1761 relinqueret
1501 1707 1605 1745 non
1630 1698 1900 1744 amantem
1929 1706 1941 1742 :

2034 490 2312 543 secundum
2338 503 2493 554 apera
2520 489 2650 558 ejus.
2676 486 2938 552 Quoniam
2974 484 3148 539 verbis
3169 485 3257 538 Dei
3286 487 3503 549 restitit,
3526 486 3609 541 ha-
3662 474 3665 477 ’

2035 582 2158 638 beat
2186 597 2306 634 cum
2341 580 2449 637 Deo
2471 580 2757 633 rationem.
2813 578 2975 644 Quem
3025 587 3075 631 et
3125 589 3179 631 tu
3232 580 3402 631 devita
3432 594 3450 632 :
3478 582 3613 635 valde

2035 674 2168 726 enim
2195 674 2378 725 restitit
2408 672 2568 724 verbis
2600 670 2803 723 nostris.
2839 670 2894 723 Si
2926 668 3125 722 nostris
3154 668 3383 735 restitit,
3426 680 3614 736 quanto

2037 762 2370 829 magistuis?
2400 762 2576 815 Monet
2623 775 2817 814 cavere
2867 773 3166 825 perversos.
3222 757 3287 811 In
3319 760 3495 829 prima
3517 777 3617 812 mea
3698 786 3711 797 ι

2038 855 2510 925 defensionemmo
2553 854 2678 904 mihi
2734 851 2817 919 απ
2849 852 2907 912 it,
2964 852 3052 904 sed
3099 866 3269 903 omnes
3320 866 3404 901 me
3451 854 3620 903 dereli-

2038 952 2294 1018 querunt:
2327 961 2427 997 non
2459 945 2565 996 illis
2592 952 2875 1012 reputetur.
2908 941 3131 1008 Quando
3163 940 3395 1007 primum
3453 939 3617 992 Evin-

2039 1042 2234 1113 gelium
2264 1040 2399 1106 coepi
2432 1037 2744 1093 defendere.
2804 1035 3053 1089 Dominus
3099 1044 3268 1085 autem
3298 1033 3464 1085 astitit
3485 1036 3619 1096 mihi,

2040 1146 2087 1188 et
2115 1132 2416 1203 coitfortavit
2445 1147 2539 1183 me.
2564 1131 2695 1184 Cum
2723 1129 2851 1183 dicit
2883 1120 2981 1182 sibi
3033 1128 3313 1180 Dominum
3368 1127 3612 1179 omnibus

2041 1225 2418 1280 deserentibus
2445 1221 2700 1287 adfuisse,
2733 1222 2955 1289 gratiam
2986 1232 3177 1273 comm:
3200 1216 3351 1271 ndat.
3386 1226 3441 1269 et
3466 1233 3529 1269 ne
3555 1218 3616 1270 ti-

2044 1326 2188 1372 meat
2212 1317 2541 1371 cuhmtatur.
2573 1312 2640 1367 Ut
2668 1329 2756 1385 per
2783 1328 2862 1365 me
2912 1310 3209 1382 praedicatio
3246 1307 3547 1375 impleatur,
3576 1318 3623 1361 et

2044 1410 2256 1473 audiant
2284 1423 2457 1461 omnes
2486 1414 2678 1475 gentes.
2721 1404 2837 1459 Non
2866 1404 3007 1473 quod
3039 1416 3138 1471 ego
3187 1405 3323 1457 mori
3363 1404 3623 1467 timerem,

2046 1500 2134 1569 qui
2166 1497 2373 1551 Domini
2400 1497 2595 1550 auxilio
2615 1495 2816 1565 jugiter
2861 1495 3209 1551 defendebar.
3258 1495 3333 1549 Et
3398 1497 3629 1550 liberatus

2046 1609 2157 1645 sum
2186 1590 2247 1644 de
2273 1607 2359 1644 ore
2386 1588 2570 1643 leonis.
2633 1588 2783 1643 Eruit
2838 1604 2925 1643 me
2960 1589 3214 1643 Dominus
3242 1595 3311 1644 de
3349 1606 3447 1643 ore
3473 1589 3545 1645 Fc
3576 1592 3626 1653 ti,

2048 1682 2137 1752 qui
2170 1681 2337 1735 inme
2364 1680 2649 1743 saeviebat;
2687 1682 2770 1735 vel
2825 1681 3047 1735 diaboli.
3107 1680 3373 1734 Liberavit
3412 1698 3488 1733 me
3534 1680 3627 1733 Do-

362 1785 485 1853 quia
514 1799 674 1839 omne
697 1785 891 1838 animal
915 1784 979 1838 ad
998 1784 1096 1838 sibi
1124 1785 1298 1838 simile
1319 1783 1677 1847 coniungitur.
1704 1779 1946 1834 Crescens
1978 1790 2024 1847 Β
2051 1776 2218 1828 minus
2245 1774 2307 1827 αι’
2335 1773 2471 1827 omni
2499 1787 2648 1842 apere
2674 1772 2832 1838 malo,
2859 1781 2907 1825 et
2932 1774 3127 1826 salvum
3155 1772 3330 1841 faciet.
3363 1772 3446 1827 Ab
3471 1771 3628 1827 omni-

364 1876 414 1926 in
443 1873 723 1939 Galatiam,
756 1874 899 1927 Titus
920 1876 972 1928 in
1018 1872 1332 1927 Dalmatiam
1370 1872 1576 1943 :Lucas
1626 1878 1700 1925 est
1749 1884 1945 1922 mecum

365 1965 527 2017 solus.
553 1964 642 2017 Isti
667 1980 771 2017 non
802 1966 1053 2018 sacculum
1078 1963 1369 2032 diligebant
1402 1978 1417 2019 :
1452 1961 1947 2028 alioquincommn-

367 2055 524 2119 niter,
558 2054 841 2124 diligentes
867 2056 1120 2110 smculum
1150 2056 1355 2111 dixisse
1384 2054 1661 2108 debuerat.
1713 2052 1946 2105 Marcum

364 2162 584 2211 assume,
617 2157 661 2198 et
682 2147 851 2199 adduc
879 2158 1044 2201 tecum
1075 2157 1187 2201 :est
1217 2146 1507 2200 en’mmilti
1552 2147 1695 2199 utilis
1722 2147 1773 2198 in
1802 2146 1945 2199 mini-

366 2236 541 2292 sterio.
574 2238 628 2289 In
659 2237 1015 2291 ministerium
1045 2239 1203 2292 etiam
1234 2240 1497 2292 sermonis
1526 2250 1579 2292 ct
1611 2238 1946 2303 prmdicatio-

367 2326 472 2381 nis.
502 2325 781 2395 Tyclticum
809 2337 972 2380 autem
1000 2329 1113 2381 misi
1143 2327 1423 2397 Ephesum.
1465 2329 1735 2397 l’cnulam,
1790 2345 1945 2398 quam
1970 2350 1979 2359 ι

366 2417 547 2485 reliqui
578 2416 777 2485 Troade
800 2418 941 2487 apud
969 2417 1212 2483 Carpam,
1244 2421 1445 2472 veniens
1485 2420 1615 2487 affer
1659 2431 1842 2484 tecum,
1899 2430 1947 2474 et

364 2508 544 2571 libros,
576 2510 794 2563 maxime
822 2520 992 2569 autem
1039 2521 1086 2564 et
1143 2511 1481 2566 membranas.
1534 2513 1729 2566 Penula
1779 2512 1947 2567 vestis

368 2606 488 2651 erat
512 2599 806 2655 consularis
833 2602 1174 2670 antiquorum
1205 2604 1562 2657 Romanorum
1614 2622 1627 2657 :
1658 2619 1814 2674 quam
1847 2619 1963 2674 pe-.

370 2688 550 2742 nulam
573 2706 678 2743 non
697 2691 829 2744 dixit
853 2693 1016 2747 fuisse
1065 2709 1261 2747 suam:
1315 2696 1651 2763 pctuitenim
1705 2712 1824 2752 eam
1882 2697 1946 2751 ad

369 2779 532 2847 pedes
560 2782 799 2849 Apostoli
858 2784 996 2837 inter
1016 2795 1210 2838 CJ'l'Ta
1250 2785 1438 2853 aliquis
1475 2801 1768 2842 conversus
1790 2787 1855 2841 ad
1883 2788 1949 2841 li-

367 2870 492 2924 dem
514 2869 711 2927 Christi
768 2875 1010 2941 posuisse
1060 2875 1417 2931 vendendam.
1473 2877 1764 2931 Alexander
1808 2878 1953 2947 faber

2048 1868 2145 1921 bus
2173 1866 2378 1920 insidiis
2396 1880 2607 1919 eorum.
2636 1862 2701 1916 In
2719 1880 2930 1930 regnum
2943 1880 3092 1916 suum
3115 1863 3336 1928 sceleste,
3366 1864 3453 1916 cui
3477 1864 3627 1933 gloria

2048 1960 2101 2012 in
2119 1954 2303 2010 uacula
2317 1959 2635 2011 steculorum.
2654 1957 2826 2010 Amen.
2845 1956 3105 2022 Qumiiatn
3122 1956 3246 2010 hinc
3260 1972 3352 2011 me
3375 1955 3626 2024 liberavit,

2052 2062 2101 2103 ct
2134 2050 2182 2101 in
2208 2065 2426 2117 regnum
2452 2042 2895 2103 imlncetﬁSaluta
2930 2047 3185 2112 Priscum,
3213 2057 3259 2101 et
3296 2049 3565 2119 Aquilam,
3587 2060 3628 2104 et

2058 2140 2362 2206 (luesip/iori
2389 2141 2615 2193 domum.
2652 2138 2861 2193 Erastts
2889 2142 3131 2195 remansit
3184 2139 3451 2195 Corinthi.
3503 2141 3619 2195 Tro-

2058 2236 2291 2301 pltimum
2319 2242 2489 2287 autem
2520 2233 2705 2303 reliqui
2730 2232 2989 2301 inﬁrmum
3031 2231 3217 2287 Mileti.
3262 2232 3367 2285 llic
3399 2234 3626 2287 ostendi-

2056 2338 2143 2383 tur
2168 2342 2286 2396 qua:
2321 2328 2543 2395 apostoli
2603 2341 2708 2379 non
2763 2334 2979 2395 propter
3024 2318 3402 2380 inﬁrmitatem
3460 2326 3623 2379 carnis

2054 2420 2332 2483 curabant,
2355 2417 2447 2472 sed
2479 2426 2534 2471 ut
2561 2420 2708 2487 signa
2740 2426 3121 2482 monstrarent,
3172 2432 3295 2473 cum
3331 2434 3465 2473 suos
3489 2419 3633 2476 disci-

2056 2511 2209 2580 pulos
2235 2525 2338 2563 non
2367 2519 2638 2563 sanarent.
2672 2506 2886 2563 Festina
2912 2520 3029 2563 ante
3068 2498 3287 2564 hiemem
3318 2513 3514 2567 venire.
3542 2511 3632 2567 Ss-

2056 2604 2220 2655 lutant
2249 2610 2298 2652 te
2326 2600 2574 2663 Eubulus,
2606 2609 2650 2653 et
2682 2599 2910 2660 Pudens.
2943 2611 2989 2653 et
3022 2602 3203 2655 Linus'
3232 2614 3279 2655 et
3318 2601 3563 2668 Claudia,
3589 2613 3631 2657 tt

2060 2694 2243 2763 fratres
2281 2710 2471 2746 omnes.
2520 2691 2769 2746 Dominus
2810 2692 2963 2746 Jesus
3012 2692 3242 2748 Christus
3286 2711 3409 2747 cum
3464 2698 3628 2766 spiritu

2059 2795 2167 2839 tuo.
2194 2784 2372 2838 Gratia
2390 2784 2662 2837 vobiscum.
2703 2783 2881 2837 Amen.
2927 2784 3027 2849 Qui
3070 2800 3232 2840 carne
3289 2798 3539 2859 mortuus
3557 2797 3633 2842 est

2062 2876 2372 2946 spiritaliter
2386 2877 2589 2930 vivens.
2621 2875 2843 2945 Scripta!
2873 2876 2940 2930 ab
2969 2876 3129 2933 [Lbet

374 2999 2853 3045 σω

1053 3124 1610 3204 EPISTOLA
1670 3122 1923 3203 DIVI
1959 3118 2314 3202 PAULI
2355 3117 2510 3200 AD
2556 3078 2963 3199 TITUM.

918 3346 1417 3402 ARGUMENTUM.

375 3457 544 3513 Titum
574 3458 977 3525 commonefacit,
1014 3470 1058 3512 e’
1082 3459 1286 3511 instruit
1320 3459 1383 3511 de
1416 3440 1775 3510 constitutione
1815 3474 1955 3526 pres-

445 3529 623 3597 byteri,
646 3529 767 3581 etde
779 3530 995 3599 spiritali
1017 3531 1412 3599 conversatione,
1437 3539 1480 3580 et
1502 3529 1749 3583 hwreticis
1791 3531 1952 3582 uitau-

449 3603 531 3652 dis
551 3601 638 3668 qui
658 3601 709 3651 in
731 3598 995 3669 scripturis
1015 3598 1047 3651 Ι
1057 3601 1253 3651 udaicis
1284 3602 1433 3651 credit
1442 3609 1518 3652 nt.

444 3711 622 3766 Caper
647 3726 864 3765 Patuuu.
897 3708 1094 3763 Paulus
1134 3726 1307 3763 servus
1338 3707 1449 3762 Dei.
1488 3708 1685 3765 Servus
1700 3718 1811 3763 erat
1838 3709 1954 3775 Dei,

382 3819 486 3858 non
517 3804 740 3870 peccati.
766 3800 1040 3863 Apostolus
1063 3809 1232 3853 autem
1275 3799 1401 3855 Jesu
1428 3799 1635 3854 Christi.
1698 3799 1960 3854 Discrevit

376 3896 753 3964 apostolatum,
788 3894 911 3961 quia
953 3907 1057 3945 non
1088 3891 1263 3945 omnis
1290 3895 1377 3960 qui
1419 3905 1645 3957 servus,
1699 3891 1875 3944 statim
1905 3899 1961 3945 et

378 3980 671 4053 apostolus.
720 3984 846 4039 Ideo
898 3982 1201 4050 apostolus,
1240 3984 1361 4051 quia
1410 3997 1504 4051 per
1557 3982 1730 4049 ipsum
1765 3983 1960 4036 missus

380 4078 551 4132 {iterat
578 4076 887 4143 praedicare.
916 4074 1208 4129 Secundum
1239 4073 1389 4139 fidem
1427 4073 1699 4126 electorum
1741 4081 1785 4124 et
1814 4073 1961 4144 agni-

380 4170 569 4223 tionem
610 4169 857 4230 veritatis,
879 4182 991 4233 qtae
1015 4166 1291 4219 secundum
1336 4165 1572 4233 pietatem
1602 4175 1673 4217 est
1704 4152 1778 4217 in
1819 4180 1959 4233 spem

378 4263 496 4315 cita:
520 4272 741 4315 ceternar.
762 4260 1067 4314 Secundum
1098 4273 1215 4312 eam
1251 4259 1407 4310 [idem
1441 4272 1598 4326 quam
1642 4257 1756 4324 ipse
1786 4255 1963 4310 infun-

379 4350 481 4415 dit,
508 4350 717 4405 etfacit
750 4349 1054 4412 credentes,
1081 4361 1215 4415 quos
1271 4355 1326 4400 et
1372 4347 1423 4399 in
1481 4342 1816 4414 pragscicntia
1868 4361 1960 4399 sua

380 4440 567 4509 elegit,
594 4442 736 4493 sicut
762 4440 888 4492 dicit
912 4456 925 4491 :
951 4439 1063 4492 Non
1093 4454 1186 4491 vos
1210 4453 1293 4492 me
1315 4439 1679 4506 elegist‘s,scd
1702 4455 1799 4510 ego
1823 4441 1960 4511 elegi

378 4544 497 4585 vos.
535 4531 700 4597 Quam
726 4533 978 4594 promisit.
1011 4530 1316 4598 Agnoscitis
1344 4534 1645 4597 veritatem,
1691 4542 1743 4587 et
1766 4534 1963 4588 veritas

383 4619 632 4675 liberabit
656 4610 783 4683 vos,
806 4620 930 4689 quia
962 4621 1157 4673 veritas
1186 4621 1427 4677 Christus
1454 4634 1550 4677 est.
1576 4625 1676 4689 Qui
1698 4642 1796 4679 non
1826 4641 1964 4678 men-

2480 3003 3619 3033 mm

2858 3026 2861 3027 ,
2984 3026 3618 3033 ,,e---,-,_w_‘_

1989 3346 2031 3405 C
2069 3343 2287 3396 Paulum
2323 3353 2376 3398 ct
2404 3343 2704 3399 Barnabam
2732 3348 3001 3417 segregari
3029 3348 3282 3417 praecl-pit
3312 3360 3363 3402 u'
3395 3348 3633 3420 gentibus

2061 3437 2429 3504 pra-dicarem.
2481 3437 2775 3493 Secundum
2806 3457 3120 3495 communem
3152 3442 3306 3510 fidem
3340 3457 3360 3496 :
3389 3444 3556 3513 gratis
3590 3450 3635 3495 et

2061 3543 2162 3594 pax
2200 3543 2229 3578 a
2265 3527 2369 3582 Dco
2403 3526 2560 3583 Patre
2586 3527 2711 3582 Jesu
2740 3527 2939 3585 Christo
2988 3532 3257 3587 Saluatore
3303 3545 3503 3589 nostro.
3536 3534 3630 3589 Se-

2060 3621 2288 3673 cundum
2335 3637 2675 3677 communem
2709 3625 2865 3681 tidem
2894 3626 3022 3690 filTo,
3050 3640 3153 3679 non
3196 3637 3411 3681 natura.
3460 3626 3626 3698 Hujus

2060 3720 2131 3766 rei
2162 3717 2327 3785 gra'ia
2379 3718 2563 3787 reliqui
2594 3729 2641 3772 te
2668 3718 2849 3787 Crettt,
2883 3730 2937 3772 ut
2962 3736 3020 3773 eo
3042 3736 3154 3788 quae
3180 3721 3365 3774 desunt
3393 3723 3633 3791 corrigas,

2060 3811 2107 3855 ct
2137 3806 2411 3860 constituas
2440 3823 2531 3875 per
2552 3811 2777 3863 c'vita'es
2806 3811 3122 3881 presbyteros
3167 3811 3296 3878 Qua:
3318 3813 3535 3877 desunt,
3559 3830 3635 3867 re-

2060 3905 2149 3947 cto
2201 3902 2386 3949 tenore
2442 3900 2683 3967 corrige;
2739 3911 2793 3954 et
2844 3911 2968 3954 tunc
3022 3902 3233 3955 demunt
3300 3904 3633 3975 presbyteros

2062 3986 2261 4053 poteris
2287 3987 2565 4055 ordinare,
2602 4004 2723 4043 cum
2758 4006 2945 4045 omnes
2970 3993 3021 4045 in
3051 3992 3290 4047 Ecclesia
3327 3994 3527 4051 fuerint
3557 4010 3635 4050 re-

2063 4079 2154 4132 cti.
2191 4080 2333 4132 Sicut
2363 4092 2408 4133 et
2439 4097 2531 4151 ego
2559 4083 2650 4135 tibi
2680 4083 2931 4153 disposui.
2962 4086 3055 4139 Illo
3078 4087 3264 4141 ordine
3288 4104 3397 4156 quo
3426 4090 3480 4143 in
3509 4103 3636 4157 pra:-

2063 4173 2199 4225 senti
2233 4174 2503 4229 mandavi.
2539 4174 2599 4229 Si
2632 4177 2745 4244 quis
2772 4178 2880 4231 sine
2907 4178 3117 4230 crimine
3144 4187 3238 4244 est,
3284 4181 3439 4235 unius
3470 4181 3638 4234 uadis

2062 4263 2158 4315 rir.
2199 4263 2497 4318 Notandum
2528 4268 2652 4335 quia
2693 4268 2745 4321 in
2775 4269 3053 4323 sacerdote
3083 4270 3242 4323 etiam
3277 4273 3326 4324 li.
3348 4274 3421 4326 ita
3459 4273 3637 4341 prohi-

2065 4351 2274 4408 bentur.
2308 4352 2469 4410 Filios
2494 4356 2679 4412 habens
2709 4361 2907 4426 ﬁdeles,
2937 4378 3037 4415 non
3066 4364 3118 4416 in
3146 4365 3471 4418 accusatione
3493 4367 3637 4419 lm-

2064 4443 2173 4507 riaz,
2205 4453 2293 4496 aut
2323 4462 2425 4498 non
2447 4448 2695 4501 subditos.
2718 4449 2807 4503 'Ne
2847 4467 2951 4505 non
2984 4452 3151 4521 possit
3183 4454 3448 4508 audenter
3477 4455 3637 4507 corri-

2068 4548 2193 4599 pere
2220 4532 2631 4605 delinquentes,
2672 4538 2784 4593 sive
2834 4550 2887 4593 ut
2933 4543 3353 4611 experimentum
3387 4544 3638 4598 doc'rinz

2068 4624 2184 4691 ejus
2229 4624 2296 4679 de
2352 4625 2514 4680 domo
2553 4644 2645 4682 sua
2703 4630 2981 4699 disciplina
3027 4644 3295 4698 tia-catur,
3355 4648 3409 4689 et
3463 4638 3637 4690 timeat

384 4713 509 4766 titur
528 4709 684 4765 Deus.
714 4710 771 4767 Si
802 4725 903 4763 non
938 4710 1212 4777 mentitur,
1230 4726 1333 4765 non
1367 4711 1507 4765 aliud
1558 4714 1769 4769 exhibet
1803 4731 1958 4783 quam
1988 4683 2043 4744 Β
2066 4717 2369 4785 exemplum
2391 4715 2755 4784 Heli.0portet
2798 4724 2933 4774 eum
2963 4724 3256 4791 episcopum
3295 4726 3407 4778 sine
3434 4727 3637 4778 crimine

384 4803 625 4873 promisit
655 4800 885 4870 etjustis
906 4801 1107 4855 scilicet
1137 4814 1184 4855 c:
1212 4799 1443 4869 injustis,
1486 4806 1726 4872 quamvis
1767 4805 1959 4859 durum

382 4880 485 4952 hoc
532 4895 836 4952 hominibus
887 4896 1151 4951 videatur.
1229 4895 1325 4951 Vel
1347 4898 1424 4952 sic
1465 4915 1479 4953 :
1514 4901 1667 4966 Quod
1722 4901 1967 4969 promisit

386 4987 613 5043 Abrahae
637 4999 686 5044 et
711 4989 905 5044 semini
938 4987 1076 5058 ejus,
1136 4988 1188 5040 in
1236 4986 1452 5045 Christo
1521 4991 1780 5059 implebit.
1836 4991 1966 5046 Ante

385 5092 613 5145 tempora
627 5082 911 5137 stccularia.
945 5088 1083 5142 Ante
1113 5086 1287 5140 omnia
1307 5095 1543 5154 tempora
1561 5099 1655 5152 per
1673 5084 1861 5139 Filium
1881 5098 1966 5137 sa-

391 5168 563 5223 lntarc
590 5171 890 5239 credentes,
922 5190 1056 5244 quos
1123 5177 1282 5247 elegit
1341 5186 1465 5231 ante
1521 5175 1959 5231 constitutionem

385 5262 590 5316 mundi.
623 5261 969 5334 Manifestuvit
1024 5279 1193 5322 autem
1242 5268 1549 5337 temporibus
1596 5268 1704 5321 suis
1757 5269 1960 5321 verbum

383 5370 535 5406 suum
580 5354 634 5407 in
686 5356 1120 5423 pra'dicationem,
1154 5376 1266 5429 qua
1295 5361 1487 5413 credita
1516 5371 1589 5413 est
1634 5360 1779 5413 mihi.
1808 5360 1958 5414 Tunc

384 5444 743 5499 manifestavit
772 5447 1055 5501 consilium
1087 5464 1263 5515 suum,
1296 5451 1509 5519 quando
1534 5451 1673 5519 quod
1708 5450 1959 5518 prtescie-

386 5540 553 5590 ratse
593 5535 874 5603 facturum,
921 5552 1134 5593 omnem
1167 5541 1374 5595 scilicet
1400 5542 1657 5595 mundum
1698 5556 1725 5594 a
1751 5540 1954 5610 justitia

385 5621 744 5681 declinantem
779 5630 829 5683 in
878 5628 1034 5685 ﬁdem
1083 5630 1387 5686 adduceret.
1424 5633 1718 5687 Secundum
1773 5648 1962 5702 prlece-

387 5722 530 5777 pmm
581 5715 861 5772 Saluatoris
904 5725 1064 5774 nostri
1102 5720 1215 5775 Dei.
1251 5721 1365 5775 Tito
1414 5723 1597 5777 dilecto
1647 5723 1777 5791 filio.
1810 5722 1987 5790 Quod

2067 4822 2195 4860 esse.
2250 4807 2429 4877 Ipsum
2458 4810 2585 4863 dicit
2626 4812 2932 4877 cpi-collum
2961 4808 3117 4882 quem
3147 4816 3393 4881 superius
3427 4816 3635 4882 presby-

2070 4907 2241 4952 terum
2278 4900 2591 4953 nominavit.
2624 4900 2771 4955 Sicut
2821 4901 2915 4956 Dei
2957 4905 3382 4973 dispensatorem.
3416 4904 3469 4958 Si
3498 4904 3629 4957 enim

2071 4986 2421 5041 humanarum
2456 4988 2630 5059 legum
2669 4991 3068 5057 dispensatores
3109 4995 3258 5060 probi
3315 5003 3628 5062 qnzerantur,

2070 5079 2254 5147 quales
2286 5094 2407 5133 esse
2433 5080 2629 5133 debent
2660 5081 2748 5149 qui
2785 5081 2961 5135 divina
2986 5081 3105 5150 jura
3151 5082 3494 5152 dispensant?
3515 5080 3629 5135 Non

2066 5174 2355 5240 superbum,
2389 5191 2487 5227 non
2532 5176 2853 5240 iracundum,
2888 5192 2991 5228 non
3021 5176 3352 5227 vinolentum.
3394 5176 3500 5229 Non
3528 5175 3624 5229 sibi

2070 5267 2389 5335 placentem.
2426 5265 2547 5319 Non
2578 5282 2947 5334 percussorem,
2991 5282 3091 5319 non
3134 5267 3300 5333 turpis
3344 5264 3629 5334 lucricupi-

2068 5360 2211 5411 dum.
2243 5359 2358 5411 Non
2388 5358 2545 5413 debet
2570 5358 2764 5412 Christi
2792 5358 3085 5425 discipulus
3113 5371 3393 5425 percutere
3423 5373 3511 5425 pro
3529 5370 3627 5421 quo

2069 5449 2311 5501 Christus
2342 5462 2627 5517 percussus
2653 5458 2753 5503 est.
2786 5450 2913 5503 Item
2944 5450 3099 5503 aliter
3123 5465 3136 5502 :
3156 5447 3231 5502 Nc
3260 5449 3397 5501 mala
3426 5463 3624 5501 Conver-

2072 5539 2276 5593 satione
2308 5554 2400 5593 sua
2428 5541 2810 5594 conscientiam
2836 5542 3101 5609 percutiat
3132 5538 3240 5591 alio
3271 5553 3360 5591 um
3390 5556 3399 5588 :
3431 5540 3511 5606 qui
3542 5547 3631 5588 nec

2072 5641 2225 5698 turpe
2253 5630 2457 5685 lucrum
2490 5647 2583 5702 per
2628 5631 2991 5686 adulationem
3043 5628 3237 5684 si‘cta-i
3283 5626 3466 5696 jubctu
3499 5670 3516 5695 ,
3554 5632 3633 5699 qui

2073 5725 2310 5777 cretosus
2360 5721 2564 5793 sperat.
2631 5723 2935 5779 Secundum
2993 5736 3194 5776 rnorem
3245 5720 3648 5799 Strijturartm-
