3884 6172
215 266 287 318 lilii
911 258 919 265 ’
1069 259 1131 313 lN
1175 255 1553 313 EPlSTULAM
1597 256 1681 310 AD
1721 258 1724 272 ⁴

1839 253 1929 309 Ubi
1969 249 2477 307 COMMEN'I'MHA.

3292 224 3396 306 ini

213 377 349 443 minio
367 373 475 427 vitia
497 372 781 438 damnavit,
808 383 858 426 et
881 372 958 428 sic
982 373 1206 426 virtutes
1230 371 1452 425 inseruit
1476 389 1489 425 :
1516 377 1570 423 ut
1598 370 1717 425 est‘:
1750 373 1800 432 Λ
1826 384 1951 438 ergo
1989 368 2123 424 alius
2159 361 2533 420 non’sanctus.
2577 363 2693 418 Non
2735 364 2849 417 uino
2897 365 3054 418 multo
3097 366 3387 420 servientes.

210 473 426 524 Dives-tea
456 467 616 531 maio,
649 477 702 520 et
743 466 824 520 fac
867 467 1083 519 bonum.
1133 463 1236 518 Sed
1280 462 1600 533 Itosp:talem,
1637 463 1719 513 be-

206 557 481 627 nigrtttrtLUt
509 558 741 626 li05pites
769 571 888 624 eum
924 555 1252 625 benignitate
1302 551 1574 622 suscipiat.
1624 551 1722 605 So-

206 650 354 713 lﬂ'llt'ﬂ,
384 656 588 698 castum.
620 646 701 700 Ab
728 645 874 698 omni
903 644 1149 698 crimine.
1190 640 1418 704 Iustum,
1466 647 1717 693 sanctum.

195 737 374 790 Justum
416 733 464 788 in
492 734 715 801 judicio,
766 744 1006 787 sanctum
1037 732 1088 784 in
1115 745 1277 800 opere
1323 743 1419 797 per
1443 729 1720 783 continen-

208 830 327 880 tiam.
354 827 709 880 Continentcm.
764 824 872 878 lloe
903 822 1056 887 dicit,
1109 836 1174 875 ne
1203 821 1322 890 quia
1354 821 1536 874 uxoris
1563 823 1722 872 nn'us

201 918 392 983 dixerat,
417 915 586 968 locum
618 914 1016 968 incontinentiae
1042 912 1252 965 dedisse
1277 920 1569 978 putaretur.
1605 909 1722 960 Am-
1741 921 1773 948 ο

203 1011 456 1074 plectentem
485 1023 595 1059 eam
620 1007 706 1073 qui
748 1005 1023 1058 secundum
1052 1003 1336 1056 doctrinam
1386 1012 1478 1064 est,
1523 1001 1724 1067 ﬁdelem

196 1113 460 1152 sernwnem.
491 1095 558 1150 Ut
594 1095 778 1164 diligat
803 1095 1121 1157 doctrinam,
1153 1103 1207 1146 et
1249 1107 1461 1160 semper
1490 1089 1612 1145 inde
1642 1091 1722 1140 lo-

196 1199 374 1254 quatur,
411 1202 512 1240 non
566 1186 767 1239 tabulas
821 1199 989 1239 vanas
1032 1193 1086 1238 et
1130 1183 1327 1237 otiosas
1365 1190 1618 1236 sectetur.
1657 1179 1724 1235 Ut

192 1289 342 1340 potens
361 1281 420 1332 sit
439 1277 718 1331 exhortari.
741 1275 885 1329 Talis
906 1275 1182 1344 eligendus
1204 1284 1304 1339 est,
1333 1277 1420 1343 qui
1452 1285 1504 1328 et
1532 1273 1723 1328 exhor-

193 1373 274 1423 tari
301 1371 469 1438 possit,
520 1377 576 1422 et
616 1368 1043 1422 contradicentes
1085 1381 1330 1436 arguere.
1379 1365 1442 1418 in
1487 1366 1722 1418 doctrina

187 1475 312 1524 sana,
343 1467 388 1511 et
439 1474 524 1512 eos
565 1457 654 1526 qui
697 1457 1052 1510 contradicunt
1099 1456 1419 1525 redarguere.
1453 1453 1592 1508 Sana
1623 1454 1721 1506 do-

187 1551 332 1604 ctrina
363 1548 442 1602 illa
488 1557 719 1616 estquae
768 1557 920 1601 sanat
961 1545 1361 1608 audientes,'ut
1391 1543 1529 1613 quod
1582 1543 1722 1597 dono

189 1641 264 1693 Dei
294 1641 460 1702 habet,
496 1653 603 1692 non
649 1637 701 1692 ei
749 1637 941 1691 existat
971 1637 1232 1703 ingratus,
1281 1635 1381 1688 sibi
1412 1635 1513 1689 hoc
1557 1636 1722 1688 ascri-

1824 459 1928 514 Sed
1977 474 2160 527 parum
2204 459 2466 512 bibentes.
2513 455 2646 508 Bene
2690 457 2922 508 docentes
2972 467 3024 509 at
3070 458 3392 527 prudentiam

1825 550 2055 603 doceant.
2093 549 2294 604 Docere
2336 546 2602 616 permisit,
2636 547 2729 599 sed
2761 545 2999 600 feminas.
3034 549 3393 602 Αιιοιτεσρηιη-

1826 641 1920 693 las.
1943 640 2066 694 Sive
2091 638 2208 708 quia
2234 637 2570 692 continentes
2592 641 2763 698 erant,
2794 635 2906 688 sive
2933 651 2998 689 ne
3025 637 3240 691 verbum
3275 639 3386 701 Dei,

1825 737 2073 797 tanquam
2102 728 2378 781 dissidinin
2412 727 2733 795 prmdicans,
2766 725 3182 792 bIaSphcmelur.
3217 728 3281 780 Ut
3311 731 3386 780 vi-

1825 839 1906 875 ros
1927 839 2042 874 suos
2063 832 2248 875 amen'.
2279 821 2390 873 Non
2414 819 2636 872 alienos.
2656 813 2821 869 Filios
2845 816 3083 887 diligant:
3105 823 3392 884 prudentes,

1826 925 2012 980 castas,
2044 915 2222 968 domus
2255 929 2431 965 curam
2456 913 2712 977 habentes,
2743 914 3011 980 benignas,
3044 914 3272 967 subditas
3294 917 3396 968 suis

1825 1007 1962 1062 viris.
1997 1007 2071 1061 Ne
2103 1010 2243 1061 vfros
2280 1022 2406 1061 suos
2438 1007 2488 1060 in
2519 1005 2692 1068 aliquo
2726 1007 3044 1060 contristent
3090 1021 3183 1074 per
3228 1009 3394 1074 negli-

1827 1097 2080 1168 gentiam.
2111 1097 2176 1150 Ut
2199 1113 2298 1150 non
2327 1097 2699 1163 blasphematur
2728 1096 2926 1148 iarbam
2951 1093 3064 1148 Dei.
3093 1095 3167 1151 Ne
3189 1097 3271 1152 vel
3301 1097 3398 1166 ipsi

1827 1187 2198 1257 blasphemeut
2223 1228 2237 1251 ,
2278 1188 2321 1241 si
2351 1195 2536 1255 gentes
2577 1193 2729 1249 sunt;
2777 1186 2859 1240 vel
2900 1185 2987 1239 alii
3025 1186 3268 1242 videntes
3307 1203 3399 1242 eas

1826 1277 2034 1348 pejores
2051 1275 2516 1332 eil‘er-tanarenes
2537 1271 2768 1329 similiter
2785 1276 3009 1339 hortare,
3029 1287 3084 1330 ut
3099 1277 3251 1330 sobrii
3271 1278 3394 1332 sint.

1827 1368 1989 1422 Aufer
2012 1367 2299 1436 juvenibus
2324 1367 2543 1420 luxuria:
2565 1381 2778 1420 causam
2805 1365 3038 1420 tollendo
3060 1367 3394 1423 ebrietatem.

1773 1483 1782 1490 -
1828 1455 1891 1508 In
1924 1456 2154 1509 omnibus
2182 1458 2394 1524 teipsum
2424 1456 2607 1526 praebe.
2639 1454 2694 1507 ln
2727 1455 3004 1519 omnibus,
3035 1457 3117 1509 vel
3153 1471 3272 1524 qua)
3300 1459 3398 1512 de-

1825 1552 1972 1609 cent,
2006 1545 2125 1610 vel,
2159 1561 2262 1598 non
2304 1546 2472 1598 solum
2505 1559 2748 1611 corpore,
2777 1541 2870 1596 sed
2902 1554 2952 1596 et
2984 1554 3180 1598 mente.
3216 1544 3401 1598 Eaent-

1825 1625 1967 1705 plum
1994 1639 2236 1690 bonorum
2264 1653 2492 1705 operum.
2519 1635 2595 1690 Ne
2621 1636 2866 1702 exemplo
2887 1635 3133 1690 destrnas
3157 1637 3400 1703 verbum,

185 1730 351 1782 bendo.
383 1728 520 1782 Sunt
546 1730 680 1781 enim
714 1727 859 1780 multi
887 1727 1035 1780 etiam
1076 1726 1432 1784 inobedientes.
1461 1725 1717 1794 uaniloqni
1753 1723 1794 1779 Β
1827 1730 1906 1783 vel
1927 1729 2184 1783 audenter
2215 1727 2470 1796 corripias
2500 1727 2656 1781 alios.
2690 1724 2754 1778 In
2784 1726 3015 1779 doctrina
3035 1729 3397 1796 integritatem,

183 1829 222 1872 et
257 1821 553 1872 κόπτοι-ες.
607 1817 984 1872 lnobedientes
1031 1816 1338 1884 apostolica:
1370 1816 1626 1869 doctrina:
1656 1816 1720 1869 ad

185 1908 362 1960 nullum
393 1907 696 1974 profectum
730 1905 1040 1974 loquuntur.
1076 1904 1296 1957 Maxime
1316 1905 1402 1972 qui
1423 1904 1486 1956 de
1506 1904 1723 1956 circum-

183 1998 344 2049 cisione
365 2006 500 2060 sunt,
534 2011 656 2065 quos
689 2003 883 2062 oportet
922 1994 1160 2062 redargui
1186 2009 1203 2046 :
1232 1994 1320 2058 qui
1346 1995 1605 2046 universas
1632 1993 1722 2045 do-

183 2101 272 2139 mos
313 2089 624 2138 subvertant.
655 2084 756 2152 Qui
802 2083 1058 2136 humanas
1102 2082 1430 2148 traditiones,
1474 2097 1578 2136 non
1629 2081 1724 2136 Dei

183 2177 398 2231 mandata
428 2178 740 2244 loquuntur.
777 2174 1023 2228 Docentes
1053 2189 1165 2242 qua:
1194 2189 1293 2226 non
1339 2181 1533 2242 oportet
1562 2175 1722 2241 turpis

185 2267 296 2319 lucri
333 2268 526 2337 gratia.
571 2265 700 2332 Quae
751 2265 860 2334 jam
914 2262 1178 2332 superﬂua
1232 2272 1357 2316 sunt
1397 2263 1724 2330 temporibus

181 2356 372 2422 Christi,
394 2356 744 2411 cteremonias
767 2345 966 2409 scilicet
991 2349 1315 2408 Judazorum.
1344 2349 1486 2406 Dixit
1516 2353 1721 2422 quidam

183 2464 236 2500 es
269 2448 380 2502 illis.
413 2449 618 2514 Quales
653 2455 778 2500 sunt
806 2465 818 2498 :
850 2457 905 2500 ut
935 2445 1092 2501 etiam
1125 2460 1154 2499 a
1193 2445 1306 2500 suis
1339 2445 1442 2499 tale
1495 2444 1724 2498 habeant

181 2539 542 2593 testimonium.
590 2538 834 2607 Proprias
877 2539 1105 2606 ipsorum
1153 2537 1416 2604 prapheta.
1455 2534 1724 2604 Epimeni-

179 2629 276 2690 des,
301 2629 406 2683 sive
435 2627 827 2683 Callimachus.
851 2625 1128 2680 Cretenses.
1159 2622 1488 2693 Epimenidis
1535 2637 1722 2676 versus

181 2721 478 2787 hexameter,
529 2722 622 2790 qui
652 2721 702 2773 in
727 2718 913 2773 Graeco
955 2719 1066 2772 suis
1109 2717 1333 2786 pedibus
1359 2724 1484 2770 stat.
1515 2714 1726 2779 Semper

178 2814 432 2876 mendaces,
462 2810 622 2864 malis:
646 2811 837 2866 bestiis.
869 2811 1122 2863 Amantcs
1153 2805 1508 2868 mendacium,
1533 2814 1588 2860 et
1617 2821 1720 2858 non

179 2905 414 2971 quomodo
435 2905 582 2958 solet
610 2903 827 2965 incurri,
857 2900 948 2954 sed
979 2915 1189 2967 semper
1219 2915 1231 2950 :
1266 2906 1538 2950 voratores
1562 2895 1722 2949 etiam

177 3005 218 3046 et
244 2994 405 3048 otiosi.
447 2993 670 3046 Venti-es
695 2992 846 3060 pigri.
883 2991 1080 3044 ideirco
1111 2989 1266 3043 ferias
1289 2997 1341 3040 et
1364 2987 1468 3041 Otia
1497 2987 1725 3040 libenter

1827 1823 2158 1888 gravitatem:
2191 1814 2622 1882 verbunt'sanum,
2652 1816 3108 1884 irreprehensibile.
3141 1816 3210 1870 Ut
3234 1817 3405 1872 sciant

1826 1910 2094 1979 quomodo
2124 1911 2367 1964 doceant.
2407 1908 2473 1962 Ut
2514 1909 2554 1961 is
2587 1898 2690 1977 qui
2720 1924 2781 1960 ex
2811 1907 3023 1961 adverso
3061 1917 3135 1961 est
3177 1919 3401 1962 reverti-

1829 2009 1947 2064 tur,
1979 2001 2111 2053 nihil
2140 2001 2322 2053 habens
2364 1999 2554 2052 malum
2590 1999 2756 2052 dicere
2785 2004 2848 2051 de
2887 1997 3048 2052 nobis.
3075 1998 3200 2064 Quis
3231 2007 3405 2067 potest

1825 2091 2232 2156 contradicere,
2281 2091 2326 2144 si
2361 2089 2485 2160 quid
2529 2090 2634 2143 tale
2676 2089 2916 2166 notaret?
2963 2088 3147 2143 Servos
3175 2089 3401 2142 dominis

1825 2183 1929 2236 suis
1957 2182 2184 2236 subditos
2214 2195 2318 2234 esse
2342 2221 2356 2244 ,
2409 2181 2462 2232 in
2491 2179 2720 2232 omnibus
2749 2179 3023 2246 placentes.
3058 2178 3112 2230 In
3153 2179 3402 2233 omnibus

1825 2290 1942 2343 qua:
1969 2275 2234 2341 imperant
2252 2271 2414 2340 juste.
2444 2269 2562 2322 Non
2582 2269 3004 2334 contradicentes,
3034 2284 3132 2322 non
3153 2272 3404 2337 frauJau-

1826 2374 1918 2418 tes.
1947 2362 2024 2418 Ne
2049 2377 2167 2418 eum
2193 2360 2611 2416 murmuratione
2640 2358 2840 2414 faciens
2861 2367 2912 2412 ct
2942 2357 3141 2414 homini
3167 2357 3401 2428 ingratus

1827 2455 1930 2517 sis,
1975 2462 2031 2508 et
2071 2452 2372 2508 mercedem
2413 2466 2515 2506 non
2561 2450 2756 2505 habens
2799 2449 2936 2517 apud
2980 2449 3168 2504 Deum.
3205 2449 3309 2504 Sed
3349 2453 3402 2503 in

1827 2545 2054 2597 omnibus
2080 2544 2230 2609 ﬁdem
2259 2533 2438 2596 bonam
2466 2543 2800 2609 ostendentes.
2829 2539 2953 2596 Sive
2983 2542 3033 2594 in
3067 2541 3129 2594 iis
3153 2555 3272 2608 qua
3300 2541 3400 2594 sibi

1826 2632 2149 2696 creduntur;
2200 2632 2313 2686 sive
2357 2639 2414 2683 ut
2456 2632 2740 2684 ostendant
2789 2643 2988 2698 opere,
3039 2629 3238 2683 bonum
3281 2643 3404 2683 esse

1827 2723 1966 2792 quod
1993 2723 2237 2777 credunt.
2272 2719 2338 2776 Ut
2371 2723 2652 2774 doctrinam
2683 2719 2968 2774 Saluatoris
3001 2718 3159 2771 nostri
3188 2715 3287 2771 Dei
3318 2734 3402 2774 or-

1827 2824 1943 2866 nent
1970 2814 2022 2865 iu
2062 2811 2312 2865 omnibus.
2346 2812 2411 2864 Et
2452 2825 2634 2864 eorum
2679 2809 2930 2876 operibus
2955 2807 3310 2871 collaudetur,
3343 2803 3402 2862 ul

1829 2905 2042 2960 videant
2071 2920 2228 2972 opera
2260 2912 2430 2956 vestra
2465 2902 2625 2965 bona,
2653 2910 2707 2954 et
2737 2898 3033 2970 gloriﬁcent
3063 2898 3273 2951 Patrem
3308 2911 3400 2951 ve.

1828 3005 2014 3049 strnm.
2047 2997 2294 3064 Apparuit
2325 3003 2491 3046 autent
2524 2991 2618 3044 Dei
2652 2992 2818 3060 gratia
2859 2988 3142 3044 Saluatoris
3166 2981 3401 3042 omnibus

177 3083 453 3136 admittunt.
482 3082 854 3136 Testimonium
895 3080 988 3132 hoc
1018 3095 1185 3132 verum
1215 3088 1306 3131 est.
1337 3077 1394 3132 Si
1424 3077 1522 3132 hoc
1549 3077 1721 3131 solum

1829 3087 2115 3141 hominibus
2135 3085 2366 3138 erudiens
2389 3100 2498 3137 nos.
2523 3083 2728 3136 Nullam
2750 3080 3018 3149 excipiens
3037 3079 3398 3134 conditionem

180 3190 334 3229 verum
359 3184 461 3240 est,
491 3175 606 3227 alia
636 3171 761 3225 falsa
791 3172 936 3224 dicit.
971 3171 1044 3222 0b
1075 3186 1223 3237 quam
1267 3185 1468 3222 causam
1517 3169 1724 3238 increpa

175 3264 271 3315 illos
296 3267 413 3316 dare
442 3274 495 3316 ut
525 3263 649 3316 sani
674 3264 772 3315 sint
796 3262 846 3312 in
868 3262 986 3328 fide.
1019 3260 1236 3314 Severe.
1268 3259 1387 3312 Non
1415 3260 1725 3314 intendente;

176 3349 384 3406 Judaicis
424 3353 624 3424 fabulis
652 3361 698 3403 et
732 3351 983 3404 mandatis
1010 3349 1288 3403 hominum.
1326 3350 1726 3405 Traditionibus

175 3442 414 3509 humanis,
438 3445 506 3497 de
525 3441 727 3510 quibus
751 3457 776 3492 a
800 3439 1073 3496 Salvatore
1095 3447 1405 3508 arguuntur,
1432 3441 1722 3494 secundum

176 3530 369 3593 Isaiam,
421 3533 600 3586 Deum
643 3546 745 3583 non
796 3528 978 3591 corde,
1037 3526 1128 3580 sed
1177 3527 1330 3580 labiis
1378 3526 1722 3582 honorantes.

172 3622 492 3674 Arertentium
508 3635 574 3673 se
602 3635 634 3670 a
658 3617 881 3670 veritate.
916 3615 1097 3668 Omnia
1120 3616 1311 3668 munda
1336 3615 1560 3667 mundis.
1595 3615 1724 3679 Quia

174 3710 324 3764 adhuc
343 3711 648 3765 secundum
677 3709 844 3777 legem
876 3705 1116 3774 quaedam
1149 3703 1410 3758 vocabant
1432 3704 1722 3758 immunda.

170 3800 501 3870 Coinquinatis
523 3809 766 3854 autemet
790 3796 1077 3865 infidelibus
1105 3797 1232 3850 nihil
1253 3806 1322 3849 est
1348 3798 1591 3850 mundum
1608 3799 1727 3851 :setl

172 3888 414 3956 inquinata
451 3899 578 3942 sunt
607 3902 786 3941 eorum
819 3893 863 3938 et
910 3893 1146 3948 mens,-ct
1193 3885 1516 3938 conscientia.
1569 3886 1726 3940 Coin-

168 3977 346 4043 quinali
370 3987 494 4032 sunt
523 3986 583 4032 et
611 3974 876 4036 inﬁdeles,
921 3973 1008 4041 qui
1059 3987 1162 4026 non
1193 3965 1621 4047 creduntjugum
1651 3974 1727 4029 le-

169 4068 237 4135 gis
255 4066 552 4134 Christum,
580 4064 834 4119 donando
852 4063 1028 4129 tidem,
1049 4078 1075 4114 a
1097 4062 1235 4116 collo
1255 4062 1585 4118 credentium
1607 4064 1724 4119 abs-

171 4159 383 4215 tulisse:
420 4160 475 4214 id
519 4168 608 4213 est
649 4143 826 4210 omnia
871 4171 987 4225 quae
1035 4155 1398 4224 temporaliter
1456 4155 1512 4212 in
1562 4155 1726 4226 figura

165 4249 355 4304 inerant
381 4252 536 4304 data.
570 4249 892 4316 Conﬁtentur
920 4265 974 4301 se
1004 4262 1146 4300 nosse
1175 4245 1363 4314 Deum,
1390 4248 1538 4316 factis
1559 4257 1727 4302 autem

162 4351 343 4410 negant.
377 4341 672 4395 Nrminern
696 4338 767 4392 ita
793 4352 850 4392 se
877 4338 1060 4391 dicunt
1088 4351 1246 4391 nosse
1273 4336 1542 4391 Christum
1563 4378 1578 4399 ,
1607 4339 1727 4407 qui-

1826 3180 1908 3232 γει
1938 3192 2124 3232 sexum
2143 3218 2155 3240 ,
2187 3185 2239 3229 ct
2268 3190 2419 3244 prmci
2443 3174 2542 3242 ptis
2565 3213 2577 3234 ,
2607 3179 2661 3225 et
2689 3174 2950 3238 exetnp‘o.
2989 3168 3054 3222 Ut
3100 3169 3401 3238 denegantes

1827 3270 2150 3337 impietatem,
2182 3275 2227 3316 et
2248 3263 2513 3318 saecularia
2543 3261 2812 3313 desideria.
2841 3259 3108 3312 Simulare
3134 3264 3220 3311 est
3243 3271 3403 3310 omne

1827 3359 1921 3412 des
1945 3358 2170 3419 derium,
2208 3363 2263 3410 et
2291 3357 2461 3408 omnis
2515 3351 2734 3405 ainb'.tio
2768 3351 3094 3418 temporalis.
3139 3348 3323 3403 Sobria
3354 3359 3403 3404 ct

1820 3454 1980 3519 juste.
2001 3449 2222 3516 Pi'Opter
2239 3446 2379 3514 quod
2405 3453 2457 3498 et
2484 3446 2730 3498 Salvator
2750 3445 2856 3500 ait:
2883 3441 3171 3506 Attendite,
3199 3458 3263 3494 ne
3284 3458 3330 3510 ες
3347 3458 3404 3495 a-

1826 3548 2013 3594 ventur
2042 3539 2202 3593 corda
2237 3552 2326 3591 ves
2355 3551 2406 3589 ra
2436 3536 2486 3589 in
2519 3535 2730 3602 crapula
2751 3573 2765 3597 ,
2794 3545 2844 3587 et
2871 3533 3146 3596 ebrietate,
3181 3542 3232 3587 et
3261 3536 3404 3588 curis

1829 3631 1984 3698 hujus
2023 3630 2166 3682 vitai.
2203 3625 2265 3680 Et
2308 3629 2387 3697 pie
2425 3628 2646 3679 vivamus
2689 3625 2739 3676 in
2787 3624 2880 3674 hoc
2925 3626 3129 3676 saeculo.
3171 3623 3400 3677 Justitiat

1824 3723 2107 3789 j'ungauuts
2141 3719 2412 3787 pieiatem,
2446 3732 2512 3770 ne
2541 3715 2890 3780 intemperata
2917 3713 3004 3766 sit.
3039 3711 3401 3782 Exspectantes

1829 3812 2022 3864 beatam
2062 3825 2219 3876 spent.
2250 3808 2346 3860 llle
2388 3804 2700 3860 ﬁducialiter
2726 3802 2838 3856 hac
2863 3811 3169 3870 exspectat,
3201 3801 3288 3870 qui
3329 3800 3397 3854 ita

1829 3901 2039 3966 vixerit,
2073 3903 2211 3955 sicut
2239 3899 2392 3952 dixit.
2425 3895 2492 3950 Et
2521 3899 2781 3949 adventum
2810 3895 2986 3964 gloria:
3021 3893 3190 3962 magni
3217 3891 3313 3946 Dei
3352 3901 3399 3945 et

1831 3995 2112 4050 Saluatoris
2143 3991 2300 4045 nostri
2341 3987 2466 4044 Jesu
2505 3987 2711 4043 Christi.
2759 3985 2931 4054 Ipsum
2977 3985 3108 4038 dixit
3152 3999 3396 4053 maguum

1832 4069 2293 4138 Deuanhristum
2313 4125 2325 4148 ,
2361 4081 2426 4133 de
2454 4093 2558 4148 quo
2587 4077 2660 4130 ait
2697 4077 2914 4144 angelus
2943 4073 3008 4128 all
3041 4075 3244 4127 beatuu
3286 4075 3398 4128 Ma4

1830 4175 1998 4230 riam:
2032 4174 2125 4228 llic
2165 4174 2272 4228 erit
2311 4187 2534 4241 magnus
2560 4210 2575 4234 ,
2603 4182 2652 4222 et
2683 4169 2904 4236 reliqua.
2953 4167 3051 4234 Qui
3081 4168 3238 4220 etiam
3280 4183 3399 4220 cum

1831 4269 1998 4338 gloria
2027 4277 2279 4322 venturus
2326 4275 2407 4319 est
2432 4262 2672 4332 judicare
2707 4261 2855 4313 vivos
2895 4269 2948 4315 ct
2998 4267 3255 4314 mortuus.
3301 4258 3401 4324 Qui

1831 4357 1966 4412 dedit
1992 4357 2210 4425 seipsum
2250 4373 2342 4427 pro
2371 4354 2537 4422 nobis,
2570 4365 2623 4406 ut
2649 4367 2735 4404 nos
2764 4351 3029 4404 redimeret
3060 4350 3121 4402 ab
3146 4349 3281 4401 armti
3304 4351 3400 4402 ini-

143 4421 246 4498 ibus
265 4447 324 4485 ex
353 4433 476 4500 lege
509 4429 812 4499 “omissus
841 4437 954 4491 es”
992 4425 1085 4525 53‘!
1119 4427 1272 4480 [acus
1303 4434 1498 4494 "agam
1523 4426 1724 4482 ad'en'
1757 4429 1806 4487 D
1833 4456 2044 4525 quitate.
2065 4421 2350 4506 'Sicut'ait
2382 4434 2572 4502 Isaias:
2621 4446 2772 4501 Dedit
2819 4445 2870 4499 in
2904 4453 3129 4500 mertcm
3171 4445 3399 4499 animam

161 4532 255 4575 tum
275 4524 411 4592 ejus,
439 4520 807 4576 averteutium
833 4533 912 4582 se,
937 4517 1124 4586 inquit,
1152 4531 1178 4569 a
1203 4517 1424 4572 veritate
1443 4517 1576 4586 ejus,
1603 4533 1722 4571 eum

160 4627 210 4663 se
232 4615 344 4667 sine
365 4613 506 4681 legis
530 4609 734 4663 auxilio
757 4615 939 4674 putant
959 4606 1236 4673 justiﬁeari
1259 4620 1360 4659 non
1393 4621 1570 4674 posse.
1599 4607 1725 4658 Cum

158 4701 247 4754 sint
269 4702 584 4764 abominati,
614 4709 662 4753 et
691 4697 1025 4760 incredibiles,
1050 4707 1097 4750 et
1126 4697 1194 4749 ad
1220 4713 1364 4747 oume
1389 4705 1514 4764 opus
1542 4697 1724 4748 bonum

156 4796 361 4862 reprobi.
397 4793 456 4847 lu
489 4793 607 4845 hec
637 4805 694 4842 se
722 4787 1077 4856 religiosiores
1107 4785 1312 4849 dicunt,
1354 4799 1473 4838 cum
1516 4785 1589 4839 illi
1619 4800 1723 4839 non

157 4883 337 4940 iaciant
365 4903 492 4956 quae
518 4885 804 4954 jubentur.

213 4976 337 5031 Car.
370 4995 429 5032 ιι.
471 4976 558 5030 Tu
593 4987 758 5028 autent
780 4977 984 5043 loquere
1004 4988 1114 5041 qua
1137 4974 1310 5026 decent
1336 4989 1514 5025 sanam
1537 4973 1727 5026 doctri-

153 5082 275 5119 nam.
307 5069 422 5122 lloe
454 5076 582 5131 est,
608 5080 723 5133 quae
745 5064 809 5117 ad
838 5067 995 5117 vitam
1019 5063 1283 5131 pertinent
1307 5061 1522 5118 Christi.
1548 5063 1727 5116 Senes.

151 5157 237 5211 llic
263 5175 421 5213 senes
457 5157 731 5212 Ecclesia:
766 5157 1008 5210 seniores
1048 5155 1304 5222 appellat,
1336 5141 1470 5221 quos
1511 5167 1731 5207 necesse

148 5259 222 5299 εει
247 5250 507 5304 omnibus
540 5246 769 5300 formam
797 5246 1053 5312 praebere.
1090 5244 1156 5298 Ut
1184 5244 1338 5297 sobrii
1367 5246 1499 5309 sint,
1530 5244 1728 5313 pudici,

147 5343 432 5406 prudentes,
469 5339 602 5393 sani
631 5339 679 5390 in
707 5337 827 5404 ﬁde,
860 5338 913 5390 in
938 5326 1233 5398 dilectiorie,
1264 5337 1317 5387 in
1345 5335 1606 5399 patientia.
1642 5333 1730 5386 Vi-

147 5431 518 5496 gilantessint,
541 5443 618 5482 ne
633 5429 931 5495 junioribus
947 5427 1246 5494 exemplum
1272 5425 1537 5493 praibeant
1557 5423 1730 5479 ebrie-

145 5525 281 5578 tatis.
333 5525 489 5578 Anus
543 5519 796 5573 similiter.
851 5522 979 5585 Quae
1023 5518 1350 5585 eligebantur
1395 5517 1458 5568 ad
1507 5516 1726 5568 aliarum

143 5617 470 5685 exemplum.
524 5609 603 5666 In
650 5612 818 5664 habitu
863 5619 1034 5662 sancto
1070 5625 1169 5660 non
1213 5607 1593 5660 criminatriccs.
1631 5605 1724 5660 Est

607 5724 850 5782 Ριτιωι.
919 5717 1196 5778 LXVIII.

1833 4559 2004 4612 suum,
2038 4551 2091 4596 et
2120 4557 2239 4596 cum
2271 4540 2544 4596 sceleratis
2575 4539 2853 4608 deputatus
2883 4545 2964 4591 cst
2986 4575 3002 4604 ,
3045 4543 3100 4591 et
3125 4536 3237 4606 ipse
3279 4553 3401 4605 pec-

1831 4641 1948 4686 cata
1979 4631 2260 4686 multorum
2293 4628 2430 4683 tulit.
2465 4626 2528 4679 Et
2556 4626 2821 4680 mandaret
2861 4625 2958 4678 sibi
2989 4625 3232 4693 populum
3263 4641 3406 4676 accc-

1835 4721 2067 4791 ptabilem
2094 4763 2106 4784 ,
2141 4730 2435 4773 sectatorem
2474 4721 2716 4771 bonorum
2757 4729 2981 4786 aperum.
3026 4715 3311 4782 Projiteri-a
3343 4729 3402 4766 s:

1831 4813 2010 4879 dedit,
2041 4824 2095 4866 ut
2128 4829 2224 4866 nos
2261 4813 2326 4865 ab
2368 4811 2513 4865 omni
2556 4809 2830 4877 iniquitate
2871 4806 3180 4866 ntunlaret;
3215 4819 3401 4856 cavea-

1832 4919 1948 4957 mus
1975 4921 2099 4971 ergo
2142 4919 2209 4958 ne
2239 4887 2550 4956 beneﬁcium
2585 4899 2695 4966 ijus
2729 4898 2933 4950 irritum
2966 4903 3018 4947 et
3049 4894 3203 4946 inane
3235 4893 3397 4946 l'acia-
3427 4883 3432 4886 ’

1833 5011 1966 5049 IllllS.
2013 4994 2133 5048 llwc
2173 4997 2372 5061 loquere
2421 4999 2472 5043 et
2512 4991 2794 5042 eahartare.
2843 4986 3026 5040 Omnis
3067 4993 3183 5037 tuus
3222 4999 3402 5040 sermo

1833 5083 1883 5136 iu
1917 5083 2016 5136 hoc
2046 5081 2342 5136 exhortatio
2388 5081 2474 5136 sit.
2529 5077 2590 5129 Et
2634 5092 2788 5145 argue
2831 5090 2944 5127 cum
2986 5074 3123 5126 omni
3166 5075 3398 5143 imperio.-

1833 5174 2040 5226 Aci'iter
2070 5173 2277 5240 arguit,
2310 5170 2398 5239 qui
2437 5169 2503 5221 il-l
2541 5183 2642 5220 non
2673 5165 2801 5218 vivit
2837 5174 2892 5221 ut
2922 5164 3098 5219 docet.
3149 5163 3316 5217 Nemo
3359 5175 3406 5218 te

1836 5271 2138 5314 COlliemnttl.
2163 5259 2342 5312 Talem
2370 5267 2418 5311 te
2444 5256 2635 5310 exhibe
2663 5259 2748 5323 qui
2773 5255 3046 5310 contemni
3077 5269 3180 5308 non
3205 5253 3398 5321 possis:

1837 5350 2202 5403 auctorita'em
2233 5348 2370 5401 enim
2401 5347 2657 5400 doctrina:
2683 5347 2788 5399 vita
2819 5345 2963 5400 iacit.

1907 5442 2142 5494 Admone.
2183 5439 2298 5491 i.los
2344 5439 2654 5508 principibus
2711 5446 2758 5490 et
2807 5436 3135 5506 potestatibus
3173 5433 3400 5486 subditos

1837 5547 1962 5598 esse,
1989 5533 2120 5583 dicto
2153 5531 2369 5593 obedire,
2399 5530 2464 5581 ad
2499 5544 2645 5582 omne
2667 5545 2790 5597 Opus
2823 5528 3005 5580 bonum
3050 5536 3250 5592 paratos
3273 5539 3398 5576 esse.

1830 5622 1943 5677 Non
1988 5622 2050 5676 ad
2101 5620 2311 5690 aliquod
2353 5620 2569 5676 malum.
2607 5619 2874 5676 Neminem
2914 5618 3280 5696 blarphemar'c.
3325 5614 3409 5671 Μ

2893 5707 2971 5776 22
