3910 6174
496 239 524 285 Β
534 238 597 288 F13

1603 233 1902 291 rnmssn
1948 211 2391 290 ADRUMETANl
2434 234 2645 291 EPlSC.

3551 248 3619 301 Otii

494 349 613 401 illos
640 346 849 416 quidem
882 348 971 416 qui
1002 345 1355 415 hlaspbemari
1390 354 1682 402 merentur.
1720 345 1840 400 Non
1874 328 2138 415 litigio-ﬁ
2172 348 2434 400 carnalem
2475 345 2859 401 limreditatem.
2894 346 3084 400 Fidelis
3123 366 3275 403 sermo
3317 362 3402 408 est:
3432 366 3468 408 ct
3497 361 3543 412 de
3572 365 3625 418 tiu

496 455 575 491 sos
604 454 728 502 esse,
758 437 846 491 sed
873 437 1155 501 modestos,
1186 454 1383 491 omnem
1423 440 1742 492 ostendentes
1771 449 2070 493 mansuetu-

496 529 681 579 dinem.
714 526 999 596 Litigiosus
1030 534 1205 580 autem
1235 536 1319 581 est
1338 529 1426 596 qui
1458 532 1624 582 vicem
1652 529 1924 583 reddendo
1945 544 2071 598 pro-

496 628 648 673 vocat
670 618 835 672 litem.
864 619 939 670 Ad
967 634 1138 671 onznes
1159 617 1407 672 homines.
1439 617 1552 672 Non
1580 619 1750 672 solum
1782 619 1846 672 ad
1878 618 2069 673 bonos.

499 708 720 761 Eramus
750 708 929 761 etenim
956 717 1007 765 ,σε
1036 724 1146 760 nos.
1177 707 1252 761 Ne
1282 707 1628 777 desperarent
1658 709 2070 773 correctionem,

499 812 652 851 suum
682 795 929 865 preponit
954 797 1277 863 exemplum.
1305 796 1428 852 Sive
1456 800 1577 865 quia
1607 807 1660 852 et
1688 812 1785 851 nos
1816 798 1948 852 tales
1972 796 2071 851 lui-

498 901 638 950 mus,
657 888 753 951 ait,
777 885 1035 943 debemus
1049 900 1231 939 eorum
1257 885 1611 954 insipientiam
1632 886 1771 941 ferre
1788 886 2068 956 patienter.

501 976 789 1047 Aliquando
818 976 1108 1046 insipientes
1145 984 1191 1029 et
1220 975 1489 1030 increduli.
1522 975 1821 1031 Notandum
1844 1016 1860 1042 ,
1892 978 2075 1046 quales

503 1082 600 1121 nos
639 1066 881 1121 Christus
938 1064 1237 1129 invenerit;
1278 1072 1332 1118 ct
1370 1079 1474 1118 non
1533 1065 1599 1120 de
1637 1066 1833 1121 nostris
1871 1067 2076 1120 meritis

501 1169 903 1225 praesumamus,
930 1169 1029 1208 nec
1058 1154 1124 1208 de
1149 1163 1349 1208 naturae
1378 1155 1516 1208 bono
1536 1156 1845 1223 gloriemur.
1880 1155 2075 1209 Erran-

508 1258 596 1314 tes,
616 1249 883 1301 servientes
901 1246 1165 1298 desideriis
1185 1255 1229 1298 et
1253 1245 1594 1314 voluptatibus
1618 1247 1791 1314 variis,
1807 1247 1859 1300 in
1881 1247 2078 1308 malitia

505 1347 553 1393 et
595 1338 785 1390 invidia
812 1345 1067 1407 agentes:
1101 1335 1351 1398 odibiles,
1391 1336 1616 1389 odientes
1668 1336 1898 1391 invicem.
1944 1338 2077 1390 hcce

507 1429 689 1498 quales
728 1441 941 1481 eramus
972 1435 1096 1480 ante
1126 1426 1350 1493 gratiam
1383 1440 1475 1493 per
1503 1425 1709 1479 arbitrii
1750 1425 2075 1479 libertatem.

508 1517 634 1572 Cum
650 1526 819 1571 autem
845 1516 1127 1588 benignitas
1151 1526 1194 1570 et
1217 1516 1508 1570 humanitas
1534 1518 1773 1588 apparuit
1798 1517 2080 1597 Saluatoris

509 1608 665 1660 nostri
690 1608 803 1660 Dei.
826 1606 1160 1669 Humanitas,
1185 1607 1294 1659 sive
1314 1605 1605 1661 secundum
1640 1607 1904 1660 hominem
1928 1604 2080 1658 Cirri-

2171 438 2282 489 volo
2312 445 2358 489 te
2385 436 2716 504 conﬁrmare,
2743 445 2797 488 ut
2838 447 3009 490 curent
3048 438 3183 492 bonis
3221 440 3426 511 aperibus
3457 463 3627 516 praem,

2171 530 2258 593 qui
2296 529 2508 582 credunt
2551 526 2677 581 Deo.
2724 527 2802 581 Ad
2834 528 2969 581 bona
3006 542 3160 597 opera
3208 530 3417 587 docenda
3444 550 3628 602 praeesse.

2173 616 2303 670 Htec
2329 625 2448 671 sunt
2473 619 2601 670 bona
2622 625 2668 668 et
2690 617 2840 670 utilia
2871 618 3167 671 hominibus.
3196 606 3335 683 Haec,
3357 598 3631 693 non-quase-

2172 715 2422 777 quuntur.
2460 707 2661 762 Stultus
2682 716 2850 760 autem
2871 711 3169 777 quastione:
3189 720 3233 763 et
3253 713 3543 782 genealogias.
3564 721 3629 773 uc.

2172 796 2352 865 cupari
2400 811 2496 851 nos
2536 812 2640 850 non
2689 798 2801 851 vult
2839 798 2890 849 in
2934 798 3209 866 superﬂuis
3252 805 3571 869 qus-stionibus
3599 818 3634 863 et

2122 934 2139 947 .
2174 889 2605 953 contentionibus
2636 902 2753 957 qua:
2782 889 2849 942 de
2876 891 3291 956 generationibus
3316 892 3361 945 in
3388 893 3485 960 lege
3509 898 3637 950 oriun-

2175 983 2289 1040 tur;
2323 976 2416 1030 sed
2450 976 2563 1031 haec
2606 976 2746 1044 loqui
2775 991 3004 1045 semper,
3035 977 3100 1032 de
3123 978 3299 1045 quibus
3323 983 3636 1047 proficientes-

2175 1063 2405 1119 dientes.
2438 1064 2503 1118 Et
2528 1066 2868 1118 contentiones
2887 1104 2902 1129 ,
2934 1075 2981 1118 et
3020 1083 3210 1134 pugnas
3239 1069 3351 1138 legis
3376 1070 3537 1124 devita:
3557 1086 3638 1126 sunt

2176 1156 2309 1208 enim
2331 1156 2533 1209 inutiles
2563 1165 2610 1210 et
2636 1173 2795 1209 vanw.
2829 1157 2993 1222 Quasi
3021 1160 3417 1227 contrarietates,
3438 1167 3640 1231 quas-lte—

2180 1245 2329 1299 retici
2360 1254 2593 1312 captant.
2624 1245 2940 1299 Hiereticum
2984 1247 3227 1300 hominem
3254 1260 3354 1317 post
3385 1267 3514 1303 unam
3534 1264 3570 1305 et
3592 1271 3643 1305 se-

2182 1336 2397 1388 cundam
2422 1338 2789 1406 surreptionem
2821 1336 3011 1398 devita,
3035 1337 3193 1389 sciens
3212 1339 3319 1404 quia
3348 1340 3562 1393 subversas
3593 1358 3641 1395 est

2180 1427 2265 1493 qui
2302 1427 2553 1495 ejusmodi
2574 1434 2668 1480 est.
2704 1427 2811 1482 Nec
2841 1427 2983 1482 circa
3028 1426 3167 1496 ipsos
3194 1443 3284 1483 nos
3309 1430 3408 1483 vult
3428 1436 3642 1499 occupari,

2180 1517 2269 1584 qui
2316 1516 2549 1586 correpti
2593 1517 2831 1570 secundo
2876 1532 2983 1571 non
3019 1519 3368 1586 corriguntur:
3401 1535 3459 1575 ne
3494 1530 3645 1589 temlius

2182 1609 2326 1662 inani
2357 1607 2691 1673 contetione,
2798 1612 3103 1681 perdamus.
3136 1612 3199 1666 Et
3235 1615 3472 1684 delinquit,
3497 1635 3582 1669 cum
3604 1622 3646 1671 sit

510 1706 661 1763 stus;
694 1698 807 1752 sive
838 1696 1048 1766 largitas
1076 1696 1188 1750 Dei.
1222 1696 1339 1749 Non
1362 1712 1424 1751 ea:
1443 1696 1681 1765 aperibus
1701 1697 1939 1767 justitiar.
1971 1694 2077 1748 No-
2113 1692 2158 1750 B
2185 1700 2392 1769 proprio
2428 1701 2632 1771 judicio
2675 1702 3060 1754 condemnatus.
3103 1702 3227 1767 Quia
3257 1713 3365 1771 post
3401 1704 3583 1758 auditam
3610 1717 3647 1760 et

511 1790 728 1843 tandum
751 1831 765 1855 ,
800 1788 931 1858 quia
966 1788 1124 1841 nullis
1160 1789 1356 1841 nostris
1403 1787 1610 1842 meritis
1637 1800 1818 1841 sumus
1862 1786 2080 1849 salvati,

512 1881 603 1935 sed
662 1880 774 1934 sola
841 1880 1202 1933 misericordia
1256 1877 1667 1946 Redemptoris:
1725 1878 2086 1931 conticescant

517 1972 932 2041 prtecipitatores
962 1972 1128 2040 magis
1171 1985 1327 2038 quam
1384 1968 1692 2022 defensores
1722 1968 1927 2021 arbitrii
1958 1967 2085 2022 libe-

516 2061 581 2114 ri.
622 2062 745 2125 Qua:
767 2061 976 2131 fecimus
1004 2075 1115 2112 nos.
1143 2058 1272 2123 Quae
1298 2073 1391 2110 nos
1422 2057 1590 2113 Judaei
1619 2056 1865 2123 fecimus;
1889 2065 2086 2127 quanto

515 2135 684 2221 magis
726 2152 982 2218 gentiles!
1030 2150 1135 2209 Sed
1181 2149 1455 2203 secundant
1500 2164 1645 2200 suam
1689 2149 2087 2201 misericordiam

515 2245 677 2297 salvos
713 2258 804 2294 nos
834 2242 970 2311 fecit.
1001 2238 1116 2293 Non
1166 2239 1454 2293 secundqu
1487 2239 1796 2291 industriam
1829 2238 1908 2291 vel
1937 2237 2086 2292 labo-

518 2350 631 2389 rem
674 2342 955 2401 nostrum,
1004 2331 1096 2385 sed
1144 2330 1434 2384 secundum
1484 2330 1901 2384 misericordiam
1944 2330 2087 2383 illius

517 2425 600 2491 qui
629 2437 726 2476 nos
755 2424 808 2475 in
846 2421 989 2476 omni
1034 2434 1196 2489 opere
1227 2419 1363 2473 bono
1392 2428 1444 2473 et
1473 2420 1730 2488 praeteriit
1758 2429 1811 2473 et
1840 2434 2091 2473 consum-

518 2522 647 2569 mat.
682 2511 783 2566 Per
809 2513 1064 2564 lavacrum
1101 2509 1493 2578 regenerationis
1525 2516 1570 2560 et
1604 2509 1943 2561 renovationis
1970 2507 2090 2578 Spi-

518 2606 644 2657 ritus
673 2602 857 2663 sancti,
890 2616 1037 2670 quem
1077 2599 1257 2666 e/fudit
1297 2600 1349 2651 in
1385 2599 1526 2651 nubis
1565 2599 1761 2652 abunde
1794 2615 1883 2669 per
1910 2598 2090 2652 Iesum

522 2690 777 2746 Christum
809 2688 1129 2744 Salvatorem
1152 2697 1399 2742 nostrum.
1434 2686 1716 2756 Plusquam
1744 2689 1797 2741 in
1823 2688 2090 2757 prioribus

519 2782 697 2850 iustis.
736 2779 800 2834 Ut
821 2779 1093 2852 justiﬁcati
1122 2780 1306 2847 grat’a,
1336 2777 1495 2847 ipsius
1522 2776 1751 2830 lueredes
1772 2778 1948 2831 simus.
1985 2776 2093 2831 Ad-

519 2873 831 2929 vertendum
854 2871 994 2939 quod
1023 2872 1188 2940 gratia
1211 2869 1347 2922 illius
1370 2869 1741 2937 justiticamur,
1767 2883 1871 2921 non
1896 2869 2092 2923 nostris

524 2968 743 3020 meritis.
780 2964 1072 3019 Secundum
1111 2979 1250 3029 spem
1279 2962 1389 3016 rita:
1410 2971 1629 3013 a'ternrr.
1662 2961 1773 3015 Non
1801 2963 2089 3015 secundum

1234 3110 1645 3119 ~mvvm—«‘
1660 3112 1675 3117 ι

902 3299 915 3311 ,
979 3213 1132 3293 AD
1199 3212 1987 3327 PHILEMQNEM
2038 3212 2111 3292 E

2185 1789 2449 1858 cognitam
2482 1791 2755 1844 veritatem
2784 1791 2837 1845 in
2867 1806 2959 1844 sua
2993 1792 3275 1860 pertinacia
3301 1803 3577 1861 perseverat;
3597 1796 3647 1848 tu-

2186 1879 2376 1934 niculis
2405 1879 2545 1933 enim
2595 1889 2931 1946 peccatorum
2976 1895 3193 1935 suorum
3225 1885 3536 1952 unusquisque
3561 1899 3649 1937 con-

2185 1968 2476 2037 stringitur.
2503 1967 2629 2021 Curn
2652 1970 2833 2022 misero
2854 1972 2922 2022 ad
2943 1981 2992 2023 te
3012 1972 3310 2038 Arthemom,
3333 1984 3409 2025 aut
3427 1971 3647 2041 Tychicttnt.

2187 2057 2370 2125 festina
2392 2058 2459 2108 ad
2481 2072 2557 2109 me
2578 2056 2744 2110 venire
2765 2056 3039 2125 Neapolim
3056 2073 3072 2112 .'
3087 2059 3152 2111 ibi
3171 2061 3296 2112 enim
3326 2064 3458 2112 statui
3476 2062 3647 2115 hiemare.

2186 2145 2378 2199 Zenam
2403 2145 2528 2216 legis
2564 2149 2801 2213 peritum,
2843 2156 2890 2201 et
2918 2148 3106 2217 Apollo
3144 2149 3341 2203 sollicite
3372 2151 3592 2221 promitte,
3615 2166 3649 2203 ttl

2188 2237 2316 2288 nihil
2341 2236 2444 2289 illis
2476 2236 2624 2289 desit.
2674 2235 2741 2291 Ut
2779 2237 2907 2291 nihil
2939 2239 3163 2307 perdant
3193 2240 3255 2295 de
3297 2240 3447 2295 fructu
3468 2241 3652 2294 doctrinae

2190 2324 2479 2380 tardantes.
2536 2325 2745 2380 Discant
2792 2338 2960 2380 autem
3014 2339 3062 2382 et
3108 2333 3278 2385 vestris
3320 2332 3443 2385 bonis
3489 2333 3652 2400 operitur

2189 2432 2405 2485 prteesse
2441 2419 2508 2469 ad
2538 2433 2661 2470 usus
2705 2420 3019 2474 necessarios
3040 2459 3057 2486 ,
3086 2431 3259 2474 utnon
3289 2424 3377 2476 sint
3410 2425 3650 2491 infremuit.

2190 2506 2246 2559 Id
2275 2508 2371 2576 ipsi
2404 2508 2598 2576 repetit
2622 2550 2635 2573 ,
2664 2509 2806 2579 quod
2836 2512 3085 2581 superius
3114 2514 3325 2567 diterat.
3362 2514 3528 2569 Carent
3548 2515 3653 2568 bouis

2190 2600 2439 2669 operibus
2486 2613 2714 2669 praeesse
2751 2601 2839 2669 qui
2882 2605 3108 2656 credunt
3150 2604 3273 2658 Deo.
3318 2603 3524 2659 Salutant
3544 2604 3654 2670 (equi

2189 2705 2386 2742 mecum
2413 2701 2527 2743 sunt
2555 2705 2746 2743 omnes.
2788 2690 2974 2744 Saluta
3006 2709 3092 2746 eos
3126 2693 3211 2762 qui
3238 2709 3324 2747 nos
3343 2705 3488 2748 amant
3510 2695 3549 2747 in
3571 2695 3653 2760 fide.

2191 2779 2372 2833 Gratia
2405 2780 2493 2833 Dei
2518 2796 2629 2833 cum
2659 2781 2890 2835 omnibus
2918 2784 3082 2837 vobis.
3107 2786 3280 2841 Amen.
3305 2785 3444 2852 Vere,
3468 2787 3556 2841 sive
3570 2785 3658 2839 ﬁde-

2193 2875 2331 2928 liter.
2365 2874 2570 2942 Scripta
2600 2875 2665 2927 de
2690 2874 2951 2943 Nicepoli.

3334 3108 3658 3126 Μ

2126 3211 2592 3297 [’ISTOLA
2647 3213 2891 3294 DIVI
2949 3214 3322 3294 PAULI.

1066 3430 1569 3501 ARGUMENTUM.

536 3524 827 3581 Philemoni
857 3523 1135 3592 familiares
1175 3524 1368 3576 litteras
1404 3525 1524 3590 facit
1556 3540 1645 3590 pro
1684 3525 1922 3579 Onesimo
1963 3545 2102 3581 servo

696 3596 828 3664 ejus,
859 3594 1028 3646 scribit
1052 3602 1221 3646 autent
1250 3594 1294 3647 ei
1325 3610 1355 3645 a
1382 3593 1546 3646 Iloma
1574 3595 1637 3646 de
1668 3611 1889 3649 carcere.

609 3708 806 3763 Paulus
847 3708 1043 3761 vinctus
1080 3703 1205 3759 Iesu
1255 3705 1477 3770 Christi,
1513 3715 1560 3758 et
1603 3705 1896 3761 Timotheus
1948 3711 2108 3777 frater

546 3800 833 3856 Philemoni
870 3798 1053 3851 dilecto
1083 3804 1125 3849 et
1164 3796 1392 3867 adjutori
1435 3805 1635 3856 nostra,
1671 3805 1717 3850 ct
1744 3782 1921 3866 Appia:
1944 3798 2110 3850 sorori

542 3896 881 3951 charissima’.
910 3894 964 3946 lu
1001 3872 1287 3960 Evangelia
1330 3898 1444 3944 erat
1476 3888 1707 3957 adjutor.
1739 3886 1910 3954 Appia
1942 3900 2068 3939 vero
2092 3924 2107 3950 ,

542 3990 622 4044 vel
653 4001 805 4042 soror
834 3983 1066 4038 creditur
1094 3982 1206 4051 ejus
1237 3995 1356 4036 esse
1376 4020 1390 4043 ,
1420 3980 1504 4034 vel
1538 3980 1753 4047 conjux.
1796 3976 1860 4029 Et
1894 3976 2111 4044 Archip-

545 4095 607 4146 po
633 4074 965 4131 commilitoni
1006 4080 1205 4135 nostro,
1244 4082 1287 4123 et
1330 4068 1575 4123 Eccles’w
1615 4081 1727 4132 qua:
1753 4067 1804 4118 in
1839 4065 1988 4116 domo
2028 4071 2114 4115 tua

544 4178 634 4222 est.
665 4165 842 4221 Gratia
868 4163 1024 4226 vobis,
1058 4171 1101 4215 et
1126 4177 1227 4230 pax
1254 4177 1283 4212 a
1318 4160 1422 4213 Deo
1459 4160 1610 4212 I’atre
1631 4166 1803 4211 nostra
1830 4167 1873 4209 et
1900 4154 2115 4207 Domino

546 4259 670 4312 Iesu
707 4252 929 4319 Christo.
965 4252 1263 4319 Archippus
1296 4251 1381 4304 vel
1411 4251 1692 4317 episc0pus
1722 4258 1858 4312 erat,
1892 4246 1975 4300 vel
2006 4245 2117 4298 dia-

548 4363 744 4404 conus:
774 4347 841 4399 de
879 4358 984 4413 quo
1011 4342 1074 4394 ad
1106 4342 1452 4395 Colossenses
1481 4341 1589 4393 ait:
1622 4338 1791 4394 Dicite
1821 4337 2117 4405 Archippo:

554 4437 685 4491 Vide
729 4431 1080 4487 miniterium
1112 4429 1249 4498 quod
1298 4428 1584 4496 accepisti,
1624 4437 1682 4481 ut
1709 4428 1834 4481 i'lud
1874 4427 2115 4495 impleas.

557 4525 757 4580 Gratias
788 4517 883 4591 ago
926 4519 1031 4573 Deo
1059 4536 1195 4584 meo,
1243 4534 1438 4586 semper
1468 4519 1763 4573 memoriam
1791 4518 1865 4571 tui
1909 4519 2117 4586 faciens,

554 4618 606 4668 in
638 4609 951 4667 orationibus
973 4609 1112 4662 meis.
1147 4608 1278 4662 Cum
1310 4608 1499 4676 gaudio
1523 4617 1637 4661 orat
1665 4622 1758 4673 pro
1780 4606 1877 4661 eis.
1902 4605 2124 4658 Audiens

556 4705 850 4758 charitatvm
874 4710 1029 4764 luant,
1054 4708 1100 4751 et
1127 4698 1278 4765 fidem
1315 4712 1463 4763 quam
1484 4695 1636 4749 habes
1659 4696 1713 4747 in
1734 4695 1950 4749 Domino
1976 4694 2119 4748 Iesu.

558 4798 689 4864 Qua:
722 4792 875 4847 bonis
905 4789 1154 4859 operibus
1184 4787 1486 4841 innotescit.
1520 4786 1587 4839 Et
1615 4788 1667 4839 in
1695 4803 1868 4839 omnes
1900 4794 2120 4839 sanctos.

561 4886 655 4952 Qui
688 4882 859 4951 diligit
885 4888 1076 4948 caput,
1109 4885 1319 4945 oportet
1354 4891 1474 4930 eum
1500 4876 1695 4933 omnia
1744 4876 1976 4927 [Hemi-ra
2005 4874 2125 4927 dili-

557 4993 700 5046 gere.
736 4975 801 5027 Ut
842 4971 1232 5026 communicatio
1272 4968 1391 5038 ﬁdei
1422 4977 1523 5021 tua!
1553 4967 1751 5020 evidens
1778 4967 1869 5035 ﬁat
1900 4968 1955 5018 in
1984 4966 2129 5036 agni-

562 5077 693 5117 troue
719 5067 879 5117 cumis
912 5063 1076 5131 aperis
1104 5062 1221 5113 boni
1246 5061 1299 5112 in
1325 5060 1460 5112 vobis
1479 5099 1493 5123 ,
1519 5061 1570 5111 in
1602 5057 1802 5111 Christo
1833 5054 1977 5112 Iesu.
2006 5057 2129 5110 Sive

564 5160 663 5209 lmc
692 5173 806 5218 oro,
838 5164 893 5207 ut
933 5170 1091 5222 opera
1125 5162 1211 5206 tua
1244 5154 1293 5204 in
1330 5151 1542 5206 Christo
1578 5151 1891 5205 clarescant.
1924 5149 2125 5202 Aliter:

567 5252 765 5304 Omnes
794 5246 963 5313 diligit
993 5256 1204 5298 sanctos
1235 5244 1289 5297 in
1316 5253 1538 5306 tantum,
1575 5250 1633 5295 ut
1655 5256 1839 5295 omnes
1870 5243 2005 5295 inter
2037 5255 2131 5293 nos

568 5341 691 5393 boni
721 5340 772 5391 in
803 5336 1016 5389 Christo
1045 5336 1315 5387 evidenter
1344 5344 1635 5401 agnoscant
1666 5343 1718 5386 te
1748 5346 1866 5386 esse
1899 5331 2127 5385 ﬁdelem.

568 5431 828 5484 (.‘auaium
873 5427 1006 5479 enim
1047 5440 1284 5493 magnum
1324 5425 1516 5489 habui,
1560 5433 1606 5476 et
1648 5425 2040 5477 consolationem
2081 5424 2133 5476 in

568 5525 816 5580 charitate
842 5516 954 5585 tua,
985 5518 1104 5589 quia
1136 5518 1326 5571 viscera
1352 5527 1643 5570 sanctorum
1671 5518 2014 5587 requieverunt
2050 5533 2136 5584 per

571 5626 634 5680 lc,
669 5618 825 5685 frater
872 5613 1015 5679 Quos
1038 5605 1267 5680 bospiio
1292 5606 1557 5675 recepisti.
1593 5604 1811 5675 Propter
1839 5606 1976 5674 quod
2004 5605 2137 5658 mut-

2128 3439 2172 3499 C
2204 3446 2306 3489 tam
2334 3436 2574 3504 ﬁduciam
2606 3435 2840 3489 habentes
2872 3436 2922 3487 in
2946 3434 3163 3490 .Christo
3200 3433 3336 3488 Iesu.
3368 3429 3480 3485 Cum
3503 3426 3671 3481 charitas

2207 3538 2291 3581 tua
2326 3529 2477 3581 nubis
2506 3527 2746 3580 ﬁduciam
2779 3527 2984 3581 dederit
3032 3526 3341 3598 imperandi,
3368 3533 3516 3578 tamen
3537 3519 3670 3572 malui-

2207 3636 2323 3673 mus
2362 3622 2665 3693 obsecrare.
2706 3618 3003 3687 Imperandi
3028 3623 3116 3675 tibi
3146 3622 3275 3691 quod
3297 3621 3358 3673 ad
3384 3635 3471 3670 mn
3505 3614 3672 3682 pertinet,

2208 3720 2415 3779 propter
2444 3711 2757 3761 churitatem.
2807 3709 2955 3775 Quod
2987 3710 3057 3764 ad
3098 3726 3205 3765 rem
3237 3709 3442 3777 pertinet
3476 3702 3677 3757 charitatis

2208 3800 2541 3856 Christianae.
2587 3800 2753 3871 Magis
2793 3803 3032 3866 obsecro,
3075 3818 3187 3855 cum
3219 3800 3440 3860 sistatis,
3478 3790 3678 3848 utl’aulns

2210 3907 2398 3946 senex:
2428 3908 2563 3943 nunc
2600 3900 2767 3945 autem
2810 3902 2855 3945 et
2892 3892 3089 3945 rinctus
3123 3891 3245 3945 Iesu
3286 3889 3452 3945 Christi
3481 3885 3682 3939 obsecrata

2214 3997 2305 4048 pro
2325 3997 2435 4034 meo
2451 3980 2579 4049 filio,
2603 3997 2748 4047 quem
2768 3983 2918 4051 genui
2939 3983 2989 4035 in
3020 3984 3230 4035 vinculis
3253 3979 3485 4034 Onesimo.
3504 3976 3546 4028 lu
3565 3970 3684 4023 omni.

2213 4070 2312 4124 bus
2352 4071 2477 4123 mihi
2513 4071 2826 4124 consimilis.
2873 4071 2971 4134 Qui
3008 4071 3098 4123 tibi
3130 4070 3392 4139 aliquando
3417 4066 3575 4119 inutilis
3596 4060 3683 4128 fuit.

2218 4177 2350 4214 nunc
2398 4170 2566 4214 autem
2609 4172 2654 4214 et
2685 4163 2771 4214 tiT-i
2843 4172 2889 4215 et
2922 4162 3049 4214 mihi
3090 4162 3402 4226 utilis,quem
3439 4154 3578 4208 remisi
3612 4149 3683 4200 tibi.

2219 4250 2441 4316 Quando
2470 4258 2584 4305 erat
2625 4250 2873 4304 carnalis.
2905 4249 2984 4303 Tu
3012 4261 3181 4304 autem
3209 4250 3345 4302 illum
3371 4257 3418 4301 ut
3444 4260 3535 4298 mea
3558 4242 3687 4293 viscera

2220 4341 2433 4409 suscipe.
2470 4339 2521 4393 Id
2554 4348 2633 4394 e.-t
2659 4339 2845 4393 lilium.
2877 4340 3037 4405 Quem
3066 4356 3155 4409 ego
3184 4341 3417 4392 volueram
3443 4345 3599 4386 mecum
3632 4327 3688 4378 de-

2222 4430 2400 4497 tinere,
2433 4438 2487 4481 ut
2518 4445 2610 4495 p“o
2639 4438 2684 4482 te
2713 4431 2836 4481 mihi
2863 4431 3172 4482 ministraret
3201 4431 3249 4481 in
3272 4426 3461 4480 rincul's
3483 4414 3689 4489 Evangelii-

2224 4520 2299 4573 Ex
2340 4521 2438 4572 hoc
2464 4532 2727 4588 cognosce
2766 4520 2938 4587 qualis
2975 4520 3046 4573 sit
3081 4521 3169 4589 qui
3214 4518 3332 4573 mihi
3367 4516 3431 4570 ita
3465 4510 3632 4581 platui'.
3657 4512 3692 4555 υι

2224 4610 2502 4665 crederent
2543 4625 2663 4664 eum
2707 4624 2864 4677 posse
2905 4626 3000 4679 pro
3046 4619 3097 4665 te
3134 4609 3259 4663 milii
3298 4606 3575 4662 ministrare.
3610 4596 3693 4651 Siue

2226 4704 2436 4756 consilio
2462 4713 2631 4755 autem
2670 4711 2753 4754 tuo
2783 4702 2909 4754 nihil
2946 4701 3084 4755 volui
3112 4707 3292 4771 facere.
3329 4701 3395 4751 Ita
3431 4686 3639 4759 lnquitur,
3661 4688 3695 4731 ιιι

2156 4788 2200 4844 D
2227 4808 2348 4848 eum
2393 4793 2457 4844 ad
2508 4794 2676 4859 ipsum
2725 4792 2995 4856 remittat,
3027 4794 3137 4845 sive
3168 4800 3221 4844 ut
3263 4787 3415 4857 magis
3439 4783 3534 4853 ejus
3556 4774 3696 4831 uilius

2233 4882 2656 4938 commendetur.
2685 4873 2775 4935 Uti
2804 4899 2865 4935 ne
2888 4881 3017 4935 velut
3047 4899 3110 4936 ea:
3142 4882 3413 4935 necessitate
3432 4878 3585 4927 bonum
3604 4877 3697 4918 tum

2233 4980 2380 5037 esset,
2407 4972 2495 5025 sed
2525 4973 2900 5026 voluntarium:
2924 4973 3138 5041 forsitan
3174 4973 3302 5024 enim
3340 4970 3441 5022 ideo
3463 4950 3700 5016 discessit“

2237 5065 2413 5117 horam
2438 5080 2469 5117 a
2499 5071 2546 5117 te
2570 5107 2584 5130 ,
2623 5072 2677 5116 ut
2715 5073 2954 5117 aeternum
2993 5064 3139 5117 illum
3179 5062 3426 5127 reciperes,
3445 5058 3536 5129 jam
3565 5062 3641 5101 non
3667 5048 3701 5091 ιτ

2235 5170 2449 5207 servum.
2476 5154 2588 5207 Non
2630 5154 2770 5207 enim
2804 5154 2912 5223 jam
2944 5155 3091 5223 quasi
3132 5167 3196 5206 ex
3228 5144 3511 5205 necessitate
3542 5134 3700 5192 serviet,

2240 5244 2333 5296 sed
2362 5243 2710 5296 voluntarius.
2746 5243 2852 5297 Sed
2880 5259 2970 5312 pro
3009 5258 3151 5296 servo
3188 5238 3507 5293 charissimam
3530 5230 3696 5319 fratrea.

2241 5336 2461 5388 maxime
2488 5336 2643 5389 mihi:
2674 5324 2861 5402 quanto
2886 5346 3049 5389 autem
3072 5333 3229 5405 magis
3257 5331 3340 5383 tibi
3361 5337 3403 5381 et
3422 5327 3466 5377 in
3483 5332 3602 5374 carne
3622 5321 3703 5410 rt

2245 5426 2499 5478 Domino!
2526 5426 2622 5479 Cui
2658 5436 2710 5480 et
2736 5426 3041 5488 carnaliter,
3069 5434 3118 5479 et
3156 5403 3425 5477 secundum
3452 5410 3569 5483 quod
3590 5403 3705 5462 credi-

2242 5515 2339 5576 dit,
2370 5515 2527 5570 debet
2552 5514 2885 5582 obsequium.
2917 5514 2977 5570 Si
3007 5529 3121 5583 ergo
3150 5512 3297 5564 habes
3327 5522 3397 5560 me
3427 5503 3603 5559 socium,
3626 5506 3703 5544 ηδ’

2242 5607 2351 5675 cipe
2373 5607 2514 5660 illum
2552 5607 2680 5660 sicut
2717 5622 2828 5671 ine;
2857 5609 2899 5660 si
2937 5616 3103 5660 autem
3152 5601 3341 5670 aliquid
3373 5595 3519 5651 nocuit
3551 5585 3617 5642 tibi
3643 5585 3702 5633 αυι
