  <div class='ocr_page' id='page_1' title='image "/cluster/home/n/w/nwhite01/storage/ocr_20150623/68/hvd.32044054758719/351.png"; bbox 0 0 3910 6174; ppageno 0'>
   <div class='ocr_carea' id='block_1_1' title="bbox 510 302 605 353">
    <p class='ocr_par' dir='ltr' id='par_1_1' title="bbox 510 302 605 353">
     <span class='ocr_line' id='line_1_1' title="bbox 510 302 605 353; baseline -0.032 0"><span class='ocrx_word' id='word_1_1' title='bbox 510 302 605 353; x_wconf 64' lang='grc' dir='ltr'><strong>ϐἶέΊ</strong></span> 
     </span>
    </p>
   </div>
   <div class='ocr_carea' id='block_1_2' title="bbox 508 403 1387 477">
    <p class='ocr_par' dir='ltr' id='par_1_2' title="bbox 508 403 1387 477">
     <span class='ocr_line' id='line_1_2' title="bbox 508 403 1387 477; baseline -0.009 -16"><span class='ocrx_word' id='word_1_2' title='bbox 508 406 787 477; x_wconf 79' lang='lat' dir='ltr'><strong>aliquando</strong></span> <span class='ocrx_word' id='word_1_3' title='bbox 838 406 886 457; x_wconf 81' lang='lat' dir='ltr'><strong>in</strong></span> <span class='ocrx_word' id='word_1_4' title='bbox 931 404 1119 457; x_wconf 11' lang='lat' dir='ltr'><strong>habitur</strong></span> <span class='ocrx_word' id='word_1_5' title='bbox 1166 403 1387 465; x_wconf 65' lang='lat' dir='ltr'><strong>tni.iti~&#39;,</strong></span> 
     </span>
    </p>
   </div>
   <div class='ocr_carea' id='block_1_3' title="bbox 509 492 2073 562">
    <p class='ocr_par' dir='ltr' id='par_1_3' title="bbox 509 492 2073 562">
     <span class='ocr_line' id='line_1_3' title="bbox 509 492 2073 562; baseline -0.004 -11"><span class='ocrx_word' id='word_1_6' title='bbox 509 498 562 551; x_wconf 90' lang='lat' dir='ltr'><strong>in</strong></span> <span class='ocrx_word' id='word_1_7' title='bbox 591 496 771 562; x_wconf 77' lang='lat' dir='ltr'><strong>corde,</strong></span> <span class='ocrx_word' id='word_1_8' title='bbox 803 504 856 549; x_wconf 91' lang='lat' dir='ltr'><strong>ut</strong></span> <span class='ocrx_word' id='word_1_9' title='bbox 904 494 1062 546; x_wconf 78' lang='lat' dir='ltr'><strong>l‘avid</strong></span> <span class='ocrx_word' id='word_1_10' title='bbox 1091 536 1106 561; x_wconf 89' lang='lat'><strong>,</strong></span> <span class='ocrx_word' id='word_1_11' title='bbox 1148 494 1235 562; x_wconf 97' lang='lat' dir='ltr'><strong>qui</strong></span> <span class='ocrx_word' id='word_1_12' title='bbox 1264 492 1512 546; x_wconf 60' lang='lat' dir='ltr'><strong>dicebat:</strong></span> <span class='ocrx_word' id='word_1_13' title='bbox 1555 492 1778 544; x_wconf 77' lang='lat' dir='ltr'><strong>Audiam</strong></span> <span class='ocrx_word' id='word_1_14' title='bbox 1823 492 1946 561; x_wconf 91' lang='lat' dir='ltr'><strong>quid</strong></span> <span class='ocrx_word' id='word_1_15' title='bbox 2001 492 2073 545; x_wconf 84' lang='lat' dir='ltr'><strong>lo-</strong></span> 
     </span>
    </p>
   </div>
   <div class='ocr_carea' id='block_1_4' title="bbox 508 582 2069 657">
    <p class='ocr_par' dir='ltr' id='par_1_4' title="bbox 508 582 2069 657">
     <span class='ocr_line' id='line_1_4' title="bbox 508 582 2069 657; baseline -0.003 -17"><span class='ocrx_word' id='word_1_16' title='bbox 508 599 698 657; x_wconf 84' lang='lat' dir='ltr'><strong>quatur</strong></span> <span class='ocrx_word' id='word_1_17' title='bbox 727 588 776 639; x_wconf 89' lang='lat' dir='ltr'><strong>in</strong></span> <span class='ocrx_word' id='word_1_18' title='bbox 810 601 892 639; x_wconf 89' lang='lat' dir='ltr'><strong>mc</strong></span> <span class='ocrx_word' id='word_1_19' title='bbox 933 586 1185 645; x_wconf 82' lang='lat' dir='ltr'><strong>Dominus</strong></span> <span class='ocrx_word' id='word_1_20' title='bbox 1218 584 1354 636; x_wconf 89' lang='lat' dir='ltr'><strong>Deus</strong></span> <span class='ocrx_word' id='word_1_21' title='bbox 1381 600 1393 647; x_wconf 90' lang='lat'><strong>;</strong></span> <span class='ocrx_word' id='word_1_22' title='bbox 1436 582 1751 649; x_wconf 57' lang='lat' dir='ltr'><strong>exterisque</strong></span> <span class='ocrx_word' id='word_1_23' title='bbox 1783 582 2069 651; x_wconf 82' lang='lat' dir='ltr'><strong>preplictis.</strong></span> 
     </span>
    </p>
   </div>
   <div class='ocr_carea' id='block_1_5' title="bbox 513 672 2075 746">
    <p class='ocr_par' dir='ltr' id='par_1_5' title="bbox 513 672 2075 746">
     <span class='ocr_line' id='line_1_5' title="bbox 513 672 2075 746; baseline -0.004 -15"><span class='ocrx_word' id='word_1_24' title='bbox 513 675 809 746; x_wconf 77' lang='lat' dir='ltr'><strong>Aliquando</strong></span> <span class='ocrx_word' id='word_1_25' title='bbox 840 690 931 744; x_wconf 87' lang='lat' dir='ltr'><strong>per</strong></span> <span class='ocrx_word' id='word_1_26' title='bbox 966 675 1263 736; x_wconf 78' lang='lat' dir='ltr'><strong>somnium,</strong></span> <span class='ocrx_word' id='word_1_27' title='bbox 1303 673 1437 725; x_wconf 84' lang='lat' dir='ltr'><strong>sicut</strong></span> <span class='ocrx_word' id='word_1_28' title='bbox 1476 672 1674 725; x_wconf 79' lang='lat' dir='ltr'><strong>Daniel.</strong></span> <span class='ocrx_word' id='word_1_29' title='bbox 1706 672 1912 741; x_wconf 77' lang='lat' dir='ltr'><strong>Quanta</strong></span> <span class='ocrx_word' id='word_1_30' title='bbox 1951 685 2075 724; x_wconf 85' lang='lat' dir='ltr'><strong>vero</strong></span> 
     </span>
    </p>
   </div>
   <div class='ocr_carea' id='block_1_6' title="bbox 514 760 2075 831">
    <p class='ocr_par' dir='ltr' id='par_1_6' title="bbox 514 760 2075 831">
     <span class='ocr_line' id='line_1_6' title="bbox 514 760 2075 831; baseline -0.004 -12"><span class='ocrx_word' id='word_1_31' title='bbox 514 764 761 819; x_wconf 49' lang='lat' dir='ltr'><strong>distantia</strong></span> <span class='ocrx_word' id='word_1_32' title='bbox 788 773 869 818; x_wconf 86' lang='lat' dir='ltr'><strong>est</strong></span> <span class='ocrx_word' id='word_1_33' title='bbox 910 765 1048 817; x_wconf 85' lang='lat' dir='ltr'><strong>inter</strong></span> <span class='ocrx_word' id='word_1_34' title='bbox 1090 765 1309 831; x_wconf 80' lang='lat' dir='ltr'><strong>gratiam</strong></span> <span class='ocrx_word' id='word_1_35' title='bbox 1354 763 1660 830; x_wconf 81' lang='lat' dir='ltr'><strong>Evangelii,</strong></span> <span class='ocrx_word' id='word_1_36' title='bbox 1703 778 1818 829; x_wconf 76' lang='lat' dir='ltr'><strong>qua:</strong></span> <span class='ocrx_word' id='word_1_37' title='bbox 1864 777 1959 829; x_wconf 77' lang='lat' dir='ltr'><strong>per</strong></span> <span class='ocrx_word' id='word_1_38' title='bbox 1990 760 2075 813; x_wconf 83' lang='lat' dir='ltr'><strong>Fi-</strong></span> 
     </span>
    </p>
   </div>
   <div class='ocr_carea' id='block_1_7' title="bbox 511 850 2075 921">
    <p class='ocr_par' dir='ltr' id='par_1_7' title="bbox 511 850 2075 921">
     <span class='ocr_line' id='line_1_7' title="bbox 511 850 2075 921; baseline -0.005 -12"><span class='ocrx_word' id='word_1_39' title='bbox 511 858 636 910; x_wconf 91' lang='lat' dir='ltr'><strong>lium</strong></span> <span class='ocrx_word' id='word_1_40' title='bbox 665 858 786 908; x_wconf 85' lang='lat' dir='ltr'><strong>data</strong></span> <span class='ocrx_word' id='word_1_41' title='bbox 829 864 930 920; x_wconf 87' lang='lat' dir='ltr'><strong>est,</strong></span> <span class='ocrx_word' id='word_1_42' title='bbox 961 864 1013 907; x_wconf 91' lang='lat' dir='ltr'><strong>et</strong></span> <span class='ocrx_word' id='word_1_43' title='bbox 1041 853 1240 921; x_wconf 70' lang='lat' dir='ltr'><strong>legi-in,</strong></span> <span class='ocrx_word' id='word_1_44' title='bbox 1292 868 1408 919; x_wconf 77' lang='lat' dir='ltr'><strong>qua:</strong></span> <span class='ocrx_word' id='word_1_45' title='bbox 1460 867 1551 918; x_wconf 70' lang='lat' dir='ltr'><strong>rer</strong></span> <span class='ocrx_word' id='word_1_46' title='bbox 1598 866 1808 904; x_wconf 86' lang='lat' dir='ltr'><strong>servum</strong></span> <span class='ocrx_word' id='word_1_47' title='bbox 1850 850 2075 903; x_wconf 85' lang='lat' dir='ltr'><strong>admini-</strong></span> 
     </span>
    </p>
   </div>
   <div class='ocr_carea' id='block_1_8' title="bbox 512 945 2076 1007">
    <p class='ocr_par' dir='ltr' id='par_1_8' title="bbox 512 945 2076 1007">
     <span class='ocr_line' id='line_1_8' title="bbox 512 945 2076 1007; baseline -0.007 0"><span class='ocrx_word' id='word_1_48' title='bbox 512 961 673 1007; x_wconf 93' lang='lat' dir='ltr'><strong>strata</strong></span> <span class='ocrx_word' id='word_1_49' title='bbox 714 961 832 1005; x_wconf 86' lang='lat' dir='ltr'><strong>est:</strong></span> <span class='ocrx_word' id='word_1_50' title='bbox 881 957 1020 1003; x_wconf 89' lang='lat' dir='ltr'><strong>tanta</strong></span> <span class='ocrx_word' id='word_1_51' title='bbox 1067 947 1358 1002; x_wconf 70' lang='lat' dir='ltr'><strong>differentia</strong></span> <span class='ocrx_word' id='word_1_52' title='bbox 1407 956 1490 1001; x_wconf 89' lang='lat' dir='ltr'><strong>est</strong></span> <span class='ocrx_word' id='word_1_53' title='bbox 1534 947 1670 999; x_wconf 88' lang='lat' dir='ltr'><strong>inter</strong></span> <span class='ocrx_word' id='word_1_54' title='bbox 1713 945 1981 998; x_wconf 79' lang='lat' dir='ltr'><strong>miniStros</strong></span> <span class='ocrx_word' id='word_1_55' title='bbox 2022 952 2076 996; x_wconf 89' lang='lat' dir='ltr'><strong>et</strong></span> 
     </span>
    </p>
   </div>
   <div class='ocr_carea' id='block_1_9' title="bbox 511 1036 2071 1112">
    <p class='ocr_par' dir='ltr' id='par_1_9' title="bbox 511 1036 2071 1112">
     <span class='ocr_line' id='line_1_9' title="bbox 511 1036 2071 1112; baseline -0.006 -17"><span class='ocrx_word' id='word_1_56' title='bbox 511 1044 779 1112; x_wconf 73' lang='lat' dir='ltr'><strong>adjutores</strong></span> <span class='ocrx_word' id='word_1_57' title='bbox 818 1040 979 1108; x_wconf 90' lang='lat' dir='ltr'><strong>legis:</strong></span> <span class='ocrx_word' id='word_1_58' title='bbox 1011 1040 1257 1106; x_wconf 90' lang='lat' dir='ltr'><strong>quoniam</strong></span> <span class='ocrx_word' id='word_1_59' title='bbox 1286 1038 1422 1092; x_wconf 84' lang='lat' dir='ltr'><strong>servi</strong></span> <span class='ocrx_word' id='word_1_60' title='bbox 1448 1038 1510 1090; x_wconf 89' lang='lat' dir='ltr'><strong>ad</strong></span> <span class='ocrx_word' id='word_1_61' title='bbox 1543 1052 1723 1091; x_wconf 75' lang='lat' dir='ltr'><strong>servos</strong></span> <span class='ocrx_word' id='word_1_62' title='bbox 1755 1036 1897 1088; x_wconf 80' lang='lat' dir='ltr'><strong>missi</strong></span> <span class='ocrx_word' id='word_1_63' title='bbox 1922 1044 2071 1095; x_wconf 88' lang='lat' dir='ltr'><strong>sunt;</strong></span> 
     </span>
    </p>
   </div>
   <div class='ocr_carea' id='block_1_10' title="bbox 511 1125 2073 1203">
    <p class='ocr_par' dir='ltr' id='par_1_10' title="bbox 511 1125 2073 1203">
     <span class='ocr_line' id='line_1_10' title="bbox 511 1125 2073 1203; baseline -0.006 -17"><span class='ocrx_word' id='word_1_64' title='bbox 511 1146 562 1203; x_wconf 84' lang='lat' dir='ltr'><strong>et</strong></span> <span class='ocrx_word' id='word_1_65' title='bbox 582 1135 717 1186; x_wconf 90' lang='lat' dir='ltr'><strong>inter</strong></span> <span class='ocrx_word' id='word_1_66' title='bbox 741 1130 1145 1200; x_wconf 87' lang='lat' dir='ltr'><strong>promissionem</strong></span> <span class='ocrx_word' id='word_1_67' title='bbox 1165 1137 1218 1182; x_wconf 91' lang='lat' dir='ltr'><strong>et</strong></span> <span class='ocrx_word' id='word_1_68' title='bbox 1237 1129 1484 1197; x_wconf 80' lang='lat' dir='ltr'><strong>gratiam,</strong></span> <span class='ocrx_word' id='word_1_69' title='bbox 1505 1142 1622 1194; x_wconf 73' lang='lat' dir='ltr'><strong>qua:</strong></span> <span class='ocrx_word' id='word_1_70' title='bbox 1639 1141 1732 1195; x_wconf 89' lang='lat' dir='ltr'><strong>per</strong></span> <span class='ocrx_word' id='word_1_71' title='bbox 1751 1125 1938 1178; x_wconf 86' lang='lat' dir='ltr'><strong>Filium</strong></span> <span class='ocrx_word' id='word_1_72' title='bbox 1953 1125 2073 1178; x_wconf 86' lang='lat' dir='ltr'><strong>data</strong></span> 
     </span>
    </p>
   </div>
   <div class='ocr_carea' id='block_1_11' title="bbox 507 1216 2072 1291">
    <p class='ocr_par' dir='ltr' id='par_1_11' title="bbox 507 1216 2072 1291">
     <span class='ocr_line' id='line_1_11' title="bbox 507 1216 2072 1291; baseline -0.007 -11"><span class='ocrx_word' id='word_1_73' title='bbox 507 1235 591 1281; x_wconf 91' lang='lat' dir='ltr'><strong>est</strong></span> <span class='ocrx_word' id='word_1_74' title='bbox 619 1224 756 1288; x_wconf 89' lang='lat' dir='ltr'><strong>filiis,</strong></span> <span class='ocrx_word' id='word_1_75' title='bbox 787 1238 847 1277; x_wconf 91' lang='lat' dir='ltr'><strong>ac</strong></span> <span class='ocrx_word' id='word_1_76' title='bbox 894 1222 1227 1291; x_wconf 85' lang='lat' dir='ltr'><strong>postmodum</strong></span> <span class='ocrx_word' id='word_1_77' title='bbox 1268 1235 1362 1287; x_wconf 84' lang='lat' dir='ltr'><strong>per</strong></span> <span class='ocrx_word' id='word_1_78' title='bbox 1392 1219 1529 1272; x_wconf 90' lang='lat' dir='ltr'><strong>filios</strong></span> <span class='ocrx_word' id='word_1_79' title='bbox 1559 1218 1680 1271; x_wconf 81' lang='lat' dir='ltr'><strong>filiis</strong></span> <span class='ocrx_word' id='word_1_80' title='bbox 1710 1216 2072 1270; x_wconf 79' lang='lat' dir='ltr'><strong>administrata</strong></span> 
     </span>
    </p>
   </div>
   <div class='ocr_carea' id='block_1_12' title="bbox 508 1305 2073 1384">
    <p class='ocr_par' dir='ltr' id='par_1_12' title="bbox 508 1305 2073 1384">
     <span class='ocr_line' id='line_1_12' title="bbox 508 1305 2073 1384; baseline -0.006 -15"><span class='ocrx_word' id='word_1_81' title='bbox 508 1313 932 1384; x_wconf 59' lang='lat' dir='ltr'><strong>sequiturﬂuem</strong></span> <span class='ocrx_word' id='word_1_82' title='bbox 952 1312 1209 1371; x_wconf 76' lang='lat' dir='ltr'><strong>constituit</strong></span> <span class='ocrx_word' id='word_1_83' title='bbox 1235 1310 1484 1361; x_wconf 56' lang='lat' dir='ltr'><strong>ha‘rcdent</strong></span> <span class='ocrx_word' id='word_1_84' title='bbox 1513 1309 1874 1360; x_wconf 78' lang='lat' dir='ltr'><strong>nnit&#39;ersorum.</strong></span> <span class='ocrx_word' id='word_1_85' title='bbox 1893 1305 2073 1360; x_wconf 58' lang='lat' dir='ltr'><strong>&quot;uires</strong></span> 
     </span>
    </p>
   </div>
   <div class='ocr_carea' id='block_1_13' title="bbox 507 1396 2072 1466">
    <p class='ocr_par' dir='ltr' id='par_1_13' title="bbox 507 1396 2072 1466">
     <span class='ocr_line' id='line_1_13' title="bbox 507 1396 2072 1466; baseline -0.006 -10"><span class='ocrx_word' id='word_1_86' title='bbox 507 1406 701 1458; x_wconf 87' lang='lat' dir='ltr'><strong>dicitur</strong></span> <span class='ocrx_word' id='word_1_87' title='bbox 722 1404 786 1457; x_wconf 84' lang='lat' dir='ltr'><strong>ab</strong></span> <span class='ocrx_word' id='word_1_88' title='bbox 810 1404 960 1466; x_wconf 90' lang='lat' dir='ltr'><strong>hero,</strong></span> <span class='ocrx_word' id='word_1_89' title='bbox 988 1401 1039 1454; x_wconf 87' lang='lat' dir='ltr'><strong>id</strong></span> <span class='ocrx_word' id='word_1_90' title='bbox 1062 1410 1162 1465; x_wconf 84' lang='lat' dir='ltr'><strong>est,</strong></span> <span class='ocrx_word' id='word_1_91' title='bbox 1188 1399 1436 1451; x_wconf 83' lang='lat' dir='ltr'><strong>domino:</strong></span> <span class='ocrx_word' id='word_1_92' title='bbox 1463 1413 1526 1451; x_wconf 85' lang='lat' dir='ltr'><strong>eo</strong></span> <span class='ocrx_word' id='word_1_93' title='bbox 1560 1397 1696 1466; x_wconf 89' lang='lat' dir='ltr'><strong>quod</strong></span> <span class='ocrx_word' id='word_1_94' title='bbox 1728 1396 1893 1452; x_wconf 87' lang='lat' dir='ltr'><strong>libera</strong></span> <span class='ocrx_word' id='word_1_95' title='bbox 1925 1405 2072 1464; x_wconf 85' lang='lat' dir='ltr'><strong>pote-</strong></span> 
     </span>
    </p>
   </div>
   <div class='ocr_carea' id='block_1_14' title="bbox 506 1487 2071 1556">
    <p class='ocr_par' dir='ltr' id='par_1_14' title="bbox 506 1487 2071 1556">
     <span class='ocr_line' id='line_1_14' title="bbox 506 1487 2071 1556; baseline -0.006 -7"><span class='ocrx_word' id='word_1_96' title='bbox 506 1505 641 1550; x_wconf 88' lang='lat' dir='ltr'><strong>state</strong></span> <span class='ocrx_word' id='word_1_97' title='bbox 664 1498 713 1549; x_wconf 90' lang='lat' dir='ltr'><strong>in</strong></span> <span class='ocrx_word' id='word_1_98' title='bbox 752 1493 1059 1547; x_wconf 73' lang='lat' dir='ltr'><strong>htereditate</strong></span> <span class='ocrx_word' id='word_1_99' title='bbox 1100 1490 1421 1543; x_wconf 65' lang='lat' dir='ltr'><strong>dominetur.</strong></span> <span class='ocrx_word' id='word_1_100' title='bbox 1467 1487 1749 1542; x_wconf 82' lang='lat' dir='ltr'><strong>Constituit</strong></span> <span class='ocrx_word' id='word_1_101' title='bbox 1774 1502 1903 1556; x_wconf 86' lang='lat' dir='ltr'><strong>ergo</strong></span> <span class='ocrx_word' id='word_1_102' title='bbox 1935 1487 2071 1540; x_wconf 81' lang='lat' dir='ltr'><strong>Deus</strong></span> 
     </span>
    </p>
   </div>
   <div class='ocr_carea' id='block_1_15' title="bbox 511 1576 2073 1639">
    <p class='ocr_par' dir='ltr' id='par_1_15' title="bbox 511 1576 2073 1639">
     <span class='ocr_line' id='line_1_15' title="bbox 511 1576 2073 1639; baseline -0.004 -1"><span class='ocrx_word' id='word_1_103' title='bbox 511 1587 667 1638; x_wconf 86' lang='lat' dir='ltr'><strong>Pater</strong></span> <span class='ocrx_word' id='word_1_104' title='bbox 708 1584 893 1637; x_wconf 85' lang='lat' dir='ltr'><strong>Filium</strong></span> <span class='ocrx_word' id='word_1_105' title='bbox 934 1580 1199 1634; x_wconf 75' lang='lat' dir='ltr'><strong>haeredcm</strong></span> <span class='ocrx_word' id='word_1_106' title='bbox 1232 1579 1631 1639; x_wconf 80' lang='lat' dir='ltr'><strong>universorum,</strong></span> <span class='ocrx_word' id='word_1_107' title='bbox 1664 1577 1763 1631; x_wconf 90' lang='lat' dir='ltr'><strong>hoc</strong></span> <span class='ocrx_word' id='word_1_108' title='bbox 1791 1585 1872 1631; x_wconf 90' lang='lat' dir='ltr'><strong>est</strong></span> <span class='ocrx_word' id='word_1_109' title='bbox 1913 1576 2073 1631; x_wconf 87' lang='lat' dir='ltr'><strong>totius</strong></span> 
     </span>
    </p>
   </div>
   <div class='ocr_carea' id='block_1_16' title="bbox 511 1668 2073 1735">
    <p class='ocr_par' dir='ltr' id='par_1_16' title="bbox 511 1668 2073 1735">
     <span class='ocr_line' id='line_1_16' title="bbox 511 1668 2073 1735; baseline -0.006 -8"><span class='ocrx_word' id='word_1_110' title='bbox 511 1672 712 1735; x_wconf 89' lang='lat' dir='ltr'><strong>mundi,</strong></span> <span class='ocrx_word' id='word_1_111' title='bbox 743 1685 836 1724; x_wconf 81' lang='lat' dir='ltr'><strong>seu</strong></span> <span class='ocrx_word' id='word_1_112' title='bbox 865 1668 1097 1725; x_wconf 91' lang='lat' dir='ltr'><strong>omnium</strong></span> <span class='ocrx_word' id='word_1_113' title='bbox 1126 1677 1486 1721; x_wconf 84' lang='lat' dir='ltr'><strong>creaturarum</strong></span> <span class='ocrx_word' id='word_1_114' title='bbox 1512 1682 1525 1717; x_wconf 89' lang='lat'><strong>:</strong></span> <span class='ocrx_word' id='word_1_115' title='bbox 1551 1679 1651 1719; x_wconf 92' lang='lat' dir='ltr'><strong>non</strong></span> <span class='ocrx_word' id='word_1_116' title='bbox 1682 1673 1855 1719; x_wconf 89' lang='lat' dir='ltr'><strong>tamen</strong></span> <span class='ocrx_word' id='word_1_117' title='bbox 1884 1677 2073 1718; x_wconf 88' lang='lat' dir='ltr'><strong>secun-</strong></span> 
     </span>
    </p>
   </div>
   <div class='ocr_carea' id='block_1_17' title="bbox 1587 291 2064 357">
    <p class='ocr_par' dir='ltr' id='par_1_17' title="bbox 1587 292 2053 345">
     <span class='ocr_line' id='line_1_17' title="bbox 1587 292 2053 345; baseline -0.011 0"><span class='ocrx_word' id='word_1_118' title='bbox 1587 292 1874 345; x_wconf 62' lang='lat' dir='ltr'><strong>l‘liiil‘iSil</strong></span> <span class='ocrx_word' id='word_1_119' title='bbox 1922 292 2053 344; x_wconf 63' lang='grc' dir='ltr'><strong>Μ)ἔὶ</strong></span> 
     </span>
    </p>
   </div>
   <div class='ocr_carea' id='block_1_18' title="bbox 2168 291 3660 357">
    <p class='ocr_par' dir='ltr' id='par_1_18' title="bbox 2170 291 3660 357">
     <span class='ocr_line' id='line_1_18' title="bbox 2170 291 3660 357; baseline 0.01 -16"><span class='ocrx_word' id='word_1_120' title='bbox 2170 292 2365 343; x_wconf 54' lang='lat' dir='ltr'><strong>iiTANl</strong></span> <span class='ocrx_word' id='word_1_121' title='bbox 2410 291 2615 345; x_wconf 43' lang='lat' dir='ltr'><strong>EPESW.</strong></span> <span class='ocrx_word' id='word_1_122' title='bbox 3584 302 3660 357; x_wconf 74' lang='lat'><strong>638</strong></span> 
     </span>
    </p>
   </div>
   <div class='ocr_carea' id='block_1_19' title="bbox 1442 402 3664 484">
    <p class='ocr_par' dir='ltr' id='par_1_19' title="bbox 1442 402 3664 484">
     <span class='ocr_line' id='line_1_19' title="bbox 1442 402 3664 484; baseline 0.004 -34"><span class='ocrx_word' id='word_1_123' title='bbox 1442 411 1496 453; x_wconf 87' lang='lat' dir='ltr'><strong>ut</strong></span> <span class='ocrx_word' id='word_1_124' title='bbox 1542 402 1739 465; x_wconf 76' lang='lat' dir='ltr'><strong>Josiie;</strong></span> <span class='ocrx_word' id='word_1_125' title='bbox 1784 404 2067 468; x_wconf 74' lang='lat' dir='ltr'><strong>aliquando</strong></span> <span class='ocrx_word' id='word_1_126' title='bbox 2102 406 2144 459; x_wconf 53' lang='grc' dir='ltr'><strong>Α</strong></span> <span class='ocrx_word' id='word_1_127' title='bbox 2177 403 2245 455; x_wconf 86' lang='lat' dir='ltr'><strong>ita</strong></span> <span class='ocrx_word' id='word_1_128' title='bbox 2277 413 2459 456; x_wconf 83' lang='lat' dir='ltr'><strong>natura</strong></span> <span class='ocrx_word' id='word_1_129' title='bbox 2493 405 2682 469; x_wconf 82' lang='lat' dir='ltr'><strong>Patris,</strong></span> <span class='ocrx_word' id='word_1_130' title='bbox 2712 416 2768 456; x_wconf 78' lang='lat' dir='ltr'><strong>et</strong></span> <span class='ocrx_word' id='word_1_131' title='bbox 2812 405 2954 466; x_wconf 79' lang='lat' dir='ltr'><strong>Filii,</strong></span> <span class='ocrx_word' id='word_1_132' title='bbox 2984 414 3037 459; x_wconf 86' lang='lat' dir='ltr'><strong>et</strong></span> <span class='ocrx_word' id='word_1_133' title='bbox 3065 406 3289 475; x_wconf 83' lang='lat' dir='ltr'><strong>Spititus</strong></span> <span class='ocrx_word' id='word_1_134' title='bbox 3315 411 3467 465; x_wconf 85' lang='lat' dir='ltr'><strong>sancti</strong></span> <span class='ocrx_word' id='word_1_135' title='bbox 3498 414 3664 484; x_wconf 70' lang='lat' dir='ltr'><strong>insepa.</strong></span> 
     </span>
    </p>
   </div>
   <div class='ocr_carea' id='block_1_20' title="bbox 2178 493 3663 571">
    <p class='ocr_par' dir='ltr' id='par_1_20' title="bbox 2178 493 3663 571">
     <span class='ocr_line' id='line_1_20' title="bbox 2178 493 3663 571; baseline 0.008 -25"><span class='ocrx_word' id='word_1_136' title='bbox 2178 493 2412 548; x_wconf 83' lang='lat' dir='ltr'><strong>raliiliter</strong></span> <span class='ocrx_word' id='word_1_137' title='bbox 2434 494 2711 563; x_wconf 84' lang='lat' dir='ltr'><strong>conjuncta</strong></span> <span class='ocrx_word' id='word_1_138' title='bbox 2740 504 2791 548; x_wconf 90' lang='lat' dir='ltr'><strong>et</strong></span> <span class='ocrx_word' id='word_1_139' title='bbox 2816 496 2981 559; x_wconf 84' lang='lat' dir='ltr'><strong>unita,</strong></span> <span class='ocrx_word' id='word_1_140' title='bbox 3013 512 3108 564; x_wconf 91' lang='lat' dir='ltr'><strong>per</strong></span> <span class='ocrx_word' id='word_1_141' title='bbox 3135 498 3355 552; x_wconf 66' lang='lat' dir='ltr'><strong>\‘erbum</strong></span> <span class='ocrx_word' id='word_1_142' title='bbox 3380 509 3663 571; x_wconf 81' lang='lat' dir='ltr'><strong>suum,quasi</strong></span> 
     </span>
    </p>
   </div>
   <div class='ocr_carea' id='block_1_21' title="bbox 2178 584 3664 659">
    <p class='ocr_par' dir='ltr' id='par_1_21' title="bbox 2178 584 3664 659">
     <span class='ocr_line' id='line_1_21' title="bbox 2178 584 3664 659; baseline 0.007 -21"><span class='ocrx_word' id='word_1_143' title='bbox 2178 598 2271 651; x_wconf 88' lang='lat' dir='ltr'><strong>per</strong></span> <span class='ocrx_word' id='word_1_144' title='bbox 2298 584 2636 652; x_wconf 87' lang='lat' dir='ltr'><strong>splendorem</strong></span> <span class='ocrx_word' id='word_1_145' title='bbox 2674 584 2889 652; x_wconf 78' lang='lat' dir='ltr'><strong>dignata</strong></span> <span class='ocrx_word' id='word_1_146' title='bbox 2938 594 3019 639; x_wconf 87' lang='lat' dir='ltr'><strong>est</strong></span> <span class='ocrx_word' id='word_1_147' title='bbox 3066 588 3396 655; x_wconf 81' lang='lat' dir='ltr'><strong>semetipsam</strong></span> <span class='ocrx_word' id='word_1_148' title='bbox 3425 594 3664 659; x_wconf 78' lang='lat' dir='ltr'><strong>ostendere,</strong></span> 
     </span>
    </p>
   </div>
   <div class='ocr_carea' id='block_1_22' title="bbox 2175 676 3668 752">
    <p class='ocr_par' dir='ltr' id='par_1_22' title="bbox 2175 676 3668 752">
     <span class='ocr_line' id='line_1_22' title="bbox 2175 676 3668 752; baseline 0.006 -24"><span class='ocrx_word' id='word_1_149' title='bbox 2175 685 2229 729; x_wconf 90' lang='lat' dir='ltr'><strong>et</strong></span> <span class='ocrx_word' id='word_1_150' title='bbox 2255 676 2469 743; x_wconf 88' lang='lat' dir='ltr'><strong>insuper</strong></span> <span class='ocrx_word' id='word_1_151' title='bbox 2496 676 2802 745; x_wconf 76' lang='lat' dir='ltr'><strong>mysterium</strong></span> <span class='ocrx_word' id='word_1_152' title='bbox 2832 686 3028 731; x_wconf 66' lang='lat' dir='ltr'><strong>sanctae</strong></span> <span class='ocrx_word' id='word_1_153' title='bbox 3060 677 3355 743; x_wconf 84' lang='lat' dir='ltr'><strong>Trinitatis,</strong></span> <span class='ocrx_word' id='word_1_154' title='bbox 3385 682 3668 752; x_wconf 78' lang='lat' dir='ltr'><strong>dicenteipso</strong></span> 
     </span>
    </p>
   </div>
   <div class='ocr_carea' id='block_1_23' title="bbox 2179 765 3669 836">
    <p class='ocr_par' dir='ltr' id='par_1_23' title="bbox 2179 765 3669 836">
     <span class='ocr_line' id='line_1_23' title="bbox 2179 765 3669 836; baseline 0.005 -17"><span class='ocrx_word' id='word_1_155' title='bbox 2179 765 2315 819; x_wconf 82' lang='lat' dir='ltr'><strong>Filio</strong></span> <span class='ocrx_word' id='word_1_156' title='bbox 2351 784 2364 817; x_wconf 92' lang='lat'><strong>:</strong></span> <span class='ocrx_word' id='word_1_157' title='bbox 2398 765 2505 835; x_wconf 84' lang='lat' dir='ltr'><strong>Ego</strong></span> <span class='ocrx_word' id='word_1_158' title='bbox 2531 776 2584 819; x_wconf 86' lang='lat' dir='ltr'><strong>et</strong></span> <span class='ocrx_word' id='word_1_159' title='bbox 2628 766 2783 819; x_wconf 91' lang='lat' dir='ltr'><strong>Pater</strong></span> <span class='ocrx_word' id='word_1_160' title='bbox 2815 782 2979 819; x_wconf 88' lang='lat' dir='ltr'><strong>unum</strong></span> <span class='ocrx_word' id='word_1_161' title='bbox 3008 782 3212 831; x_wconf 86' lang='lat' dir='ltr'><strong>sumus,</strong></span> <span class='ocrx_word' id='word_1_162' title='bbox 3241 769 3436 833; x_wconf 85' lang='lat' dir='ltr'><strong>etzlte,</strong></span> <span class='ocrx_word' id='word_1_163' title='bbox 3466 771 3669 836; x_wconf 77' lang='lat' dir='ltr'><strong>baptizata</strong></span> 
     </span>
    </p>
   </div>
   <div class='ocr_carea' id='block_1_24' title="bbox 2176 857 3670 925">
    <p class='ocr_par' dir='ltr' id='par_1_24' title="bbox 2176 857 3670 925">
     <span class='ocr_line' id='line_1_24' title="bbox 2176 857 3670 925; baseline 0.005 -16"><span class='ocrx_word' id='word_1_164' title='bbox 2176 870 2362 911; x_wconf 91' lang='lat' dir='ltr'><strong>omnes</strong></span> <span class='ocrx_word' id='word_1_165' title='bbox 2391 864 2596 925; x_wconf 87' lang='lat' dir='ltr'><strong>gentes,</strong></span> <span class='ocrx_word' id='word_1_166' title='bbox 2626 857 2678 909; x_wconf 91' lang='lat' dir='ltr'><strong>in</strong></span> <span class='ocrx_word' id='word_1_167' title='bbox 2722 857 2936 910; x_wconf 85' lang='lat' dir='ltr'><strong>nomine</strong></span> <span class='ocrx_word' id='word_1_168' title='bbox 2964 857 3158 923; x_wconf 72' lang='lat' dir='ltr'><strong>Patris,</strong></span> <span class='ocrx_word' id='word_1_169' title='bbox 3190 867 3240 912; x_wconf 89' lang='lat' dir='ltr'><strong>et</strong></span> <span class='ocrx_word' id='word_1_170' title='bbox 3270 858 3400 923; x_wconf 85' lang='lat' dir='ltr'><strong>Filii,</strong></span> <span class='ocrx_word' id='word_1_171' title='bbox 3427 867 3476 913; x_wconf 86' lang='lat' dir='ltr'><strong>et</strong></span> <span class='ocrx_word' id='word_1_172' title='bbox 3496 861 3670 925; x_wconf 79' lang='lat' dir='ltr'><strong>Spiritus</strong></span> 
     </span>
    </p>
   </div>
   <div class='ocr_carea' id='block_1_25' title="bbox 2176 946 3671 1016">
    <p class='ocr_par' dir='ltr' id='par_1_25' title="bbox 2176 946 3671 1016">
     <span class='ocr_line' id='line_1_25' title="bbox 2176 946 3671 1016; baseline 0.005 -18"><span class='ocrx_word' id='word_1_173' title='bbox 2176 948 2363 1000; x_wconf 86' lang='lat' dir='ltr'><strong>sancti.</strong></span> <span class='ocrx_word' id='word_1_174' title='bbox 2410 946 2634 1000; x_wconf 82' lang='lat' dir='ltr'><strong>Mirabili</strong></span> <span class='ocrx_word' id='word_1_175' title='bbox 2666 946 2825 1016; x_wconf 82' lang='lat' dir='ltr'><strong>igitur</strong></span> <span class='ocrx_word' id='word_1_176' title='bbox 2855 947 3012 1000; x_wconf 90' lang='lat' dir='ltr'><strong>modo</strong></span> <span class='ocrx_word' id='word_1_177' title='bbox 3042 948 3324 1015; x_wconf 81' lang='lat' dir='ltr'><strong>Apostolus</strong></span> <span class='ocrx_word' id='word_1_178' title='bbox 3370 964 3554 1003; x_wconf 77' lang='lat' dir='ltr'><strong>omnem</strong></span> <span class='ocrx_word' id='word_1_179' title='bbox 3577 951 3671 1006; x_wconf 85' lang='lat' dir='ltr'><strong>sub-</strong></span> 
     </span>
    </p>
   </div>
   <div class='ocr_carea' id='block_1_26' title="bbox 2178 1037 3672 1101">
    <p class='ocr_par' dir='ltr' id='par_1_26' title="bbox 2178 1037 3672 1101">
     <span class='ocr_line' id='line_1_26' title="bbox 2178 1037 3672 1101; baseline 0.007 -12"><span class='ocrx_word' id='word_1_180' title='bbox 2178 1037 2439 1101; x_wconf 70' lang='lat' dir='ltr'><strong>stantiam</strong></span> <span class='ocrx_word' id='word_1_181' title='bbox 2476 1037 2689 1090; x_wconf 85' lang='lat' dir='ltr'><strong>deitatis</strong></span> <span class='ocrx_word' id='word_1_182' title='bbox 2740 1038 2911 1091; x_wconf 88' lang='lat' dir='ltr'><strong>Patris</strong></span> <span class='ocrx_word' id='word_1_183' title='bbox 2958 1048 3011 1092; x_wconf 90' lang='lat' dir='ltr'><strong>et</strong></span> <span class='ocrx_word' id='word_1_184' title='bbox 3054 1039 3172 1092; x_wconf 87' lang='lat' dir='ltr'><strong>Filii</strong></span> <span class='ocrx_word' id='word_1_185' title='bbox 3202 1040 3463 1095; x_wconf 84' lang='lat' dir='ltr'><strong>ostendit:</strong></span> <span class='ocrx_word' id='word_1_186' title='bbox 3494 1050 3544 1095; x_wconf 87' lang='grc' dir='ltr'><strong>ιιι</strong></span> <span class='ocrx_word' id='word_1_187' title='bbox 3575 1042 3672 1099; x_wconf 80' lang='lat' dir='ltr'><strong>duas</strong></span> 
     </span>
    </p>
   </div>
   <div class='ocr_carea' id='block_1_27' title="bbox 2176 1128 3672 1200">
    <p class='ocr_par' dir='ltr' id='par_1_27' title="bbox 2176 1128 3672 1200">
     <span class='ocr_line' id='line_1_27' title="bbox 2176 1128 3672 1200; baseline 0.006 -21"><span class='ocrx_word' id='word_1_188' title='bbox 2176 1141 2431 1194; x_wconf 76' lang='lat' dir='ltr'><strong>personas</strong></span> <span class='ocrx_word' id='word_1_189' title='bbox 2460 1129 2692 1195; x_wconf 87' lang='lat' dir='ltr'><strong>aperiret</strong></span> <span class='ocrx_word' id='word_1_190' title='bbox 2722 1128 2772 1181; x_wconf 85' lang='lat' dir='ltr'><strong>in</strong></span> <span class='ocrx_word' id='word_1_191' title='bbox 2796 1129 2965 1195; x_wconf 78' lang='lat' dir='ltr'><strong>gloria</strong></span> <span class='ocrx_word' id='word_1_192' title='bbox 2994 1138 3045 1183; x_wconf 90' lang='lat' dir='ltr'><strong>et</strong></span> <span class='ocrx_word' id='word_1_193' title='bbox 3078 1130 3373 1199; x_wconf 81' lang='lat' dir='ltr'><strong>splendore.</strong></span> <span class='ocrx_word' id='word_1_194' title='bbox 3424 1132 3510 1186; x_wconf 86' lang='lat' dir='ltr'><strong>Per</strong></span> <span class='ocrx_word' id='word_1_195' title='bbox 3540 1134 3672 1200; x_wconf 79' lang='lat' dir='ltr'><strong>splen-</strong></span> 
     </span>
    </p>
   </div>
   <div class='ocr_carea' id='block_1_28' title="bbox 2178 1215 3672 1286">
    <p class='ocr_par' dir='ltr' id='par_1_28' title="bbox 2178 1215 3672 1286">
     <span class='ocr_line' id='line_1_28' title="bbox 2178 1215 3672 1286; baseline 0.007 -17"><span class='ocrx_word' id='word_1_196' title='bbox 2178 1215 2361 1270; x_wconf 89' lang='lat' dir='ltr'><strong>dorem</strong></span> <span class='ocrx_word' id='word_1_197' title='bbox 2393 1217 2589 1286; x_wconf 82' lang='lat' dir='ltr'><strong>quippe</strong></span> <span class='ocrx_word' id='word_1_198' title='bbox 2614 1220 2869 1272; x_wconf 84' lang='lat' dir='ltr'><strong>unitatem</strong></span> <span class='ocrx_word' id='word_1_199' title='bbox 2900 1219 3191 1273; x_wconf 85' lang='lat' dir='ltr'><strong>declaravit</strong></span> <span class='ocrx_word' id='word_1_200' title='bbox 3219 1223 3446 1276; x_wconf 77' lang='lat' dir='ltr'><strong>essentia:</strong></span> <span class='ocrx_word' id='word_1_201' title='bbox 3473 1238 3571 1277; x_wconf 87' lang='lat' dir='ltr'><strong>cum</strong></span> <span class='ocrx_word' id='word_1_202' title='bbox 3594 1224 3672 1279; x_wconf 84' lang='lat' dir='ltr'><strong>Deo</strong></span> 
     </span>
    </p>
   </div>
   <div class='ocr_carea' id='block_1_29' title="bbox 2177 1305 3672 1380">
    <p class='ocr_par' dir='ltr' id='par_1_29' title="bbox 2177 1305 3672 1380">
     <span class='ocr_line' id='line_1_29' title="bbox 2177 1305 3672 1380; baseline 0.005 -21"><span class='ocrx_word' id='word_1_203' title='bbox 2177 1305 2333 1360; x_wconf 84' lang='lat' dir='ltr'><strong>Patre</strong></span> <span class='ocrx_word' id='word_1_204' title='bbox 2370 1323 2382 1371; x_wconf 93' lang='lat'><strong>;</strong></span> <span class='ocrx_word' id='word_1_205' title='bbox 2422 1307 2472 1360; x_wconf 94' lang='lat' dir='ltr'><strong>in</strong></span> <span class='ocrx_word' id='word_1_206' title='bbox 2504 1308 2718 1362; x_wconf 86' lang='lat' dir='ltr'><strong>nomine</strong></span> <span class='ocrx_word' id='word_1_207' title='bbox 2744 1319 2921 1363; x_wconf 87' lang='lat' dir='ltr'><strong>autem</strong></span> <span class='ocrx_word' id='word_1_208' title='bbox 2951 1310 3154 1380; x_wconf 68' lang='lat' dir='ltr'><strong>glorire,</strong></span> <span class='ocrx_word' id='word_1_209' title='bbox 3181 1326 3445 1379; x_wconf 82' lang='lat' dir='ltr'><strong>personam</strong></span> <span class='ocrx_word' id='word_1_210' title='bbox 3490 1316 3563 1368; x_wconf 84' lang='lat' dir='ltr'><strong>Dei</strong></span> <span class='ocrx_word' id='word_1_211' title='bbox 3601 1315 3672 1367; x_wconf 86' lang='lat' dir='ltr'><strong>Pa-</strong></span> 
     </span>
    </p>
   </div>
   <div class='ocr_carea' id='block_1_30' title="bbox 2177 1395 3670 1469">
    <p class='ocr_par' dir='ltr' id='par_1_30' title="bbox 2177 1395 3670 1469">
     <span class='ocr_line' id='line_1_30' title="bbox 2177 1395 3670 1469; baseline 0.006 -23"><span class='ocrx_word' id='word_1_212' title='bbox 2177 1395 2271 1447; x_wconf 88' lang='lat' dir='ltr'><strong>tris</strong></span> <span class='ocrx_word' id='word_1_213' title='bbox 2298 1400 2585 1464; x_wconf 76' lang='lat' dir='ltr'><strong>exprcss’t;</strong></span> <span class='ocrx_word' id='word_1_214' title='bbox 2616 1396 2666 1450; x_wconf 92' lang='lat' dir='ltr'><strong>in</strong></span> <span class='ocrx_word' id='word_1_215' title='bbox 2709 1398 2992 1465; x_wconf 82' lang='lat' dir='ltr'><strong>splendore</strong></span> <span class='ocrx_word' id='word_1_216' title='bbox 3032 1414 3242 1464; x_wconf 82' lang='lat' dir='ltr'><strong>auem,</strong></span> <span class='ocrx_word' id='word_1_217' title='bbox 3273 1416 3362 1469; x_wconf 77' lang='lat' dir='ltr'><strong>per</strong></span> <span class='ocrx_word' id='word_1_218' title='bbox 3388 1417 3526 1456; x_wconf 84' lang='lat' dir='ltr'><strong>onam</strong></span> <span class='ocrx_word' id='word_1_219' title='bbox 3552 1402 3670 1465; x_wconf 86' lang='lat' dir='ltr'><strong>Filii;</strong></span> 
     </span>
    </p>
   </div>
   <div class='ocr_carea' id='block_1_31' title="bbox 2176 1483 3673 1555">
    <p class='ocr_par' dir='ltr' id='par_1_31' title="bbox 2176 1483 3673 1555">
     <span class='ocr_line' id='line_1_31' title="bbox 2176 1483 3673 1555; baseline 0.006 -19"><span class='ocrx_word' id='word_1_220' title='bbox 2176 1491 2227 1536; x_wconf 89' lang='lat' dir='ltr'><strong>et</strong></span> <span class='ocrx_word' id='word_1_221' title='bbox 2256 1484 2331 1537; x_wconf 83' lang='lat' dir='ltr'><strong>sic</strong></span> <span class='ocrx_word' id='word_1_222' title='bbox 2357 1494 2437 1537; x_wconf 89' lang='lat' dir='ltr'><strong>est</strong></span> <span class='ocrx_word' id='word_1_223' title='bbox 2466 1483 2630 1538; x_wconf 83' lang='lat' dir='ltr'><strong>Filius</strong></span> <span class='ocrx_word' id='word_1_224' title='bbox 2662 1485 2913 1554; x_wconf 74' lang='lat' dir='ltr'><strong>splendor</strong></span> <span class='ocrx_word' id='word_1_225' title='bbox 2943 1488 3011 1540; x_wconf 90' lang='lat' dir='ltr'><strong>de</strong></span> <span class='ocrx_word' id='word_1_226' title='bbox 3059 1503 3103 1554; x_wconf 59' lang='lat' dir='ltr'><strong>si</strong></span> <span class='ocrx_word' id='word_1_227' title='bbox 3125 1487 3364 1555; x_wconf 89' lang='lat' dir='ltr'><strong>lcndore,</strong></span> <span class='ocrx_word' id='word_1_228' title='bbox 3390 1489 3509 1544; x_wconf 87' lang='lat' dir='ltr'><strong>sicut</strong></span> <span class='ocrx_word' id='word_1_229' title='bbox 3532 1491 3599 1544; x_wconf 86' lang='lat' dir='ltr'><strong>lux</strong></span> <span class='ocrx_word' id='word_1_230' title='bbox 3623 1492 3673 1545; x_wconf 86' lang='lat' dir='ltr'><strong>de</strong></span> 
     </span>
    </p>
   </div>
   <div class='ocr_carea' id='block_1_32' title="bbox 2176 1571 3671 1648">
    <p class='ocr_par' dir='ltr' id='par_1_32' title="bbox 2176 1571 3671 1648">
     <span class='ocr_line' id='line_1_32' title="bbox 2176 1571 3671 1648; baseline 0.008 -25"><span class='ocrx_word' id='word_1_231' title='bbox 2176 1571 2312 1637; x_wconf 87' lang='lat' dir='ltr'><strong>luce,</strong></span> <span class='ocrx_word' id='word_1_232' title='bbox 2351 1572 2487 1627; x_wconf 87' lang='lat' dir='ltr'><strong>Deus</strong></span> <span class='ocrx_word' id='word_1_233' title='bbox 2514 1574 2579 1629; x_wconf 90' lang='lat' dir='ltr'><strong>de</strong></span> <span class='ocrx_word' id='word_1_234' title='bbox 2604 1574 2733 1641; x_wconf 79' lang='lat' dir='ltr'><strong>Deo,</strong></span> <span class='ocrx_word' id='word_1_235' title='bbox 2779 1576 2958 1636; x_wconf 86' lang='lat' dir='ltr'><strong>lumen</strong></span> <span class='ocrx_word' id='word_1_236' title='bbox 2987 1577 3053 1631; x_wconf 88' lang='lat' dir='ltr'><strong>de</strong></span> <span class='ocrx_word' id='word_1_237' title='bbox 3081 1577 3303 1644; x_wconf 85' lang='lat' dir='ltr'><strong>lumine,</strong></span> <span class='ocrx_word' id='word_1_238' title='bbox 3334 1578 3603 1648; x_wconf 71' lang='lat' dir='ltr'><strong>piincipium</strong></span> <span class='ocrx_word' id='word_1_239' title='bbox 3625 1581 3671 1635; x_wconf 75' lang='lat' dir='ltr'><strong>de</strong></span> 
     </span>
    </p>
   </div>
   <div class='ocr_carea' id='block_1_33' title="bbox 2176 1664 3670 1738">
    <p class='ocr_par' dir='ltr' id='par_1_33' title="bbox 2176 1664 3670 1738">
     <span class='ocr_line' id='line_1_33' title="bbox 2176 1664 3670 1738; baseline 0.001 -20"><span class='ocrx_word' id='word_1_240' title='bbox 2176 1664 2454 1734; x_wconf 88' lang='lat' dir='ltr'><strong>principio.</strong></span> <span class='ocrx_word' id='word_1_241' title='bbox 2480 1664 2729 1734; x_wconf 86' lang='lat' dir='ltr'><strong>Sequitur</strong></span> <span class='ocrx_word' id='word_1_242' title='bbox 2756 1683 2770 1721; x_wconf 93' lang='lat'><strong>:</strong></span> <span class='ocrx_word' id='word_1_243' title='bbox 2806 1666 2867 1719; x_wconf 78' lang='lat' dir='ltr'><strong>Et</strong></span> <span class='ocrx_word' id='word_1_244' title='bbox 2897 1666 3069 1738; x_wconf 78' lang='lat' dir='ltr'><strong>ﬁgura</strong></span> <span class='ocrx_word' id='word_1_245' title='bbox 3094 1670 3377 1721; x_wconf 75' lang='lat' dir='ltr'><strong>substantia:</strong></span> <span class='ocrx_word' id='word_1_246' title='bbox 3400 1670 3512 1738; x_wconf 73' lang='lat' dir='ltr'><strong>ejus.</strong></span> <span class='ocrx_word' id='word_1_247' title='bbox 3536 1670 3670 1735; x_wconf 56' lang='lat' dir='ltr'><strong>Quaa-</strong></span> 
     </span>
    </p>
   </div>
   <div class='ocr_carea' id='block_1_34' title="bbox 508 1746 3668 1826">
    <p class='ocr_par' dir='ltr' id='par_1_34' title="bbox 508 1746 3668 1826">
     <span class='ocr_line' id='line_1_34' title="bbox 508 1746 3668 1826; baseline -0.002 -9"><span class='ocrx_word' id='word_1_248' title='bbox 508 1764 633 1817; x_wconf 89' lang='lat' dir='ltr'><strong>dnm</strong></span> <span class='ocrx_word' id='word_1_249' title='bbox 661 1761 1012 1823; x_wconf 85' lang='lat' dir='ltr'><strong>divinitatem,</strong></span> <span class='ocrx_word' id='word_1_250' title='bbox 1040 1773 1138 1824; x_wconf 84' lang='lat' dir='ltr'><strong>qua</strong></span> <span class='ocrx_word' id='word_1_251' title='bbox 1159 1768 1454 1810; x_wconf 72' lang='lat' dir='ltr'><strong>eomternus</strong></span> <span class='ocrx_word' id='word_1_252' title='bbox 1470 1764 1550 1808; x_wconf 91' lang='lat' dir='ltr'><strong>est</strong></span> <span class='ocrx_word' id='word_1_253' title='bbox 1580 1754 1741 1819; x_wconf 76' lang='lat' dir='ltr'><strong>Patri,</strong></span> <span class='ocrx_word' id='word_1_254' title='bbox 1764 1762 1817 1808; x_wconf 90' lang='lat' dir='ltr'><strong>et</strong></span> <span class='ocrx_word' id='word_1_255' title='bbox 1835 1768 2076 1823; x_wconf 69' lang='lat' dir='ltr'><strong>coaequa-</strong></span> <span class='ocrx_word' id='word_1_256' title='bbox 2106 1746 2152 1806; x_wconf 83' lang='grc' dir='ltr'><strong><em>Β</em></strong></span> <span class='ocrx_word' id='word_1_257' title='bbox 2179 1766 2288 1810; x_wconf 89' lang='lat' dir='ltr'><strong>tum</strong></span> <span class='ocrx_word' id='word_1_258' title='bbox 2316 1754 2379 1808; x_wconf 91' lang='lat' dir='ltr'><strong>ad</strong></span> <span class='ocrx_word' id='word_1_259' title='bbox 2408 1754 2651 1809; x_wconf 75' lang='lat' dir='ltr'><strong>homines</strong></span> <span class='ocrx_word' id='word_1_260' title='bbox 2683 1756 2930 1824; x_wconf 83' lang='lat' dir='ltr'><strong>pertinet,</strong></span> <span class='ocrx_word' id='word_1_261' title='bbox 2959 1758 3103 1810; x_wconf 81' lang='lat' dir='ltr'><strong>aliud</strong></span> <span class='ocrx_word' id='word_1_262' title='bbox 3128 1767 3208 1811; x_wconf 91' lang='lat' dir='ltr'><strong>est</strong></span> <span class='ocrx_word' id='word_1_263' title='bbox 3236 1757 3408 1826; x_wconf 80' lang='lat' dir='ltr'><strong>ﬁgura,</strong></span> <span class='ocrx_word' id='word_1_264' title='bbox 3433 1756 3552 1811; x_wconf 70' lang='lat' dir='ltr'><strong>aliud</strong></span> <span class='ocrx_word' id='word_1_265' title='bbox 3576 1761 3668 1813; x_wconf 63' lang='lat' dir='ltr'><strong>sui»</strong></span> 
     </span>
    </p>
   </div>
   <div class='ocr_carea' id='block_1_35' title="bbox 511 1845 2074 1915">
    <p class='ocr_par' dir='ltr' id='par_1_35' title="bbox 511 1845 2074 1915">
     <span class='ocr_line' id='line_1_35' title="bbox 511 1845 2074 1915; baseline -0.004 -11"><span class='ocrx_word' id='word_1_266' title='bbox 511 1853 574 1905; x_wconf 89' lang='lat' dir='ltr'><strong>lis</strong></span> <span class='ocrx_word' id='word_1_267' title='bbox 601 1851 675 1904; x_wconf 91' lang='lat' dir='ltr'><strong>illi</strong></span> <span class='ocrx_word' id='word_1_268' title='bbox 721 1851 771 1904; x_wconf 91' lang='lat' dir='ltr'><strong>in</strong></span> <span class='ocrx_word' id='word_1_269' title='bbox 803 1848 1182 1915; x_wconf 77' lang='lat' dir='ltr'><strong>omnipotentia</strong></span> <span class='ocrx_word' id='word_1_270' title='bbox 1221 1846 1465 1908; x_wconf 80' lang='lat' dir='ltr'><strong>deitatis,</strong></span> <span class='ocrx_word' id='word_1_271' title='bbox 1516 1854 1566 1897; x_wconf 79' lang='lat' dir='ltr'><strong>et</strong></span> <span class='ocrx_word' id='word_1_272' title='bbox 1610 1859 1712 1912; x_wconf 82' lang='lat' dir='ltr'><strong>qua</strong></span> <span class='ocrx_word' id='word_1_273' title='bbox 1754 1845 2074 1898; x_wconf 69' lang='lat' dir='ltr'><strong>arternaliter</strong></span> 
     </span>
    </p>
   </div>
   <div class='ocr_carea' id='block_1_36' title="bbox 511 1932 2069 2009">
    <p class='ocr_par' dir='ltr' id='par_1_36' title="bbox 511 1932 2069 2009">
     <span class='ocr_line' id='line_1_36' title="bbox 511 1932 2069 2009; baseline -0.006 -16"><span class='ocrx_word' id='word_1_274' title='bbox 511 1942 625 2009; x_wconf 88' lang='lat' dir='ltr'><strong>ipse</strong></span> <span class='ocrx_word' id='word_1_275' title='bbox 657 1938 889 2008; x_wconf 82' lang='lat' dir='ltr'><strong>possidet</strong></span> <span class='ocrx_word' id='word_1_276' title='bbox 912 1936 1089 1989; x_wconf 89' lang='lat' dir='ltr'><strong>omnia</strong></span> <span class='ocrx_word' id='word_1_277' title='bbox 1119 1950 1235 1988; x_wconf 89' lang='lat' dir='ltr'><strong>cum</strong></span> <span class='ocrx_word' id='word_1_278' title='bbox 1261 1934 1413 1987; x_wconf 82' lang='lat' dir='ltr'><strong>Patre</strong></span> <span class='ocrx_word' id='word_1_279' title='bbox 1437 1950 1450 1998; x_wconf 87' lang='lat'><strong>;</strong></span> <span class='ocrx_word' id='word_1_280' title='bbox 1474 1933 1565 1986; x_wconf 89' lang='lat' dir='ltr'><strong>sed</strong></span> <span class='ocrx_word' id='word_1_281' title='bbox 1592 1933 1760 2001; x_wconf 83' lang='lat' dir='ltr'><strong>potius</strong></span> <span class='ocrx_word' id='word_1_282' title='bbox 1780 1932 2069 1987; x_wconf 89' lang='lat' dir='ltr'><strong>secundum</strong></span> 
     </span>
    </p>
   </div>
   <div class='ocr_carea' id='block_1_37' title="bbox 511 2022 2072 2091">
    <p class='ocr_par' dir='ltr' id='par_1_37' title="bbox 511 2022 2072 2091">
     <span class='ocr_line' id='line_1_37' title="bbox 511 2022 2072 2091; baseline -0.003 -8"><span class='ocrx_word' id='word_1_283' title='bbox 511 2030 887 2083; x_wconf 89' lang='lat' dir='ltr'><strong>humanitatem</strong></span> <span class='ocrx_word' id='word_1_284' title='bbox 927 2041 955 2080; x_wconf 92' lang='lat' dir='ltr'><strong>a</strong></span> <span class='ocrx_word' id='word_1_285' title='bbox 999 2026 1161 2081; x_wconf 89' lang='lat' dir='ltr'><strong>verbo</strong></span> <span class='ocrx_word' id='word_1_286' title='bbox 1191 2033 1512 2091; x_wconf 82' lang='lat' dir='ltr'><strong>assumptam</strong></span> <span class='ocrx_word' id='word_1_287' title='bbox 1540 2022 1853 2077; x_wconf 87' lang='lat' dir='ltr'><strong>constitutus</strong></span> <span class='ocrx_word' id='word_1_288' title='bbox 1881 2032 1963 2077; x_wconf 93' lang='lat' dir='ltr'><strong>est</strong></span> <span class='ocrx_word' id='word_1_289' title='bbox 1986 2022 2072 2078; x_wconf 89' lang='lat' dir='ltr'><strong>ille</strong></span> 
     </span>
    </p>
   </div>
   <div class='ocr_carea' id='block_1_38' title="bbox 512 2114 2071 2182">
    <p class='ocr_par' dir='ltr' id='par_1_38' title="bbox 512 2114 2071 2182">
     <span class='ocr_line' id='line_1_38' title="bbox 512 2114 2071 2182; baseline -0.006 -8"><span class='ocrx_word' id='word_1_290' title='bbox 512 2120 763 2174; x_wconf 84' lang='lat' dir='ltr'><strong>Dominus</strong></span> <span class='ocrx_word' id='word_1_291' title='bbox 802 2128 854 2172; x_wconf 89' lang='lat' dir='ltr'><strong>et</strong></span> <span class='ocrx_word' id='word_1_292' title='bbox 885 2118 1057 2170; x_wconf 83' lang='lat' dir='ltr'><strong>haeres</strong></span> <span class='ocrx_word' id='word_1_293' title='bbox 1105 2129 1262 2182; x_wconf 87' lang='lat' dir='ltr'><strong>super</strong></span> <span class='ocrx_word' id='word_1_294' title='bbox 1302 2128 1510 2166; x_wconf 87' lang='lat' dir='ltr'><strong>omnem</strong></span> <span class='ocrx_word' id='word_1_295' title='bbox 1553 2121 1891 2167; x_wconf 86' lang='lat' dir='ltr'><strong>creaturam:</strong></span> <span class='ocrx_word' id='word_1_296' title='bbox 1937 2114 2071 2167; x_wconf 87' lang='lat' dir='ltr'><strong>sicut</strong></span> 
     </span>
    </p>
   </div>
   <div class='ocr_carea' id='block_1_39' title="bbox 510 2201 2072 2275">
    <p class='ocr_par' dir='ltr' id='par_1_39' title="bbox 510 2201 2072 2275">
     <span class='ocr_line' id='line_1_39' title="bbox 510 2201 2072 2275; baseline -0.004 -12"><span class='ocrx_word' id='word_1_297' title='bbox 510 2211 582 2263; x_wconf 83' lang='lat' dir='ltr'><strong>illi</strong></span> <span class='ocrx_word' id='word_1_298' title='bbox 611 2210 748 2263; x_wconf 87' lang='lat' dir='ltr'><strong>Deus</strong></span> <span class='ocrx_word' id='word_1_299' title='bbox 776 2209 927 2261; x_wconf 81' lang='lat' dir='ltr'><strong>Pater</strong></span> <span class='ocrx_word' id='word_1_300' title='bbox 970 2206 1240 2275; x_wconf 84' lang='lat' dir='ltr'><strong>promisit,</strong></span> <span class='ocrx_word' id='word_1_301' title='bbox 1280 2203 1503 2257; x_wconf 82' lang='lat' dir='ltr'><strong>dicens:</strong></span> <span class='ocrx_word' id='word_1_302' title='bbox 1552 2201 1764 2256; x_wconf 80' lang='lat' dir='ltr'><strong>Postulzi</strong></span> <span class='ocrx_word' id='word_1_303' title='bbox 1807 2217 1835 2255; x_wconf 91' lang='lat' dir='ltr'><strong>a</strong></span> <span class='ocrx_word' id='word_1_304' title='bbox 1883 2218 1986 2270; x_wconf 89' lang='lat' dir='ltr'><strong>me,</strong></span> <span class='ocrx_word' id='word_1_305' title='bbox 2018 2213 2072 2257; x_wconf 89' lang='lat' dir='ltr'><strong>et</strong></span> 
     </span>
    </p>
   </div>
   <div class='ocr_carea' id='block_1_40' title="bbox 508 2290 2069 2365">
    <p class='ocr_par' dir='ltr' id='par_1_40' title="bbox 508 2290 2069 2365">
     <span class='ocr_line' id='line_1_40' title="bbox 508 2290 2069 2365; baseline -0.003 -14"><span class='ocrx_word' id='word_1_306' title='bbox 508 2300 644 2352; x_wconf 88' lang='lat' dir='ltr'><strong>dabo</strong></span> <span class='ocrx_word' id='word_1_307' title='bbox 675 2298 763 2352; x_wconf 86' lang='lat' dir='ltr'><strong>tibi</strong></span> <span class='ocrx_word' id='word_1_308' title='bbox 794 2303 976 2365; x_wconf 85' lang='lat' dir='ltr'><strong>gentes</strong></span> <span class='ocrx_word' id='word_1_309' title='bbox 1006 2293 1364 2347; x_wconf 70' lang='lat' dir='ltr'><strong>hmrcditatem</strong></span> <span class='ocrx_word' id='word_1_310' title='bbox 1393 2301 1554 2357; x_wconf 90' lang='lat' dir='ltr'><strong>tuam,</strong></span> <span class='ocrx_word' id='word_1_311' title='bbox 1599 2301 1649 2345; x_wconf 87' lang='lat' dir='ltr'><strong>et</strong></span> <span class='ocrx_word' id='word_1_312' title='bbox 1681 2290 2069 2360; x_wconf 76' lang='lat' dir='ltr'><strong>possessionem</strong></span> 
     </span>
    </p>
   </div>
   <div class='ocr_carea' id='block_1_41' title="bbox 511 2384 2071 2455">
    <p class='ocr_par' dir='ltr' id='par_1_41' title="bbox 511 2384 2071 2455">
     <span class='ocr_line' id='line_1_41' title="bbox 511 2384 2071 2455; baseline -0.004 -11"><span class='ocrx_word' id='word_1_313' title='bbox 511 2400 651 2444; x_wconf 87' lang='lat' dir='ltr'><strong>tuam</strong></span> <span class='ocrx_word' id='word_1_314' title='bbox 686 2388 939 2443; x_wconf 89' lang='lat' dir='ltr'><strong>terminos</strong></span> <span class='ocrx_word' id='word_1_315' title='bbox 961 2397 1139 2441; x_wconf 66' lang='lat' dir='ltr'><strong>terra).</strong></span> <span class='ocrx_word' id='word_1_316' title='bbox 1162 2386 1226 2440; x_wconf 86' lang='lat' dir='ltr'><strong>Et</strong></span> <span class='ocrx_word' id='word_1_317' title='bbox 1247 2387 1358 2455; x_wconf 89' lang='lat' dir='ltr'><strong>ipse</strong></span> <span class='ocrx_word' id='word_1_318' title='bbox 1384 2384 1551 2438; x_wconf 85' lang='lat' dir='ltr'><strong>Filius</strong></span> <span class='ocrx_word' id='word_1_319' title='bbox 1579 2398 1861 2453; x_wconf 81' lang='lat' dir='ltr'><strong>resurgens</strong></span> <span class='ocrx_word' id='word_1_320' title='bbox 1882 2399 1910 2436; x_wconf 94' lang='lat' dir='ltr'><strong>a</strong></span> <span class='ocrx_word' id='word_1_321' title='bbox 1930 2400 2071 2437; x_wconf 88' lang='lat' dir='ltr'><strong>mor-</strong></span> 
     </span>
    </p>
   </div>
   <div class='ocr_carea' id='block_1_42' title="bbox 509 2473 2072 2547">
    <p class='ocr_par' dir='ltr' id='par_1_42' title="bbox 509 2473 2072 2547">
     <span class='ocr_line' id='line_1_42' title="bbox 509 2473 2072 2547; baseline -0.004 -12"><span class='ocrx_word' id='word_1_322' title='bbox 509 2482 613 2535; x_wconf 92' lang='lat' dir='ltr'><strong>tuis</strong></span> <span class='ocrx_word' id='word_1_323' title='bbox 651 2480 727 2534; x_wconf 88' lang='lat' dir='ltr'><strong>sic</strong></span> <span class='ocrx_word' id='word_1_324' title='bbox 754 2478 1008 2547; x_wconf 90' lang='lat' dir='ltr'><strong>loquitur,</strong></span> <span class='ocrx_word' id='word_1_325' title='bbox 1041 2492 1105 2530; x_wconf 88' lang='lat' dir='ltr'><strong>ex</strong></span> <span class='ocrx_word' id='word_1_326' title='bbox 1145 2490 1370 2545; x_wconf 85' lang='lat' dir='ltr'><strong>persona</strong></span> <span class='ocrx_word' id='word_1_327' title='bbox 1418 2474 1755 2529; x_wconf 86' lang='lat' dir='ltr'><strong>humanitatis</strong></span> <span class='ocrx_word' id='word_1_328' title='bbox 1786 2490 1799 2525; x_wconf 91' lang='lat'><strong>:</strong></span> <span class='ocrx_word' id='word_1_329' title='bbox 1830 2473 1960 2526; x_wconf 85' lang='lat' dir='ltr'><strong>Data</strong></span> <span class='ocrx_word' id='word_1_330' title='bbox 1991 2484 2072 2528; x_wconf 87' lang='lat' dir='ltr'><strong>est</strong></span> 
     </span>
    </p>
   </div>
   <div class='ocr_carea' id='block_1_43' title="bbox 512 2565 2054 2642">
    <p class='ocr_par' dir='ltr' id='par_1_43' title="bbox 512 2565 2054 2642">
     <span class='ocr_line' id='line_1_43' title="bbox 512 2565 2054 2642; baseline -0.003 -20"><span class='ocrx_word' id='word_1_331' title='bbox 512 2570 797 2642; x_wconf 78' lang='lat' dir='ltr'><strong>(inquiens)</strong></span> <span class='ocrx_word' id='word_1_332' title='bbox 829 2569 954 2624; x_wconf 87' lang='lat' dir='ltr'><strong>mihi</strong></span> <span class='ocrx_word' id='word_1_333' title='bbox 985 2568 1157 2621; x_wconf 89' lang='lat' dir='ltr'><strong>omnis</strong></span> <span class='ocrx_word' id='word_1_334' title='bbox 1187 2575 1418 2637; x_wconf 88' lang='lat' dir='ltr'><strong>potestas</strong></span> <span class='ocrx_word' id='word_1_335' title='bbox 1448 2565 1501 2619; x_wconf 91' lang='lat' dir='ltr'><strong>in</strong></span> <span class='ocrx_word' id='word_1_336' title='bbox 1548 2565 1683 2619; x_wconf 64' lang='lat' dir='ltr'><strong>coelo</strong></span> <span class='ocrx_word' id='word_1_337' title='bbox 1726 2573 1780 2620; x_wconf 88' lang='lat' dir='ltr'><strong>et</strong></span> <span class='ocrx_word' id='word_1_338' title='bbox 1809 2566 1859 2618; x_wconf 93' lang='lat' dir='ltr'><strong>in</strong></span> <span class='ocrx_word' id='word_1_339' title='bbox 1895 2575 2054 2618; x_wconf 88' lang='lat' dir='ltr'><strong>terra.</strong></span> 
     </span>
    </p>
   </div>
   <div class='ocr_carea' id='block_1_44' title="bbox 507 2657 2069 2735">
    <p class='ocr_par' dir='ltr' id='par_1_44' title="bbox 507 2657 2069 2735">
     <span class='ocr_line' id='line_1_44' title="bbox 507 2657 2069 2735; baseline -0.007 -16"><span class='ocrx_word' id='word_1_340' title='bbox 507 2665 620 2719; x_wconf 84' lang='lat' dir='ltr'><strong>Non</strong></span> <span class='ocrx_word' id='word_1_341' title='bbox 652 2678 776 2735; x_wconf 83' lang='lat' dir='ltr'><strong>ergo</strong></span> <span class='ocrx_word' id='word_1_342' title='bbox 797 2661 1091 2715; x_wconf 83' lang='lat' dir='ltr'><strong>dividamus</strong></span> <span class='ocrx_word' id='word_1_343' title='bbox 1121 2673 1376 2728; x_wconf 89' lang='lat' dir='ltr'><strong>personas</strong></span> <span class='ocrx_word' id='word_1_344' title='bbox 1398 2698 1411 2721; x_wconf 96' lang='lat'><strong>,</strong></span> <span class='ocrx_word' id='word_1_345' title='bbox 1439 2657 1531 2712; x_wconf 89' lang='lat' dir='ltr'><strong>sed</strong></span> <span class='ocrx_word' id='word_1_346' title='bbox 1562 2657 1945 2725; x_wconf 80' lang='lat' dir='ltr'><strong>distinguamus</strong></span> <span class='ocrx_word' id='word_1_347' title='bbox 1983 2671 2069 2708; x_wconf 89' lang='lat' dir='ltr'><strong>na-</strong></span> 
     </span>
    </p>
   </div>
   <div class='ocr_carea' id='block_1_45' title="bbox 509 2747 2068 2813">
    <p class='ocr_par' dir='ltr' id='par_1_45' title="bbox 509 2747 2068 2813">
     <span class='ocr_line' id='line_1_45' title="bbox 509 2747 2068 2813; baseline -0.008 -3"><span class='ocrx_word' id='word_1_348' title='bbox 509 2767 673 2811; x_wconf 89' lang='lat' dir='ltr'><strong>turas.</strong></span> <span class='ocrx_word' id='word_1_349' title='bbox 711 2754 858 2810; x_wconf 89' lang='lat' dir='ltr'><strong>Unde</strong></span> <span class='ocrx_word' id='word_1_350' title='bbox 887 2750 1406 2807; x_wconf 78' lang='lat' dir='ltr'><strong>animadvertendum</strong></span> <span class='ocrx_word' id='word_1_351' title='bbox 1453 2756 1532 2802; x_wconf 90' lang='lat' dir='ltr'><strong>est</strong></span> <span class='ocrx_word' id='word_1_352' title='bbox 1580 2747 1803 2803; x_wconf 74' lang='lat' dir='ltr'><strong>solerter</strong></span> <span class='ocrx_word' id='word_1_353' title='bbox 1840 2748 2068 2813; x_wconf 78' lang='lat' dir='ltr'><strong>Aposto-</strong></span> 
     </span>
    </p>
   </div>
   <div class='ocr_carea' id='block_1_46' title="bbox 518 2836 2071 2914">
    <p class='ocr_par' dir='ltr' id='par_1_46' title="bbox 518 2836 2071 2914">
     <span class='ocr_line' id='line_1_46' title="bbox 518 2836 2071 2914; baseline -0.008 -14"><span class='ocrx_word' id='word_1_354' title='bbox 518 2849 622 2903; x_wconf 92' lang='lat' dir='ltr'><strong>lum</strong></span> <span class='ocrx_word' id='word_1_355' title='bbox 654 2848 705 2902; x_wconf 91' lang='lat' dir='ltr'><strong>in</strong></span> <span class='ocrx_word' id='word_1_356' title='bbox 733 2846 962 2914; x_wconf 83' lang='lat' dir='ltr'><strong>Episto&#39;a</strong></span> <span class='ocrx_word' id='word_1_357' title='bbox 995 2840 1131 2895; x_wconf 79' lang='lat' dir='ltr'><strong>nunc</strong></span> <span class='ocrx_word' id='word_1_358' title='bbox 1169 2840 1236 2895; x_wconf 90' lang='lat' dir='ltr'><strong>de</strong></span> <span class='ocrx_word' id='word_1_359' title='bbox 1278 2837 1568 2893; x_wconf 81' lang='lat' dir='ltr'><strong>substantia</strong></span> <span class='ocrx_word' id='word_1_360' title='bbox 1610 2836 1950 2889; x_wconf 75' lang='lat' dir='ltr'><strong>huinani&#39;atis</strong></span> <span class='ocrx_word' id='word_1_361' title='bbox 1996 2836 2071 2888; x_wconf 84' lang='lat' dir='ltr'><strong>lo-</strong></span> 
     </span>
    </p>
   </div>
   <div class='ocr_carea' id='block_1_47' title="bbox 502 2926 2068 3008">
    <p class='ocr_par' dir='ltr' id='par_1_47' title="bbox 502 2926 2068 3008">
     <span class='ocr_line' id='line_1_47' title="bbox 502 2926 2068 3008; baseline -0.008 -17"><span class='ocrx_word' id='word_1_362' title='bbox 502 2941 631 3008; x_wconf 88' lang='lat' dir='ltr'><strong>qui,</strong></span> <span class='ocrx_word' id='word_1_363' title='bbox 673 2951 814 2992; x_wconf 91' lang='lat' dir='ltr'><strong>nunc</strong></span> <span class='ocrx_word' id='word_1_364' title='bbox 860 2948 982 2990; x_wconf 85' lang='lat' dir='ltr'><strong>vero</strong></span> <span class='ocrx_word' id='word_1_365' title='bbox 1029 2933 1095 2987; x_wconf 89' lang='lat' dir='ltr'><strong>de</strong></span> <span class='ocrx_word' id='word_1_366' title='bbox 1135 2930 1423 2985; x_wconf 82' lang='lat' dir='ltr'><strong>substantia</strong></span> <span class='ocrx_word' id='word_1_367' title='bbox 1473 2928 1679 2982; x_wconf 84' lang='lat' dir='ltr'><strong>deitatis</strong></span> <span class='ocrx_word' id='word_1_368' title='bbox 1713 2945 1725 2981; x_wconf 93' lang='lat'><strong>:</strong></span> <span class='ocrx_word' id='word_1_369' title='bbox 1765 2942 1884 2980; x_wconf 87' lang='lat' dir='ltr'><strong>nam</strong></span> <span class='ocrx_word' id='word_1_370' title='bbox 1931 2926 2068 2995; x_wconf 89' lang='lat' dir='ltr'><strong>quod</strong></span> 
     </span>
    </p>
   </div>
   <div class='ocr_carea' id='block_1_48' title="bbox 504 3010 2066 3097">
    <p class='ocr_par' dir='ltr' id='par_1_48' title="bbox 504 3010 2066 3097">
     <span class='ocr_line' id='line_1_48' title="bbox 504 3010 2066 3097; baseline -0.01 -6"><span class='ocrx_word' id='word_1_371' title='bbox 504 3037 634 3091; x_wconf 74' lang='lat' dir='ltr'><strong>dixit</strong></span> <span class='ocrx_word' id='word_1_372' title='bbox 670 3032 1015 3097; x_wconf 84' lang='lat' dir='ltr'><strong>constitutum</strong></span> <span class='ocrx_word' id='word_1_373' title='bbox 1066 3028 1212 3082; x_wconf 91' lang='lat' dir='ltr'><strong>illum</strong></span> <span class='ocrx_word' id='word_1_374' title='bbox 1247 3041 1363 3081; x_wconf 75' lang='lat' dir='ltr'><strong>e~se</strong></span> <span class='ocrx_word' id='word_1_375' title='bbox 1409 3040 1435 3076; x_wconf 89' lang='lat' dir='ltr'><strong>a</strong></span> <span class='ocrx_word' id='word_1_376' title='bbox 1466 3025 1575 3079; x_wconf 89' lang='lat' dir='ltr'><strong>Deo</strong></span> <span class='ocrx_word' id='word_1_377' title='bbox 1604 3010 1761 3077; x_wconf 84' lang='lat' dir='ltr'><strong>Patre</strong></span> <span class='ocrx_word' id='word_1_378' title='bbox 1804 3023 2066 3076; x_wconf 63' lang='lat' dir='ltr'><strong>haeredem</strong></span> 
     </span>
    </p>
   </div>
   <div class='ocr_carea' id='block_1_49' title="bbox 504 3094 3401 3188">
    <p class='ocr_par' dir='ltr' id='par_1_49' title="bbox 504 3094 3401 3188">
     <span class='ocr_line' id='line_1_49' title="bbox 504 3094 3401 3188; baseline -0.003 -9"><span class='ocrx_word' id='word_1_379' title='bbox 504 3126 735 3179; x_wconf 89' lang='lat' dir='ltr'><strong>omnium</strong></span> <span class='ocrx_word' id='word_1_380' title='bbox 767 3130 1146 3181; x_wconf 80' lang='lat' dir='ltr'><strong>creaturarum,</strong></span> <span class='ocrx_word' id='word_1_381' title='bbox 1175 3117 1239 3169; x_wconf 89' lang='lat' dir='ltr'><strong>ad</strong></span> <span class='ocrx_word' id='word_1_382' title='bbox 1270 3116 1647 3169; x_wconf 85' lang='lat' dir='ltr'><strong>humanitatem</strong></span> <span class='ocrx_word' id='word_1_383' title='bbox 1676 3114 1816 3167; x_wconf 87' lang='lat' dir='ltr'><strong>illius</strong></span> <span class='ocrx_word' id='word_1_384' title='bbox 1843 3114 2061 3168; x_wconf 86' lang='lat' dir='ltr'><strong>retulit:</strong></span> <span class='ocrx_word' id='word_1_385' title='bbox 2093 3094 2137 3154; x_wconf 62' lang='grc' dir='ltr'><strong>(ἶ</strong></span> <span class='ocrx_word' id='word_1_386' title='bbox 2169 3115 2422 3169; x_wconf 88' lang='lat' dir='ltr'><strong>cilitatem</strong></span> <span class='ocrx_word' id='word_1_387' title='bbox 2470 3116 2772 3170; x_wconf 71' lang='lat' dir='ltr'><strong>continendi</strong></span> <span class='ocrx_word' id='word_1_388' title='bbox 2818 3118 2988 3171; x_wconf 87' lang='lat' dir='ltr'><strong>voluit</strong></span> <span class='ocrx_word' id='word_1_389' title='bbox 3041 3102 3345 3188; x_wconf 73' lang='lat' dir='ltr'><strong>exprimere</strong></span> <span class='ocrx_word' id='word_1_390' title='bbox 3390 3137 3401 3169; x_wconf 87' lang='lat'><strong>:</strong></span> 
     </span>
    </p>
   </div>
   <div class='ocr_carea' id='block_1_50' title="bbox 504 3203 2065 3268">
    <p class='ocr_par' dir='ltr' id='par_1_50' title="bbox 504 3203 2065 3268">
     <span class='ocr_line' id='line_1_50' title="bbox 504 3203 2065 3268; baseline -0.006 -1"><span class='ocrx_word' id='word_1_391' title='bbox 504 3216 687 3268; x_wconf 86' lang='lat' dir='ltr'><strong>volens</strong></span> <span class='ocrx_word' id='word_1_392' title='bbox 735 3221 908 3265; x_wconf 87' lang='lat' dir='ltr'><strong>autem</strong></span> <span class='ocrx_word' id='word_1_393' title='bbox 951 3211 980 3261; x_wconf 92' lang='lat' dir='ltr'><strong>d</strong></span> <span class='ocrx_word' id='word_1_394' title='bbox 1008 3208 1322 3263; x_wconf 86' lang='lat' dir='ltr'><strong>scretionem</strong></span> <span class='ocrx_word' id='word_1_395' title='bbox 1374 3206 1549 3259; x_wconf 81' lang='lat' dir='ltr'><strong>facere</strong></span> <span class='ocrx_word' id='word_1_396' title='bbox 1593 3207 1731 3260; x_wconf 88' lang='lat' dir='ltr'><strong>inter</strong></span> <span class='ocrx_word' id='word_1_397' title='bbox 1774 3203 2065 3258; x_wconf 72' lang='lat' dir='ltr'><strong>divinitatis</strong></span> 
     </span>
    </p>
   </div>
   <div class='ocr_carea' id='block_1_51' title="bbox 504 3291 2062 3373">
    <p class='ocr_par' dir='ltr' id='par_1_51' title="bbox 504 3291 2062 3373">
     <span class='ocr_line' id='line_1_51' title="bbox 504 3291 2062 3373; baseline -0.01 -15"><span class='ocrx_word' id='word_1_398' title='bbox 504 3307 617 3373; x_wconf 81' lang='lat' dir='ltr'><strong>ejus</strong></span> <span class='ocrx_word' id='word_1_399' title='bbox 663 3312 935 3367; x_wconf 81' lang='lat' dir='ltr'><strong>naturm,</strong></span> <span class='ocrx_word' id='word_1_400' title='bbox 989 3309 1042 3354; x_wconf 89' lang='lat' dir='ltr'><strong>et</strong></span> <span class='ocrx_word' id='word_1_401' title='bbox 1090 3297 1463 3360; x_wconf 85' lang='lat' dir='ltr'><strong>humanitatis,</strong></span> <span class='ocrx_word' id='word_1_402' title='bbox 1508 3301 1562 3349; x_wconf 90' lang='lat' dir='ltr'><strong>et</strong></span> <span class='ocrx_word' id='word_1_403' title='bbox 1604 3293 1895 3347; x_wconf 85' lang='lat' dir='ltr'><strong>os&#39;endere</strong></span> <span class='ocrx_word' id='word_1_404' title='bbox 1940 3291 2062 3359; x_wconf 89' lang='lat' dir='ltr'><strong>quid</strong></span> 
     </span>
    </p>
   </div>
   <div class='ocr_carea' id='block_1_52' title="bbox 505 3381 2064 3463">
    <p class='ocr_par' dir='ltr' id='par_1_52' title="bbox 505 3381 2064 3463">
     <span class='ocr_line' id='line_1_52' title="bbox 505 3381 2064 3463; baseline -0.009 -16"><span class='ocrx_word' id='word_1_405' title='bbox 505 3396 715 3463; x_wconf 80' lang='lat' dir='ltr'><strong>proprie</strong></span> <span class='ocrx_word' id='word_1_406' title='bbox 747 3391 1033 3461; x_wconf 53' lang='lat' dir='ltr'><strong>pertineret</strong></span> <span class='ocrx_word' id='word_1_407' title='bbox 1062 3388 1125 3442; x_wconf 85' lang='lat' dir='ltr'><strong>ad</strong></span> <span class='ocrx_word' id='word_1_408' title='bbox 1154 3398 1576 3454; x_wconf 86' lang='lat' dir='ltr'><strong>unamquamque</strong></span> <span class='ocrx_word' id='word_1_409' title='bbox 1595 3391 1855 3448; x_wconf 86' lang='lat' dir='ltr'><strong>naturam,</strong></span> <span class='ocrx_word' id='word_1_410' title='bbox 1884 3381 2064 3436; x_wconf 87' lang='lat' dir='ltr'><strong>subin-</strong></span> 
     </span>
    </p>
   </div>
   <div class='ocr_carea' id='block_1_53' title="bbox 503 3474 2063 3550">
    <p class='ocr_par' dir='ltr' id='par_1_53' title="bbox 503 3474 2063 3550">
     <span class='ocr_line' id='line_1_53' title="bbox 503 3474 2063 3550; baseline -0.008 -11"><span class='ocrx_word' id='word_1_411' title='bbox 503 3487 620 3539; x_wconf 94' lang='lat' dir='ltr'><strong>tulit</strong></span> <span class='ocrx_word' id='word_1_412' title='bbox 648 3486 679 3538; x_wconf 93' lang='lat' dir='ltr'><strong>d</strong></span> <span class='ocrx_word' id='word_1_413' title='bbox 703 3498 827 3539; x_wconf 87' lang='lat' dir='ltr'><strong>cens</strong></span> <span class='ocrx_word' id='word_1_414' title='bbox 862 3500 873 3534; x_wconf 87' lang='lat'><strong>:</strong></span> <span class='ocrx_word' id='word_1_415' title='bbox 907 3481 1009 3536; x_wconf 80' lang='lat' dir='ltr'><strong>Per</strong></span> <span class='ocrx_word' id='word_1_416' title='bbox 1030 3495 1175 3550; x_wconf 85' lang='lat' dir='ltr'><strong>quem</strong></span> <span class='ocrx_word' id='word_1_417' title='bbox 1201 3479 1316 3549; x_wconf 74' lang='lat' dir='ltr'><strong>fecit</strong></span> <span class='ocrx_word' id='word_1_418' title='bbox 1337 3485 1382 3531; x_wconf 85' lang='lat' dir='ltr'><strong>ct</strong></span> <span class='ocrx_word' id='word_1_419' title='bbox 1407 3475 1609 3530; x_wconf 70' lang='lat' dir='ltr'><strong>sa‘cula.</strong></span> <span class='ocrx_word' id='word_1_420' title='bbox 1641 3476 1844 3529; x_wconf 64' lang='lat' dir='ltr'><strong>Saecula</strong></span> <span class='ocrx_word' id='word_1_421' title='bbox 1876 3474 2063 3529; x_wconf 89' lang='lat' dir='ltr'><strong>dicuh-</strong></span> 
     </span>
    </p>
   </div>
   <div class='ocr_carea' id='block_1_54' title="bbox 502 3564 2063 3637">
    <p class='ocr_par' dir='ltr' id='par_1_54' title="bbox 502 3564 2063 3637">
     <span class='ocr_line' id='line_1_54' title="bbox 502 3564 2063 3637; baseline -0.006 -10"><span class='ocrx_word' id='word_1_422' title='bbox 502 3586 585 3627; x_wconf 87' lang='lat' dir='ltr'><strong>tur</strong></span> <span class='ocrx_word' id='word_1_423' title='bbox 613 3588 641 3626; x_wconf 92' lang='lat' dir='ltr'><strong>a</strong></span> <span class='ocrx_word' id='word_1_424' title='bbox 688 3571 977 3637; x_wconf 76' lang='lat' dir='ltr'><strong>sequendo,</strong></span> <span class='ocrx_word' id='word_1_425' title='bbox 1010 3584 1074 3623; x_wconf 90' lang='lat' dir='ltr'><strong>eo</strong></span> <span class='ocrx_word' id='word_1_426' title='bbox 1121 3567 1261 3637; x_wconf 89' lang='lat' dir='ltr'><strong>quod</strong></span> <span class='ocrx_word' id='word_1_427' title='bbox 1308 3572 1624 3633; x_wconf 88' lang='lat' dir='ltr'><strong>sequuntur,</strong></span> <span class='ocrx_word' id='word_1_428' title='bbox 1668 3564 1720 3617; x_wconf 90' lang='lat' dir='ltr'><strong>in</strong></span> <span class='ocrx_word' id='word_1_429' title='bbox 1766 3576 1933 3618; x_wconf 87' lang='lat' dir='ltr'><strong>semet</strong></span> <span class='ocrx_word' id='word_1_430' title='bbox 1978 3578 2063 3618; x_wconf 87' lang='lat' dir='ltr'><strong>re-</strong></span> 
     </span>
    </p>
   </div>
   <div class='ocr_carea' id='block_1_55' title="bbox 499 3656 2062 3725">
    <p class='ocr_par' dir='ltr' id='par_1_55' title="bbox 499 3656 2062 3725">
     <span class='ocr_line' id='line_1_55' title="bbox 499 3656 2062 3725; baseline -0.008 -4"><span class='ocrx_word' id='word_1_431' title='bbox 499 3665 709 3722; x_wconf 90' lang='lat' dir='ltr'><strong>deundo</strong></span> <span class='ocrx_word' id='word_1_432' title='bbox 732 3680 793 3718; x_wconf 85' lang='lat' dir='ltr'><strong>ae</strong></span> <span class='ocrx_word' id='word_1_433' title='bbox 820 3660 1173 3717; x_wconf 86' lang='lat' dir='ltr'><strong>revertendo:</strong></span> <span class='ocrx_word' id='word_1_434' title='bbox 1215 3658 1301 3714; x_wconf 90' lang='lat' dir='ltr'><strong>hic</strong></span> <span class='ocrx_word' id='word_1_435' title='bbox 1330 3668 1503 3712; x_wconf 90' lang='lat' dir='ltr'><strong>autem</strong></span> <span class='ocrx_word' id='word_1_436' title='bbox 1533 3671 1626 3725; x_wconf 89' lang='lat' dir='ltr'><strong>per</strong></span> <span class='ocrx_word' id='word_1_437' title='bbox 1672 3657 1865 3710; x_wconf 62' lang='lat' dir='ltr'><strong>sarcula</strong></span> <span class='ocrx_word' id='word_1_438' title='bbox 1897 3656 2062 3710; x_wconf 87' lang='lat' dir='ltr'><strong>debe-</strong></span> 
     </span>
    </p>
   </div>
   <div class='ocr_carea' id='block_1_56' title="bbox 499 3746 2063 3824">
    <p class='ocr_par' dir='ltr' id='par_1_56' title="bbox 499 3746 2063 3824">
     <span class='ocr_line' id='line_1_56' title="bbox 499 3746 2063 3824; baseline -0.006 -15"><span class='ocrx_word' id='word_1_439' title='bbox 499 3773 617 3811; x_wconf 88' lang='lat' dir='ltr'><strong>mus</strong></span> <span class='ocrx_word' id='word_1_440' title='bbox 647 3754 940 3824; x_wconf 72' lang='lat' dir='ltr'><strong>inti-lligere</strong></span> <span class='ocrx_word' id='word_1_441' title='bbox 966 3752 1142 3805; x_wconf 85' lang='lat' dir='ltr'><strong>omnia</strong></span> <span class='ocrx_word' id='word_1_442' title='bbox 1169 3754 1284 3820; x_wconf 58' lang='lat' dir='ltr'><strong>quas</strong></span> <span class='ocrx_word' id='word_1_443' title='bbox 1315 3750 1447 3803; x_wconf 87' lang='lat' dir='ltr'><strong>facta</strong></span> <span class='ocrx_word' id='word_1_444' title='bbox 1478 3757 1600 3801; x_wconf 90' lang='lat' dir='ltr'><strong>sunt</strong></span> <span class='ocrx_word' id='word_1_445' title='bbox 1630 3747 1679 3801; x_wconf 91' lang='lat' dir='ltr'><strong>in</strong></span> <span class='ocrx_word' id='word_1_446' title='bbox 1708 3756 1964 3813; x_wconf 85' lang='lat' dir='ltr'><strong>tempore.</strong></span> <span class='ocrx_word' id='word_1_447' title='bbox 1995 3746 2063 3802; x_wconf 91' lang='lat' dir='ltr'><strong>Ut</strong></span> 
     </span>
    </p>
   </div>
   <div class='ocr_carea' id='block_1_57' title="bbox 499 3837 2062 3917">
    <p class='ocr_par' dir='ltr' id='par_1_57' title="bbox 499 3837 2062 3917">
     <span class='ocr_line' id='line_1_57' title="bbox 499 3837 2062 3917; baseline -0.008 -14"><span class='ocrx_word' id='word_1_448' title='bbox 499 3863 624 3917; x_wconf 87' lang='lat' dir='ltr'><strong>ergo</strong></span> <span class='ocrx_word' id='word_1_449' title='bbox 650 3845 954 3901; x_wconf 86' lang='lat' dir='ltr'><strong>ostenderet</strong></span> <span class='ocrx_word' id='word_1_450' title='bbox 978 3840 1258 3911; x_wconf 83' lang='lat' dir='ltr'><strong>Apostolus</strong></span> <span class='ocrx_word' id='word_1_451' title='bbox 1278 3838 1522 3901; x_wconf 61' lang='lat' dir='ltr'><strong>eumdem</strong></span> <span class='ocrx_word' id='word_1_452' title='bbox 1553 3838 1853 3892; x_wconf 83' lang='lat' dir='ltr'><strong>novissimis</strong></span> <span class='ocrx_word' id='word_1_453' title='bbox 1877 3837 2062 3892; x_wconf 90' lang='lat' dir='ltr'><strong>diebus</strong></span> 
     </span>
    </p>
   </div>
   <div class='ocr_carea' id='block_1_58' title="bbox 499 3933 2058 4003">
    <p class='ocr_par' dir='ltr' id='par_1_58' title="bbox 499 3933 2058 4003">
     <span class='ocr_line' id='line_1_58' title="bbox 499 3933 2058 4003; baseline -0.004 -9"><span class='ocrx_word' id='word_1_454' title='bbox 499 3944 706 3996; x_wconf 86' lang='lat' dir='ltr'><strong>venisse</strong></span> <span class='ocrx_word' id='word_1_455' title='bbox 757 3941 809 3994; x_wconf 93' lang='lat' dir='ltr'><strong>in</strong></span> <span class='ocrx_word' id='word_1_456' title='bbox 855 3938 1144 4003; x_wconf 91' lang='lat' dir='ltr'><strong>mundum,</strong></span> <span class='ocrx_word' id='word_1_457' title='bbox 1193 3951 1254 3990; x_wconf 90' lang='lat' dir='ltr'><strong>ac</strong></span> <span class='ocrx_word' id='word_1_458' title='bbox 1294 3935 1653 4003; x_wconf 88' lang='lat' dir='ltr'><strong>temporaiiter</strong></span> <span class='ocrx_word' id='word_1_459' title='bbox 1697 3933 2058 3988; x_wconf 68' lang='lat' dir='ltr'><strong>hwreditatem</strong></span> 
     </span>
    </p>
   </div>
   <div class='ocr_carea' id='block_1_59' title="bbox 497 4012 2057 4101">
    <p class='ocr_par' dir='ltr' id='par_1_59' title="bbox 497 4012 2057 4101">
     <span class='ocr_line' id='line_1_59' title="bbox 497 4012 2057 4101; baseline -0.004 -15"><span class='ocrx_word' id='word_1_460' title='bbox 497 4031 815 4101; x_wconf 70' lang='lat' dir='ltr'><strong>percepisse,</strong></span> <span class='ocrx_word' id='word_1_461' title='bbox 847 4029 935 4098; x_wconf 87' lang='lat' dir='ltr'><strong>qui</strong></span> <span class='ocrx_word' id='word_1_462' title='bbox 960 4035 1085 4082; x_wconf 88' lang='lat' dir='ltr'><strong>ante</strong></span> <span class='ocrx_word' id='word_1_463' title='bbox 1112 4026 1289 4079; x_wconf 87' lang='lat' dir='ltr'><strong>omnia</strong></span> <span class='ocrx_word' id='word_1_464' title='bbox 1335 4025 1527 4079; x_wconf 71' lang='lat' dir='ltr'><strong>smcula</strong></span> <span class='ocrx_word' id='word_1_465' title='bbox 1575 4032 1688 4078; x_wconf 88' lang='lat' dir='ltr'><strong>erat</strong></span> <span class='ocrx_word' id='word_1_466' title='bbox 1733 4039 1851 4078; x_wconf 91' lang='lat' dir='ltr'><strong>cum</strong></span> <span class='ocrx_word' id='word_1_467' title='bbox 1884 4012 2057 4089; x_wconf 88' lang='lat' dir='ltr'><strong>Patre,</strong></span> 
     </span>
    </p>
   </div>
   <div class='ocr_carea' id='block_1_60' title="bbox 496 4114 2061 4189">
    <p class='ocr_par' dir='ltr' id='par_1_60' title="bbox 496 4114 2061 4189">
     <span class='ocr_line' id='line_1_60' title="bbox 496 4114 2061 4189; baseline -0.005 -13"><span class='ocrx_word' id='word_1_468' title='bbox 496 4125 628 4177; x_wconf 90' lang='lat' dir='ltr'><strong>dixit</strong></span> <span class='ocrx_word' id='word_1_469' title='bbox 659 4140 671 4175; x_wconf 94' lang='lat'><strong>:</strong></span> <span class='ocrx_word' id='word_1_470' title='bbox 707 4123 807 4175; x_wconf 89' lang='lat' dir='ltr'><strong>Per</strong></span> <span class='ocrx_word' id='word_1_471' title='bbox 828 4135 982 4189; x_wconf 87' lang='lat' dir='ltr'><strong>quem</strong></span> <span class='ocrx_word' id='word_1_472' title='bbox 1011 4117 1133 4172; x_wconf 89' lang='lat' dir='ltr'><strong>fecit</strong></span> <span class='ocrx_word' id='word_1_473' title='bbox 1164 4117 1301 4171; x_wconf 92' lang='lat' dir='ltr'><strong>Deus</strong></span> <span class='ocrx_word' id='word_1_474' title='bbox 1334 4116 1486 4169; x_wconf 86' lang='lat' dir='ltr'><strong>Pater</strong></span> <span class='ocrx_word' id='word_1_475' title='bbox 1506 4116 1683 4169; x_wconf 89' lang='lat' dir='ltr'><strong>omnia</strong></span> <span class='ocrx_word' id='word_1_476' title='bbox 1704 4130 1821 4180; x_wconf 76' lang='lat' dir='ltr'><strong>qua:</strong></span> <span class='ocrx_word' id='word_1_477' title='bbox 1852 4114 1905 4167; x_wconf 94' lang='lat' dir='ltr'><strong>in</strong></span> <span class='ocrx_word' id='word_1_478' title='bbox 1929 4123 2061 4168; x_wconf 88' lang='lat' dir='ltr'><strong>tem-</strong></span> 
     </span>
    </p>
   </div>
   <div class='ocr_carea' id='block_1_61' title="bbox 494 4204 2054 4281">
    <p class='ocr_par' dir='ltr' id='par_1_61' title="bbox 494 4204 2054 4281">
     <span class='ocr_line' id='line_1_61' title="bbox 494 4204 2054 4281; baseline -0.006 -14"><span class='ocrx_word' id='word_1_479' title='bbox 494 4228 623 4281; x_wconf 87' lang='lat' dir='ltr'><strong>pore</strong></span> <span class='ocrx_word' id='word_1_480' title='bbox 653 4213 785 4266; x_wconf 84' lang='lat' dir='ltr'><strong>facta</strong></span> <span class='ocrx_word' id='word_1_481' title='bbox 808 4219 965 4264; x_wconf 91' lang='lat' dir='ltr'><strong>sunt:</strong></span> <span class='ocrx_word' id='word_1_482' title='bbox 994 4224 1111 4262; x_wconf 92' lang='lat' dir='ltr'><strong>nam</strong></span> <span class='ocrx_word' id='word_1_483' title='bbox 1135 4209 1271 4276; x_wconf 89' lang='lat' dir='ltr'><strong>quod</strong></span> <span class='ocrx_word' id='word_1_484' title='bbox 1300 4206 1621 4275; x_wconf 81' lang='lat' dir='ltr'><strong>evangelista</strong></span> <span class='ocrx_word' id='word_1_485' title='bbox 1646 4204 1876 4259; x_wconf 81' lang='lat' dir='ltr'><strong>Joannes</strong></span> <span class='ocrx_word' id='word_1_486' title='bbox 1894 4205 2054 4258; x_wconf 82' lang='lat' dir='ltr'><strong>dixit:</strong></span> 
     </span>
    </p>
   </div>
   <div class='ocr_carea' id='block_1_62' title="bbox 493 4295 2063 4368">
    <p class='ocr_par' dir='ltr' id='par_1_62' title="bbox 493 4295 2063 4368">
     <span class='ocr_line' id='line_1_62' title="bbox 493 4295 2063 4368; baseline -0.005 -12"><span class='ocrx_word' id='word_1_487' title='bbox 493 4303 681 4356; x_wconf 78' lang='lat' dir='ltr'><strong>Omnia</strong></span> <span class='ocrx_word' id='word_1_488' title='bbox 709 4316 803 4368; x_wconf 90' lang='lat' dir='ltr'><strong>per</strong></span> <span class='ocrx_word' id='word_1_489' title='bbox 831 4301 1000 4367; x_wconf 88' lang='lat' dir='ltr'><strong>ipsum</strong></span> <span class='ocrx_word' id='word_1_490' title='bbox 1031 4298 1165 4351; x_wconf 83' lang='lat' dir='ltr'><strong>facta</strong></span> <span class='ocrx_word' id='word_1_491' title='bbox 1196 4305 1338 4361; x_wconf 89' lang='lat' dir='ltr'><strong>sunt,</strong></span> <span class='ocrx_word' id='word_1_492' title='bbox 1364 4305 1417 4348; x_wconf 89' lang='lat' dir='ltr'><strong>et</strong></span> <span class='ocrx_word' id='word_1_493' title='bbox 1442 4298 1555 4348; x_wconf 90' lang='lat' dir='ltr'><strong>sine</strong></span> <span class='ocrx_word' id='word_1_494' title='bbox 1590 4297 1705 4361; x_wconf 91' lang='lat' dir='ltr'><strong>ipso</strong></span> <span class='ocrx_word' id='word_1_495' title='bbox 1748 4295 1938 4348; x_wconf 87' lang='lat' dir='ltr'><strong>factum</strong></span> <span class='ocrx_word' id='word_1_496' title='bbox 1979 4303 2063 4348; x_wconf 89' lang='lat' dir='ltr'><strong>est</strong></span> 
     </span>
    </p>
   </div>
   <div class='ocr_carea' id='block_1_63' title="bbox 494 4384 2056 4455">
    <p class='ocr_par' dir='ltr' id='par_1_63' title="bbox 494 4384 2056 4455">
     <span class='ocr_line' id='line_1_63' title="bbox 494 4384 2056 4455; baseline -0.004 -11"><span class='ocrx_word' id='word_1_497' title='bbox 494 4392 623 4444; x_wconf 89' lang='lat' dir='ltr'><strong>nihil</strong></span> <span class='ocrx_word' id='word_1_498' title='bbox 657 4408 671 4443; x_wconf 93' lang='lat'><strong>:</strong></span> <span class='ocrx_word' id='word_1_499' title='bbox 703 4392 801 4442; x_wconf 89' lang='lat' dir='ltr'><strong>hoc</strong></span> <span class='ocrx_word' id='word_1_500' title='bbox 827 4388 1110 4455; x_wconf 84' lang='lat' dir='ltr'><strong>Apostolus</strong></span> <span class='ocrx_word' id='word_1_501' title='bbox 1138 4386 1453 4451; x_wconf 83' lang='lat' dir='ltr'><strong>significavit</strong></span> <span class='ocrx_word' id='word_1_502' title='bbox 1483 4385 1708 4437; x_wconf 88' lang='lat' dir='ltr'><strong>dicendo</strong></span> <span class='ocrx_word' id='word_1_503' title='bbox 1736 4402 1747 4437; x_wconf 93' lang='lat'><strong>:</strong></span> <span class='ocrx_word' id='word_1_504' title='bbox 1783 4384 1883 4438; x_wconf 87' lang='lat' dir='ltr'><strong>Per</strong></span> <span class='ocrx_word' id='word_1_505' title='bbox 1900 4400 2056 4453; x_wconf 82' lang='lat' dir='ltr'><strong>quem</strong></span> 
     </span>
    </p>
   </div>
   <div class='ocr_carea' id='block_1_64' title="bbox 2175 1844 3713 1917">
    <p class='ocr_par' dir='ltr' id='par_1_64' title="bbox 2175 1844 3713 1917">
     <span class='ocr_line' id='line_1_64' title="bbox 2175 1844 3713 1917; baseline 0.001 -21"><span class='ocrx_word' id='word_1_506' title='bbox 2175 1844 2365 1903; x_wconf 79' lang='lat' dir='ltr'><strong>stantia</strong></span> <span class='ocrx_word' id='word_1_507' title='bbox 2400 1863 2411 1896; x_wconf 91' lang='lat'><strong>:</strong></span> <span class='ocrx_word' id='word_1_508' title='bbox 2445 1848 2565 1913; x_wconf 87' lang='lat' dir='ltr'><strong>quia</strong></span> <span class='ocrx_word' id='word_1_509' title='bbox 2595 1844 2718 1897; x_wconf 90' lang='lat' dir='ltr'><strong>dum</strong></span> <span class='ocrx_word' id='word_1_510' title='bbox 2757 1845 2986 1913; x_wconf 78' lang='lat' dir='ltr'><strong>pingitur</strong></span> <span class='ocrx_word' id='word_1_511' title='bbox 3021 1845 3195 1914; x_wconf 81' lang='lat' dir='ltr'><strong>imago</strong></span> <span class='ocrx_word' id='word_1_512' title='bbox 3237 1855 3289 1899; x_wconf 90' lang='lat' dir='ltr'><strong>et</strong></span> <span class='ocrx_word' id='word_1_513' title='bbox 3316 1846 3464 1914; x_wconf 81' lang='lat' dir='ltr'><strong>ﬁgura</strong></span> <span class='ocrx_word' id='word_1_514' title='bbox 3502 1845 3670 1914; x_wconf 77' lang='lat' dir='ltr'><strong>alicujus</strong></span> <span class='ocrx_word' id='word_1_515' title='bbox 3710 1914 3713 1917; x_wconf 92' lang='lat'><em>_</em></span> 
     </span>
    </p>
   </div>
   <div class='ocr_carea' id='block_1_65' title="bbox 2178 1933 3668 2005">
    <p class='ocr_par' dir='ltr' id='par_1_65' title="bbox 2178 1933 3668 2005">
     <span class='ocr_line' id='line_1_65' title="bbox 2178 1933 3668 2005; baseline 0.001 -18"><span class='ocrx_word' id='word_1_516' title='bbox 2178 1933 2406 1989; x_wconf 88' lang='lat' dir='ltr'><strong>hominis</strong></span> <span class='ocrx_word' id='word_1_517' title='bbox 2437 1934 2488 1988; x_wconf 90' lang='lat' dir='ltr'><strong>in</strong></span> <span class='ocrx_word' id='word_1_518' title='bbox 2514 1934 2731 2003; x_wconf 89' lang='lat' dir='ltr'><strong>pariete,</strong></span> <span class='ocrx_word' id='word_1_519' title='bbox 2764 1950 2868 1989; x_wconf 87' lang='lat' dir='ltr'><strong>non</strong></span> <span class='ocrx_word' id='word_1_520' title='bbox 2886 1944 2969 1991; x_wconf 90' lang='lat' dir='ltr'><strong>est</strong></span> <span class='ocrx_word' id='word_1_521' title='bbox 2992 1935 3124 1989; x_wconf 80' lang='lat' dir='ltr'><strong>illud</strong></span> <span class='ocrx_word' id='word_1_522' title='bbox 3153 1938 3332 2005; x_wconf 78' lang='lat' dir='ltr'><strong>figura,</strong></span> <span class='ocrx_word' id='word_1_523' title='bbox 3355 1935 3478 2004; x_wconf 89' lang='lat' dir='ltr'><strong>quod</strong></span> <span class='ocrx_word' id='word_1_524' title='bbox 3500 1943 3566 1990; x_wconf 87' lang='lat' dir='ltr'><strong>est</strong></span> <span class='ocrx_word' id='word_1_525' title='bbox 3579 1936 3668 1989; x_wconf 85' lang='lat' dir='ltr'><strong>sub-</strong></span> 
     </span>
    </p>
   </div>
   <div class='ocr_carea' id='block_1_66' title="bbox 2174 2026 3665 2096">
    <p class='ocr_par' dir='ltr' id='par_1_66' title="bbox 2174 2026 3665 2096">
     <span class='ocr_line' id='line_1_66' title="bbox 2174 2026 3665 2096; baseline -0.001 -17"><span class='ocrx_word' id='word_1_526' title='bbox 2174 2026 2386 2080; x_wconf 89' lang='lat' dir='ltr'><strong>stantia.</strong></span> <span class='ocrx_word' id='word_1_527' title='bbox 2423 2026 2705 2095; x_wconf 77' lang='lat' dir='ltr'><strong>Apostolus</strong></span> <span class='ocrx_word' id='word_1_528' title='bbox 2726 2037 2900 2080; x_wconf 89' lang='lat' dir='ltr'><strong>autem</strong></span> <span class='ocrx_word' id='word_1_529' title='bbox 2928 2026 3149 2096; x_wconf 78' lang='lat' dir='ltr'><strong>figuram</strong></span> <span class='ocrx_word' id='word_1_530' title='bbox 3172 2027 3221 2079; x_wconf 81' lang='lat' dir='ltr'><strong>in</strong></span> <span class='ocrx_word' id='word_1_531' title='bbox 3246 2026 3342 2080; x_wconf 84' lang='lat' dir='ltr'><strong>hoc</strong></span> <span class='ocrx_word' id='word_1_532' title='bbox 3369 2026 3475 2080; x_wconf 88' lang='lat' dir='ltr'><strong>loco</strong></span> <span class='ocrx_word' id='word_1_533' title='bbox 3499 2041 3572 2093; x_wconf 67' lang='lat' dir='ltr'><strong>pro</strong></span> <span class='ocrx_word' id='word_1_534' title='bbox 3588 2027 3665 2092; x_wconf 78' lang='lat' dir='ltr'><strong>ipsa</strong></span> 
     </span>
    </p>
   </div>
   <div class='ocr_carea' id='block_1_67' title="bbox 2180 2116 3665 2188">
    <p class='ocr_par' dir='ltr' id='par_1_67' title="bbox 2180 2116 3665 2188">
     <span class='ocr_line' id='line_1_67' title="bbox 2180 2116 3665 2188; baseline -0.003 -15"><span class='ocrx_word' id='word_1_535' title='bbox 2180 2120 2473 2173; x_wconf 85' lang='lat' dir='ltr'><strong>substantia</strong></span> <span class='ocrx_word' id='word_1_536' title='bbox 2523 2129 2573 2173; x_wconf 89' lang='lat' dir='ltr'><strong>et</strong></span> <span class='ocrx_word' id='word_1_537' title='bbox 2613 2119 2912 2188; x_wconf 74' lang='lat' dir='ltr'><strong>mqrtalitate</strong></span> <span class='ocrx_word' id='word_1_538' title='bbox 2959 2120 3212 2173; x_wconf 71' lang='lat' dir='ltr'><strong>essentia:</strong></span> <span class='ocrx_word' id='word_1_539' title='bbox 3253 2117 3457 2186; x_wconf 89' lang='lat' dir='ltr'><strong>posuit:</strong></span> <span class='ocrx_word' id='word_1_540' title='bbox 3485 2125 3530 2170; x_wconf 88' lang='lat' dir='ltr'><strong>et</strong></span> <span class='ocrx_word' id='word_1_541' title='bbox 3566 2116 3665 2184; x_wconf 80' lang='lat' dir='ltr'><strong>quod</strong></span> 
     </span>
    </p>
   </div>
   <div class='ocr_carea' id='block_1_68' title="bbox 2175 2206 3665 2281">
    <p class='ocr_par' dir='ltr' id='par_1_68' title="bbox 2175 2206 3665 2281">
     <span class='ocr_line' id='line_1_68' title="bbox 2175 2206 3665 2281; baseline -0.005 -17"><span class='ocrx_word' id='word_1_542' title='bbox 2175 2211 2259 2266; x_wconf 90' lang='lat' dir='ltr'><strong>hic</strong></span> <span class='ocrx_word' id='word_1_543' title='bbox 2287 2211 2420 2265; x_wconf 87' lang='lat' dir='ltr'><strong>dixit</strong></span> <span class='ocrx_word' id='word_1_544' title='bbox 2448 2211 2689 2281; x_wconf 78' lang='lat' dir='ltr'><strong>figuram,</strong></span> <span class='ocrx_word' id='word_1_545' title='bbox 2718 2211 2847 2265; x_wconf 86' lang='lat' dir='ltr'><strong>alias</strong></span> <span class='ocrx_word' id='word_1_546' title='bbox 2878 2210 3007 2263; x_wconf 88' lang='lat' dir='ltr'><strong>dixit</strong></span> <span class='ocrx_word' id='word_1_547' title='bbox 3051 2209 3305 2267; x_wconf 69' lang='lat' dir='ltr'><strong>formam,</strong></span> <span class='ocrx_word' id='word_1_548' title='bbox 3330 2208 3542 2274; x_wconf 75' lang='lat' dir='ltr'><strong>inquiens</strong></span> <span class='ocrx_word' id='word_1_549' title='bbox 3566 2223 3576 2258; x_wconf 92' lang='lat'><strong>:</strong></span> <span class='ocrx_word' id='word_1_550' title='bbox 3598 2206 3665 2271; x_wconf 79' lang='lat' dir='ltr'><strong>Qui</strong></span> 
     </span>
    </p>
   </div>
   <div class='ocr_carea' id='block_1_69' title="bbox 2173 2297 3665 2366">
    <p class='ocr_par' dir='ltr' id='par_1_69' title="bbox 2173 2297 3665 2366">
     <span class='ocr_line' id='line_1_69' title="bbox 2173 2297 3665 2366; baseline -0.003 -12"><span class='ocrx_word' id='word_1_551' title='bbox 2173 2315 2291 2354; x_wconf 89' lang='lat' dir='ltr'><strong>cum</strong></span> <span class='ocrx_word' id='word_1_552' title='bbox 2323 2301 2373 2354; x_wconf 92' lang='lat' dir='ltr'><strong>in</strong></span> <span class='ocrx_word' id='word_1_553' title='bbox 2406 2302 2572 2354; x_wconf 89' lang='lat' dir='ltr'><strong>forma</strong></span> <span class='ocrx_word' id='word_1_554' title='bbox 2606 2301 2698 2354; x_wconf 82' lang='lat' dir='ltr'><strong>Dei</strong></span> <span class='ocrx_word' id='word_1_555' title='bbox 2724 2308 2894 2366; x_wconf 88' lang='lat' dir='ltr'><strong>esset,</strong></span> <span class='ocrx_word' id='word_1_556' title='bbox 2931 2316 3033 2353; x_wconf 90' lang='lat' dir='ltr'><strong>non</strong></span> <span class='ocrx_word' id='word_1_557' title='bbox 3072 2298 3309 2365; x_wconf 88' lang='lat' dir='ltr'><strong>rapinam</strong></span> <span class='ocrx_word' id='word_1_558' title='bbox 3339 2297 3578 2350; x_wconf 78' lang='lat' dir='ltr'><strong>arbitratus</strong></span> <span class='ocrx_word' id='word_1_559' title='bbox 3606 2304 3665 2349; x_wconf 79' lang='lat' dir='ltr'><strong>est</strong></span> 
     </span>
    </p>
   </div>
   <div class='ocr_carea' id='block_1_70' title="bbox 2173 2386 3661 2457">
    <p class='ocr_par' dir='ltr' id='par_1_70' title="bbox 2173 2386 3661 2457">
     <span class='ocr_line' id='line_1_70' title="bbox 2173 2386 3661 2457; baseline -0.007 -13"><span class='ocrx_word' id='word_1_560' title='bbox 2173 2405 2295 2445; x_wconf 87' lang='lat' dir='ltr'><strong>esse</strong></span> <span class='ocrx_word' id='word_1_561' title='bbox 2325 2406 2382 2445; x_wconf 88' lang='lat' dir='ltr'><strong>se</strong></span> <span class='ocrx_word' id='word_1_562' title='bbox 2428 2391 2684 2457; x_wconf 77' lang='lat' dir='ltr'><strong>aequalem</strong></span> <span class='ocrx_word' id='word_1_563' title='bbox 2728 2390 2868 2453; x_wconf 86' lang='lat' dir='ltr'><strong>Deo;</strong></span> <span class='ocrx_word' id='word_1_564' title='bbox 2900 2390 2993 2444; x_wconf 89' lang='lat' dir='ltr'><strong>sed</strong></span> <span class='ocrx_word' id='word_1_565' title='bbox 3043 2389 3384 2456; x_wconf 73' lang='lat' dir='ltr'><strong>semetipsum</strong></span> <span class='ocrx_word' id='word_1_566' title='bbox 3424 2386 3661 2450; x_wconf 69' lang='lat' dir='ltr'><strong>exinanivit,</strong></span> 
     </span>
    </p>
   </div>
   <div class='ocr_carea' id='block_1_71' title="bbox 2175 2476 3660 2549">
    <p class='ocr_par' dir='ltr' id='par_1_71' title="bbox 2175 2476 3660 2549">
     <span class='ocr_line' id='line_1_71' title="bbox 2175 2476 3660 2549; baseline -0.004 -16"><span class='ocrx_word' id='word_1_567' title='bbox 2175 2480 2391 2534; x_wconf 84' lang='lat' dir='ltr'><strong>formam</strong></span> <span class='ocrx_word' id='word_1_568' title='bbox 2422 2480 2559 2534; x_wconf 85' lang='lat' dir='ltr'><strong>servi</strong></span> <span class='ocrx_word' id='word_1_569' title='bbox 2586 2481 2884 2549; x_wconf 74' lang='lat' dir='ltr'><strong>accipiens;</strong></span> <span class='ocrx_word' id='word_1_570' title='bbox 2919 2478 3092 2533; x_wconf 82' lang='lat' dir='ltr'><strong>forma</strong></span> <span class='ocrx_word' id='word_1_571' title='bbox 3138 2479 3276 2535; x_wconf 88' lang='lat' dir='ltr'><strong>enim</strong></span> <span class='ocrx_word' id='word_1_572' title='bbox 3307 2478 3433 2541; x_wconf 89' lang='lat' dir='ltr'><strong>illic,</strong></span> <span class='ocrx_word' id='word_1_573' title='bbox 3461 2486 3507 2530; x_wconf 86' lang='lat' dir='ltr'><strong>et</strong></span> <span class='ocrx_word' id='word_1_574' title='bbox 3544 2476 3660 2545; x_wconf 70' lang='lat' dir='ltr'><strong>figura</strong></span> 
     </span>
    </p>
   </div>
   <div class='ocr_carea' id='block_1_72' title="bbox 2176 2569 3662 2640">
    <p class='ocr_par' dir='ltr' id='par_1_72' title="bbox 2176 2569 3662 2640">
     <span class='ocr_line' id='line_1_72' title="bbox 2176 2569 3662 2640; baseline -0.001 -16"><span class='ocrx_word' id='word_1_575' title='bbox 2176 2572 2294 2638; x_wconf 91' lang='lat' dir='ltr'><strong>hic,</strong></span> <span class='ocrx_word' id='word_1_576' title='bbox 2329 2587 2483 2626; x_wconf 89' lang='lat' dir='ltr'><strong>unam</strong></span> <span class='ocrx_word' id='word_1_577' title='bbox 2515 2572 2787 2627; x_wconf 87' lang='lat' dir='ltr'><strong>declarant</strong></span> <span class='ocrx_word' id='word_1_578' title='bbox 2816 2572 3127 2640; x_wconf 87' lang='lat' dir='ltr'><strong>qualitatem</strong></span> <span class='ocrx_word' id='word_1_579' title='bbox 3175 2570 3407 2627; x_wconf 67' lang='lat' dir='ltr'><strong>essentia:</strong></span> <span class='ocrx_word' id='word_1_580' title='bbox 3436 2586 3449 2623; x_wconf 92' lang='lat'><strong>:</strong></span> <span class='ocrx_word' id='word_1_581' title='bbox 3482 2569 3662 2624; x_wconf 80' lang='lat' dir='ltr'><strong>Christus</strong></span> 
     </span>
    </p>
   </div>
   <div class='ocr_carea' id='block_1_73' title="bbox 2172 2658 3661 2731">
    <p class='ocr_par' dir='ltr' id='par_1_73' title="bbox 2172 2658 3661 2731">
     <span class='ocr_line' id='line_1_73' title="bbox 2172 2658 3661 2731; baseline -0.003 -16"><span class='ocrx_word' id='word_1_582' title='bbox 2172 2677 2299 2729; x_wconf 88' lang='lat' dir='ltr'><strong>ergo</strong></span> <span class='ocrx_word' id='word_1_583' title='bbox 2329 2662 2577 2727; x_wconf 78' lang='lat' dir='ltr'><strong>splendor</strong></span> <span class='ocrx_word' id='word_1_584' title='bbox 2606 2662 2776 2716; x_wconf 89' lang='lat' dir='ltr'><strong>Patris</strong></span> <span class='ocrx_word' id='word_1_585' title='bbox 2806 2671 2907 2727; x_wconf 62' lang='lat' dir='ltr'><strong>est,</strong></span> <span class='ocrx_word' id='word_1_586' title='bbox 2954 2672 3003 2719; x_wconf 86' lang='lat' dir='ltr'><strong>et</strong></span> <span class='ocrx_word' id='word_1_587' title='bbox 3037 2662 3209 2731; x_wconf 80' lang='lat' dir='ltr'><strong>figura</strong></span> <span class='ocrx_word' id='word_1_588' title='bbox 3238 2660 3514 2716; x_wconf 65' lang='lat' dir='ltr'><strong>substantiae</strong></span> <span class='ocrx_word' id='word_1_589' title='bbox 3545 2658 3661 2726; x_wconf 84' lang='lat' dir='ltr'><strong>ejus:</strong></span> 
     </span>
    </p>
   </div>
   <div class='ocr_carea' id='block_1_74' title="bbox 2174 2751 3662 2821">
    <p class='ocr_par' dir='ltr' id='par_1_74' title="bbox 2174 2751 3662 2821">
     <span class='ocr_line' id='line_1_74' title="bbox 2174 2751 3662 2821; baseline 0 -18"><span class='ocrx_word' id='word_1_590' title='bbox 2174 2753 2291 2818; x_wconf 87' lang='lat' dir='ltr'><strong>quia</strong></span> <span class='ocrx_word' id='word_1_591' title='bbox 2336 2768 2430 2821; x_wconf 89' lang='lat' dir='ltr'><strong>per</strong></span> <span class='ocrx_word' id='word_1_592' title='bbox 2476 2753 2621 2807; x_wconf 91' lang='lat' dir='ltr'><strong>illum</strong></span> <span class='ocrx_word' id='word_1_593' title='bbox 2672 2753 2829 2808; x_wconf 90' lang='lat' dir='ltr'><strong>Pater</strong></span> <span class='ocrx_word' id='word_1_594' title='bbox 2878 2753 3255 2809; x_wconf 76' lang='lat' dir='ltr'><strong>manifestatus</strong></span> <span class='ocrx_word' id='word_1_595' title='bbox 3299 2760 3404 2819; x_wconf 86' lang='lat' dir='ltr'><strong>est,</strong></span> <span class='ocrx_word' id='word_1_596' title='bbox 3441 2752 3552 2805; x_wconf 87' lang='lat' dir='ltr'><strong>sicut</strong></span> <span class='ocrx_word' id='word_1_597' title='bbox 3583 2751 3662 2816; x_wconf 82' lang='lat' dir='ltr'><strong>ipse</strong></span> 
     </span>
    </p>
   </div>
   <div class='ocr_carea' id='block_1_75' title="bbox 2172 2840 3665 2908">
    <p class='ocr_par' dir='ltr' id='par_1_75' title="bbox 2172 2840 3665 2908">
     <span class='ocr_line' id='line_1_75' title="bbox 2172 2840 3665 2908; baseline -0.003 -12"><span class='ocrx_word' id='word_1_598' title='bbox 2172 2842 2342 2896; x_wconf 58' lang='lat' dir='ltr'><strong>dicit:</strong></span> <span class='ocrx_word' id='word_1_599' title='bbox 2370 2843 2545 2908; x_wconf 87' lang='lat' dir='ltr'><strong>Pater,</strong></span> <span class='ocrx_word' id='word_1_600' title='bbox 2575 2842 2907 2898; x_wconf 80' lang='lat' dir='ltr'><strong>manifestavi</strong></span> <span class='ocrx_word' id='word_1_601' title='bbox 2933 2859 3132 2898; x_wconf 82' lang='lat' dir='ltr'><strong>nomen</strong></span> <span class='ocrx_word' id='word_1_602' title='bbox 3156 2851 3297 2896; x_wconf 90' lang='lat' dir='ltr'><strong>tuum</strong></span> <span class='ocrx_word' id='word_1_603' title='bbox 3329 2840 3580 2895; x_wconf 70' lang='lat' dir='ltr'><strong>hominibus</strong></span> <span class='ocrx_word' id='word_1_604' title='bbox 3600 2848 3665 2891; x_wconf 83' lang='lat' dir='ltr'><strong>:ot</strong></span> 
     </span>
    </p>
   </div>
   <div class='ocr_carea' id='block_1_76' title="bbox 2172 2931 3661 3004">
    <p class='ocr_par' dir='ltr' id='par_1_76' title="bbox 2172 2931 3661 3004">
     <span class='ocr_line' id='line_1_76' title="bbox 2172 2931 3661 3004; baseline -0.001 -18"><span class='ocrx_word' id='word_1_605' title='bbox 2172 2935 2389 3004; x_wconf 70' lang='lat' dir='ltr'><strong>mqualis</strong></span> <span class='ocrx_word' id='word_1_606' title='bbox 2415 2944 2494 2989; x_wconf 89' lang='lat' dir='ltr'><strong>est</strong></span> <span class='ocrx_word' id='word_1_607' title='bbox 2520 2936 2591 2988; x_wconf 91' lang='lat' dir='ltr'><strong>illi</strong></span> <span class='ocrx_word' id='word_1_608' title='bbox 2625 2936 2677 2989; x_wconf 90' lang='lat' dir='ltr'><strong>in</strong></span> <span class='ocrx_word' id='word_1_609' title='bbox 2708 2936 3002 2991; x_wconf 85' lang='lat' dir='ltr'><strong>substantia</strong></span> <span class='ocrx_word' id='word_1_610' title='bbox 3027 2936 3264 2989; x_wconf 87' lang='lat' dir='ltr'><strong>deitatis.</strong></span> <span class='ocrx_word' id='word_1_611' title='bbox 3291 2934 3539 3004; x_wconf 84' lang='lat' dir='ltr'><strong>Sequitur:</strong></span> <span class='ocrx_word' id='word_1_612' title='bbox 3567 2931 3661 2985; x_wconf 62' lang='lat' dir='ltr'><strong>Puro</strong></span> 
     </span>
    </p>
   </div>
   <div class='ocr_carea' id='block_1_77' title="bbox 2173 3022 3662 3094">
    <p class='ocr_par' dir='ltr' id='par_1_77' title="bbox 2173 3022 3662 3094">
     <span class='ocr_line' id='line_1_77' title="bbox 2173 3022 3662 3094; baseline -0.002 -18"><span class='ocrx_word' id='word_1_613' title='bbox 2173 3033 2381 3094; x_wconf 80' lang='lat' dir='ltr'><strong>tuusque</strong></span> <span class='ocrx_word' id='word_1_614' title='bbox 2405 3027 2573 3078; x_wconf 80' lang='lat' dir='ltr'><strong>omnia</strong></span> <span class='ocrx_word' id='word_1_615' title='bbox 2597 3026 2738 3079; x_wconf 60' lang='lat' dir='ltr'><strong>t&#39;crbo</strong></span> <span class='ocrx_word' id='word_1_616' title='bbox 2759 3026 2954 3079; x_wconf 79' lang='lat' dir='ltr'><strong>virtutis</strong></span> <span class='ocrx_word' id='word_1_617' title='bbox 2985 3042 3117 3080; x_wconf 74' lang='lat' dir='ltr'><strong>saw.</strong></span> <span class='ocrx_word' id='word_1_618' title='bbox 3147 3025 3371 3080; x_wconf 79' lang='lat' dir='ltr'><strong>Dicenda</strong></span> <span class='ocrx_word' id='word_1_619' title='bbox 3397 3033 3588 3092; x_wconf 80' lang='lat' dir='ltr'><strong>portans,</strong></span> <span class='ocrx_word' id='word_1_620' title='bbox 3607 3022 3662 3073; x_wconf 87' lang='lat' dir='ltr'><strong>fa-</strong></span> 
     </span>
    </p>
   </div>
   <div class='ocr_carea' id='block_1_78' title="bbox 3190 3102 3661 3184">
    <p class='ocr_par' dir='ltr' id='par_1_78' title="bbox 3190 3102 3661 3184">
     <span class='ocr_line' id='line_1_78' title="bbox 3190 3102 3661 3184; baseline -0.013 -12"><span class='ocrx_word' id='word_1_621' title='bbox 3190 3102 3345 3173; x_wconf 81' lang='lat' dir='ltr'><strong>imere</strong></span> <span class='ocrx_word' id='word_1_622' title='bbox 3390 3137 3401 3169; x_wconf 91' lang='lat'><strong>:</strong></span> <span class='ocrx_word' id='word_1_623' title='bbox 3446 3114 3661 3184; x_wconf 84' lang='lat' dir='ltr'><strong>posuitque</strong></span> 
     </span>
    </p>
   </div>
   <div class='ocr_carea' id='block_1_79' title="bbox 2170 3202 3662 3275">
    <p class='ocr_par' dir='ltr' id='par_1_79' title="bbox 2170 3202 3662 3275">
     <span class='ocr_line' id='line_1_79' title="bbox 2170 3202 3662 3275; baseline 0.001 -22"><span class='ocrx_word' id='word_1_624' title='bbox 2170 3212 2408 3270; x_wconf 90' lang='lat' dir='ltr'><strong>portans,</strong></span> <span class='ocrx_word' id='word_1_625' title='bbox 2441 3218 2536 3271; x_wconf 89' lang='lat' dir='ltr'><strong>pro</strong></span> <span class='ocrx_word' id='word_1_626' title='bbox 2563 3218 2627 3256; x_wconf 84' lang='lat' dir='ltr'><strong>eo</strong></span> <span class='ocrx_word' id='word_1_627' title='bbox 2674 3206 2810 3274; x_wconf 89' lang='lat' dir='ltr'><strong>quod</strong></span> <span class='ocrx_word' id='word_1_628' title='bbox 2839 3213 2922 3260; x_wconf 78' lang='lat' dir='ltr'><strong>est</strong></span> <span class='ocrx_word' id='word_1_629' title='bbox 2946 3207 3251 3275; x_wconf 82' lang='lat' dir='ltr'><strong>gubernans</strong></span> <span class='ocrx_word' id='word_1_630' title='bbox 3276 3218 3326 3262; x_wconf 90' lang='lat' dir='ltr'><strong>et</strong></span> <span class='ocrx_word' id='word_1_631' title='bbox 3355 3220 3532 3274; x_wconf 82' lang='lat' dir='ltr'><strong>regens.</strong></span> <span class='ocrx_word' id='word_1_632' title='bbox 3569 3202 3662 3255; x_wconf 68' lang='lat' dir='ltr'><strong>Ver-</strong></span> 
     </span>
    </p>
   </div>
   <div class='ocr_carea' id='block_1_80' title="bbox 2166 3292 3660 3368">
    <p class='ocr_par' dir='ltr' id='par_1_80' title="bbox 2166 3292 3660 3368">
     <span class='ocr_line' id='line_1_80' title="bbox 2166 3292 3660 3368; baseline 0 -22"><span class='ocrx_word' id='word_1_633' title='bbox 2166 3292 2288 3346; x_wconf 87' lang='lat' dir='ltr'><strong>bum</strong></span> <span class='ocrx_word' id='word_1_634' title='bbox 2323 3294 2480 3361; x_wconf 82' lang='lat' dir='ltr'><strong>igitur</strong></span> <span class='ocrx_word' id='word_1_635' title='bbox 2509 3293 2601 3348; x_wconf 87' lang='lat' dir='ltr'><strong>Dei</strong></span> <span class='ocrx_word' id='word_1_636' title='bbox 2625 3294 2819 3362; x_wconf 86' lang='lat' dir='ltr'><strong>Patris,</strong></span> <span class='ocrx_word' id='word_1_637' title='bbox 2845 3297 3021 3351; x_wconf 90' lang='lat' dir='ltr'><strong>omnia</strong></span> <span class='ocrx_word' id='word_1_638' title='bbox 3045 3314 3167 3368; x_wconf 69' lang='lat' dir='ltr'><strong>qua:</strong></span> <span class='ocrx_word' id='word_1_639' title='bbox 3195 3300 3309 3353; x_wconf 82' lang='lat' dir='ltr'><strong>fecit</strong></span> <span class='ocrx_word' id='word_1_640' title='bbox 3333 3297 3476 3352; x_wconf 83' lang='lat' dir='ltr'><strong>verbo</strong></span> <span class='ocrx_word' id='word_1_641' title='bbox 3502 3292 3660 3347; x_wconf 62' lang='lat' dir='ltr'><strong>virtutis</strong></span> 
     </span>
    </p>
   </div>
   <div class='ocr_carea' id='block_1_81' title="bbox 2164 3374 3661 3455">
    <p class='ocr_par' dir='ltr' id='par_1_81' title="bbox 2164 3374 3661 3455">
     <span class='ocr_line' id='line_1_81' title="bbox 2164 3374 3661 3455; baseline 0.001 -19"><span class='ocrx_word' id='word_1_642' title='bbox 2164 3399 2273 3436; x_wconf 74' lang='lat' dir='ltr'><strong>suae</strong></span> <span class='ocrx_word' id='word_1_643' title='bbox 2305 3394 2481 3452; x_wconf 89' lang='lat' dir='ltr'><strong>portat</strong></span> <span class='ocrx_word' id='word_1_644' title='bbox 2512 3400 2527 3437; x_wconf 94' lang='lat'><strong>:</strong></span> <span class='ocrx_word' id='word_1_645' title='bbox 2561 3384 2659 3439; x_wconf 90' lang='lat' dir='ltr'><strong>hoc</strong></span> <span class='ocrx_word' id='word_1_646' title='bbox 2687 3397 2787 3450; x_wconf 84' lang='lat' dir='ltr'><strong>est,</strong></span> <span class='ocrx_word' id='word_1_647' title='bbox 2823 3390 3057 3455; x_wconf 88' lang='lat' dir='ltr'><strong>potentia</strong></span> <span class='ocrx_word' id='word_1_648' title='bbox 3108 3390 3312 3443; x_wconf 81' lang='lat' dir='ltr'><strong>virtutis</strong></span> <span class='ocrx_word' id='word_1_649' title='bbox 3338 3403 3454 3450; x_wconf 69' lang='lat' dir='ltr'><strong>sure,</strong></span> <span class='ocrx_word' id='word_1_650' title='bbox 3477 3394 3521 3438; x_wconf 89' lang='lat' dir='ltr'><strong>et</strong></span> <span class='ocrx_word' id='word_1_651' title='bbox 3542 3374 3661 3437; x_wconf 77' lang='lat' dir='ltr'><strong>verbo</strong></span> 
     </span>
    </p>
   </div>
   <div class='ocr_carea' id='block_1_82' title="bbox 2162 3473 3659 3547">
    <p class='ocr_par' dir='ltr' id='par_1_82' title="bbox 2162 3473 3659 3547">
     <span class='ocr_line' id='line_1_82' title="bbox 2162 3473 3659 3547; baseline -0.003 -21"><span class='ocrx_word' id='word_1_652' title='bbox 2162 3473 2419 3543; x_wconf 86' lang='lat' dir='ltr'><strong>jussionis</strong></span> <span class='ocrx_word' id='word_1_653' title='bbox 2472 3490 2582 3530; x_wconf 71' lang='lat' dir='ltr'><strong>sum</strong></span> <span class='ocrx_word' id='word_1_654' title='bbox 2627 3477 2803 3531; x_wconf 91' lang='lat' dir='ltr'><strong>omnia</strong></span> <span class='ocrx_word' id='word_1_655' title='bbox 2851 3478 3119 3546; x_wconf 84' lang='lat' dir='ltr'><strong>gubernat</strong></span> <span class='ocrx_word' id='word_1_656' title='bbox 3159 3488 3211 3534; x_wconf 90' lang='lat' dir='ltr'><strong>et</strong></span> <span class='ocrx_word' id='word_1_657' title='bbox 3257 3478 3399 3547; x_wconf 83' lang='lat' dir='ltr'><strong>regit.</strong></span> <span class='ocrx_word' id='word_1_658' title='bbox 3434 3475 3527 3529; x_wconf 76' lang='lat' dir='ltr'><strong>Non</strong></span> <span class='ocrx_word' id='word_1_659' title='bbox 3557 3473 3659 3526; x_wconf 80' lang='lat' dir='ltr'><strong>enim</strong></span> 
     </span>
    </p>
   </div>
   <div class='ocr_carea' id='block_1_83' title="bbox 2165 3566 3660 3639">
    <p class='ocr_par' dir='ltr' id='par_1_83' title="bbox 2165 3566 3660 3639">
     <span class='ocr_line' id='line_1_83' title="bbox 2165 3566 3660 3639; baseline -0.001 -21"><span class='ocrx_word' id='word_1_660' title='bbox 2165 3566 2337 3619; x_wconf 87' lang='lat' dir='ltr'><strong>minus</strong></span> <span class='ocrx_word' id='word_1_661' title='bbox 2370 3573 2451 3619; x_wconf 89' lang='lat' dir='ltr'><strong>est</strong></span> <span class='ocrx_word' id='word_1_662' title='bbox 2479 3566 2775 3634; x_wconf 84' lang='lat' dir='ltr'><strong>gubernare</strong></span> <span class='ocrx_word' id='word_1_663' title='bbox 2822 3570 3102 3632; x_wconf 91' lang='lat' dir='ltr'><strong>mundum,</strong></span> <span class='ocrx_word' id='word_1_664' title='bbox 3132 3585 3285 3639; x_wconf 91' lang='lat' dir='ltr'><strong>quam</strong></span> <span class='ocrx_word' id='word_1_665' title='bbox 3325 3581 3511 3622; x_wconf 84' lang='lat' dir='ltr'><strong>creasse</strong></span> <span class='ocrx_word' id='word_1_666' title='bbox 3534 3581 3548 3628; x_wconf 88' lang='lat'><strong>;</strong></span> <span class='ocrx_word' id='word_1_667' title='bbox 3573 3579 3660 3616; x_wconf 82' lang='lat' dir='ltr'><strong>nam</strong></span> 
     </span>
    </p>
   </div>
   <div class='ocr_carea' id='block_1_84' title="bbox 2165 3655 3673 3725">
    <p class='ocr_par' dir='ltr' id='par_1_84' title="bbox 2165 3655 3673 3725">
     <span class='ocr_line' id='line_1_84' title="bbox 2165 3655 3673 3725; baseline -0.002 -16"><span class='ocrx_word' id='word_1_668' title='bbox 2165 3657 2215 3709; x_wconf 93' lang='lat' dir='ltr'><strong>in</strong></span> <span class='ocrx_word' id='word_1_669' title='bbox 2259 3657 2491 3711; x_wconf 85' lang='lat' dir='ltr'><strong>creando</strong></span> <span class='ocrx_word' id='word_1_670' title='bbox 2542 3673 2607 3713; x_wconf 87' lang='lat' dir='ltr'><strong>ex</strong></span> <span class='ocrx_word' id='word_1_671' title='bbox 2656 3659 2821 3713; x_wconf 85' lang='lat' dir='ltr'><strong>nihilo</strong></span> <span class='ocrx_word' id='word_1_672' title='bbox 2874 3660 3189 3715; x_wconf 77' lang='lat' dir='ltr'><strong>substantiae</strong></span> <span class='ocrx_word' id='word_1_673' title='bbox 3235 3675 3399 3715; x_wconf 83' lang='lat' dir='ltr'><strong>rerum</strong></span> <span class='ocrx_word' id='word_1_674' title='bbox 3444 3655 3673 3725; x_wconf 32' lang='lat' dir='ltr'><strong>producta,</strong></span> 
     </span>
    </p>
   </div>
   <div class='ocr_carea' id='block_1_85' title="bbox 2162 3742 3660 3818">
    <p class='ocr_par' dir='ltr' id='par_1_85' title="bbox 2162 3742 3660 3818">
     <span class='ocr_line' id='line_1_85' title="bbox 2162 3742 3660 3818; baseline -0.002 -16"><span class='ocrx_word' id='word_1_675' title='bbox 2162 3757 2287 3803; x_wconf 88' lang='lat' dir='ltr'><strong>sunt</strong></span> <span class='ocrx_word' id='word_1_676' title='bbox 2314 3766 2329 3803; x_wconf 89' lang='lat'><strong>:</strong></span> <span class='ocrx_word' id='word_1_677' title='bbox 2364 3750 2414 3803; x_wconf 93' lang='lat' dir='ltr'><strong>in</strong></span> <span class='ocrx_word' id='word_1_678' title='bbox 2444 3751 2793 3818; x_wconf 88' lang='lat' dir='ltr'><strong>gubernando</strong></span> <span class='ocrx_word' id='word_1_679' title='bbox 2826 3767 2950 3806; x_wconf 85' lang='lat' dir='ltr'><strong>vero</strong></span> <span class='ocrx_word' id='word_1_680' title='bbox 2980 3767 3042 3806; x_wconf 89' lang='lat' dir='ltr'><strong>ea</strong></span> <span class='ocrx_word' id='word_1_681' title='bbox 3084 3768 3204 3817; x_wconf 73' lang='lat' dir='ltr'><strong>qua:</strong></span> <span class='ocrx_word' id='word_1_682' title='bbox 3234 3752 3361 3806; x_wconf 87' lang='lat' dir='ltr'><strong>facta</strong></span> <span class='ocrx_word' id='word_1_683' title='bbox 3387 3758 3511 3811; x_wconf 88' lang='lat' dir='ltr'><strong>sunt,</strong></span> <span class='ocrx_word' id='word_1_684' title='bbox 3537 3761 3587 3800; x_wconf 89' lang='lat' dir='ltr'><strong>ne</strong></span> <span class='ocrx_word' id='word_1_685' title='bbox 3612 3742 3660 3795; x_wconf 68' lang='lat' dir='ltr'><strong>ad</strong></span> 
     </span>
    </p>
   </div>
   <div class='ocr_carea' id='block_1_86' title="bbox 2161 3832 3659 3913">
    <p class='ocr_par' dir='ltr' id='par_1_86' title="bbox 2161 3832 3659 3913">
     <span class='ocr_line' id='line_1_86' title="bbox 2161 3832 3659 3913; baseline -0.005 -21"><span class='ocrx_word' id='word_1_686' title='bbox 2161 3841 2382 3894; x_wconf 89' lang='lat' dir='ltr'><strong>nihilum</strong></span> <span class='ocrx_word' id='word_1_687' title='bbox 2412 3841 2656 3904; x_wconf 81' lang='lat' dir='ltr'><strong>redeant,</strong></span> <span class='ocrx_word' id='word_1_688' title='bbox 2689 3844 3051 3897; x_wconf 87' lang='lat' dir='ltr'><strong>continentur.</strong></span> <span class='ocrx_word' id='word_1_689' title='bbox 3088 3844 3229 3913; x_wconf 76' lang='lat' dir='ltr'><strong>Ergo</strong></span> <span class='ocrx_word' id='word_1_690' title='bbox 3267 3843 3380 3896; x_wconf 90' lang='lat' dir='ltr'><strong>dum</strong></span> <span class='ocrx_word' id='word_1_691' title='bbox 3409 3842 3505 3892; x_wconf 68' lang='lat' dir='ltr'><strong>haec</strong></span> <span class='ocrx_word' id='word_1_692' title='bbox 3527 3832 3659 3889; x_wconf 80' lang='lat' dir='ltr'><strong>omnia</strong></span> 
     </span>
    </p>
   </div>
   <div class='ocr_carea' id='block_1_87' title="bbox 2164 3932 3657 4007">
    <p class='ocr_par' dir='ltr' id='par_1_87' title="bbox 2164 3932 3657 4007">
     <span class='ocr_line' id='line_1_87' title="bbox 2164 3932 3657 4007; baseline 0.004 -25"><span class='ocrx_word' id='word_1_693' title='bbox 2164 3937 2435 3999; x_wconf 85' lang='lat' dir='ltr'><strong>reguntur,</strong></span> <span class='ocrx_word' id='word_1_694' title='bbox 2463 3939 2515 3985; x_wconf 87' lang='lat' dir='ltr'><strong>et</strong></span> <span class='ocrx_word' id='word_1_695' title='bbox 2554 3932 2619 3985; x_wconf 89' lang='lat' dir='ltr'><strong>ad</strong></span> <span class='ocrx_word' id='word_1_696' title='bbox 2667 3932 2892 3986; x_wconf 88' lang='lat' dir='ltr'><strong>invicem</strong></span> <span class='ocrx_word' id='word_1_697' title='bbox 2934 3934 3035 3988; x_wconf 89' lang='lat' dir='ltr'><strong>sibi</strong></span> <span class='ocrx_word' id='word_1_698' title='bbox 3075 3935 3353 4007; x_wconf 82' lang='lat' dir='ltr'><strong>pugnantia</strong></span> <span class='ocrx_word' id='word_1_699' title='bbox 3393 3936 3657 3999; x_wconf 67' lang='lat' dir='ltr'><strong>coiiptintur.</strong></span> 
     </span>
    </p>
   </div>
   <div class='ocr_carea' id='block_1_88' title="bbox 2162 4021 3658 4095">
    <p class='ocr_par' dir='ltr' id='par_1_88' title="bbox 2162 4021 3658 4095">
     <span class='ocr_line' id='line_1_88' title="bbox 2162 4021 3658 4095; baseline -0.003 -20"><span class='ocrx_word' id='word_1_700' title='bbox 2162 4037 2409 4090; x_wconf 85' lang='lat' dir='ltr'><strong>magnum</strong></span> <span class='ocrx_word' id='word_1_701' title='bbox 2442 4030 2496 4076; x_wconf 89' lang='lat' dir='ltr'><strong>et</strong></span> <span class='ocrx_word' id='word_1_702' title='bbox 2524 4023 2837 4079; x_wconf 80' lang='lat' dir='ltr'><strong>admirabile</strong></span> <span class='ocrx_word' id='word_1_703' title='bbox 2864 4026 3073 4080; x_wconf 87' lang='lat' dir='ltr'><strong>virtutis</strong></span> <span class='ocrx_word' id='word_1_704' title='bbox 3104 4027 3194 4080; x_wconf 89' lang='lat' dir='ltr'><strong>Dei</strong></span> <span class='ocrx_word' id='word_1_705' title='bbox 3222 4026 3460 4095; x_wconf 85' lang='lat' dir='ltr'><strong>judicium</strong></span> <span class='ocrx_word' id='word_1_706' title='bbox 3479 4021 3658 4074; x_wconf 70' lang='lat' dir='ltr'><strong>dec&#39;ari-</strong></span> 
     </span>
    </p>
   </div>
   <div class='ocr_carea' id='block_1_89' title="bbox 2163 4112 3658 4187">
    <p class='ocr_par' dir='ltr' id='par_1_89' title="bbox 2163 4112 3658 4187">
     <span class='ocr_line' id='line_1_89' title="bbox 2163 4112 3658 4187; baseline -0.003 -20"><span class='ocrx_word' id='word_1_707' title='bbox 2163 4122 2267 4170; x_wconf 91' lang='lat' dir='ltr'><strong>tur.</strong></span> <span class='ocrx_word' id='word_1_708' title='bbox 2300 4113 2425 4169; x_wconf 89' lang='lat' dir='ltr'><strong>Post</strong></span> <span class='ocrx_word' id='word_1_709' title='bbox 2453 4123 2651 4169; x_wconf 88' lang='lat' dir='ltr'><strong>tantam</strong></span> <span class='ocrx_word' id='word_1_710' title='bbox 2684 4116 2881 4171; x_wconf 73' lang='lat' dir='ltr'><strong>di.inae</strong></span> <span class='ocrx_word' id='word_1_711' title='bbox 2913 4117 3205 4187; x_wconf 88' lang='lat' dir='ltr'><strong>majestatis</strong></span> <span class='ocrx_word' id='word_1_712' title='bbox 3250 4120 3300 4172; x_wconf 92' lang='lat' dir='ltr'><strong>in</strong></span> <span class='ocrx_word' id='word_1_713' title='bbox 3339 4118 3459 4171; x_wconf 79' lang='lat' dir='ltr'><strong>Filio</strong></span> <span class='ocrx_word' id='word_1_714' title='bbox 3491 4112 3658 4168; x_wconf 80' lang='lat' dir='ltr'><strong>clarita-</strong></span> 
     </span>
    </p>
   </div>
   <div class='ocr_carea' id='block_1_90' title="bbox 2163 4196 3658 4274">
    <p class='ocr_par' dir='ltr' id='par_1_90' title="bbox 2163 4196 3658 4274">
     <span class='ocr_line' id='line_1_90' title="bbox 2163 4196 3658 4274; baseline -0.003 -18"><span class='ocrx_word' id='word_1_715' title='bbox 2163 4211 2266 4257; x_wconf 90' lang='lat' dir='ltr'><strong>tem</strong></span> <span class='ocrx_word' id='word_1_716' title='bbox 2300 4204 2364 4257; x_wconf 86' lang='lat' dir='ltr'><strong>ad</strong></span> <span class='ocrx_word' id='word_1_717' title='bbox 2394 4204 2610 4257; x_wconf 90' lang='lat' dir='ltr'><strong>humilia</strong></span> <span class='ocrx_word' id='word_1_718' title='bbox 2658 4205 3035 4259; x_wconf 55' lang='lat' dir='ltr'><strong>incarnationis</strong></span> <span class='ocrx_word' id='word_1_719' title='bbox 3074 4208 3193 4274; x_wconf 80' lang='lat' dir='ltr'><strong>ejus</strong></span> <span class='ocrx_word' id='word_1_720' title='bbox 3237 4204 3524 4261; x_wconf 72' lang='lat' dir='ltr'><strong>descendit:</strong></span> <span class='ocrx_word' id='word_1_721' title='bbox 3551 4196 3658 4267; x_wconf 67' lang='lat' dir='ltr'><strong>puri-</strong></span> 
     </span>
    </p>
   </div>
   <div class='ocr_carea' id='block_1_91' title="bbox 2164 4288 3657 4364">
    <p class='ocr_par' dir='ltr' id='par_1_91' title="bbox 2164 4288 3657 4364">
     <span class='ocr_line' id='line_1_91' title="bbox 2164 4288 3657 4364; baseline -0.007 -16"><span class='ocrx_word' id='word_1_722' title='bbox 2164 4304 2347 4363; x_wconf 90' lang='lat' dir='ltr'><strong>terque</strong></span> <span class='ocrx_word' id='word_1_723' title='bbox 2377 4294 2633 4348; x_wconf 74' lang='lat' dir='ltr'><strong>discernit</strong></span> <span class='ocrx_word' id='word_1_724' title='bbox 2674 4307 2913 4349; x_wconf 89' lang='lat' dir='ltr'><strong>naturam</strong></span> <span class='ocrx_word' id='word_1_725' title='bbox 2946 4297 3241 4352; x_wconf 75' lang='lat' dir='ltr'><strong>divinitatis</strong></span> <span class='ocrx_word' id='word_1_726' title='bbox 3282 4308 3427 4364; x_wconf 86' lang='lat' dir='ltr'><strong>atque</strong></span> <span class='ocrx_word' id='word_1_727' title='bbox 3469 4288 3657 4346; x_wconf 75' lang='lat' dir='ltr'><strong>humani-</strong></span> 
     </span>
    </p>
   </div>
   <div class='ocr_carea' id='block_1_92' title="bbox 2165 4378 3656 4454">
    <p class='ocr_par' dir='ltr' id='par_1_92' title="bbox 2165 4378 3656 4454">
     <span class='ocr_line' id='line_1_92' title="bbox 2165 4378 3656 4454; baseline -0.001 -20"><span class='ocrx_word' id='word_1_728' title='bbox 2165 4382 2307 4447; x_wconf 89' lang='lat' dir='ltr'><strong>tatis,</strong></span> <span class='ocrx_word' id='word_1_729' title='bbox 2341 4383 2522 4437; x_wconf 88' lang='lat' dir='ltr'><strong>dicens</strong></span> <span class='ocrx_word' id='word_1_730' title='bbox 2555 4401 2568 4437; x_wconf 90' lang='lat'><strong>:</strong></span> <span class='ocrx_word' id='word_1_731' title='bbox 2606 4383 2966 4454; x_wconf 82' lang='lat' dir='ltr'><strong>Purgationem</strong></span> <span class='ocrx_word' id='word_1_732' title='bbox 2991 4398 3307 4453; x_wconf 75' lang='lat' dir='ltr'><strong>peccatorum</strong></span> <span class='ocrx_word' id='word_1_733' title='bbox 3345 4384 3529 4454; x_wconf 75' lang='lat' dir='ltr'><strong>faciens.</strong></span> <span class='ocrx_word' id='word_1_734' title='bbox 3561 4378 3656 4432; x_wconf 81' lang='lat' dir='ltr'><strong>Nam</strong></span> 
     </span>
    </p>
   </div>
   <div class='ocr_carea' id='block_1_93' title="bbox 496 4461 3658 4545">
    <p class='ocr_par' dir='ltr' id='par_1_93' title="bbox 496 4461 3658 4545">
     <span class='ocr_line' id='line_1_93' title="bbox 496 4461 3658 4545; baseline -0.003 -15"><span class='ocrx_word' id='word_1_735' title='bbox 496 4480 619 4533; x_wconf 76' lang='lat' dir='ltr'><strong>fecit</strong></span> <span class='ocrx_word' id='word_1_736' title='bbox 665 4486 721 4532; x_wconf 87' lang='lat' dir='ltr'><strong>et</strong></span> <span class='ocrx_word' id='word_1_737' title='bbox 758 4479 947 4529; x_wconf 70' lang='lat' dir='ltr'><strong>smeula</strong></span> <span class='ocrx_word' id='word_1_738' title='bbox 977 4493 988 4526; x_wconf 87' lang='lat'><strong>:</strong></span> <span class='ocrx_word' id='word_1_739' title='bbox 1033 4474 1265 4528; x_wconf 84' lang='lat' dir='ltr'><strong>referens</strong></span> <span class='ocrx_word' id='word_1_740' title='bbox 1313 4473 1412 4526; x_wconf 80' lang='lat' dir='ltr'><strong>hoc</strong></span> <span class='ocrx_word' id='word_1_741' title='bbox 1456 4474 1522 4525; x_wconf 92' lang='lat' dir='ltr'><strong>ad</strong></span> <span class='ocrx_word' id='word_1_742' title='bbox 1563 4473 1889 4528; x_wconf 79' lang='lat' dir='ltr'><strong>divinitatem</strong></span> <span class='ocrx_word' id='word_1_743' title='bbox 1918 4473 2054 4541; x_wconf 83' lang='lat' dir='ltr'><strong>ejus.</strong></span> <span class='ocrx_word' id='word_1_744' title='bbox 2086 4461 2138 4520; x_wconf 84' lang='grc' dir='ltr'>Ῑ)</span> <span class='ocrx_word' id='word_1_745' title='bbox 2164 4470 2304 4541; x_wconf 84' lang='lat' dir='ltr'><strong>quod</strong></span> <span class='ocrx_word' id='word_1_746' title='bbox 2336 4473 2471 4526; x_wconf 77' lang='lat' dir='ltr'><strong>dixit</strong></span> <span class='ocrx_word' id='word_1_747' title='bbox 2503 4492 2513 4524; x_wconf 89' lang='lat'><strong>:</strong></span> <span class='ocrx_word' id='word_1_748' title='bbox 2544 4472 2770 4529; x_wconf 86' lang='lat' dir='ltr'><strong>Portans</strong></span> <span class='ocrx_word' id='word_1_749' title='bbox 2802 4477 2976 4531; x_wconf 80' lang='lat' dir='ltr'><strong>omnia</strong></span> <span class='ocrx_word' id='word_1_750' title='bbox 3030 4478 3401 4545; x_wconf 62' lang='lat' dir='ltr'><strong>gul-ornatique</strong></span> <span class='ocrx_word' id='word_1_751' title='bbox 3428 4489 3510 4529; x_wconf 82' lang='lat' dir='ltr'><strong>sua</strong></span> <span class='ocrx_word' id='word_1_752' title='bbox 3533 4480 3576 4524; x_wconf 89' lang='lat' dir='ltr'><strong>et</strong></span> <span class='ocrx_word' id='word_1_753' title='bbox 3598 4484 3658 4520; x_wconf 79' lang='lat' dir='ltr'><strong>rc-</strong></span> 
     </span>
    </p>
   </div>
   <div class='ocr_carea' id='block_1_94' title="bbox 496 4564 2060 4633">
    <p class='ocr_par' dir='ltr' id='par_1_94' title="bbox 496 4564 2060 4633">
     <span class='ocr_line' id='line_1_94' title="bbox 496 4564 2060 4633; baseline -0.001 -12"><span class='ocrx_word' id='word_1_754' title='bbox 496 4568 694 4621; x_wconf 86' lang='lat' dir='ltr'><strong>Deinde</strong></span> <span class='ocrx_word' id='word_1_755' title='bbox 733 4580 859 4620; x_wconf 90' lang='lat' dir='ltr'><strong>vero</strong></span> <span class='ocrx_word' id='word_1_756' title='bbox 905 4565 1213 4633; x_wconf 76' lang='lat' dir='ltr'><strong>quibusdam</strong></span> <span class='ocrx_word' id='word_1_757' title='bbox 1251 4564 1499 4631; x_wconf 87' lang='lat' dir='ltr'><strong>gradibus</strong></span> <span class='ocrx_word' id='word_1_758' title='bbox 1547 4565 1917 4619; x_wconf 71' lang='lat' dir='ltr'><strong>ascensiunum</strong></span> <span class='ocrx_word' id='word_1_759' title='bbox 1948 4565 2060 4619; x_wconf 82' lang='lat' dir='ltr'><strong>ele-</strong></span> 
     </span>
    </p>
   </div>
   <div class='ocr_carea' id='block_1_95' title="bbox 489 4653 2058 4726">
    <p class='ocr_par' dir='ltr' id='par_1_95' title="bbox 489 4653 2058 4726">
     <span class='ocr_line' id='line_1_95' title="bbox 489 4653 2058 4726; baseline -0.001 -16"><span class='ocrx_word' id='word_1_760' title='bbox 489 4666 679 4726; x_wconf 83' lang='lat' dir='ltr'><strong>ganter</strong></span> <span class='ocrx_word' id='word_1_761' title='bbox 698 4666 870 4721; x_wconf 87' lang='lat' dir='ltr'><strong>utens,</strong></span> <span class='ocrx_word' id='word_1_762' title='bbox 908 4654 1147 4723; x_wconf 89' lang='lat' dir='ltr'><strong>pervenit</strong></span> <span class='ocrx_word' id='word_1_763' title='bbox 1173 4654 1236 4706; x_wconf 90' lang='lat' dir='ltr'><strong>ad</strong></span> <span class='ocrx_word' id='word_1_764' title='bbox 1262 4654 1309 4704; x_wconf 89' lang='lat' dir='ltr'><strong>id</strong></span> <span class='ocrx_word' id='word_1_765' title='bbox 1342 4654 1478 4721; x_wconf 86' lang='lat' dir='ltr'><strong>quod</strong></span> <span class='ocrx_word' id='word_1_766' title='bbox 1506 4654 1752 4705; x_wconf 84' lang='lat' dir='ltr'><strong>omnibus</strong></span> <span class='ocrx_word' id='word_1_767' title='bbox 1783 4653 1865 4706; x_wconf 83' lang='lat' dir='ltr'><strong>his</strong></span> <span class='ocrx_word' id='word_1_768' title='bbox 1889 4654 2058 4722; x_wconf 84' lang='lat' dir='ltr'><strong>majus</strong></span> 
     </span>
    </p>
   </div>
   <div class='ocr_carea' id='block_1_96' title="bbox 490 4744 2055 4816">
    <p class='ocr_par' dir='ltr' id='par_1_96' title="bbox 490 4744 2055 4816">
     <span class='ocr_line' id='line_1_96' title="bbox 490 4744 2055 4816; baseline -0.005 -11"><span class='ocrx_word' id='word_1_769' title='bbox 490 4758 591 4816; x_wconf 88' lang='lat' dir='ltr'><strong>est,</strong></span> <span class='ocrx_word' id='word_1_770' title='bbox 623 4758 675 4805; x_wconf 91' lang='lat' dir='ltr'><strong>et</strong></span> <span class='ocrx_word' id='word_1_771' title='bbox 703 4747 955 4811; x_wconf 85' lang='lat' dir='ltr'><strong>insonuit,</strong></span> <span class='ocrx_word' id='word_1_772' title='bbox 984 4745 1162 4799; x_wconf 87' lang='lat' dir='ltr'><strong>dicens</strong></span> <span class='ocrx_word' id='word_1_773' title='bbox 1196 4763 1206 4797; x_wconf 90' lang='lat'><strong>:</strong></span> <span class='ocrx_word' id='word_1_774' title='bbox 1246 4744 1346 4809; x_wconf 82' lang='lat' dir='ltr'><strong>Qui</strong></span> <span class='ocrx_word' id='word_1_775' title='bbox 1370 4760 1479 4795; x_wconf 86' lang='lat' dir='ltr'><strong>cum</strong></span> <span class='ocrx_word' id='word_1_776' title='bbox 1500 4744 1563 4795; x_wconf 80' lang='lat' dir='ltr'><strong>sit</strong></span> <span class='ocrx_word' id='word_1_777' title='bbox 1580 4744 1817 4809; x_wconf 78' lang='lat' dir='ltr'><strong>splendor</strong></span> <span class='ocrx_word' id='word_1_778' title='bbox 1858 4746 2055 4812; x_wconf 64' lang='lat' dir='ltr'><strong>gloriae,</strong></span> 
     </span>
    </p>
   </div>
   <div class='ocr_carea' id='block_1_97' title="bbox 489 4835 2056 4912">
    <p class='ocr_par' dir='ltr' id='par_1_97' title="bbox 489 4835 2056 4912">
     <span class='ocr_line' id='line_1_97' title="bbox 489 4835 2056 4912; baseline -0.004 -17"><span class='ocrx_word' id='word_1_779' title='bbox 489 4844 726 4912; x_wconf 80' lang='lat' dir='ltr'><strong>etﬁgura</strong></span> <span class='ocrx_word' id='word_1_780' title='bbox 763 4838 1059 4894; x_wconf 78' lang='lat' dir='ltr'><strong>substantia:</strong></span> <span class='ocrx_word' id='word_1_781' title='bbox 1106 4838 1229 4907; x_wconf 80' lang='lat' dir='ltr'><strong>ejus.</strong></span> <span class='ocrx_word' id='word_1_782' title='bbox 1281 4836 1419 4890; x_wconf 89' lang='lat' dir='ltr'><strong>Dens</strong></span> <span class='ocrx_word' id='word_1_783' title='bbox 1466 4836 1617 4889; x_wconf 84' lang='lat' dir='ltr'><strong>Pater</strong></span> <span class='ocrx_word' id='word_1_784' title='bbox 1670 4835 1754 4887; x_wconf 83' lang='lat' dir='ltr'><strong>lux</strong></span> <span class='ocrx_word' id='word_1_785' title='bbox 1786 4845 1887 4897; x_wconf 87' lang='lat' dir='ltr'><strong>est,</strong></span> <span class='ocrx_word' id='word_1_786' title='bbox 1918 4836 2056 4889; x_wconf 90' lang='lat' dir='ltr'><strong>sicut</strong></span> 
     </span>
    </p>
   </div>
   <div class='ocr_carea' id='block_1_98' title="bbox 490 4924 2057 5001">
    <p class='ocr_par' dir='ltr' id='par_1_98' title="bbox 490 4924 2057 5001">
     <span class='ocr_line' id='line_1_98' title="bbox 490 4924 2057 5001; baseline -0.006 -14"><span class='ocrx_word' id='word_1_787' title='bbox 490 4936 628 4987; x_wconf 89' lang='lat' dir='ltr'><strong>idem</strong></span> <span class='ocrx_word' id='word_1_788' title='bbox 662 4932 942 5001; x_wconf 70' lang='lat' dir='ltr'><strong>Apostolus</strong></span> <span class='ocrx_word' id='word_1_789' title='bbox 989 4930 1091 4995; x_wconf 87' lang='lat' dir='ltr'><strong>ait,</strong></span> <span class='ocrx_word' id='word_1_790' title='bbox 1127 4930 1347 4996; x_wconf 81' lang='lat' dir='ltr'><strong>loquens</strong></span> <span class='ocrx_word' id='word_1_791' title='bbox 1393 4925 1456 4979; x_wconf 86' lang='lat' dir='ltr'><strong>de</strong></span> <span class='ocrx_word' id='word_1_792' title='bbox 1500 4924 1635 4978; x_wconf 84' lang='lat' dir='ltr'><strong>Filio</strong></span> <span class='ocrx_word' id='word_1_793' title='bbox 1671 4925 1807 4990; x_wconf 85' lang='lat' dir='ltr'><strong>:Qui</strong></span> <span class='ocrx_word' id='word_1_794' title='bbox 1857 4925 2057 4978; x_wconf 86' lang='lat' dir='ltr'><strong>habitat</strong></span> 
     </span>
    </p>
   </div>
   <div class='ocr_carea' id='block_1_99' title="bbox 446 5015 2051 5092">
    <p class='ocr_par' dir='ltr' id='par_1_99' title="bbox 446 5015 2051 5092">
     <span class='ocr_line' id='line_1_99' title="bbox 446 5015 2051 5092; baseline -0.004 -17"><span class='ocrx_word' id='word_1_795' title='bbox 446 5022 453 5025; x_wconf 52' lang='grc'><em>⁴</em></span> <span class='ocrx_word' id='word_1_796' title='bbox 489 5024 702 5092; x_wconf 85' lang='lat' dir='ltr'><strong>(inquit)</strong></span> <span class='ocrx_word' id='word_1_797' title='bbox 729 5024 897 5076; x_wconf 85' lang='lat' dir='ltr'><strong>lucem</strong></span> <span class='ocrx_word' id='word_1_798' title='bbox 928 5019 1367 5081; x_wconf 60' lang='lat' dir='ltr'><strong>inaccessibilvm,</strong></span> <span class='ocrx_word' id='word_1_799' title='bbox 1394 5026 1445 5071; x_wconf 88' lang='lat' dir='ltr'><strong>et</strong></span> <span class='ocrx_word' id='word_1_800' title='bbox 1476 5016 1637 5072; x_wconf 82' lang='lat' dir='ltr'><strong>Filius</strong></span> <span class='ocrx_word' id='word_1_801' title='bbox 1668 5016 1777 5079; x_wconf 79' lang='lat' dir='ltr'><strong>lux,</strong></span> <span class='ocrx_word' id='word_1_802' title='bbox 1806 5026 1858 5069; x_wconf 91' lang='lat' dir='ltr'><strong>et</strong></span> <span class='ocrx_word' id='word_1_803' title='bbox 1879 5015 2051 5081; x_wconf 74' lang='lat' dir='ltr'><strong>Spiti-</strong></span> 
     </span>
    </p>
   </div>
   <div class='ocr_carea' id='block_1_100' title="bbox 492 5106 2054 5176">
    <p class='ocr_par' dir='ltr' id='par_1_100' title="bbox 492 5106 2054 5176">
     <span class='ocr_line' id='line_1_100' title="bbox 492 5106 2054 5176; baseline -0.003 -11"><span class='ocrx_word' id='word_1_804' title='bbox 492 5125 574 5165; x_wconf 90' lang='lat' dir='ltr'><strong>tus</strong></span> <span class='ocrx_word' id='word_1_805' title='bbox 622 5121 833 5165; x_wconf 87' lang='lat' dir='ltr'><strong>sanctus</strong></span> <span class='ocrx_word' id='word_1_806' title='bbox 891 5113 999 5166; x_wconf 88' lang='lat' dir='ltr'><strong>lux.</strong></span> <span class='ocrx_word' id='word_1_807' title='bbox 1053 5113 1180 5165; x_wconf 90' lang='lat' dir='ltr'><strong>Item</strong></span> <span class='ocrx_word' id='word_1_808' title='bbox 1235 5110 1388 5163; x_wconf 88' lang='lat' dir='ltr'><strong>Pater</strong></span> <span class='ocrx_word' id='word_1_809' title='bbox 1443 5106 1727 5176; x_wconf 86' lang='lat' dir='ltr'><strong>splendor,</strong></span> <span class='ocrx_word' id='word_1_810' title='bbox 1784 5117 1836 5161; x_wconf 88' lang='lat' dir='ltr'><strong>et</strong></span> <span class='ocrx_word' id='word_1_811' title='bbox 1890 5107 2054 5161; x_wconf 84' lang='lat' dir='ltr'><strong>Filius</strong></span> 
     </span>
    </p>
   </div>
   <div class='ocr_carea' id='block_1_101' title="bbox 490 5201 2054 5273">
    <p class='ocr_par' dir='ltr' id='par_1_101' title="bbox 490 5201 2054 5273">
     <span class='ocr_line' id='line_1_101' title="bbox 490 5201 2054 5273; baseline -0.004 -15"><span class='ocrx_word' id='word_1_812' title='bbox 490 5205 780 5273; x_wconf 81' lang='lat' dir='ltr'><strong>splendor:</strong></span> <span class='ocrx_word' id='word_1_813' title='bbox 810 5212 861 5255; x_wconf 80' lang='lat' dir='ltr'><strong>et</strong></span> <span class='ocrx_word' id='word_1_814' title='bbox 888 5204 1150 5271; x_wconf 90' lang='lat' dir='ltr'><strong>quomodo</strong></span> <span class='ocrx_word' id='word_1_815' title='bbox 1180 5202 1432 5271; x_wconf 79' lang='lat' dir='ltr'><strong>splendor</strong></span> <span class='ocrx_word' id='word_1_816' title='bbox 1471 5203 1721 5269; x_wconf 88' lang='lat' dir='ltr'><strong>procedat</strong></span> <span class='ocrx_word' id='word_1_817' title='bbox 1766 5217 1830 5255; x_wconf 80' lang='lat' dir='ltr'><strong>ex</strong></span> <span class='ocrx_word' id='word_1_818' title='bbox 1874 5201 2054 5271; x_wconf 85' lang='lat' dir='ltr'><strong>splen-</strong></span> 
     </span>
    </p>
   </div>
   <div class='ocr_carea' id='block_1_102' title="bbox 487 5292 2051 5361">
    <p class='ocr_par' dir='ltr' id='par_1_102' title="bbox 487 5292 2051 5361">
     <span class='ocr_line' id='line_1_102' title="bbox 487 5292 2051 5361; baseline -0.004 -11"><span class='ocrx_word' id='word_1_819' title='bbox 487 5298 637 5357; x_wconf 82' lang='lat' dir='ltr'><strong>dore,</strong></span> <span class='ocrx_word' id='word_1_820' title='bbox 675 5294 996 5361; x_wconf 71' lang='lat' dir='ltr'><strong>imposihile</strong></span> <span class='ocrx_word' id='word_1_821' title='bbox 1026 5304 1105 5345; x_wconf 77' lang='lat' dir='ltr'><strong>eSt</strong></span> <span class='ocrx_word' id='word_1_822' title='bbox 1134 5293 1379 5359; x_wconf 76' lang='lat' dir='ltr'><strong>definire.</strong></span> <span class='ocrx_word' id='word_1_823' title='bbox 1405 5292 1605 5346; x_wconf 86' lang='lat' dir='ltr'><strong>Idcirco</strong></span> <span class='ocrx_word' id='word_1_824' title='bbox 1657 5309 1721 5345; x_wconf 88' lang='lat' dir='ltr'><strong>an</strong></span> <span class='ocrx_word' id='word_1_825' title='bbox 1749 5308 1829 5346; x_wconf 85' lang='lat' dir='ltr'><strong>ent</strong></span> <span class='ocrx_word' id='word_1_826' title='bbox 1872 5294 2051 5360; x_wconf 88' lang='lat' dir='ltr'><strong>appel-</strong></span> 
     </span>
    </p>
   </div>
   <div class='ocr_carea' id='block_1_103' title="bbox 488 5368 2048 5453">
    <p class='ocr_par' dir='ltr' id='par_1_103' title="bbox 488 5368 2048 5453">
     <span class='ocr_line' id='line_1_103' title="bbox 488 5368 2048 5453; baseline -0.006 -9"><span class='ocrx_word' id='word_1_827' title='bbox 488 5392 623 5444; x_wconf 85' lang='lat' dir='ltr'><strong>latur</strong></span> <span class='ocrx_word' id='word_1_828' title='bbox 655 5385 815 5440; x_wconf 85' lang='lat' dir='ltr'><strong>Filius</strong></span> <span class='ocrx_word' id='word_1_829' title='bbox 862 5368 1109 5450; x_wconf 77' lang='lat' dir='ltr'><strong>splendOr</strong></span> <span class='ocrx_word' id='word_1_830' title='bbox 1143 5382 1316 5435; x_wconf 86' lang='lat' dir='ltr'><strong>Patris</strong></span> <span class='ocrx_word' id='word_1_831' title='bbox 1338 5426 1351 5449; x_wconf 91' lang='lat'><strong>,</strong></span> <span class='ocrx_word' id='word_1_832' title='bbox 1396 5385 1514 5452; x_wconf 86' lang='lat' dir='ltr'><strong>quia</strong></span> <span class='ocrx_word' id='word_1_833' title='bbox 1559 5386 1693 5437; x_wconf 86' lang='lat' dir='ltr'><strong>sicut</strong></span> <span class='ocrx_word' id='word_1_834' title='bbox 1722 5385 1772 5436; x_wconf 89' lang='lat' dir='ltr'><strong>in</strong></span> <span class='ocrx_word' id='word_1_835' title='bbox 1801 5385 1919 5453; x_wconf 87' lang='lat' dir='ltr'><strong>igne</strong></span> <span class='ocrx_word' id='word_1_836' title='bbox 1953 5385 2048 5436; x_wconf 90' lang='lat' dir='ltr'><strong>tria</strong></span> 
     </span>
    </p>
   </div>
   <div class='ocr_carea' id='block_1_104' title="bbox 489 5474 2053 5547">
    <p class='ocr_par' dir='ltr' id='par_1_104' title="bbox 489 5474 2053 5547">
     <span class='ocr_line' id='line_1_104' title="bbox 489 5474 2053 5547; baseline -0.003 -15"><span class='ocrx_word' id='word_1_837' title='bbox 489 5488 614 5533; x_wconf 85' lang='lat' dir='ltr'><strong>sunt</strong></span> <span class='ocrx_word' id='word_1_838' title='bbox 654 5474 1021 5547; x_wconf 87' lang='lat' dir='ltr'><strong>inseparabilia</strong></span> <span class='ocrx_word' id='word_1_839' title='bbox 1057 5492 1068 5525; x_wconf 88' lang='lat'><strong>:</strong></span> <span class='ocrx_word' id='word_1_840' title='bbox 1112 5474 1245 5541; x_wconf 82' lang='lat' dir='ltr'><strong>ignis</strong></span> <span class='ocrx_word' id='word_1_841' title='bbox 1282 5474 1545 5538; x_wconf 83' lang='lat' dir='ltr'><strong>videlicet,</strong></span> <span class='ocrx_word' id='word_1_842' title='bbox 1606 5476 1752 5529; x_wconf 90' lang='lat' dir='ltr'><strong>calor</strong></span> <span class='ocrx_word' id='word_1_843' title='bbox 1782 5484 1834 5528; x_wconf 88' lang='lat' dir='ltr'><strong>et</strong></span> <span class='ocrx_word' id='word_1_844' title='bbox 1874 5475 2053 5541; x_wconf 86' lang='lat' dir='ltr'><strong>Splen-</strong></span> 
     </span>
    </p>
   </div>
   <div class='ocr_carea' id='block_1_105' title="bbox 466 5563 2054 5634">
    <p class='ocr_par' dir='ltr' id='par_1_105' title="bbox 466 5563 2054 5634">
     <span class='ocr_line' id='line_1_105' title="bbox 466 5563 2054 5634; baseline -0.002 -13"><span class='ocrx_word' id='word_1_845' title='bbox 466 5570 586 5623; x_wconf 63' lang='grc' dir='ltr'><strong>’ἀοι-</strong></span> <span class='ocrx_word' id='word_1_846' title='bbox 614 5587 628 5623; x_wconf 90' lang='lat'><strong>:</strong></span> <span class='ocrx_word' id='word_1_847' title='bbox 659 5576 712 5622; x_wconf 89' lang='lat' dir='ltr'><strong>et</strong></span> <span class='ocrx_word' id='word_1_848' title='bbox 742 5578 915 5622; x_wconf 88' lang='lat' dir='ltr'><strong>tamen</strong></span> <span class='ocrx_word' id='word_1_849' title='bbox 965 5563 1245 5634; x_wconf 75' lang='lat' dir='ltr'><strong>splendore</strong></span> <span class='ocrx_word' id='word_1_850' title='bbox 1287 5565 1440 5619; x_wconf 85' lang='lat' dir='ltr'><strong>nobis</strong></span> <span class='ocrx_word' id='word_1_851' title='bbox 1488 5565 1784 5620; x_wconf 88' lang='lat' dir='ltr'><strong>ostenditur</strong></span> <span class='ocrx_word' id='word_1_852' title='bbox 1834 5564 1969 5634; x_wconf 66' lang='lat' dir='ltr'><strong>ignis</strong></span> <span class='ocrx_word' id='word_1_853' title='bbox 2001 5574 2054 5618; x_wconf 91' lang='lat' dir='ltr'><strong>et</strong></span> 
     </span>
    </p>
   </div>
   <div class='ocr_carea' id='block_1_106' title="bbox 489 5656 2041 5725">
    <p class='ocr_par' dir='ltr' id='par_1_106' title="bbox 489 5656 2041 5725">
     <span class='ocr_line' id='line_1_106' title="bbox 489 5656 2041 5725; baseline -0.003 -12"><span class='ocrx_word' id='word_1_854' title='bbox 489 5664 632 5714; x_wconf 86' lang='lat' dir='ltr'><strong>calor</strong></span> <span class='ocrx_word' id='word_1_855' title='bbox 661 5678 674 5713; x_wconf 90' lang='lat'><strong>:</strong></span> <span class='ocrx_word' id='word_1_856' title='bbox 701 5659 826 5718; x_wconf 86' lang='lat' dir='ltr'><strong>licet</strong></span> <span class='ocrx_word' id='word_1_857' title='bbox 870 5660 1097 5718; x_wconf 87' lang='lat' dir='ltr'><strong>humana</strong></span> <span class='ocrx_word' id='word_1_858' title='bbox 1129 5672 1233 5713; x_wconf 90' lang='lat' dir='ltr'><strong>non</strong></span> <span class='ocrx_word' id='word_1_859' title='bbox 1281 5657 1388 5713; x_wconf 88' lang='lat' dir='ltr'><strong>sint</strong></span> <span class='ocrx_word' id='word_1_860' title='bbox 1414 5657 1767 5725; x_wconf 83' lang='lat' dir='ltr'><strong>comparanda</strong></span> <span class='ocrx_word' id='word_1_861' title='bbox 1806 5656 1996 5712; x_wconf 74' lang='lat' dir='ltr'><strong>divinis</strong></span> <span class='ocrx_word' id='word_1_862' title='bbox 2029 5675 2041 5708; x_wconf 89' lang='lat'><strong>:</strong></span> 
     </span>
    </p>
   </div>
   <div class='ocr_carea' id='block_1_107' title="bbox 2160 4556 3655 4630">
    <p class='ocr_par' dir='ltr' id='par_1_107' title="bbox 2160 4556 3655 4630">
     <span class='ocr_line' id='line_1_107' title="bbox 2160 4556 3655 4630; baseline 0.002 -17"><span class='ocrx_word' id='word_1_863' title='bbox 2160 4562 2355 4630; x_wconf 87' lang='lat' dir='ltr'><strong>gimine</strong></span> <span class='ocrx_word' id='word_1_864' title='bbox 2398 4564 2608 4619; x_wconf 87' lang='lat' dir='ltr'><strong>virtutis</strong></span> <span class='ocrx_word' id='word_1_865' title='bbox 2649 4581 2796 4629; x_wconf 61' lang='lat' dir='ltr'><strong>sum,</strong></span> <span class='ocrx_word' id='word_1_866' title='bbox 2844 4565 2909 4619; x_wconf 90' lang='lat' dir='ltr'><strong>ad</strong></span> <span class='ocrx_word' id='word_1_867' title='bbox 2954 4566 3280 4622; x_wconf 80' lang='lat' dir='ltr'><strong>divinitatem</strong></span> <span class='ocrx_word' id='word_1_868' title='bbox 3324 4566 3503 4619; x_wconf 85' lang='lat' dir='ltr'><strong>retulit.</strong></span> <span class='ocrx_word' id='word_1_869' title='bbox 3542 4556 3655 4625; x_wconf 68' lang='lat' dir='ltr'><strong>Quod</strong></span> 
     </span>
    </p>
   </div>
   <div class='ocr_carea' id='block_1_108' title="bbox 2160 4643 3655 4724">
    <p class='ocr_par' dir='ltr' id='par_1_108' title="bbox 2160 4643 3655 4724">
     <span class='ocr_line' id='line_1_108' title="bbox 2160 4643 3655 4724; baseline -0.001 -21"><span class='ocrx_word' id='word_1_870' title='bbox 2160 4666 2287 4703; x_wconf 86' lang='lat' dir='ltr'><strong>vero</strong></span> <span class='ocrx_word' id='word_1_871' title='bbox 2318 4651 2551 4705; x_wconf 84' lang='lat' dir='ltr'><strong>subdidit</strong></span> <span class='ocrx_word' id='word_1_872' title='bbox 2585 4671 2596 4704; x_wconf 91' lang='lat'><strong>:</strong></span> <span class='ocrx_word' id='word_1_873' title='bbox 2631 4654 2972 4707; x_wconf 70' lang='lat' dir='ltr'><strong>l‘eecatorum</strong></span> <span class='ocrx_word' id='word_1_874' title='bbox 3022 4657 3375 4724; x_wconf 84' lang='lat' dir='ltr'><strong>purgationem</strong></span> <span class='ocrx_word' id='word_1_875' title='bbox 3402 4651 3586 4709; x_wconf 87' lang='lat' dir='ltr'><strong>faciens.</strong></span> <span class='ocrx_word' id='word_1_876' title='bbox 3609 4643 3655 4696; x_wconf 75' lang='lat' dir='ltr'><strong>ad</strong></span> 
     </span>
    </p>
   </div>
   <div class='ocr_carea' id='block_1_109' title="bbox 2162 4739 3655 4814">
    <p class='ocr_par' dir='ltr' id='par_1_109' title="bbox 2162 4739 3655 4814">
     <span class='ocr_line' id='line_1_109' title="bbox 2162 4739 3655 4814; baseline -0.007 -20"><span class='ocrx_word' id='word_1_877' title='bbox 2162 4744 2537 4796; x_wconf 86' lang='lat' dir='ltr'><strong>humanitatem</strong></span> <span class='ocrx_word' id='word_1_878' title='bbox 2570 4744 2707 4797; x_wconf 88' lang='lat' dir='ltr'><strong>illius</strong></span> <span class='ocrx_word' id='word_1_879' title='bbox 2752 4747 2961 4812; x_wconf 89' lang='lat' dir='ltr'><strong>pr0piie</strong></span> <span class='ocrx_word' id='word_1_880' title='bbox 2994 4748 3219 4814; x_wconf 87' lang='lat' dir='ltr'><strong>pertinet</strong></span> <span class='ocrx_word' id='word_1_881' title='bbox 3248 4761 3263 4801; x_wconf 93' lang='lat'><strong>:</strong></span> <span class='ocrx_word' id='word_1_882' title='bbox 3290 4746 3366 4798; x_wconf 89' lang='lat' dir='ltr'><strong>vel</strong></span> <span class='ocrx_word' id='word_1_883' title='bbox 3391 4756 3471 4811; x_wconf 91' lang='lat' dir='ltr'><strong>per</strong></span> <span class='ocrx_word' id='word_1_884' title='bbox 3494 4739 3655 4792; x_wconf 75' lang='lat' dir='ltr'><strong>redem-</strong></span> 
     </span>
    </p>
   </div>
   <div class='ocr_carea' id='block_1_110' title="bbox 2162 4825 3652 4902">
    <p class='ocr_par' dir='ltr' id='par_1_110' title="bbox 2162 4825 3652 4902">
     <span class='ocr_line' id='line_1_110' title="bbox 2162 4825 3652 4902; baseline -0.009 -18"><span class='ocrx_word' id='word_1_885' title='bbox 2162 4831 2390 4899; x_wconf 89' lang='lat' dir='ltr'><strong>ptionem</strong></span> <span class='ocrx_word' id='word_1_886' title='bbox 2425 4832 2602 4897; x_wconf 86' lang='lat' dir='ltr'><strong>utique</strong></span> <span class='ocrx_word' id='word_1_887' title='bbox 2631 4834 2890 4899; x_wconf 85' lang='lat' dir='ltr'><strong>passionis</strong></span> <span class='ocrx_word' id='word_1_888' title='bbox 2928 4848 3037 4888; x_wconf 63' lang='lat' dir='ltr'><strong>sun</strong></span> <span class='ocrx_word' id='word_1_889' title='bbox 3067 4844 3119 4888; x_wconf 90' lang='lat' dir='ltr'><strong>et</strong></span> <span class='ocrx_word' id='word_1_890' title='bbox 3141 4848 3324 4902; x_wconf 84' lang='lat' dir='ltr'><strong>aquam</strong></span> <span class='ocrx_word' id='word_1_891' title='bbox 3350 4825 3652 4898; x_wconf 80' lang='lat' dir='ltr'><strong>baptismatis:</strong></span> 
     </span>
    </p>
   </div>
   <div class='ocr_carea' id='block_1_111' title="bbox 2156 4911 3650 4993">
    <p class='ocr_par' dir='ltr' id='par_1_111' title="bbox 2156 4911 3650 4993">
     <span class='ocr_line' id='line_1_111' title="bbox 2156 4911 3650 4993; baseline -0.005 -21"><span class='ocrx_word' id='word_1_892' title='bbox 2156 4920 2302 4988; x_wconf 85' lang='lat' dir='ltr'><strong>juxta</strong></span> <span class='ocrx_word' id='word_1_893' title='bbox 2334 4920 2472 4988; x_wconf 89' lang='lat' dir='ltr'><strong>quod</strong></span> <span class='ocrx_word' id='word_1_894' title='bbox 2517 4920 2749 4975; x_wconf 85' lang='lat' dir='ltr'><strong>Joannes</strong></span> <span class='ocrx_word' id='word_1_895' title='bbox 2801 4922 2852 4975; x_wconf 88' lang='lat' dir='ltr'><strong>in</strong></span> <span class='ocrx_word' id='word_1_896' title='bbox 2884 4922 3199 4993; x_wconf 80' lang='lat' dir='ltr'><strong>Apocalypsi</strong></span> <span class='ocrx_word' id='word_1_897' title='bbox 3250 4937 3338 4975; x_wconf 88' lang='lat' dir='ltr'><strong>sua</strong></span> <span class='ocrx_word' id='word_1_898' title='bbox 3365 4920 3509 4973; x_wconf 87' lang='lat' dir='ltr'><strong>dicit:</strong></span> <span class='ocrx_word' id='word_1_899' title='bbox 3538 4911 3650 4966; x_wconf 54' lang='lat' dir='ltr'><strong>Laiil</strong></span> 
     </span>
    </p>
   </div>
   <div class='ocr_carea' id='block_1_112' title="bbox 2162 5002 3653 5081">
    <p class='ocr_par' dir='ltr' id='par_1_112' title="bbox 2162 5002 3653 5081">
     <span class='ocr_line' id='line_1_112' title="bbox 2162 5002 3653 5081; baseline -0.007 -21"><span class='ocrx_word' id='word_1_900' title='bbox 2162 5023 2257 5061; x_wconf 86' lang='lat' dir='ltr'><strong>nos</strong></span> <span class='ocrx_word' id='word_1_901' title='bbox 2284 5023 2312 5060; x_wconf 92' lang='lat' dir='ltr'><strong>a</strong></span> <span class='ocrx_word' id='word_1_902' title='bbox 2347 5010 2575 5074; x_wconf 77' lang='lat' dir='ltr'><strong>peccatis</strong></span> <span class='ocrx_word' id='word_1_903' title='bbox 2605 5010 2800 5064; x_wconf 87' lang='lat' dir='ltr'><strong>nostris</strong></span> <span class='ocrx_word' id='word_1_904' title='bbox 2827 5010 2881 5064; x_wconf 89' lang='lat' dir='ltr'><strong>itt</strong></span> <span class='ocrx_word' id='word_1_905' title='bbox 2911 5018 3163 5081; x_wconf 81' lang='lat' dir='ltr'><strong>sanguine</strong></span> <span class='ocrx_word' id='word_1_906' title='bbox 3190 5026 3303 5065; x_wconf 90' lang='lat' dir='ltr'><strong>suo.</strong></span> <span class='ocrx_word' id='word_1_907' title='bbox 3331 5009 3467 5063; x_wconf 75' lang='lat' dir='ltr'><strong>Sedet</strong></span> <span class='ocrx_word' id='word_1_908' title='bbox 3490 5006 3543 5056; x_wconf 80' lang='lat' dir='ltr'><strong>ad</strong></span> <span class='ocrx_word' id='word_1_909' title='bbox 3560 5002 3653 5052; x_wconf 72' lang='lat' dir='ltr'><strong>du:-</strong></span> 
     </span>
    </p>
   </div>
   <div class='ocr_carea' id='block_1_113' title="bbox 2161 5092 3650 5167">
    <p class='ocr_par' dir='ltr' id='par_1_113' title="bbox 2161 5092 3650 5167">
     <span class='ocr_line' id='line_1_113' title="bbox 2161 5092 3650 5167; baseline -0.005 -19"><span class='ocrx_word' id='word_1_910' title='bbox 2161 5106 2318 5149; x_wconf 84' lang='lat' dir='ltr'><strong>teram</strong></span> <span class='ocrx_word' id='word_1_911' title='bbox 2335 5099 2613 5165; x_wconf 78' lang='lat' dir='ltr'><strong>majestatis</strong></span> <span class='ocrx_word' id='word_1_912' title='bbox 2636 5100 2739 5167; x_wconf 77' lang='lat' dir='ltr'><strong>ejus</strong></span> <span class='ocrx_word' id='word_1_913' title='bbox 2754 5100 2801 5151; x_wconf 80' lang='lat' dir='ltr'><strong>in</strong></span> <span class='ocrx_word' id='word_1_914' title='bbox 2818 5102 3042 5153; x_wconf 67' lang='lat' dir='ltr'><strong>excelsis.</strong></span> <span class='ocrx_word' id='word_1_915' title='bbox 3060 5099 3461 5155; x_wconf 87' lang='lat' dir='ltr'><strong>Considerandus</strong></span> <span class='ocrx_word' id='word_1_916' title='bbox 3474 5103 3539 5147; x_wconf 84' lang='lat' dir='ltr'><strong>est</strong></span> <span class='ocrx_word' id='word_1_917' title='bbox 3553 5092 3650 5142; x_wconf 66' lang='lat' dir='ltr'><strong>ordo</strong></span> 
     </span>
    </p>
   </div>
   <div class='ocr_carea' id='block_1_114' title="bbox 2160 5184 3647 5260">
    <p class='ocr_par' dir='ltr' id='par_1_114' title="bbox 2160 5184 3647 5260">
     <span class='ocr_line' id='line_1_114' title="bbox 2160 5184 3647 5260; baseline 0 -21"><span class='ocrx_word' id='word_1_918' title='bbox 2160 5187 2438 5239; x_wconf 84' lang='lat' dir='ltr'><strong>verborum</strong></span> <span class='ocrx_word' id='word_1_919' title='bbox 2468 5205 2479 5238; x_wconf 93' lang='lat'><strong>:</strong></span> <span class='ocrx_word' id='word_1_920' title='bbox 2516 5188 2741 5256; x_wconf 87' lang='lat' dir='ltr'><strong>primum</strong></span> <span class='ocrx_word' id='word_1_921' title='bbox 2773 5189 3031 5258; x_wconf 75' lang='lat' dir='ltr'><strong>siquidem</strong></span> <span class='ocrx_word' id='word_1_922' title='bbox 3058 5191 3327 5260; x_wconf 70' lang='lat' dir='ltr'><strong>perhibuit</strong></span> <span class='ocrx_word' id='word_1_923' title='bbox 3352 5184 3647 5256; x_wconf 64' lang='lat' dir='ltr'><strong>pulsabunt&quot;!</strong></span> 
     </span>
    </p>
   </div>
   <div class='ocr_carea' id='block_1_115' title="bbox 2159 5278 3647 5359">
    <p class='ocr_par' dir='ltr' id='par_1_115' title="bbox 2159 5278 3647 5359">
     <span class='ocr_line' id='line_1_115' title="bbox 2159 5278 3647 5359; baseline -0.008 -18"><span class='ocrx_word' id='word_1_924' title='bbox 2159 5289 2438 5343; x_wconf 88' lang='lat' dir='ltr'><strong>Dominum</strong></span> <span class='ocrx_word' id='word_1_925' title='bbox 2471 5304 2566 5342; x_wconf 90' lang='lat' dir='ltr'><strong>sua</strong></span> <span class='ocrx_word' id='word_1_926' title='bbox 2591 5291 2837 5357; x_wconf 85' lang='lat' dir='ltr'><strong>passione</strong></span> <span class='ocrx_word' id='word_1_927' title='bbox 2868 5291 3021 5345; x_wconf 84' lang='lat' dir='ltr'><strong>nobis</strong></span> <span class='ocrx_word' id='word_1_928' title='bbox 3052 5303 3379 5359; x_wconf 86' lang='lat' dir='ltr'><strong>procurasse;</strong></span> <span class='ocrx_word' id='word_1_929' title='bbox 3415 5299 3469 5337; x_wconf 86' lang='lat' dir='ltr'><strong>ac</strong></span> <span class='ocrx_word' id='word_1_930' title='bbox 3502 5278 3647 5334; x_wconf 66' lang='lat' dir='ltr'><strong>deinde</strong></span> 
     </span>
    </p>
   </div>
   <div class='ocr_carea' id='block_1_116' title="bbox 2157 5365 3646 5447">
    <p class='ocr_par' dir='ltr' id='par_1_116' title="bbox 2157 5365 3646 5447">
     <span class='ocr_line' id='line_1_116' title="bbox 2157 5365 3646 5447; baseline -0.007 -16"><span class='ocrx_word' id='word_1_931' title='bbox 2157 5379 2309 5442; x_wconf 74' lang='lat' dir='ltr'><strong>dixit,</strong></span> <span class='ocrx_word' id='word_1_932' title='bbox 2337 5379 2482 5431; x_wconf 91' lang='lat' dir='ltr'><strong>illum</strong></span> <span class='ocrx_word' id='word_1_933' title='bbox 2510 5380 2698 5433; x_wconf 88' lang='lat' dir='ltr'><strong>sedere</strong></span> <span class='ocrx_word' id='word_1_934' title='bbox 2721 5380 2784 5434; x_wconf 85' lang='lat' dir='ltr'><strong>ad</strong></span> <span class='ocrx_word' id='word_1_935' title='bbox 2814 5380 3089 5436; x_wconf 82' lang='lat' dir='ltr'><strong>dexteram</strong></span> <span class='ocrx_word' id='word_1_936' title='bbox 3131 5378 3408 5447; x_wconf 87' lang='lat' dir='ltr'><strong>majestatis</strong></span> <span class='ocrx_word' id='word_1_937' title='bbox 3435 5375 3479 5428; x_wconf 90' lang='lat' dir='ltr'><strong>in</strong></span> <span class='ocrx_word' id='word_1_938' title='bbox 3510 5365 3646 5424; x_wconf 77' lang='lat' dir='ltr'><strong>excel-</strong></span> 
     </span>
    </p>
   </div>
   <div class='ocr_carea' id='block_1_117' title="bbox 2156 5457 3643 5537">
    <p class='ocr_par' dir='ltr' id='par_1_117' title="bbox 2156 5457 3643 5537">
     <span class='ocr_line' id='line_1_117' title="bbox 2156 5457 3643 5537; baseline -0.003 -18"><span class='ocrx_word' id='word_1_939' title='bbox 2156 5468 2275 5520; x_wconf 87' lang='lat' dir='ltr'><strong>sis:</strong></span> <span class='ocrx_word' id='word_1_940' title='bbox 2332 5482 2450 5520; x_wconf 85' lang='lat' dir='ltr'><strong>nam</strong></span> <span class='ocrx_word' id='word_1_941' title='bbox 2502 5465 2746 5523; x_wconf 80' lang='lat' dir='ltr'><strong>Christus</strong></span> <span class='ocrx_word' id='word_1_942' title='bbox 2784 5470 3013 5537; x_wconf 89' lang='lat' dir='ltr'><strong>primum</strong></span> <span class='ocrx_word' id='word_1_943' title='bbox 3063 5484 3155 5522; x_wconf 90' lang='lat' dir='ltr'><strong>nos</strong></span> <span class='ocrx_word' id='word_1_944' title='bbox 3203 5466 3415 5521; x_wconf 88' lang='lat' dir='ltr'><strong>redemit</strong></span> <span class='ocrx_word' id='word_1_945' title='bbox 3448 5457 3643 5525; x_wconf 65' lang='lat' dir='ltr'><strong>sanguine</strong></span> 
     </span>
    </p>
   </div>
   <div class='ocr_carea' id='block_1_118' title="bbox 2157 5552 3641 5635">
    <p class='ocr_par' dir='ltr' id='par_1_118' title="bbox 2157 5552 3641 5635">
     <span class='ocr_line' id='line_1_118' title="bbox 2157 5552 3641 5635; baseline -0.006 -18"><span class='ocrx_word' id='word_1_946' title='bbox 2157 5565 2420 5632; x_wconf 87' lang='lat' dir='ltr'><strong>passionis</strong></span> <span class='ocrx_word' id='word_1_947' title='bbox 2451 5579 2587 5630; x_wconf 65' lang='lat' dir='ltr'><strong>suae,</strong></span> <span class='ocrx_word' id='word_1_948' title='bbox 2622 5575 2674 5620; x_wconf 89' lang='lat' dir='ltr'><strong>et</strong></span> <span class='ocrx_word' id='word_1_949' title='bbox 2717 5567 2793 5621; x_wconf 88' lang='lat' dir='ltr'><strong>sic</strong></span> <span class='ocrx_word' id='word_1_950' title='bbox 2821 5568 3150 5635; x_wconf 88' lang='lat' dir='ltr'><strong>postmodum</strong></span> <span class='ocrx_word' id='word_1_951' title='bbox 3189 5562 3495 5617; x_wconf 87' lang='lat' dir='ltr'><strong>altitudinem</strong></span> <span class='ocrx_word' id='word_1_952' title='bbox 3520 5552 3641 5609; x_wconf 69' lang='lat' dir='ltr'><strong>eelo-</strong></span> 
     </span>
    </p>
   </div>
   <div class='ocr_carea' id='block_1_119' title="bbox 2115 5640 3634 5726">
    <p class='ocr_par' dir='ltr' id='par_1_119' title="bbox 2115 5640 3634 5726">
     <span class='ocr_line' id='line_1_119' title="bbox 2115 5640 3634 5726; baseline -0.009 -18"><span class='ocrx_word' id='word_1_953' title='bbox 2115 5710 2124 5720; x_wconf 66' lang='grc'><em>,</em></span> <span class='ocrx_word' id='word_1_954' title='bbox 2156 5669 2269 5708; x_wconf 86' lang='grc' dir='ltr'>ιιιιιι</span> <span class='ocrx_word' id='word_1_955' title='bbox 2304 5655 2619 5726; x_wconf 86' lang='lat' dir='ltr'><strong>penetravit,</strong></span> <span class='ocrx_word' id='word_1_956' title='bbox 2655 5654 2741 5711; x_wconf 91' lang='lat' dir='ltr'><strong>ubi</strong></span> <span class='ocrx_word' id='word_1_957' title='bbox 2771 5671 2910 5711; x_wconf 86' lang='lat' dir='ltr'><strong>nunc</strong></span> <span class='ocrx_word' id='word_1_958' title='bbox 2936 5656 2999 5712; x_wconf 86' lang='lat' dir='ltr'><strong>ad</strong></span> <span class='ocrx_word' id='word_1_959' title='bbox 3027 5656 3291 5713; x_wconf 75' lang='lat' dir='ltr'><strong>dexteram</strong></span> <span class='ocrx_word' id='word_1_960' title='bbox 3320 5649 3470 5707; x_wconf 85' lang='lat' dir='ltr'><strong>Patris</strong></span> <span class='ocrx_word' id='word_1_961' title='bbox 3507 5640 3634 5699; x_wconf 78' lang='lat' dir='ltr'><strong>sedet.</strong></span> 
     </span>
    </p>
   </div>
  </div>
