3910 6174
271 357 371 413 ὃῗίξ)

1134 351 1197 408 lN
1241 347 1612 408 urtsromu
1654 346 1742 402 an
1782 342 2121 400 ueenmos
2161 301 2672 397 comminuam.

3406 343 3505 434 6‘20

267 474 467 530 Sedere
496 475 669 524 autem
697 466 861 531 illius,
897 477 990 554 pro
1021 461 1280 528 habitare,
1311 471 1365 515 et
1385 458 1755 527 esse,pouitur
1780 450 1834 509 in
1861 457 1913 516 Α
1939 451 2069 506 dixit
2100 451 2254 520 paulo
2295 450 2559 518 superius,
2592 447 2760 502 llodie
2790 449 2947 517 genui
2975 457 3044 517 te,
3078 450 3143 504 ad
3171 451 3505 510 divinitatem

268 567 387 620 loco
413 565 514 616 isto
547 579 559 613 :
592 561 729 614 sicut
771 567 824 611 et
861 548 1075 608 dexiera
1120 567 1218 621 pro
1247 553 1450 604 honore
1492 557 1546 604 et
1581 548 1836 617 dignitate

265 667 496 708 summa.
538 649 667 704 Nam
719 662 824 700 non
866 655 946 700 est
981 643 1263 710 putandum
1319 641 1458 710 quod
1501 641 1838 706 omnipotens

266 743 447 807 Pater,
476 742 563 812 qui
610 739 829 808 spiritus
858 744 939 790 est
985 733 1505 799 incircumscriptus,
1539 729 1716 782 omnia
1753 742 1840 780 re-

268 837 440 905 plens,
473 834 743 887 dexteram
775 839 864 881 aut
902 827 1170 880 sinistram
1207 823 1430 884 habeat,
1460 822 1593 875 sicut
1617 832 1714 872 nos
1745 817 1840 870 ha-

266 930 458 986 bemus
490 945 502 981 :
536 935 627 978 aut
665 921 803 993 quod
831 921 900 972 ita
945 917 1126 972 sedeat
1166 916 1217 969 in
1251 914 1468 968 demere
1507 911 1646 964 illius
1674 909 1839 962 Filius

266 1029 404 1094 ejus,
435 1023 575 1076 sicut
617 1018 787 1073 solent
815 1012 906 1068 ﬁlii
956 1025 1134 1081 regum
1193 1008 1380 1062 sedere
1403 1007 1549 1074 juxta
1597 1004 1829 1062 Patrem,

264 1116 512 1186 apposito
542 1110 642 1166 sibi
688 1108 868 1171 solio;
891 1101 982 1158 sed
1029 1102 1168 1154 sicut
1217 1099 1460 1159 dicimus,
1495 1097 1713 1147 dextera
1745 1105 1838 1159 pro

264 1182 440 1277 gii'ria
480 1215 534 1258 et
579 1200 848 1271 dignitatis
898 1197 1102 1249 honore
1157 1191 1444 1258 accipitur;
1489 1182 1754 1254 siquidem
1787 1189 1840 1234 et

267 1275 431 1354 i’ater
469 1313 499 1350 a
529 1291 731 1349 dextris
762 1277 880 1344 esse
925 1284 1176 1341 scribitur
1221 1280 1438 1344 Christi,
1469 1285 1527 1331 ut
1552 1277 1605 1331 iu
1638 1275 1840 1344 psalmo

267 1390 521 1451 habetur,
547 1382 804 1438 Dominus
829 1393 859 1432 a
890 1375 1091 1432 dextris
1117 1374 1218 1427 tuis
1247 1369 1508 1438 confregit
1537 1367 1588 1420 in
1635 1364 1721 1418 die
1746 1362 1840 1416 ira:

266 1499 381 1538 suae
408 1494 577 1548 reges.
612 1473 782 1530 Ambo
811 1484 939 1540 ergo
969 1483 998 1522 a
1041 1467 1246 1522 dextris
1286 1469 1428 1523 sunt,
1458 1459 1573 1526 quia
1606 1455 1733 1509 nihil
1759 1463 1842 1507 est

264 1575 324 1628 in
356 1547 630 1626 divinitate
658 1566 958 1628 sinistrum;
990 1561 1110 1630 quia
1143 1572 1304 1612 unum
1334 1561 1416 1610 est
1437 1554 1544 1621 jam
1581 1563 1700 1603 cum
1732 1547 1842 1601 Deo

263 1667 320 1720 in
352 1664 524 1733 gloria
553 1662 710 1714 homo
732 1661 1033 1722 assumptus
1063 1666 1090 1704 a
1131 1648 1328 1713 Verbo,
1359 1653 1412 1701 et
1436 1638 1842 1713 quadragesimo

263 1729 376 1809 die‘
402 1753 666 1808 exaltatus
705 1747 769 1800 ad
813 1744 1072 1800 ccclestia.
1115 1739 1250 1806 Quid
1292 1746 1374 1792 est
1399 1749 1550 1804 ergo,
1581 1732 1730 1789 sedet
1774 1729 1840 1782 ad

1940 543 2284 606 aeternitatis;
2317 549 2370 594 at
2401 553 2527 594 vero
2571 538 2708 608 quod
2757 539 3055 607 subintnlit,
3090 542 3201 612 Ego
3229 558 3322 597 ero
3350 543 3422 597 illi
3456 545 3504 597 in

1942 635 2182 695 Patrem;
2211 634 2276 683 ad
2301 629 2639 683 immanitatis
2665 627 2827 683 refert
2848 631 3154 696 essentiam,
3184 633 3298 688 sine
3329 635 3503 703 aliqua

1938 721 2285 776 dubitatione.
2318 719 2466 775 Unde
2493 729 2546 774 et
2571 734 2805 786 congrue
2835 720 2998 774 verbo
3047 722 3204 777 futuri
3253 729 3506 794 temporis

1941 829 2067 867 usus
2097 823 2200 877 est,
2233 813 2451 867 dicens:
2479 812 2604 866 Ero.
2636 813 2894 878 Quoniam
2937 815 3148 882 quando
3171 816 3322 869 'Deus
3354 819 3507 872 Pater

1939 904 2077 958 dixit
2101 905 2164 957 ad
2197 905 2354 957 David
2391 923 2401 956 :
2430 905 2560 957 Cum
2584 903 2865 957 dormieris
2894 918 3014 957 cum
3039 907 3301 973 patribus,
3333 914 3505 961 susci-

1941 995 2063 1048 tabo
2089 1009 2269 1048 semen
2295 1003 2462 1059 tuum,
2494 994 2631 1062 quod
2657 994 2957 1062 egredietur
2983 995 3047 1049 de
3071 996 3262 1048 lumbis
3296 995 3425 1062 tuis;
3459 1011 3510 1052 et

1943 1083 2164 1138 ﬁrmabo
2195 1084 2440 1137 thronum
2471 1084 2584 1150 ejus
2625 1099 2786 1151 super
2830 1083 3082 1138 thronum
3132 1093 3324 1140 tuum:
3359 1088 3504 1155 ipsc-

1939 1190 2042 1243 quc
2073 1174 2172 1228 erit
2213 1175 2339 1227 mihi
2371 1175 2536 1238 ﬁlius,
2567 1183 2620 1227 et
2649 1189 2747 1242 ego
2790 1188 2883 1226 ero
2931 1175 3002 1227 illi
3054 1175 3243 1245 Pater,
3276 1176 3508 1230 futurum

1943 1274 2058 1320 erat
2087 1266 2289 1328 adhuc,
2323 1275 2376 1318 ut
2415 1265 2640 1320 Verbum
2674 1265 2764 1319 Dei
2815 1265 2984 1320 Patris
3013 1247 3308 1323 assumeret
3340 1269 3510 1322 homi-

1943 1373 2070 1414 nem
2103 1360 2154 1413 in
2188 1367 2339 1414 utero
2362 1358 2622 1427 virginali,
2652 1360 2702 1412 in
2732 1359 2932 1414 unitate
2955 1373 3064 1414 suae
3090 1375 3327 1428 personae
3361 1379 3373 1414 :
3399 1363 3510 1415 sive

1943 1450 2063 1519 quia
2096 1449 2261 1504 Filius
2292 1450 2382 1504 Dei
2412 1458 2554 1504 esset
2581 1449 2634 1503 in
2660 1449 2905 1519 veritate,
2937 1465 3042 1503 non
3087 1449 3387 1518 adoptivus,
3416 1455 3530 1505 Sed

1944 1540 2204 1608 proprius.
2231 1539 2354 1595 Haec
2375 1548 2550 1594 autem
2573 1540 2837 1594 sententia
2859 1549 2911 1594 ct
2941 1538 3004 1594 ad
3029 1540 3300 1606 superiora
3332 1551 3510 1610 potest

1942 1630 2228 1699 respicere,
2253 1638 2312 1684 ut
2343 1631 2413 1684 ita
2443 1630 2646 1698 legatur
2670 1631 2768 1684 sub
2789 1629 3201 1700 interrogatione
3231 1646 3247 1684 :
3277 1632 3502 1685 Rursum

1943 1721 2026 1774 cui
2056 1719 2364 1788 angelorum
2391 1718 2556 1772 dixit:
2580 1718 2694 1789 Ego
2719 1733 2814 1772 ero
2845 1719 2917 1773 illi
2943 1722 2990 1772 in
3023 1720 3264 1774 Patrem?
3291 1722 3353 1775 Et
3379 1721 3507 1776 sub-

263 1807 546 1898 dexteram
579 1836 892 1906 majestatis,
924 1831 1026 1885 nisi
1066 1839 1121 1884 ut
1147 1827 1370 1891 dicatur,
1401 1823 1604 1877 habitat
1645 1820 1698 1875 in
1729 1821 1840 1886 ple-
1875 1815 1919 1874 Β
1944 1810 2114 1906 audis.
2149 1807 2287 1862 ΝυΙΙί
2313 1824 2327 1872 ;
2354 1809 2437 1862 νει
2477 1818 2625 1862 certe
2668 1808 2932 1874 abSOIUle.
2962 1818 3014 1864 el
3041 1809 3378 1876 amt'lliﬂlive.
3412 1812 3510 1867 hoc

266 1935 514 1990 nitudiue
542 1940 772 1997 paterna:
805 1921 1130 1994 majestatis?
1159 1921 1223 1974 Et
1253 1933 1371 1974 cum
1403 1915 1558 1982 dixit,
1588 1914 1641 1967 in
1667 1911 1842 1967 excel-

266 2028 368 2088 sis,
398 2021 630 2079 ostendit
654 2019 800 2074 illum
825 2016 1092 2070 hominem
1115 2025 1281 2080 super
1306 2022 1517 2064 omnem
1545 2012 1846 2059 creaturam

266 2114 570 2182 angelicam
593 2118 646 2165 et
683 2109 966 2162 humanam
997 2102 1288 2159 exaltatum
1318 2112 1470 2161 esse;
1499 2094 1644 2150 unde
1682 2101 1736 2146 et
1764 2105 1846 2145 se-

265 2181 474 2276 quitur.
506 2201 670 2255 Tanto
693 2198 870 2252 melior
897 2193 1088 2264 angelis
1132 2189 1366 2260 effectus.
1393 2193 1580 2255 quanto
1608 2181 1855 2249 diﬂ'erem

266 2272 376 2351 tius
408 2310 513 2363 pro:
542 2291 644 2345 illis
672 2305 851 2344 nomen
875 2283 1206 2340 ha’rrditavit.
1255 2281 1472 2335 Factum
1519 2275 1632 2336 hic,
1662 2273 1739 2327 vel
1769 2272 1846 2326 ei-

267 2387 472 2441 i’ectum
505 2398 598 2452 pro
627 2379 927 2445 susceptum
976 2376 1232 2430 deLcmus
1281 2369 1555 2438 accipere;
1597 2373 1844 2434 tauquam

269 2480 518 2536 diceret:
549 2474 658 2528 illis
703 2470 1030 2526 diﬂ‘ercntius
1077 2476 1234 2536 atque
1279 2458 1624 2518 excellentius
1655 2470 1844 2510 nomen

271 2565 552 2632 illiationis
581 2560 910 2618 hrercditavit
939 2577 953 2612 :
985 2570 1105 2612 nam
1155 2562 1352 2625 quanta
1382 2549 1628 2604 distantia
1659 2554 1740 2601 est
1769 2545 1848 2598 in-

270 2672 359 2716 ter
389 2643 581 2712 nomen
611 2654 702 2708 lilii
730 2663 784 2708 et
807 2650 976 2716 servi,
1012 2656 1157 2702 tanto
1189 2644 1280 2700 ille
1326 2637 1543 2712 majoris
1582 2635 1850 2708 dignitatis

269 2760 358 2806 est
389 2745 719 2820 praeangelis
746 2762 760 2800 :
792 2742 1042 2812 quoniam
1071 2737 1161 2792 ille
1188 2741 1400 2791 creator
1425 2730 1737 2802 (secundum
1770 2727 1846 2780 di-

272 2819 555 2894 vinitatem
583 2833 852 2904 dico),illi
885 2836 1151 2912 creatura.
1198 2827 1314 2896 Ipse
1360 2835 1569 2892 quoque
1612 2821 1768 2872 homo
1795 2819 1846 2872 in
1919 2891 1922 2895 ι

275 2933 384 2988 hoc
415 2939 498 2986 est
523 2927 692 2996 major
733 2923 978 2980 omnibus
1021 2918 1222 2988 angelis
1263 2917 1510 2984 omnique
1556 2920 1797 2968 creatura
1833 2926 1846 2962 :

271 3023 407 3091 quia
436 3027 693 3090 potestas,
721 3027 836 3084 quae
866 3019 978 3067 erat
1023 3009 1076 3064 in
1107 3008 1251 3062 omni
1272 3007 1473 3070 Verbo,
1507 3013 1630 3056 ante
1668 3001 1849 3056 omnia

279 3090 508 3176 sa-cula,
533 3106 792 3176 requievit
836 3103 887 3156 in
919 3101 1010 3156 illo
1037 3099 1250 3154 homine
1293 3104 1565 3165 assumpto
1613 3107 1640 3145 a
1669 3090 1849 3150 Verbo

272 3218 342 3258 ex
377 3213 618 3268 tempore
644 3193 1023 3264 conceptionis.

275 3297 377 3349 δινὶ
404 3302 457 3347 et
487 3291 687 3357 famuli,
717 3290 851 3350 sicut
894 3289 948 3341 in
1006 3285 1122 3354 ejus
1169 3282 1456 3336 tentatione
1485 3288 1538 3334 et
1585 3276 1853 3346 passione,

276 3383 680 3440 resurrecti-ne
718 3393 962 3448 quoque,
995 3388 1153 3447 atque
1184 3375 1497 3430 ascensione
1532 3371 1855 3425 declaratum

279 3483 392 3530 est.
427 3475 518 3528 Ille
541 3479 716 3527 autem
750 3471 886 3524 ﬁlius
914 3468 1163 3538 proprius
1185 3475 1238 3521 et
1265 3465 1437 3518 literes
1462 3460 1642 3516 existit
1673 3477 1686 3512 :
1718 3458 1857 3526 quod

279 3575 338 3622 et
371 3565 660 3635 Apostolus
690 3563 842 3616 nobis
872 3562 1056 3635 innuit,
1093 3559 1216 3613 dum
1249 3553 1518 3623 subjungit
1548 3569 1560 3604 :
1603 3549 1698 3605 Cui
1725 3548 1858 3603 enim

278 3627 716 3724 dixit-aliquando
737 3627 1054 3723 angelorum,
1079 3648 1245 3702 Filius
1267 3661 1404 3700 meus
1429 3660 1476 3697 es
1498 3651 1571 3708 tu,
1599 3657 1688 3712 ego
1711 3639 1860 3693 hodie

279 3749 442 3819 genui
483 3748 570 3800 te?
598 3745 830 3802 Subaudi
849 3785 864 3810 ,
893 3742 1023 3796 nulli
1052 3741 1358 3810 angelorum
1391 3737 1492 3790 hcc
1529 3735 1726 3789 dictum
1756 3741 1856 3787 est.

284 3843 344 3896 ll.
372 3856 403 3896 c
425 3840 494 3896 de
523 3839 698 3894 Verbo
728 3837 823 3894 Dei
850 3835 1248 3906 intelligendum
1277 3839 1385 3897 est,
1417 3829 1555 3900 quod
1604 3835 1859 3894 retentum

281 3947 338 3990 et
387 3930 836 3988 consubstantiale
883 3936 965 3983 est
991 3927 1166 3990 Patri,
1214 3939 1316 3979 non
1345 3924 1410 3977 de
1456 3920 1688 3991 qualibet
1713 3932 1862 3972 erea-

284 4037 442 4089 tura;
478 4024 596 4078 licet
623 4023 858 4092 legamus
889 4020 940 4073 in
982 4018 1118 4073 libro
1158 4015 1278 4078 Job,
1311 4014 1526 4082 angelos
1571 4011 1862 4080 appellatos

285 4131 412 4174 csse
443 4115 580 4168 ﬁlios
609 4115 720 4166 De'.
754 4113 810 4165 in
845 4108 1036 4164 Genesi
1059 4121 1266 4177 quoque
1289 4105 1451 4168 lilios;
1477 4103 1567 4157 sed
1593 4100 1732 4170 quod
1765 4099 1863 4153 uti-

285 4223 398 4277 que
424 4205 636 4276 quando
665 4205 740 4268 lit,
770 4203 985 4268 abusive
1013 4201 1087 4253 lit.
1117 4198 1337 4266 Quando
1365 4211 1491 4266 ergo
1520 4194 1652 4248 dixit
1674 4194 1724 4249 ei
1747 4211 1758 4246 :
1779 4192 1865 4247 Fi-

289 4302 395 4352 lius
425 4311 577 4352 mens
615 4310 673 4350 es
715 4305 765 4349 tu
797 4311 813 4348 :
843 4304 1082 4361 tempore
1125 4289 1475 4359 baptismatis,
1505 4295 1558 4342 et
1587 4287 1639 4341 in
1686 4293 1864 4339 monte

289 4390 526 4443 intonuit
547 4401 648 4440 vox
679 4396 895 4455 paterna
927 4383 1155 4449 caelitus,
1187 4381 1369 4435 dicens
1405 4399 1418 4434 :
1449 4379 1545 4433 llic
1571 4385 1654 4433 est
1699 4375 1866 4432 Filius

291 4495 449 4533 tuens
481 4479 726 4532 dilectus.
755 4476 820 4530 Et
849 4477 898 4528 in
925 4475 1046 4539 hoc,
1079 4473 1219 4543 quod
1244 4455 1395 4537 dixit,
1426 4471 1589 4524 Filius
1630 4484 1778 4523 meus
1807 4482 1865 4521 es

293 4583 373 4636 tu,
407 4569 709 4624 manili-stat
743 4584 810 4623 ex
842 4571 952 4636 ipsa
981 4581 1074 4620 sua
1101 4566 1330 4620 essentia
1379 4565 1526 4618 illum
1569 4577 1687 4616 esse
1717 4561 1864 4630 geni-

293 4671 429 4716 tum.
455 4659 864 4726 Notandumque
889 4657 1013 4726 quia
1040 4671 1146 4710 non
1180 4655 1352 4708 dixit:
1389 4654 1528 4707 Ante
1559 4652 1735 4706 omnia
1767 4665 1866 4704 sa:-

293 4754 414 4809 cula
445 4752 602 4822 genui
635 4759 713 4818 te,
750 4750 831 4804 vel
863 4750 914 4802 in
946 4747 1214 4817 prseterito
1245 4756 1516 4815 tempore;
1546 4745 1660 4806 sed,
1689 4743 1864 4805 hodie,

265 4848 492 4913 ,inqu't,
524 4843 681 4912 genui
712 4849 794 4906 te,
827 4839 966 4910 quod
995 4837 1301 4892 adverbium
1327 4843 1409 4890 est
1434 4835 1709 4904 praesentis
1736 4841 1868 4888 tem-

299 4936 450 5005 poris
481 4954 492 4986 :
522 4934 574 4986 in
607 4933 714 4986 Deo
741 4931 882 4985 enim
909 4943 1008 4984 nec
1036 4929 1302 4997 prteterita
1336 4934 1629 4990 transeunt,
1665 4938 1758 4976 nee
1791 4921 1870 4975 iu-

301 5036 421 5080 tur‘a
463 5021 754 5077 succedunt
780 5037 794 5085 ;
825 5019 917 5075 sed
948 5019 1125 5072 omnia
1172 5027 1408 5084 tempora
1455 5013 1612 5069 simul
1655 5013 1703 5067 ei
1743 5026 1872 5066 con-

303 5120 484 5169 iuncta
526 5121 678 5174 sunt,
723 5111 842 5181 quia
888 5107 1064 5164 omnia
1107 5099 1387 5177 praesentia
1442 5101 1622 5158 habet.
1677 5103 1744 5155 Et
1791 5108 1874 5154 est

302 5219 496 5260 sensus
529 5221 539 5254 :
573 5203 719 5256 Sicut
747 5214 844 5271 ego
871 5213 1079 5268 semper
1107 5206 1342 5251 aeternus
1383 5209 1532 5260 sum,
1574 5206 1743 5260 neque
1773 5191 1872 5244 ini-

305 5296 464 5358 tium,
497 5307 665 5361 neque
695 5293 849 5344 linem
874 5288 1041 5343 habeo
1068 5306 1078 5340 :
1113 5287 1185 5341 ita
1213 5297 1263 5340 te
1293 5301 1503 5353 semper
1534 5284 1702 5338 habeo
1726 5297 1869 5337 coae-

308 5395 518 5440 ternum
547 5369 696 5437 mihi.
731 5381 859 5436 Tale
883 5389 962 5434 est
991 5387 1045 5432 et
1070 5377 1194 5431 illud
1221 5377 1359 5444 quod
1387 5375 1510 5428 alibi
1541 5373 1709 5427 dixit:
1737 5375 1873 5426 Ante

306 5477 613 5533 Luciferum
652 5475 806 5541 genui
839 5481 888 5526 te
916 5513 930 5537 ,
976 5471 1026 5523 id
1057 5476 1142 5524 est
1169 5475 1292 5522 ante
1336 5466 1626 5535 angelicam
1667 5475 1874 5518 creatu-

305 5583 444 5630 ram,
469 5576 518 5620 et
551 5574 671 5620 ante
695 5563 866 5617 omnia
895 5561 1108 5614 saecula.
1155 5557 1215 5610 Et
1239 5573 1458 5622 rursum,
1488 5554 1594 5626 Ego
1625 5571 1710 5608 ero
1739 5556 1785 5607 ei
1821 5554 1873 5607 in

311 5647 541 5723 Patrem,
563 5666 607 5709 et
630 5657 738 5722 ipse
764 5654 858 5708 erit
892 5651 1014 5704 mihi
1039 5651 1090 5703 in
1115 5650 1300 5718 ﬁlium.
1353 5647 1580 5726 Videsne
1611 5645 1874 5714 quomodo

247 5797 250 5799 .
309 5749 560 5804 disccririt
611 5748 884 5817 geminam.
916 5755 1154 5798 naturam
1205 5743 1255 5794 in
1302 5740 1552 5796 Christo?
1585 5755 1701 5792 nam
1733 5741 1869 5807 quod

1947 1897 2134 1954 modo:
2159 1897 2389 1951 Rursum
2419 1896 2486 1950 de
2516 1896 2610 1951 illo
2639 1897 2778 1951 Deus
2805 1897 2994 1952 Pater:
3041 1899 3148 1968 Ego
3179 1914 3270 1953 ero
3319 1900 3368 1953 in
3414 1901 3512 1954 Pa-

1948 2003 2103 2050 trem.
2129 1993 2194 2046 Et
2225 2010 2338 2048 cum
2357 1994 2540 2048 iterum
2565 1992 2850 2047 introduxit
2864 1995 3254 2066 primogenita»:
3278 1996 3329 2046 in
3350 1997 3515 2050 orbem

1947 2093 2095 2140 terra:
2117 2085 2254 2138 ‘dixit
2285 2101 2303 2139 :
2333 2084 2400 2138 Et
2421 2086 2638 2139 adorent
2665 2102 2775 2139 eum
2801 2101 2972 2138 omnes
2992 2085 3164 2154 angeli
3197 2085 3306 2138 Dei.
3329 2087 3516 2141 Omnis

1949 2176 2247 2244 nnigenitus
2275 2185 2447 2244 potest
2475 2176 2580 2231 dici
2614 2177 3020 2244 primogenitus,
3052 2192 3118 2231 eo
3145 2177 3284 2245 quod
3314 2177 3514 2244 primus

1949 2265 2151 2333 aperiat
2174 2266 2379 2320 vulvam
2410 2265 2634 2328 matris;
2667 2279 2773 2319 non
2807 2274 2981 2318 tamen
3023 2265 3198 2319 omnis
3243 2267 3514 2334 primoge-

1952 2354 2092 2408 nitus
2123 2355 2456 2424 unigenitus,
2487 2356 2577 2423 qui
2611 2355 2766 2408 habet
2793 2354 2926 2409 alios
2958 2354 3149 2409 fratres
3187 2355 3288 2410 sub
3318 2372 3518 2424 equen-

1953 2452 2050 2498 tes.
2083 2443 2338 2497 Dominus
2356 2452 2531 2498 autem
2560 2443 2714 2498 Jcsus
2739 2453 2845 2497 tam
2868 2445 3158 2499 secundum
3187 2445 3516 2500 divinitatem

1950 2549 2108 2604 quam
2139 2535 2429 2589 secundum
2475 2533 2855 2589 humanitatem
2885 2544 2938 2589 et
2962 2536 3295 2606 unigenitus,
3329 2547 3382 2592 et
3411 2537 3514 2606 pri-

1951 2626 2251 2695 mogenitus
2281 2624 2384 2680 dici
2416 2633 2609 2695 potest.
2655 2625 2966 2696 Unigenitus
2996 2635 3077 2682 est
3115 2629 3406 2683 secundum
3434 2629 3515 2683 di-

1951 2714 2248 2782 vinitatem,
2277 2717 2399 2787 quia
2434 2718 2485 2771 in
2518 2728 2704 2770 natura
2750 2717 3043 2771 divinitatis
3073 2732 3176 2772 non
3209 2718 3373 2774 habet
3408 2719 3519 2773 l'ra-

1953 2818 2062 2865 tres
2090 2809 2507 2878 subsequentes;
2545 2807 2836 2863 secundum
2879 2807 3260 2864 humanitatem
3307 2827 3518 2880 quoque

1954 2899 2256 2968 unigenitus
2281 2907 2362 2952 est
2385 2898 2554 2953 bentze
2585 2897 2786 2965 Mariae,
2819 2914 2937 2966 quae
2960 2908 3084 2968 post-
3097 2899 3241 2954 illum
3263 2901 3394 2956 alios
3415 2919 3518 2956 non

1952 2989 2159 3060 genuit:
2186 2989 2323 3042 sicut
2341 2989 2695 3042 calumniatur
2719 2987 3011 3044 Helvidius.
3031 2990 3227 3051 Deinde
3250 2989 3511 3059 primoge-

1955 3081 2097 3134 nitus
2110 3087 2192 3133 est
2207 3078 2496 3134 secundum
2513 3077 2802 3132 divinitatis
2825 3079 3132 3145 essentiam,
3159 3079 3293 3133 sicut
3313 3095 3403 3148 per
3423 3081 3538 3136 Sa-'

1065 3191 1399 3258 Quapropter
1425 3160 1496 3240 in}
1539 3193 1661 3239 sum
1689 3183 1844 3237 ηιῑηί.
1876 3160 1922 3224 C
1953 3169 2218 3224 lomonem
2241 3176 2484 3234 testatur,
2508 3167 2725 3223 dicens:
2755 3169 2862 3236 Ego
2883 3169 3141 3236 sapientia
3165 3183 3228 3222 ex
3253 3169 3345 3224 ere
3370 3172 3522 3225 Altis-

1957 3260 2074 3314 simi
2096 3259 2320 3332 proclivi,
2337 3259 2684 3327 primogenita
2707 3267 2830 3312 ante
2851 3273 3061 3313 omnem
3082 3268 3399 3314 creaturam.
3426 3262 3522 3316 Se-

1959 3354 2188 3409 cuudum
2213 3354 2596 3408 humanitatem
2619 3369 2721 3423 qua
2748 3354 3128 3424 primogenitus
3157 3363 3240 3409 est
3265 3357 3314 3409 in
3345 3357 3525 3411 multis

1953 3445 2208 3500 ﬁatribus
2229 3446 2508 3512 adoptivus
2532 3461 2545 3497 :
2571 3444 2638 3498 de
2660 3443 2850 3513 quibus
2872 3446 2984 3513 ipse
3002 3446 3131 3499 dixit
3149 3445 3353 3502 Mariae:
3383 3447 3524 3502 Vade

1959 3535 2024 3591 ad
2047 3535 2236 3591 fratres
2259 3549 2426 3600 meos,
2451 3544 2505 3590 et
2533 3535 2620 3589 dic
2648 3536 2748 3590 eis.
2769 3536 2918 3603 Quod
2945 3547 3118 3591 autem
3145 3540 3271 3592 dicit
3299 3542 3524 3608 ApOSlu-

1961 3630 2041 3683 lus
2075 3645 2086 3679 :
2117 3626 2248 3681 Cum
2274 3627 2460 3679 iterum
2486 3623 2778 3678 introduxit
2803 3627 2939 3680 Deus
2966 3625 3120 3678 Pater
3153 3627 3340 3680 Filium
3371 3643 3524 3680 suum

1963 3715 2429 3787 primogenitumin
2454 3713 2730 3780 mundum,
2757 3713 2833 3768 sic
2870 3714 3114 3768 videntur
3137 3717 3247 3768 haec
3267 3716 3422 3767 verba
3444 3730 3532 3768 so-

1963 3822 2108 3872 nare,
2129 3805 2281 3876 quasi
2301 3807 2408 3874 jam
2432 3805 2597 3859 altera
2622 3805 2738 3859 vice
2759 3805 3088 3861 introductus
3111 3816 3271 3860 esset.
3287 3805 3390 3860 Sed
3406 3823 3533 3876 quo-

1963 3897 2118 3968 modo
2132 3896 2230 3951 hoc
2242 3897 2307 3950 sit
2325 3895 2744 3964 intelligendum,
2762 3894 3091 3965 Evangelista
3107 3895 3335 3951 Joannes
3348 3909 3527 3966 aperte

1965 3995 2284 4064 manifestat,
2316 3995 2498 4050 dicens
2532 4013 2544 4049 :
2591 3995 2650 4049 1n
2680 3994 2875 4048 mundo
2907 4002 3051 4063 erat,
3085 3978 3137 4050 ct
3169 3997 3394 4050 Inlllltills
3441 4012 3532 4065 per

1965 4093 2136 4156 ipsum
2164 4089 2327 4140 tactus
2347 4095 2448 4152 est,
2480 4093 2534 4141 et
2562 4086 2791 4140 mundus
2821 4101 2941 4140 eum
2974 4100 3076 4144 non
3104 4087 3368 4155 cognovit.
3400 4088 3532 4142 Ver-

1965 4185 2088 4243 bum
2105 4199 2232 4256 ergo
2257 4186 2345 4241 Dei
2371 4184 2562 4250 Patris,
2586 4199 2678 4253 per
2695 4186 2832 4254 quod
2856 4185 3030 4245 omnia
3055 4183 3190 4240 faeta
3213 4196 3356 4249 sunt,
3381 4187 3533 4240 unius

1969 4277 2214 4332 essentia:
2235 4277 2469 4330 existens
2491 4291 2609 4330 cum
2632 4274 2791 4329 Patre
2820 4277 3087 4344 etSpiritu
3111 4286 3317 4345 sancto,
3345 4277 3537 4342 ubique

1969 4375 2070 4432 est,
2103 4375 2157 4420 et
2197 4367 2374 4419 omnia
2411 4365 2616 4434 implet.
2650 4366 2779 4431 Quia
2825 4365 3084 4437 ringendo
3125 4366 3309 4435 implet
3336 4368 3533 4433 omnia,

1970 4457 2239 4526 implendo
2265 4456 2425 4524 cingit
2456 4475 2468 4510 :
2498 4457 2847 4525 gubernando
2895 4457 3169 4526 praesidet,
3205 4458 3540 4526 prmsidendo

1894 4527 1949 4586 D
1971 4549 2249 4618 gubernat.
2282 4549 2345 4602 Et
2374 4549 2494 4617 quia
2525 4549 2575 4601 in
2605 4550 2802 4604 mundo
2826 4557 2960 4615 erat,
2986 4550 3075 4604 ubi
3099 4565 3312 4606 earuem
3343 4565 3545 4605 assum-

1973 4637 2095 4704 psit,
2126 4645 2179 4690 et
2225 4651 2344 4690 cum
2392 4637 2762 4692 inaccessibile
2807 4647 2926 4692 erat
2971 4640 3168 4693 nostris
3215 4640 3540 4709 aspectibus.

1971 4728 2092 4797 quia
2123 4743 2229 4783 non
2257 4728 2538 4783 videbatur
2567 4748 2579 4781 :
2613 4732 2779 4798 ipsam
2803 4731 3222 4798 assumptionem
3253 4731 3427 4784 carnis
3453 4748 3544 4797 ap-

1973 4821 2136 4885 pellat
2159 4809 2390 4874 alterum
2433 4821 2707 4874 introitum
2744 4837 2758 4884 ;
2792 4821 2915 4873 dum
2959 4821 3102 4874 enim
3147 4821 3235 4887 qui
3266 4821 3547 4874 invisibilis

1973 4923 2085 4967 erat
2111 4912 2352 4965 humanis
2395 4912 2697 4979 aspectibus
2721 4952 2734 4974 ,
2768 4919 3040 4978 assumpta
3071 4924 3232 4963 carne
3274 4909 3540 4964 visibilem

1973 5017 2030 5056 se
2059 5003 2464 5071 praibuit,quasi
2498 5004 2688 5055 iterum
2733 5000 3066 5054 introductus
3091 5011 3192 5052 eet.
3222 5000 3546 5054 Notandum-

1973 5109 2078 5162 que
2105 5095 2226 5161 quia
2256 5092 2392 5160 quod
2425 5093 2707 5158 Apostolus
2751 5090 3022 5143 introitum
3066 5091 3336 5155 nominat,
3361 5091 3461 5144 hoc
3495 5093 3548 5145 in

1981 5183 2264 5247 Evangelia
2293 5181 2406 5248 ipsa
2434 5181 2639 5234 Veritas
2665 5180 2863 5234 exitum
2885 5188 3060 5246 vocat,
3089 5181 3271 5236 dicens
3297 5200 3310 5236 :
3339 5182 3487 5235 Exivi
3515 5198 3544 5235 a

1979 5271 2154 5336 Patre,
2187 5282 2239 5324 et
2269 5273 2386 5325 veni
2411 5271 2460 5324 in
2493 5282 2768 5323 munitum.
2802 5269 2991 5325 Merito
3019 5287 3146 5341 ergo
3171 5273 3370 5325 exitum
3398 5283 3549 5326 νοί-ιιι

1978 5360 2359 5415 incarnationis
2373 5375 2479 5415 suae
2495 5360 2908 5427 assumptionem
2925 5363 3512 5430 manilestationemque
3531 5405 3544 5426 ,

1979 5459 2100 5525 quia
2149 5472 2256 5510 nos-
2276 5457 2402 5510 foris
2450 5472 2699 5522 eramus,
2731 5471 2759 5509 a
2794 5458 2902 5513 Deo
2945 5459 3150 5525 expulsi
3193 5466 3343 5510 extra
3375 5460 3545 5511 aulam

1981 5557 2228 5628 paradisi,
2257 5559 2505 5625 palatium
2530 5557 2689 5627 Regis
2710 5559 2893 5613 aeterni
2915 5560 3100 5628 :positi
3133 5559 3182 5610 in
3208 5559 3425 5612 carcere
3450 5562 3548 5610 hu-

1980 5651 2064 5718 jus
2095 5648 2274 5702 mundi
2297 5661 2348 5702 et
2377 5650 2559 5703 exsilio
2589 5651 2823 5718 relegati.
2871 5649 3024 5702 Verbi
3068 5649 3256 5717 gratia,
3303 5647 3438 5702 sicut
3463 5664 3552 5702 ex-

1987 5741 2266 5794 rlndtmtur
2301 5741 2364 5795 ab
2407 5740 2521 5795 aula
2552 5739 2690 5808 regia
2718 5740 2813 5804 rei,
2849 5738 2962 5805 ejus
2993 5737 3246 5793 oliunsam
3279 5737 3554 5793 incurrew
