3884 6172
428 372 521 430 691

1536 379 1824 434 PRIMASII
1866 378 2309 439 ADRL'MEYANI
2353 387 2561 445 EPISC.
3508 386 3587 441 69!

427 501 528 554 tes,
559 498 613 546 et
633 491 1032 560 destinanturin
1059 495 1328 563 exsilium,
1360 498 1589 566 atquein
1611 512 1827 553 carcere
1850 498 1995 551 clau-
2022 503 2070 557 A
2102 505 2380 558 caelorum.
2414 505 2479 559 Et
2510 522 2523 558 :
2566 503 2873 575 Fulgebunt
2915 503 3043 573 justi
3082 505 3213 559 sicut
3250 502 3353 579 sol,
3395 510 3438 557 et
3468 510 3593 559 erunt

425 580 655 649 duntur;
682 584 772 638 sed
798 586 934 639 sicut
962 585 1131 640 bonus
1161 587 1419 642 mediator
1452 588 1639 643 volens
1668 590 1744 642 eis
1782 590 1991 643 veniam

426 673 731 743 impetrare,
756 691 861 729 non
890 678 1114 745 primum
1146 693 1238 733 eos
1269 678 1555 733 introducit
1589 679 1642 734 in
1686 679 1859 733 aulam
1905 694 1993 734 re-

423 766 529 832 gis,
551 764 643 821 sed
690 769 802 835 ipse
832 770 971 822 foras
998 770 1289 838 egreditur,
1330 772 1508 841 ibique
1536 786 1657 826 cum
1683 773 1760 827 eis
1807 773 1993 827 miscet

426 857 818 915 sermocinandi
844 860 1111 927 negotium
1141 880 1150 912 :
1184 861 1362 931 sicque
1386 873 1658 921 correctos
1686 874 1738 919 et
1759 864 1991 932 castiga—

429 952 511 998 tos
558 944 843 1001 introducit
891 964 982 1003 eos
1026 952 1076 1003 in
1109 962 1421 1035 conspectl
1440 955 1609 1023 regis;
1650 954 1895 1008 similiter
1935 968 1996 1008 se

428 1031 684 1089 Dominus
724 1034 878 1093 Jesus
906 1040 1176 1105 exhibuit;
1210 1058 1332 1098 nam
1359 1031 1606 1113 egressus
1632 1055 1713 1101 est
1742 1046 1807 1100 ad
1841 1060 1937 1099 nos
1965 1060 1994 1098 a

428 1133 715 1192 conspectu
749 1138 984 1195 paternae
1028 1130 1351 1201 majestatis,
1384 1148 1604 1190 carnem
1651 1135 1994 1201 assumendo,

428 1213 797 1285 visibilemque
827 1231 886 1273 se
918 1222 1236 1288 praebendo,
1268 1231 1321 1279 et
1349 1225 1642 1280 collocutus
1685 1235 1767 1281 est
1816 1226 1998 1280 nobis-

428 1317 549 1357 cum
576 1319 838 1376 praecepta
868 1310 926 1363 Rt
947 1313 1028 1380 gis
1057 1314 1274 1381 aeterni;
1308 1315 1492 1385 sicque
1520 1332 1615 1375 nos
1658 1317 1769 1372 suis
1798 1317 1992 1386 praedi-

428 1396 725 1453 cationibus
753 1410 805 1453 et
834 1401 1104 1458 miraculis
1134 1415 1406 1460 correctos
1432 1419 1486 1461 et
1510 1408 1814 1477 castigatos,
1836 1416 1995 1477 atque

428 1501 523 1541 sua
571 1489 672 1545 (ide
721 1493 1103 1559 conﬁrmatos,
1150 1511 1351 1566 suaque
1394 1500 1638 1566 passione
1682 1515 1713 1552 a
1763 1501 1996 1569 peccatis

428 1584 764 1652 emundatos,
799 1588 1090 1642 introduxit
1131 1590 1184 1645 in
1214 1591 1407 1656 aulam,
1439 1594 1491 1646 in
1535 1603 1876 1663 conspectum
1907 1609 1998 1663 pa-

432 1682 597 1728 terna:
624 1677 918 1745 majestatis
939 1721 953 1744 ,
985 1680 1194 1749 quando
1222 1684 1519 1738 ascendens
1556 1685 1622 1740 ad
1649 1686 1816 1740 caelos
1850 1694 1998 1753 pate-

434 1763 557 1819 fecit
598 1769 752 1822 nobis
790 1769 993 1824 aditum
1039 1773 1188 1841 regni
1225 1774 1484 1830 caelestis.
1538 1776 1770 1831 Dicendo
1816 1787 1993 1831 autem

2097 596 2234 649 sicut
2277 595 2450 664 angeli
2484 595 2577 651 Dei
2610 598 2662 649 in
2703 596 2859 650 ctelo.
2914 594 3149 648 Flamma
3190 609 3306 646 veto
3345 595 3465 665 ignis
3496 604 3593 648 sunt

2098 685 2308 753 quando
2339 697 2594 742 terrorem
2621 686 2755 755 ignis
2778 686 3040 754 gehennae
3082 685 3187 736 suis
3215 683 3509 737 auditoribus
3527 686 3600 737 mi-

2099 784 2311 839 nantur,
2340 774 2582 830 dicentes
2612 796 2626 832 :
2652 775 2838 830 Omnis
2867 774 3028 829 atbor
3056 790 3158 827 non
3189 773 3370 827 faciens
3408 773 3596 827 fructum

2098 862 2295 917 bonum
2324 866 2598 921 excidatur
2648 877 2699 919 et
2736 868 2786 919 in
2839 867 3014 937 ignem
3061 866 3309 919 mittetur.
3363 864 3604 919 AdFilium

2097 965 2286 1007 autem.
2319 954 2600 1020 Subaudis,
2625 955 2756 1009 dicit
2781 955 3083 1010 Psalmista.
3110 954 3337 1007 Thronus
3364 964 3467 1007 tuus
3495 955 3604 1008 Dem

2098 1044 2150 1101 in
2179 1044 2419 1098 sarculum
2455 1046 2634 1102 seculi
2664 1061 2683 1099 :
2706 1047 2847 1115 virga
2885 1047 3160 1114 a-quitatis,
3191 1046 3323 1115 rirga
3364 1046 3490 1116 regni
3531 1048 3605 1098 tui.

2099 1133 2310 1188 Intuere
2338 1136 2604 1202 quomodo
2645 1146 2844 1194 etcum
2893 1145 3087 1204 quanta
3133 1134 3365 1189 claritate
3394 1136 3608 1188 discernit

2097 1232 2394 1278 creaturam
2427 1224 2720 1291 angelicam
2766 1240 2796 1277 a
2845 1224 3008 1288 Filio,
3074 1226 3161 1292 qui
3207 1234 3383 1278 cuncta
3426 1225 3609 1279 creavit.

2099 1312 2343 1368 Thronus
2366 1315 2592 1388 (θρόνος)
2624 1314 2831 1379 Οτςεεε,
2862 1314 3050 1369 Latine
3074 1314 3262 1368 dicitur
3305 1315 3447 1370 sedes
3470 1314 3613 1387 regia,

2098 1404 2235 1458 sicut
2274 1414 2326 1459 et
2353 1406 2568 1460 solium.
2602 1404 2704 1459 Per
2737 1406 2982 1459 thronum
3009 1413 3183 1460 autem
3223 1420 3323 1460 uno
3359 1406 3503 1459 modo
3524 1419 3616 1474 pos-

2099 1484 2284 1551 sumus
2331 1497 2631 1568 intelligere
2677 1513 2902 1566 regnum
2950 1515 2962 1550 :
3010 1513 3105 1567 per
3146 1508 3397 1563 sceptrum
3442 1507 3617 1562 autem,

2099 1587 2238 1657 quod
2283 1596 2366 1643 est
2408 1588 2558 1656 virga
2604 1604 2797 1654 aurea,
2845 1599 3083 1659 potestas
3116 1588 3431 1659 'intell‘gitur
3475 1589 3617 1655 regni.

2104 1678 2239 1741 Dicit
2258 1693 2388 1749 ergo
2402 1678 2711 1744 Psalmista,
2740 1682 2958 1748 loquens
2980 1680 3045 1735 ad
3072 1680 3259 1735 Filium
3283 1680 3371 1733 Dei
3395 1680 3465 1733 :0
3486 1679 3618 1743 Deus,

2100 1756 2321 1839 regnum
2348 1780 2515 1837 tuttm,
2543 1780 2598 1826 et
2628 1782 2859 1840 potestas
2887 1772 3096 1841 imperii
3123 1772 3197 1826 tui
3225 1772 3275 1825 in
3297 1773 3524 1824 sarculum
3543 1784 3622 1822 sa:-

433 1855 785 1910 introductum
814 1874 932 1913 eum
962 1859 1013 1912 in
1037 1861 1218 1916 orbem
1251 1872 1428 1927 terras,
1451 1864 1551 1918 hoc
1571 1865 1852 1934 significat,
1876 1879 1995 1919 cum
2028 1853 2077 1914 Β
2102 1862 2207 1915 culi
2236 1862 2488 1917 manebit.
2520 1862 2648 1917 Tale
2695 1862 2818 1930 quid
2863 1863 3075 1917 Gabriel
3109 1862 3240 1915 dicit
3284 1861 3357 1945 ad.
3395 1860 3583 1915 Mariam
3609 1876 3620 1910 :

432 1944 479 1995 ei
512 1947 806 2001 committat
832 1948 1015 2004 orbem
1050 1959 1228 2017 terrm,
1277 1954 1581 2011 manifestat
1626 1954 1772 2009 illum
1822 1956 1999 2009 Domi-

435 2049 559 2091 num
588 2050 707 2091 esse
736 2038 896 2092 totius
944 2042 1163 2095 mundi:
1198 2043 1347 2103 Tune
1394 2044 1536 2099 enim
1572 2044 1864 2113 possidebit
1906 2060 1997 2099 or-

434 2125 575 2190 hem,
608 2141 726 2181 cum
754 2127 821 2181 ab
850 2130 1115 2186 universis
1152 2134 1255 2186 erit
1294 2138 1509 2203 agnitus
1536 2136 1789 2193 Dominus
1839 2137 1999 2192 totius

430 2213 597 2273 urbis.
638 2216 751 2269 lloc
773 2227 949 2272 autem
982 2236 1085 2275 non
1136 2223 1203 2275 de
1245 2224 1536 2278 substantia
1566 2225 1755 2291 Verbi,
1798 2227 1891 2281 sed
1932 2228 1999 2281 de

432 2307 663 2364 essentia
693 2306 928 2364 hominis
958 2310 1140 2381 accipe
1162 2313 1388 2368 dictum.
1421 2317 1678 2386 Quodque
1720 2319 1997 2386 sequitur:

435 2394 498 2451 Et
525 2395 748 2451 adorent
775 2412 895 2453 eum
925 2414 1114 2457 omnes
1139 2404 1312 2474 angeli
1346 2405 1468 2470 Dei,
1502 2408 1607 2464 tale
1638 2418 1719 2463 est
1744 2423 1805 2462 ac
1845 2410 1888 2463 si
1919 2409 2001 2465 di-

431 2494 612 2542 Cerct:
645 2489 843 2546 Omnes
869 2494 1043 2563 angeli
1074 2497 1207 2561 mei,
1238 2508 1292 2552 et
1332 2497 1473 2552 illius
1503 2516 1516 2550 :
1560 2499 1681 2570 quia
1714 2516 1808 2567 per
1851 2500 1999 2555 illum

433 2586 558 2635 sunt
579 2576 725 2634 facti.
757 2580 907 2636 Tunc
931 2587 1443 2652 ergaadoraverunt
1467 2604 1607 2652 eum,
1629 2592 1841 2659 quando
1865 2592 2000 2645 nati-

434 2665 649 2721 vitatem
693 2669 834 2725 illius
875 2675 1355 2748 annuntiaverunt,
1402 2689 1456 2734 et
1481 2681 1691 2750 quando
1736 2683 1832 2736 illo
1881 2697 2002 2738 esu-

435 2757 607 2817 riente
637 2773 981 2823 accesserunt
1021 2774 1076 2820 et
1097 2767 1467 2826 ministrabant
1498 2774 1547 2827 ei
1580 2789 1594 2826 :
1644 2773 1760 2829 sive
1790 2776 2002 2843 quando

433 2848 735 2915 Sepulcrum
803 2852 920 2923 ejus
982 2859 1351 2916 custodierunt
1407 2878 1421 2915 :
1497 2862 1733 2930 quotidie
1792 2879 2003 2933 quoque

432 2939 655 2995 adorant
697 2957 851 3010 eum,
883 2947 1004 3015 quia
1038 2949 1226 3005 visioni
1262 2949 1406 3006 illius
1453 2955 1843 3022 obtemperant.
1896 2956 2001 3011 Sed

436 3032 671 3100 nunquid
710 3034 837 3099 sol.s
877 3039 1078 3107 angelis
1119 3045 1372 3112 praecepit
1414 3042 1558 3098 Deus
1600 3045 1753 3100 Pater
1781 3047 2004 3102 adorare

436 3122 621 3180 illum?
674 3124 828 3190 Non,
884 3144 1010 3196 quin
1069 3132 1245 3199 petius
1293 3133 1441 3188 omni
1488 3145 1764 3189 creaturar.
1824 3134 1887 3190 Et
1935 3137 2003 3189 ad

2104 1953 2219 2020 Ipse
2246 1954 2492 2023 regnabit
2539 1954 2589 2007 in
2619 1953 2778 2007 domo
2806 1953 2970 2007 Jacuh
3003 1954 3051 2006 in
3102 1961 3379 2015 aeternum,
3432 1959 3479 2004 et
3502 1950 3624 2017 regni

2101 2042 2216 2111 ejns
2248 2060 2351 2097 non
2380 2044 2481 2097 erit
2509 2043 2651 2097 finis.
2689 2044 2829 2096 lstnd
2861 2053 2942 2098 est
2986 2058 3206 2111 regnum
3256 2045 3318 2095 de
3365 2056 3461 2110 quo
3491 2041 3625 2092 nube

2102 2132 2468 2188 acclam’abant
2500 2151 2512 2187 :
2546 2135 2924 2198 Benedictum,
2955 2133 3093 2203 quod
3126 2133 3292 2199 venit,
3320 2148 3520 2200 regnum
3547 2131 3626 2185 Pa-

2104 2227 2200 2287 tris
2230 2225 2411 2292 David,
2432 2225 2498 2279 de
2524 2240 2625 2292 quo
2644 2226 2756 2293 ipse
2778 2225 3035 2279 Dominus
3057 2223 3124 2278 ad
3153 2224 3404 2277 Pilatum:
3427 2223 3627 2290 Regnum

2103 2330 2278 2369 meum
2308 2330 2412 2370 non
2436 2324 2513 2369 est
2538 2314 2603 2369 de
2632 2314 2730 2368 hoc
2760 2314 2978 2369 mundo.
3012 2314 3217 2368 Aliter:
3245 2313 3498 2367 Thronum
3514 2313 3627 2363 sicut

2102 2405 2283 2459 sedem
2320 2404 2669 2474 judicantium
2720 2419 2822 2458 non
2858 2408 3155 2473 incongrue
3186 2417 3458 2474 possumus
3493 2401 3625 2455 intel-

2104 2492 2268 2561 ligere
2314 2494 2603 2563 judicium,
2646 2495 2787 2564 quod
2837 2495 3075 2565 procedit
3124 2511 3159 2550 a
3199 2496 3342 2551 sede.
3391 2494 3517 2548 lstud
3563 2500 3630 2547 est

2100 2583 2389 2654 judicium,
2417 2585 2485 2641 de
2527 2601 2632 2656 quo
2676 2586 2837 2645 Filius
2888 2587 3122 2641 hominis
3173 2587 3330 2641 dicit:
3368 2585 3529 2640 Pater.
3547 2598 3629 2636 non

2099 2675 2301 2745 judicat
2344 2693 2694 2748 quemquam,
2743 2678 2837 2733 sed
2879 2694 3038 2734 omne
3082 2679 3345 2748 judicium
3384 2676 3523 2732 "dedit
3559 2675 3629 2729 Fi-

2104 2765 2205 2829 lio;
2252 2774 2307 2821 et
2352 2766 2419 2822 de
2473 2783 2577 2836 quo
2622 2768 2901 2822 Psalmista
2956 2767 3134 2822 dicit:
3200 2769 3368 2833 Deus,
3418 2766 3634 2836 judicium

2107 2861 2254 2911 tuum
2298 2857 2409 2931 rcgi
2456 2857 2554 2921 da,
2602 2866 2656 2911 et
2680 2857 2939 2926 justitiam
2972 2868 3117 2912 tuam
3158 2860 3267 2913 ﬁlio
3311 2858 3471 2928 regis,
3503 2858 3545 2911 id
3571 2861 3638 2909 cst

2104 2942 2335 3007 Christo.
2379 2947 2624 3003 'l‘lironus
2661 2962 2789 3018 ergo
2822 2948 2913 3002 Dei
2943 2950 2997 3006 in
3046 2950 3308 3005 saeculum
3340 2948 3506 3003 seculi
3548 2960 3638 3001 nta-

2105 3036 2281 3111 nehit,
2310 3038 2431 3108 quia
2475 3038 2729 3107 judicium
2778 3041 3132 3095 novissimum
3160 3083 3174 3106 ,
3225 3040 3361 3109 quod
3387 3040 3520 3094 dabit
3546 3039 3639 3091 ele-

2106 3125 2226 3192 ctis,
2250 3127 2436 3181 dicens
2465 3144 2477 3180 :
2513 3127 2719 3196 Venite,
2752 3128 3017 3183 benediCti
3045 3128 3228 3184 Patris
3256 3131 3374 3184 mei.
3405 3130 3465 3183 Et
3488 3139 3642 3194 περιθο-

435 3215 640 3282 angelos
690 3218 895 3285 quidem
940 3221 1108 3277 dicit:
1157 3222 1258 3288 Qui
1297 3226 1421 3291 facit
1456 3228 1663 3297 angelos
1698 3242 1815 3281 suos
1853 3229 2001 3298 spiri-

2111 3216 2232 3272 bis:
2287 3220 2364 3274 lto
2417 3219 2469 3273 in
2516 3220 2689 3290 ignem
2742 3230 3046 3275 attcrnttm:
3105 3234 3312 3277 aeterna
3368 3222 3507 3275 diser.
3530 3220 3647 3271 tione

438 3321 550 3373 ius,
584 3316 632 3360 et
688 3309 944 3363 ministros
981 3328 1099 3366 suos
1144 3316 1408 3383 ﬂammam
1446 3317 1599 3385 ignis.
1648 3316 1797 3384 Quod
1844 3318 2004 3383 dicit,

437 3407 491 3481 ut
517 3397 582 3452 ad
631 3402 847 3468 ange‘os
889 3404 1101 3472 quidem
1146 3407 1276 3461 dicit
1323 3409 1459 3464 Deus
1498 3409 1686 3476 Pater,
1737 3411 1816 3466 vel
1860 3410 2008 3466 Serio

442 3496 591 3550 ptnra
644 3488 867 3555 divina:
922 3493 1028 3549 tale
1069 3503 1154 3550 est
1196 3511 1259 3556 ac
1305 3499 1350 3552 si
1385 3500 1616 3567 diceret,
1664 3503 1732 3557 de
1782 3502 2000 3571 angelis,

441 3579 531 3642 ad,
561 3594 762 3647 ponens
792 3598 887 3652 pro
914 3586 1006 3650 de;
1037 3603 1142 3641 non
1172 3588 1315 3645 enim
1362 3600 1537 3646 servat
1588 3594 1875 3663 Apostolus
1916 3609 1969 3649 ο.

443 3668 622 3737 clincm
657 3671 768 3740 sive
805 3689 1022 3737 sensum
1056 3679 1522 3748 prznpositionum;
1572 3693 1624 3737 et
1667 3692 1748 3737 est
1775 3699 1992 3739 sensus.

447 3758 591 3825 Ipse,
618 3777 775 3830 quem
828 3768 1210 3835 praecipiuntur
1248 3773 1422 3840 angeli
1470 3774 1728 3841 adorare;
1769 3776 1836 3831 de
1878 3778 2008 3846 ipsis

440 3848 553 3902 suis
573 3851 849 3919 spiritibus
871 3857 1289 3929 quotiescunque
1312 3852 1443 3928 vnit,
1489 3864 1612 3918 facit
1638 3867 1885 3936 angelos;
1911 3869 2009 3921 mi-

441 3940 637 4001 nistros
665 3944 824 3999 etiam
855 3947 978 4003 facit
1007 3948 1273 4006 ﬂammant
1307 3952 1471 4023 ignis;
1505 3956 1628 4024 quia
1658 3957 1746 4027 qui
1780 3957 1834 4011 in
1876 3973 2009 4013 con-

443 4040 630 4098 spectu
689 4034 830 4089 illius
873 4039 1162 4107 assistunt,
1213 4043 1266 4097 in
1312 4058 1496 4099 amore
1536 4060 1633 4101 suo
1662 4047 2011 4102 incendentes

444 4129 501 4174 et
530 4123 922 4183 inliammantes
948 4132 1123 4186 reddit
1157 4150 1171 4188 :
1200 4134 1349 4202 juxta
1381 4138 1519 4205 quod
1548 4137 1675 4191 alibi
1700 4138 1921 4193 dicitur:
1952 4139 2008 4192 In

439 4228 599 4280 quem
628 4214 936 4287 desiderant
960 4222 1132 4292 angeli
1160 4226 1485 4293 prospicere.
1515 4226 1647 4282 Nam
1666 4230 1806 4299 quod
1836 4229 2005 4283 dixit:

2110 3308 2272 3362 stabit
2294 3310 2429 3363 inter
2458 3318 2730 3379 utrosque,
2763 3319 2990 3365 testante
3021 3311 3319 3383 Evangelio
3348 3322 3399 3366 et
3431 3311 3565 3365 dicen
3589 3324 3645 3360 c:

2110 3396 2258 3451 Tunc
2288 3398 2436 3453 ibttnt
2467 3398 2519 3452 hi
2552 3400 2603 3453 in
2645 3401 2961 3471 supplicium
3004 3410 3312 3468 aeternum;
3346 3403 3467 3470 justi
3496 3408 3646 3453 autem

2111 3486 2165 3541 in
2184 3487 2341 3541 vitam
2358 3500 2631 3543 mternam.
2650 3491 2905 3558 Quodque
2922 3492 3196 3561 sequitur:
3227 3493 3375 3563 Virga
3392 3491 3645 3560 :cqttilalts.

2111 3577 2253 3648 virga
2296 3582 2442 3648 regni
2477 3581 2575 3635 tui.
2625 3581 2727 3635 Per
2777 3584 2979 3651 virgam
3021 3585 3296 3653 aequitatis
3322 3625 3338 3651 ,
3380 3581 3653 3650 intelligitur

2113 3670 2379 3731 rectitude
2408 3671 2722 3738 sementim,
2761 3681 2815 3727 et
2836 3673 3021 3742 judicii
3069 3676 3246 3741 illius,
3297 3675 3408 3730 sive
3449 3678 3651 3742 potestas

2110 3757 2259 3828 regni
2302 3761 2446 3828 justa
2506 3777 2518 3813 :
2563 3776 2686 3830 qua:
2730 3762 2877 3833 virga
2936 3762 3075 3834 regit
3115 3766 3294 3835 justus
3338 3764 3561 3835 justitia,
3610 3766 3655 3812 et

2112 3854 2341 3931 percutit
2370 3852 2563 3923 impios
2610 3854 2756 3926 juste
2798 3866 2852 3913 et
2881 3866 3049 3923 recte,
3080 3862 3200 3916 sine
3228 3862 3403 3929 aliqua
3429 3869 3651 3926 persona-

2112 3961 2231 4000 rum
2259 3946 2570 4016 accepxione
2600 3957 2821 4005 cunctos
2867 3951 3179 4020 gubernans
3210 3964 3263 4007 et
3295 3953 3545 4021 judicans.
3583 3948 3657 4001 Di-

2112 4038 2279 4091 Icaisti
2296 4040 2553 4110 justitiam
2571 4082 2585 4107 ,
2609 4051 2655 4095 et
2685 4044 2837 4097 odisti
2876 4045 3216 4113 iniquitatem.
3247 4045 3352 4101 Ista
3376 4046 3510 4113 virga
3537 4048 3657 4097 recta

2112 4128 2255 4196 facit,
2288 4138 2341 4183 et
2372 4141 2428 4184 ut
2448 4130 2693 4201 diligatur
2719 4133 2950 4203 justitia,
2982 4145 3037 4191 et
3060 4136 3190 4191 odio
3213 4137 3473 4191 habeatur
3497 4132 3661 4201 iniqui-

2114 4226 2195 4270 tas
2228 4235 2240 4269 :
2276 4233 2433 4273 nemo
2474 4221 2615 4276 enim
2649 4223 2881 4290 perfecte
2925 4236 3104 4294 potest
3149 4227 3374 4295 diligere
3395 4226 3660 4295 justitiam.

444 4300 544 4365 Qui
591 4300 716 4356 facit
755 4307 974 4376 angelos
1021 4324 1148 4363 suos
1191 4313 1433 4385 spiritus,
1456 4328 1785 4385 praepostero
1824 4320 2011 4375 ordine

446 4392 699 4458 protulit;
725 4396 984 4453 debuerat
1006 4400 1147 4464 enim
1174 4401 1353 4458 dicere
1381 4421 1393 4455 :
1427 4406 1527 4469 Qui
1557 4406 1677 4461 facit
1706 4422 1831 4474 suos
1854 4408 2001 4481 spiri-

2114 4408 2169 4471 et
2210 4401 2393 4473 ἀνομία
2442 4402 2780 4468 nominatur,
2835 4404 3154 4475 intelligitur
3202 4404 3456 4474 quidquid
3500 4407 3660 4454 contra

448 4492 534 4535 tus
565 4485 806 4551 angelos.
839 4489 1124 4546 sciendum
1156 4502 1333 4549 aurem
1372 4497 1513 4565 quod
1555 4500 1774 4568 angelus
1815 4516 2009 4557 nomen
2035 4561 2079 4568 _
2115 4487 2286 4556 legem
2312 4491 2545 4544 divinam
2578 4490 2634 4545 tit
2677 4492 2954 4547 :veritatis
2983 4497 3187 4550 etenim
3217 4511 3373 4550 amor
3400 4494 3567 4549 odium
3593 4499 3664 4545 est

446 4577 532 4622 ρει
556 4570 740 4639 ofﬁcii,
771 4590 875 4635 non
904 4587 1137 4647 naturae;
1167 4586 1254 4652 qui
1278 4561 1490 4654 semper
1511 4561 1867 4655 suntluidem
1894 4592 2001 4661 spi-

2116 4577 2381 4649 l'alsitatis.
2408 4581 2473 4635 Et
2498 4582 2618 4650 quia
2644 4580 2898 4644 Dominus
2918 4584 3105 4639 dilexlt
3128 4586 3421 4655 justitiam,
3444 4584 3558 4652 quia
3579 4595 3666 4634 non

2114 4306 2216 4361 nisi
2241 4308 2365 4362 odio
2393 4309 2630 4365 habuerit
2662 4313 3019 4382 iniquitatem.
3048 4315 3313 4385 lniquitas
3336 4325 3535 4382 autem,
3562 4326 3663 4381 qua:

443 4662 599 4728 ritus,
633 4664 727 4719 sed
758 4680 1087 4739 nequaquam
1118 4687 1332 4743 semper
1371 4689 1632 4733 vocantur
1675 4684 1873 4750 angeli,
1905 4684 2007 4739 nisi

442 4752 658 4819 quando
679 4756 964 4829 mittuntur
995 4778 1009 4814 :
1040 4765 1260 4835 angelus
1284 4768 1301 4836 (
1325 4764 1533 4841 ἄγγελος
1555 4768 1575 4839 )
1600 4772 1797 4825 etenim
1824 4771 2011 4830 Grteco

443 4843 708 4900 vocabulo
748 4848 937 4906 Latine
980 4851 1175 4911 dicitur
1202 4859 1453 4922 nuntius;
1483 4858 1526 4911 si
1571 4860 1767 4927 qumris
1815 4876 2007 4917 nomen

444 4943 670 5003 natura),
702 4938 921 5007 spiritus
947 4953 1028 4996 εει
1062 4960 1075 4996 :
1106 4958 1170 4999 ex
1199 4960 1264 5000 eo
1292 4948 1429 5015 quod
1472 4949 1721 5015 mittitur,
1743 4951 1963 5021 angelus
1990 4970 2006 5007 ε

449 5024 599 5076 verbi
625 5031 821 5095 gratia,
852 5031 989 5086 sicut
1033 5032 1193 5088 homo
1232 5050 1426 5099 nomen
1471 5047 1553 5093 est
1600 5049 1830 5105 natura);
1858 5043 2011 5097 miles

443 5125 627 5167 autem
656 5131 850 5173 nomen
871 5130 954 5175 est
974 5122 1157 5178 officii.
1185 5126 1383 5181 Dicitur
1403 5129 1577 5182 etalio
1597 5129 1757 5186 modo
1782 5149 1795 5184 :
1827 5132 1895 5186 Et
1912 5134 2011 5187 mi-

446 5205 602 5260 nistri
633 5212 1012 5279 omnipotentis
1042 5213 1134 5270 Dei
1181 5227 1303 5272 sunt
1349 5222 1656 5279 sacerdotes
1706 5232 1760 5278 et
1801 5226 2008 5295 praelati

447 5297 911 5370 Ecele~ia:;juxta
938 5306 1075 5372 quod
1104 5307 1390 5379 llalachias
1438 5312 1617 5369 dixit:
1651 5314 1812 5369 Labia
1842 5330 2012 5371 sacer-

443 5398 584 5445 tlttlS
634 5384 939 5449 cuStodiunt
984 5397 1299 5464 scientiam,
1330 5409 1383 5455 et
1409 5402 1577 5473 legem
1623 5406 1901 5474 requirunt
1944 5422 2010 5460 ex

443 5501 537 5539 ore
566 5486 715 5554 ejus;
748 5489 867 5557 quia
898 5490 1120 5558 angelus
1157 5492 1364 5548 Domini
1396 5499 1727 5553 exercituum
1773 5511 1876 5554 est.
1907 5500 2008 5557 Sa-

443 5575 692 5633 cerdotes
732 5593 857 5648 ergo
900 5580 1157 5635 Ecclesia:
1184 5582 1356 5651 angeli
1396 5596 1551 5654 sunt,
1583 5589 1795 5656 quando
1823 5591 2009 5658 gaudia

446 5667 634 5744 patria:
662 5669 898 5725 caelestis
927 5672 1037 5726 suis
1078 5674 1411 5730 auditoribus
1462 5681 1798 5744 annuntiant,
1832 5682 2014 5735 dicen-

449 5742 533 5835 i‘cs
558 5772 570 5809 ε
595 5754 961 5815 Paenitentiam
984 5763 1141 5832 agite,
1169 5766 1609 5837 appropinquavit
1631 5770 1768 5823 enim
1786 5742 2010 5840 regnum

2117 4669 2387 4737 peccavit,
2436 4677 2490 4725 et
2526 4669 2650 4724 odio
2679 4670 2863 4725 habuit
2890 4674 3230 4743 iniquitatem
3254 4716 3268 4739 ,
3320 4690 3391 4744 qu
3416 4674 3447 4728 d
3489 4671 3668 4741 primus

2117 4759 2311 4812 meruit
2334 4761 2605 4828 percipere
2635 4761 2872 4827 esponit,
2905 4762 3086 4817 dicens
3119 4782 3133 4817 :
3171 4760 3452 4834 Propterea
3481 4761 3608 4814 ωιλὶι
3629 4767 3669 4809 ιε

2120 4844 2256 4898 Deus
2281 4884 2296 4909 ,
2336 4845 2473 4899 Deus
2512 4856 2656 4912 tuus,
2690 4850 2798 4901 oleo
2828 4850 3018 4904 Ia’tilia:
3066 4867 3176 4916 pra:
3212 4850 3525 4904 consortibus
3560 4846 3666 4898 tuis.

2115 4932 2395 4990 Psalmista
2426 4938 2713 5007 alloquitur
2756 4939 2947 4995 Filium
2981 4942 3108 5005 Dei,
3162 4951 3219 4996 et
3252 4942 3420 4995 dicit:
3447 4941 3489 4995 0
3520 4938 3666 4998 Deus.

2117 5027 2267 5079 unxit
2304 5035 2353 5079 te
2391 5027 2546 5093 Deus,
2585 5029 2721 5089 Deus
2757 5039 2872 5085 tuus
2905 5031 3077 5097 Pater,
3123 5033 3250 5087 oleo
3295 5028 3665 5092 exsultationis,

2116 5124 2396 5182 propterea
2422 5118 2545 5184 quia
2575 5119 2699 5172 odio
2731 5106 2959 5174 habuisti
2991 5123 3358 5192 iniquitatem,
3387 5133 3435 5187 et
3459 5117 3667 5174 dilexisti

2107 5200 2390 5271 justitiam.
2434 5206 2545 5260 Non
2588 5222 2716 5277 ergo
2758 5210 3162 5280 intelligendum
3205 5213 3349 5281 quod
3394 5210 3551 5265 Filius
3589 5204 3668 5260 Dei

2114 5305 2405 5359 secundum
2450 5316 2697 5363 naturam
2722 5307 3048 5378 divinitatis,
3101 5312 3157 5364 in
3194 5327 3300 5380 qua
3345 5311 3557 5382 aequalis
3599 5315 3669 5358 cst

2116 5406 2294 5473 Patri,
2349 5412 2517 5477 possit
2562 5408 2727 5464 Deum
2772 5409 2972 5469 habere
3015 5428 3027 5463 :
3068 5412 3195 5479 quia
3226 5413 3342 5482 ipse
3370 5424 3488 5466 cum
3534 5409 3670 5463 Patre

2115 5513 2274 5552 verus
2302 5508 2382 5553 est
2430 5498 2589 5552 Deus.
2638 5501 2945 5555 Secundum
2982 5512 3160 5554 autem
3198 5504 3341 5570 quod
3375 5504 3531 5555 homo
3566 5506 3666 5561 est,

2123 5588 2286 5642 Deum
2313 5589 2523 5644 Patrem
2550 5590 2709 5651 habet
2741 5609 2754 5643 :
2781 5593 2901 5658 quia
2932 5593 2998 5645 ab
3035 5592 3127 5645 illo
3157 5593 3336 5646 factus
3362 5590 3478 5644 e’st;
3522 5598 3671 5655 eoque

2120 5680 2249 5734 dicit
2299 5680 2570 5735 Psalmista
2606 5700 2619 5737 :
2658 5683 2813 5736 Unxit
2857 5691 2907 5737 te
2941 5685 3108 5747 Dens,
3144 5684 3287 5737 Dens
3312 5694 3448 5737 tuus.
3495 5683 3672 5736 Unctus

2124 5779 2221 5838 cst,
2254 5786 2359 5825 non
2388 5772 2503 5825 oleo
2528 5772 2741 5842 visibili,
2768 5774 2859 5829 sed
2889 5763 3226 5843 pli‘nitaitline
3254 5776 3481 5844 Spiritus
3502 5767 3669 5829 sancti.

3434 5982 3453 6011 κ
