3910 6174
334 367 434 423 693

1176 373 1240 425 1N
1282 373 1655 427 Et‘tSTOt,.\.\t
1698 369 1784 422 AD
1827 366 2160 425 litauit:th
2202 373 2711 429 cmmemtma,

3462 379 3559 433 693

328 488 416 553 qui
444 504 471 538 τι
519 484 605 541 die
637 487 967 557 baptismatis
1002 488 1052 542 in
1088 491 1264 556 sttecie
1287 491 1543 543 columbm
1584 503 1741 557 super
1768 503 1887 542 eum
1920 493 1960 545 Α
1994 502 2215 555 qumque
2246 489 2354 542 vult
2383 499 2631 556 operatur
2664 508 2674 543 :
2701 491 2845 557 juxta
2869 493 3003 559 quod
3036 493 3265 559 psalmus
3295 491 3365 547 ait
3402 512 3413 544 :
3447 494 3561 561 Ipse

328 579 593 644 requievit
627 596 639 630 :
683 594 778 633 nec
816 586 881 635 ex
908 588 1147 648 tempore
1186 582 1518 650 baptismatis
1558 579 1890 635 solummodo

329 666 854 737 plenitudoﬁpiritus
884 671 1051 726 sancti
1080 672 1132 725 in
1166 687 1229 726 eo
1260 674 1469 734 mansit,
1504 673 1596 726 sed
1627 672 1799 740 potius
1826 686 1889 724 ex

338 768 579 828 tempore
608 760 969 829 conceptionis
1004 780 1015 815 :
1050 763 1202 832 juxta
1245 764 1384 831 quod
1431 764 1593 818 Isaias
1639 770 1889 831 testatur,

327 850 511 905 dicens
540 869 553 904 :
588 853 891 920 chuiescit
912 854 1073 922 super
1093 868 1212 908 eum
1242 854 1471 922 Spiritus
1498 854 1704 919 Domini
1728 894 1742 920 ,
1774 852 1892 919 Spi-

326 943 466 995 ritus
488 942 766 1009 sapientiai
795 953 846 996 et
870 944 1191 1010 intellectus,
1225 954 1330 998 etc.
1358 943 1486 998 Oleo
1507 952 1682 997 autem
1715 942 1893 997 exsul-

330 1030 548 1083 t::tionis
573 1043 668 1084 seu
698 1031 893 1084 laetitia:
918 1031 1044 1086 dicit
1064 1032 1210 1085 illum
1237 1042 1473 1095 unctum,
1499 1034 1618 1101 quia
1649 1032 1894 1086 Christus

329 1133 602 1187 nunquam
666 1123 934 1188 peccavit,
992 1137 1257 1191 nunquam
1302 1123 1565 1176 tristitiam
1602 1121 1782 1176 habuit
1826 1137 1891 1176 ex

326 1207 704 1264 recordatione
729 1212 952 1278 peccati.
973 1212 1106 1279 Quid
1129 1225 1207 1268 cst
1228 1216 1368 1273 enim
1387 1216 1505 1270 oleo
1525 1217 1723 1272 lattitize
1743 1217 1889 1286 ungi,

325 1297 429 1349 nisi
455 1299 713 1352 maculam
739 1316 844 1355 non
875 1301 1070 1357 habere
1091 1306 1326 1372 peccati?
1362 1307 1675 1362 Sanctorum
1698 1309 1893 1363 etenim

322 1389 656 1441 conscientia
687 1398 813 1445 tunc
845 1394 1010 1461 magis
1049 1407 1112 1447 ac
1143 1394 1307 1463 magis
1334 1395 1621 1460 hilarescit,
1653 1406 1811 1465 atque
1840 1397 1893 1451 in

322 1478 565 1531 laetitiam
616 1482 944 1550 prorumpit,
975 1483 1188 1551 quando
1219 1484 1357 1538 nulla
1396 1484 1596 1552 peccati
1639 1487 1895 1554 gravioris

323 1569 700 1625 recordatione
748 1572 1058 1626 mordetur:
1092 1572 1320 1640 Spiritus
1346 1575 1603 1642 siquidem
1637 1584 1887 1639 sanctus,

320 1657 415 1726 qui
448 1660 706 1727 requievit
734 1661 784 1714 in
807 1658 1040 1727 Christo,
1065 1663 1344 1716 custodivit
1371 1664 1611 1730 illum,ut
1628 1665 1743 1719 sine
1766 1680 1891 1731 pec-

320 1760 449 1803 cato
478 1751 872 1820 conciperetur,
910 1755 1025 1809 sine
1057 1765 1273 1822 peccato
1322 1765 1648 1820 nasceretur,
1700 1764 1751 1810 et
1777 1754 1894 1810 sine

1996 575 2147 641 dixit,
2181 588 2234 629 et
2258 580 2387 630 facta
2419 588 2568 644 sunt;
2594 579 2880 644 mandavit,
2904 589 2953 633 et
2978 590 3155 635 creata
3186 591 3331 637 sunt.
3361 583 3562 637 Virtute

1996 667 2157 733 igitur
2189 667 2341 721 Verbi
2377 669 2465 721 Dei
2496 671 2686 723 coelum
2713 679 2763 723 et
2788 679 2926 723 terra
2956 671 3275 737 subsistunt;
3308 673 3429 741 quia
3454 674 3558 727 vir—

1997 763 2105 809 tute
2127 756 2379 824 jussionis
2403 759 2516 825 ejus
2546 758 2717 811 omnia
2752 759 2883 812 facta
2914 768 3055 825 sunt,
3088 768 3140 813 ct
3160 762 3273 816 sine
3302 763 3415 830 ipso
3446 763 3558 816 fac-

1998 852 2107 897 tum
2141 856 2216 897 cst
2244 846 2393 898 nihil.
2419 847 2521 900 Sed
2547 862 2664 900 cum
2690 848 2897 916 Moyses
2928 848 2977 909 in
3009 849 3266 916 principio
3290 850 3559 907 Geaeseos

1995 935 2187 988 cmlum
2225 935 2357 988 dixit
2398 936 2624 1003 primum
2660 937 2877 1001 factum,
2908 953 2970 993 ac
2998 938 3191 993 deinde
3225 948 3414 1005 terram
3437 983 3450 1005 ,
3484 944 3561 994 sic

1997 1021 2181 1075 dicens
2228 1040 2242 1075 :
2296 1023 2346 1075 ln
2381 1025 2636 1091 principio
2660 1026 2781 1078 fecit
2810 1027 2945 1079 Deus
2976 1029 3169 1082 coelum
3214 1036 3269 1083 et
3315 1037 3506 1083 terram
3547 1046 3560 1083 :

1998 1113 2219 1180 qumstio
2258 1115 2456 1179 oritur,
2512 1130 2677 1183 quare
2723 1117 2996 1170 Psalmista
3044 1117 3189 1186 ponit
3223 1130 3451 1183 terram,
3500 1133 3563 1172 ac

1999 1202 2189 1256 deinde
2234 1204 2460 1265 cmlum;
2509 1206 2657 1272 quasi
2704 1215 2843 1260 terra
2869 1217 2991 1260 ante
3042 1208 3200 1261 fuerit
3230 1209 3360 1261 facta
3402 1224 3559 1277 quam

1998 1290 2191 1345 uelum
2219 1308 2233 1345 :
2258 1307 2374 1361 qua:
2396 1293 2465 1345 ita
2488 1294 2746 1347 solvitur:
2777 1295 2926 1360 Quod
2951 1296 3038 1349 ille
3062 1297 3331 1363 proposuit
3365 1296 3559 1351 coelum

2001 1392 2174 1450 terra},
2206 1386 2304 1439 iste
2325 1388 2620 1455 supposuit,
2652 1388 2850 1443 idcirco
2881 1392 3072 1444 factum
3103 1399 3203 1455 est,
3225 1401 3284 1445 ut
3312 1393 3562 1445 ostende-

2000 1484 2146 1530 retur
2175 1478 2331 1531 simul
2363 1477 2465 1531 duo
2494 1478 2625 1532 facta
2649 1493 2766 1533 esse
2792 1498 2804 1532 :
2834 1480 2925 1534 sed
2948 1481 3086 1550 quod
3110 1482 3281 1535 divina
3314 1482 3562 1549 maiestas

1999 1565 2152 1618 simul
2206 1566 2360 1631 fecit,
2394 1569 2620 1621 humana
2652 1584 2749 1623 vox
2779 1569 2933 1623 simul
2978 1572 3213 1638 proferre
3259 1564 3490 1643 nequivit
3542 1589 3555 1623 :

1998 1666 2320 1726 quaprOpter
2349 1672 2567 1713 necesse
2596 1667 2708 1713 erat
2752 1675 2911 1713 unum
2942 1670 3065 1731 ante
3107 1661 3328 1713 alterum
3359 1662 3555 1715 dicere.

1999 1743 2110 1814 Ipsi
2129 1746 2377 1813 peribunt,
2398 1757 2449 1801 tu
2472 1759 2635 1802 autem
2659 1752 2987 1816 permanebis.
3013 1751 3218 1803 l’ositus
3240 1760 3322 1805 est
3341 1751 3423 1804 hic
3443 1752 3557 1818 plu-

319 1840 532 1906 peccati
575 1841 773 1896 macula
798 1842 864 1897 ab
892 1842 991 1898 hoc
1024 1845 1221 1899 mundo
1252 1846 1500 1900 transiret
1534 1862 1546 1897 ί
1574 1845 1721 1915 juxta
1752 1846 1891 1915 quod
1925 1847 1971 1905 Β
2001 1834 2127 1888 ralis
2157 1839 2407 1890 numerus
2430 1851 2525 1905 pro
2554 1838 2826 1904 singulari,
2850 1838 2987 1891 sicut
3008 1838 3186 1892 multis
3208 1838 3326 1891 aliis
3356 1840 3405 1891 in
3432 1839 3560 1892 locis

319 1928 391 1981 de
423 1928 516 1982 illo
543 1930 798 1999 scriptum
842 1940 921 1986 est
953 1949 965 1985 :
998 1933 1277 1988 Peccatum
1326 1949 1431 1989 non
1457 1935 1580 1990 fecit
1615 1954 1626 1989 :
1671 1951 1769 1990 nec
1807 1938 1889 1991 in.

320 2029 517 2073 ventus
541 2028 623 2073 est
651 2021 805 2075 dolus
836 2023 887 2076 in
913 2037 1005 2077 ore
1026 2024 1160 2092 ejus.
1192 2025 1293 2080 Sed
1316 2026 1438 2095 quid
1468 2034 1570 2091 est,
1593 2027 1733 2090 quod
1761 2026 1891 2080 dixit

324 2108 609 2163 Psalmista
641 2110 837 2165 :Unxit
863 2121 915 2167 te
946 2113 1082 2168 Dens
1115 2129 1224 2183 prae
1249 2115 1622 2183 participibus?
1647 2116 1746 2181 Qui
1771 2128 1892 2170 sunt

319 2214 457 2267 ergo
485 2201 599 2270 ejus
625 2204 942 2271 participes?
982 2204 1035 2258 ln
1065 2204 1243 2259 Veteri
1290 2205 1505 2277 quidem
1552 2206 1891 2261 TeStamcnto

319 2288 540 2344 fuerunt
563 2294 879 2360 patriarcha:
901 2296 1182 2363 participes
1202 2294 1398 2350 Christi
1422 2297 1472 2350 in
1491 2295 1587 2351 hac
1608 2299 1855 2351 unctione
1876 2317 1886 2350 :

313 2380 469 2449 juxta
511 2382 647 2451 quod
698 2384 752 2437 in
798 2385 1000 2453 psalmo
1030 2386 1255 2454 legitur,
1300 2387 1509 2442 dicente
1552 2388 1776 2443 Domino
1824 2389 1891 2443 de

317 2470 613 2539 Abraham,
647 2472 787 2527 Isaac
810 2483 862 2529 et
887 2475 1048 2529 Jacoh
1081 2478 1143 2530 ad
1176 2478 1483 2531 Abimeleclt
1516 2488 1569 2531 et
1616 2479 1678 2533 ad
1718 2466 1887 2533 'ca‘teo

320 2577 414 2615 rus
466 2579 617 2634 reges
674 2567 1076 2624 Palmstinorum
1115 2588 1128 2624 :
1178 2571 1354 2626 Nolite
1402 2581 1617 2641 tangere
1665 2572 1891 2624 christos

322 2672 353 2707 ιι
377 2669 493 2709 eos.
528 2656 763 2713 Fuerunt
798 2675 1004 2733 quoque
1025 2676 1178 2732 reges
1206 2662 1510 2718 sacerdotes
1539 2672 1591 2716 et
1618 2663 1890 2733 propheta:

321 2749 611 2817 participes
638 2751 808 2818 illius,
839 2755 962 2824 quia
993 2753 1096 2808 illis
1125 2754 1436 2824 specialiter
1460 2756 1636 2809 unctio
1658 2755 1887 2824 pertine-

316 2839 435 2903 ιλιι,
473 2854 565 2906 per
590 2856 744 2911 quam
776 2842 970 2897 donum
1001 2844 1229 2913 Spiritus
1250 2846 1417 2899 sancti
1443 2844 1781 2899 merebantur
1800 2859 1888 2901 ac-

312 2930 503 2996 cipere
537 2946 551 2983 :
580 2945 702 2986 nam
734 2932 956 3005 legimus
983 2936 1191 2990 Saulcm
1217 2946 1464 3002 unctum,
1490 2946 1541 2989 et
1566 2936 1801 2999 Samuel,
1835 2944 1888 2991 et

319 3019 491 3073 David
517 3038 529 3074 :
553 3021 803 3077 Salomon
829 3040 1036 3093 quoque
1059 3034 1242 3079 unctus
1273 3038 1351 3080 cst
1382 3027 1434 3080 in
1466 3026 1661 3081 Gihon.
1694 3026 1886 3080 Sacer-

311 3112 472 3166 dotes
521 3119 868 3185 ungehantur,
904 3119 1040 3172 sicut
1079 3130 1270 3174 unctus
1300 3128 1382 3175 est
1413 3108 1587 3175 Aaron
1620 3135 1647 3174 a
1680 3121 1880 3190 Moyse,

1996 1925 2187 1979 divina:
2206 1926 2494 1995 Scriptura:
2520 1946 2531 1981 :
2557 1942 2661 1982 non
2680 1929 2820 1984 enim
2844 1928 2910 1984 de
2932 1930 3263 1983 firmamento
3292 1932 3386 1982 hoc
3406 1930 3558 1982 intel-

1994 2015 2258 2085 ligendum
2281 2027 2381 2082 est,
2409 2019 2499 2073 ubi
2520 2019 2694 2073 sidera
2726 2020 3063 2073 continentur
3098 2038 3108 2071 :
3144 2034 3315 2089 neque
3338 2021 3401 2073 de
3424 2014 3560 2074 coelo

1993 2106 2243 2169 aethereo,
2271 2122 2365 2175 per
2384 2108 2524 2177 quod
2546 2123 2732 2163 cursus
2746 2120 2947 2177 septem
2975 2111 3297 2170 planetarum
3314 2122 3555 2178 aguntur;

1991 2193 2085 2247 sed
2115 2192 2182 2247 de
2214 2193 2314 2247 isto
2352 2195 2489 2248 coelo
2518 2210 2676 2250 aereo
2707 2211 2734 2249 a
2764 2212 2867 2265 quo
2896 2207 2947 2251 et
2987 2213 3111 2251 aves
3142 2199 3261 2251 coeli
3285 2199 3551 2262 dicuntur,

1994 2281 2171 2347 potius
2225 2280 2592 2348 accipiendum
2625 2292 2727 2338 est.
2765 2285 2818 2336 ln
2848 2283 2932 2337 die
2970 2299 3094 2351 ergo
3120 2284 3327 2352 judicii,
3366 2286 3555 2349 peribit

1992 2371 2131 2426 ismd
2156 2371 2349 2425 caelum
2378 2386 2589 2427 aereum
2625 2373 2765 2427 unde
2805 2372 3096 2427 anhelitum
3127 2372 3473 2441 attrahimus,
3507 2384 3560 2427 et

1993 2462 2311 2517 remittimus
2342 2479 2354 2514 :
2383 2476 2486 2515 non
2512 2470 2566 2517 ut
2589 2462 2796 2531 penitus
2816 2462 3025 2516 desinat
3046 2477 3163 2517 esse
3185 2477 3210 2514 a
3234 2477 3325 2515 sua
3351 2472 3556 2527 natura,

1993 2554 2084 2604 sed
2117 2536 2399 2605 mutabitur
2430 2551 2497 2606 ab
2528 2554 2625 2608 hac
2655 2555 2833 2621 specie
2861 2553 2911 2607 in
2946 2554 3216 2606 meiiorem
3240 2594 3253 2618 ,
3278 2564 3328 2607 et
3356 2554 3420 2607 ab
3461 2557 3558 2607 hac

1992 2641 2254 2697 densitate
2286 2643 2335 2695 in
2367 2630 2710 2697 subtilitatem
2734 2653 2787 2697 ct
2812 2644 3106 2698 claritatem
3130 2644 3341 2698 mtheris
3372 2661 3384 2696 :
3418 2647 3554 2699 unde

1990 2722 2279 2802 Apostolus
2302 2733 2408 2787 alio
2438 2732 2490 2785 in
2521 2732 2639 2787 loco
2670 2733 2804 2787 dixit
2855 2751 2868 2785 :
2915 2734 3153 2788 Praeterit
3195 2733 3355 2801 llgura
3403 2736 3557 2802 hujus
3624 2796 3635 2809 Ι

1992 2822 2195 2877 mundi.
2228 2822 2285 2876 Si
2315 2822 2479 2891 figura
2504 2822 2758 2891 praeterit,
2800 2822 3358 2879 substantia'manebit
3392 2841 3405 2876 :
3438 2839 3556 2877 nam

1983 2924 2244 2984 quantum
2274 2914 2505 2983 spatium
2536 2914 2814 2983 occupavit
2839 2930 2969 2983 aqua
2994 2923 3233 2986 tempore
3254 2917 3455 2982 diluvii,
3485 2918 3555 2970 ita

1991 3017 2045 3062 ut
2066 3009 2221 3063 altior
2243 3019 2388 3064 esset
2412 3008 2713 3076 quindecim
2738 3007 2932 3062 cubitis
2952 3023 3112 3078 super
3133 3023 3318 3062 omnes
3350 3018 3556 3062 montes

1987 3099 2086 3154 sub
2114 3099 2257 3153 omni
2280 3100 2505 3163 erelo,et
2524 3107 2581 3151 ut
2602 3099 2812 3167 quidam
2840 3098 3037 3162 dicunt,
3056 3099 3362 3167 pertingens
3390 3114 3556 3168 usque

314 3205 536 3265 uit-emt-
567 3180 667 3261 sibi
699 3180 953 3263 Domino:
988 3210 1160 3279 Ungcs
1184 3214 1357 3264 Aaron
1382 3223 1435 3266 et
1461 3212 1595 3265 lilios
1619 3210 1734 3280 ejus
1756 3180 1882 3263 nutu
1910 3194 1955 3255 C
1989 3191 2052 3244 ad
2094 3190 2349 3244 circulum
2382 3189 2519 3280 lunae
2554 3206 2565 3240 =
2598 3180 2799 3280 tantum
2828 3189 3053 3280 spatium
3084 3189 3284 3280 tenebit
3323 3190 3457 3258 isnis
3501 3190 3554 3280 in

315 3294 372 3345 in
404 3294 710 3350 sacerdotes
732 3297 852 3366 jure
897 3310 1169 3369 perpetuo.
1217 3301 1493 3369 PrOpheta:
1544 3302 1886 3355 nihilominus

311 3385 671 3450 ungebantur,
701 3387 834 3441 sicut
858 3398 1044 3443 unctus
1066 3398 1146 3444 est
1170 3389 1374 3445 Eliseus
1390 3392 1455 3444 ab
1483 3392 1619 3459 Elia,
1648 3392 1734 3447 cui
1755 3392 1887 3446 dixit

314 3476 574 3533 Dominus
607 3496 618 3530 :
653 3479 829 3551 Unges
846 3481 1079 3537 Eliseum
1103 3483 1416 3553 prophetam
1449 3499 1543 3553 pro
1568 3494 1636 3540 te.
1669 3484 1755 3539 lsti
1780 3494 1887 3541 tres

311 3570 541 3622 ordines.
567 3570 844 3626 Dominum
869 3574 1296 3645 prteligurabant,
1328 3576 1417 3645 qui
1448 3585 1530 3631 est
1561 3590 1715 3643 terus
1748 3576 1881 3638 Rex.

311 3663 580 3717 Sacerdos
596 3673 751 3734 atque
774 3666 1056 3735 Propheta.
1088 3666 1145 3721 ln
1175 3667 1319 3723 Novo
1341 3676 1517 3723 autem
1545 3667 1887 3723 Testamento

314 3754 605 3823 participes
628 3756 764 3809 illius
792 3766 918 3813 sunt
937 3745 1184 3824 aposoli,
1211 3769 1494 3829 martyres.
1526 3758 1882 3823 cenfessores,

311 3859 613 3914 omnesque
640 3847 728 3915 qui
757 3849 921 3916 gratia
942 3848 1277 3918 baptismatis
1295 3850 1458 3903 abluti
1482 3850 1682 3904 donum
1715 3851 1882 3903 sancti

314 3936 553 4003 Spiritus
594 3950 1019 4009 consequuntur;
1064 3949 1170 3996 eta
1212 3940 1445 4006 Christo,
1487 3942 1780 3996 Christiani
1808 3943 1886 3994 di-

310 4036 530 4081 cuntur.
563 4027 804 4082 Christus
832 4045 961 4101 ergo
990 4045 1099 4100 prae
1129 4031 1372 4087 omnibus
1402 4032 1744 4101 participibus
1776 4032 1886 4085 suis

312 4128 512 4171 unctus
558 4118 676 4173 oleo
708 4119 905 4174 lanitia:
936 4137 949 4174 :
992 4121 1112 4190 quia
1142 4135 1326 4176 omnes
1356 4110 1420 4174 ad
1464 4137 1765 4176 mensuram
1798 4136 1887 4176 ac-

310 4209 518 4277 cipiunt
553 4209 806 4279 Spiritum
842 4223 1116 4280 sanctum;
1161 4213 1494 4282 ipse'autem
1544 4228 1645 4268 non
1690 4216 1877 4282 accipit

309 4300 381 4353 ad
406 4316 735 4369 mensuram,
755 4304 847 4358 sed
868 4319 960 4371 per
977 4305 1384 4373 plenitudinem,
1406 4304 1695 4359 secundum
1723 4304 1881 4359 illud:

312 4391 433 4444 Non
480 4393 621 4446 enim
664 4393 731 4447 ad
781 4409 1085 4449 mensuram
1129 4394 1220 4449 dat
1267 4396 1405 4449 Deus
1452 4394 1607 4449 Pater
1642 4396 1883 4463 spiritum

315 4481 454 4535 Filio
482 4497 606 4547 suo;
637 4486 726 4538 sel
769 4484 819 4537 in
849 4484 963 4553 ipso
995 4484 1195 4538 habitat
1238 4486 1413 4538 omnis
1454 4484 1726 4552 plenitudo
1753 4485 1889 4539 divi-

1988 3281 2073 3335 die
2094 3279 2299 3349 jtldlCll,
2334 3279 2597 3332 comitans
2638 3276 2847 3332 Domini
2877 3277 3163 3332 adventum
3195 3295 3209 3333 :
3236 3278 3381 3347 juxta
3415 3279 3556 3346 quod

1990 3368 2266 3422 Psalmista
2307 3368 2435 3421 dicit
2468 3384 2481 3419 :
2530 3366 2670 3437 Ignis
2710 3376 2832 3421 ante
2871 3369 3041 3436 ipsum
3091 3369 3380 3435 pra'eedet,
3433 3370 3554 3437 quia

1988 3465 2265 3510 consumet
2282 3456 2457 3509 omnia
2482 3457 2656 3509 nubila
2676 3497 2691 3524 ,
2724 3470 3042 3525 omnemque
3059 3457 3375 3512 densitatem
3406 3456 3557 3521 istius

1988 3546 2156 3610 aeris;
2201 3546 2406 3614 eritque
2436 3547 2630 3600 emtum
2661 3562 2874 3611 novum,
2910 3555 2964 3601 et
2995 3556 3134 3601 terra
3165 3563 3320 3601 nova.
3357 3549 3432 3602 De
3463 3550 3561 3602 hac

1990 3635 2355 3688 immutatione
2393 3645 2449 3689 et
2480 3634 2738 3690 Dominus
2766 3637 2820 3689 in
2856 3636 3143 3704 Evangelio
3172 3636 3430 3704 loquitur,
3478 3638 3560 3690 di-

1988 3743 2113 3782 cens
2141 3747 2153 3781 ;
2187 3728 2389 3782 Caelum
2414 3738 2467 3782 et
2498 3740 2633 3783 terra
2662 3729 2959 3782 transibunt
2984 3745 2995 3782 :
3022 3730 3318 3781 transiliunt
3346 3728 3556 3793 quidem

1988 3826 2054 3875 ab
2086 3824 2183 3875 hac
2216 3807 2381 3890 ﬁgura
2412 3833 2466 3875 et
2495 3823 2673 3887 s,ccie
2702 3822 2753 3873 in
2787 3822 2975 3874 melius
3008 3835 3100 3888 per
3128 3820 3434 3873 innovatiou
3472 3834 3555 3884 tn,

1984 3920 2037 3965 et
2064 3910 2465 3979 permanebunt
2496 3896 2563 3963 in’
2587 3910 2893 3963 substantia
2932 3909 3171 3979 propria.
3212 3909 3276 3962 Et
3308 3925 3482 3960 attines
3513 3920 3566 3960 ιςι

1984 4004 2351 4058 vestimentum
2382 4013 2731 4055 veterascertt.
2756 3998 3156 4055 Vestitnentutn
3192 4002 3279 4054 hic
3307 4002 3569 4053 debemus

1988 4095 2238 4164 accipere
2257 4110 2460 4164 corpus
2482 4094 2806 4160 humanum,
2826 4094 2971 4163 quod
2996 4098 3342 4147 consntn‘tur
3376 4095 3572 4160 tangar-

1969 4189 2155 4257 ,ritate
2174 4188 2453 4257 temporis,
2482 4196 2533 4243 et
2550 4188 2736 4242 dolore
2755 4186 3109 4251 inﬁrmitatis,
3135 4202 3197 4239 ac
3216 4187 3479 4257 redigitur
3508 4189 3560 4239 in

1988 4284 2133 4349 pulw
2156 4281 2594 4352 rem:sicutergb
2613 4296 2814 4350 corpus
2832 4281 3137 4337 humanum
3158 4281 3451 4337 veterascit
3470 4286 3559 4349 qui

1989 4369 2107 4423 dem
2140 4379 2194 4422 et
2222 4371 2273 4422 in
2306 4370 2576 4437 pulverem
2618 4370 2902 4439 redigitur,
2933 4369 3025 4423 sed
3059 4370 3109 4422 in
3139 4370 3225 4423 die
3251 4366 3437 4438 judiéii
3470 4383 3563 4436 per

1990 4458 2436 4514 resurrectionem
2461 4460 2795 4513 ἱηηονειὺίίυι·
2822 4476 2836 4525 ;
2868 4460 2939 4513 ita
2962 4459 3101 4513 istud
3130 4463 3320 4513 emtum
3345 4475 3559 4514 aereum

312 4574 496 4627 uitatis
517 4549 885 4643 corporaliter:
911 4574 975 4626 Et
1001 4581 1057 4627 tu
1074 4574 1125 4627 in
1149 4575 1417 4643 principio,
1444 4549 1679 4635 Domine,
1702 4583 1889 4627 terram
1920 4555 1972 4613 Β
1996 4565 2103 4643 Ρτίξθ
2123 4549 2294 4643 vim}?
2325 4549 3079 4643 ξυηξαῖγίιδιοηξιοάδιηιηοάο
3106 4550 3213 4643 iam
3247 4551 3523 4643 Ῠθίσθθθῃ
3549 4594 3561 4615 ν

313 4665 584 4735 fundari,
622 4675 668 4718 et
709 4681 862 4732 opera
904 4681 1145 4717 manuum
1186 4674 1385 4717 tuarum
1420 4673 1536 4717 sunt
1580 4664 1709 4715 coeti.
1761 4662 1889 4716 Post

318 4754 705 4807 humanitatem
734 4754 851 4808 Filii
880 4754 974 4809 Dei
1021 4754 1369 4808 excellentem
1410 4756 1676 4807 convertit
1703 4767 1761 4806 se
1791 4753 1888 4806 ite-

317 4861 440 4898 rum
488 4844 556 4897 ad
596 4844 946 4899 mzernitatem
989 4844 1281 4898 divinitatis
1310 4844 1457 4912 ejus,
1506 4843 1687 4898 dicens
1742 4859 1753 4894 :
1807 4842 1886 4895 'l‘u

316 4934 559 5003 (inquit),
620 4936 874 5000 Dom'ne,
910 4936 960 4987 in
995 4934 1254 5003 principio
1285 4945 1646 4988 creaturarum
1691 4942 1885 4987 terram

322 5023 575 5078 fundasti.
606 5024 704 5079 Ubi
730 5022 969 5079 fundavit
988 5026 1213 5079 terram?
1241 5025 1285 5077 si
1315 5035 1458 5078 recte
1490 5022 1882 5093 perpendimus,

323 5115 621 5170 videbimus
648 5133 713 5183 qu
737 5131 767 5169 a
810 5128 937 5170 nutu
965 5127 1015 5171 et
1047 5116 1393 5184 dispositione
1420 5117 1592 5170 divina
1622 5116 1882 5181 subsistit,

320 5206 538 5260 fundata
566 5222 728 5275 super
759 5208 887 5260 nihil
916 5209 1011 5260 nisi
1039 5208 1090 5261 in
1115 5211 1419 5277 semetipsa.
1448 5210 1509 5262 Et
1538 5209 1675 5277 quod
1708 5208 1838 5260 dixit
1873 5208 1903 5260 :’

320 5301 493 5369 Opera
520 5315 767 5352 manuum
796 5309 1002 5352 tuazum
1024 5302 1306 5367 suntcreli,
1344 5316 1446 5355 non
1479 5311 1561 5355 est
1603 5300 1887 5369 putandum

322 5394 463 5458 quod
497 5391 723 5447 Verbum
754 5392 844 5446 Dei
870 5393 1058 5459 Patris,
1091 5394 1227 5461 quod
1259 5393 1628 5461 incorporeum
1653 5402 1753 5457 est,
1784 5408 1891 5444 ma-

325 5484 481 5537 nibus
518 5494 789 5551 Operetur,
847 5483 967 5552 quia
1018 5484 1159 5537 nulla
1201 5483 1515 5537 lineamenta
1556 5486 1796 5549 corporis
1840 5485 1887 5534 in

326 5586 513 5630 natura
567 5577 863 5630 divinitatis
912 5585 1040 5629 sunt
1086 5576 1226 5628 sicut
1270 5591 1367 5628 nos
1408 5578 1685 5629 habemus.
1720 5576 1890 5641 Opera

327 5683 455 5728 ergo
489 5682 735 5721 manuum
763 5667 907 5734 ejus,
946 5666 1190 5718 virtutem
1221 5665 1475 5734 jussionis
1495 5667 1608 5732 ejus
1639 5666 1891 5720 debemus

327 5766 566 5823 accipere
594 5776 608 5811 ς
639 5757 907 5826 quomodo
943 5757 1100 5809 veri-0
1133 5767 1181 5811 et
1228 5756 1461 5824 potentia
1497 5756 1889 5824 jutalottiS—SUIB
1920 5818 1921 5821 η

1996 4640 2088 4694 sed
2121 4640 2173 4691 in
2215 4639 2300 4692 die
2326 4638 2510 4708 judicii
2540 4654 2634 4706 per
2663 4640 3137 4694 inﬂammationem
3172 4641 3306 4710 ignis
3346 4642 3566 4694 innova-

1996 4728 2157 4781 bitur.
2193 4727 2257 4781 Et
2277 4729 2412 4781 velut
2453 4730 2692 4781 amictum
2722 4731 2941 4783 mutabis
2965 4746 3077 4795 eos,
3128 4739 3178 4782 et
3216 4730 3562 4781 mutabuntur.

1994 4819 2236 4873 Amictus
2264 4817 2460 4873 dicitur
2493 4819 2561 4874 ab
2592 4819 2908 4883 amiciendo,
2942 4819 2993 4872 id
3022 4826 3103 4873 est
3133 4818 3512 4872 circumdando
3548 4834 3563 4871 :

1994 4909 2131 4963 bene
2160 4924 2286 4978 ergo
2318 4909 2510 4963 ctelum
2554 4910 2773 4963 amictui
2799 4917 3155 4976 comparatur,
3190 4922 3295 4974 quo
3332 4907 3565 4960 circumi

1994 5002 2204 5069 damur,
2228 5001 2473 5067 quoniam
2496 5000 2633 5053 sicut
2660 5002 2886 5053 amictus
2915 4999 3200 5052 humanum
3222 5014 3417 5067 corpus
3441 5000 3562 5053 hinc

1998 5100 2117 5152 inde
2152 5099 2349 5167 cingit,
2384 5099 2454 5150 ita
2482 5098 2671 5151 cretum
2716 5113 2778 5151 ex
2805 5097 2951 5150 omni
2979 5106 3128 5166 parte
3155 5097 3320 5166 cingit
3366 5106 3561 5153 terram

1998 5206 2145 5260 ferina
2170 5191 2588 5244 lancelibratam
2623 5207 2636 5243 :
2670 5190 2809 5246 unde
2837 5199 2890 5244 et
2915 5191 3035 5260 pelli
3061 5192 3345 5246 animantis
3375 5192 3479 5245 alio
3511 5194 3562 5245 in

2000 5291 2114 5344 loco
2126 5299 2482 5356 comparatur,
2496 5289 2707 5343 dicente
2725 5290 3000 5346 Psalmista
3022 5292 3353 5345 :Exteudens
3367 5291 3563 5345 crelutn

1998 5379 2132 5432 sicut
2163 5379 2373 5448 pellem.
2403 5379 2626 5435 Blutabis
2650 5381 2862 5453 (inquit)
2885 5384 3078 5436 emtum
3109 5383 3244 5437 sicut
3266 5383 3514 5435 amictum
3542 5401 3551 5433 ε

1998 5493 2060 5531 ac
2089 5478 2131 5530 si
2160 5478 2382 5543 diceret,
2414 5479 2562 5533 Sicut
2599 5480 2823 5534 amictus
2855 5482 3011 5537 facile
3044 5482 3346 5551 plicabitur,
3375 5483 3418 5535 si
3451 5482 3561 5538 l‘ue-

2002 5566 2069 5619 rit
2098 5577 2348 5621 extensus
2375 5607 2390 5631 ,
2431 5584 2719 5638 rttrsu5que
2766 5572 2985 5636 plicatus
3018 5572 3203 5625 leviter
3233 5571 3560 5637 extenditur;

1999 5644 2124 5710 et‘si
2154 5655 2306 5710 fuerit
2336 5657 2582 5712 sordibus
2604 5660 2995 5728 coinquittatus,
3023 5661 3171 5714 facile
3205 5671 3378 5731 potest
3408 5678 3562 5716 mun-

2000 5757 2113 5811 dari
2145 5774 2156 5808 :
2208 5758 2279 5812 ita
2309 5759 2500 5815 cretum
2533 5773 2560 5813 a
2594 5770 2645 5813 te
2675 5766 2954 5815 extensum
2989 5772 3145 5831 atque
3177 5763 3562 5832 compesitum;
