3910 6174
309 364 407 419 tas

1410 354 1698 409 PRIMASH
1744 351 1921 404 ADRL
1936 348 2187 403 .‘tlliTANl
2229 345 2436 398 El’lSC.

3433 330 3539 384 6C6

310 471 491 539 sicque
524 467 770 522 facilitate
799 466 1318 536 incomprelteusibili
1344 467 1394 519 in
1425 466 1511 519 die
1534 464 1717 534 judicii
1760 478 1872 515 mu-
1905 462 1946 518 Α
1979 460 2046 520 ci,
2082 466 2135 512 et
2180 454 2365 511 decies
2396 460 2620 507 centena
2662 449 2823 503 millia
2870 444 3220 501 assistebant?
3261 441 3546 539 Quomodo

314 559 511 613 labitur
551 558 615 611 ab
646 558 742 610 hac
766 558 927 624 ﬁgura
968 565 1015 610 et
1044 557 1221 623 specie
1264 557 1313 609 iu
1364 556 1641 610 meliorem
1667 595 1679 615 ,
1728 546 1781 606 et
1821 561 1877 606 ut

314 640 620 694 ostenderet
639 638 748 707 jam
773 639 905 693 facta
932 639 1139 693 Domini
1166 639 1262 691 sub
1288 638 1583 692 :eternitate
1607 650 1877 697 mansura,

315 731 515 789 addidit
568 750 581 784 :
634 732 700 785 Et
730 732 1098 793 mutabuntur;
1128 730 1277 799 quasi
1318 729 1561 783 diceret:
1595 726 1877 796 Postquam

317 823 504 887 mutati
530 821 744 885 fuerint,
772 823 822 874 in
843 836 901 876 ea
926 820 1158 874 novitate
1179 820 1587 890 permanebunt;
1612 833 1877 886 nunquam

320 910 384 961 ad
409 908 508 964 hoc
537 910 883 977 corruptibile
910 910 1151 962 redituri.
1185 908 1264 961 Tu
1295 917 1460 960 autem
1501 909 1632 959 idem
1658 908 1765 976 ipse
1792 924 1845 959 es
1867 950 1879 972 ,

234 1062 239 1069 η
321 1009 367 1052 et
396 1000 517 1053 anni
541 1002 611 1054 tui
635 1016 733 1053 non
758 1001 1005 1068 deﬁcient.
1040 1000 1173 1053 Ecce
1197 999 1495 1053 diﬁ‘erentia
1518 998 1655 1051 inter
1676 1006 1884 1052 creatu-

324 1108 439 1147 ram
485 1092 847 1160 temporaliter
876 1091 1063 1145 factam
1093 1101 1146 1145 et
1169 1091 1477 1144 Creatorem
1526 1090 1577 1141 in
1610 1102 1701 1141 sua
1728 1096 1884 1141 aeter-

326 1182 489 1236 nitate
507 1181 778 1250 mqualiter
798 1190 1095 1233 manentem
1130 1196 1141 1232 :
1171 1180 1219 1231 in
1248 1179 1663 1246 omnipotentem
1689 1178 1882 1231 etenim

327 1272 489 1324 Deum
521 1285 625 1323 non
656 1270 795 1325 cadit
831 1270 1157 1338 praetorium
1188 1269 1270 1322 vel
1302 1268 1557 1330 futurum,
1594 1281 1763 1336 neque
1790 1268 1886 1319 ali-

325 1375 423 1429 qua
452 1360 801 1425 mutabilius;
843 1360 935 1414 sed
966 1360 1143 1413 omnia
1173 1367 1294 1412 sunt
1323 1359 1371 1413 ei
1400 1357 1678 1426 praesentia
1698 1398 1712 1421 ,
1742 1372 1888 1410 sem-

322 1464 523 1517 perque
552 1458 632 1503 est
657 1445 1033 1511 immutabilis;
1064 1446 1205 1501 unde
1233 1447 1509 1502 Psalmista
1537 1446 1887 1500 aeternitatem

326 1549 380 1594 et
420 1541 893 1595 immutabilitatem
927 1540 1082 1594 Verbi
1134 1541 1227 1595 Dei
1257 1541 1436 1595 subtili
1465 1540 1892 1594 consideratione

328 1630 696 1697 perpendens,
737 1630 1070 1683 sulistantivo
1103 1628 1268 1684 verbo
1314 1628 1593 1699 praesentis
1641 1628 1894 1697 temporis

328 1732 458 1793 usus
480 1728 580 1782 est,
628 1717 854 1787 loquens
879 1718 946 1772 de
972 1717 1064 1771 illo
1112 1735 1125 1771 :
1163 1717 1367 1774 C(elum
1412 1717 1629 1789 (inquit)
1664 1726 1718 1772 et
1752 1726 1893 1772 terra

1982 550 2121 603 enim
2153 561 2339 609 omnes
2369 546 2670 610 mittuntur,
2696 542 2738 596 si
2760 541 2934 595 decies
2956 547 3174 592 centena
3202 536 3363 588 miilia
3390 534 3435 587 ei
3460 547 3548 584 as-

1920 700 1935 712 ,
1980 640 2207 694 sistunt?
2236 634 2637 705 Intelligendum
2689 646 2814 701 ego
2846 629 2985 701 quod
3010 627 3345 696 omnipotens
3383 624 3549 684 Deus,

1981 733 2069 799 qui
2116 731 2335 800 spiritus
2364 738 2445 783 est
2504 723 2992 791 incircumscriptus
3013 761 3029 788 ,
3069 721 3248 774 omnia
3279 716 3465 784 implet
3496 721 3555 766 et

1983 822 2178 891 ubique
2213 830 2356 875 totus
2379 830 2488 882 est;
2513 814 2839 887 quapropter
2864 812 3133 882 angelieas
3154 809 3373 877 spiritus
3399 847 3413 872 ,
3460 803 3553 870 qui

1983 913 2415 980 circumscriptus
2441 918 2545 974 est,
2571 916 2888 975 quocunque
2913 896 3173 963 mittatur,
3199 899 3332 951 intra
3363 894 3551 948 Domi-

1984 1016 2109 1056 num
2136 999 2325 1061 currit,
2346 998 2738 1063 Dominamque
2758 1006 2968 1061 semper
2996 996 3308 1058 prmsentem
3342 984 3508 1037 habet
3542 1002 3556 1035 :

1987 1094 2214 1161 ideoque
2239 1091 2337 1157 ipsi
2363 1088 2452 1158 qui
2478 1089 2778 1149 mittuntur,
2803 1084 2902 1151 ipsi
2934 1083 3091 1136 etiam
3118 1088 3173 1134 et
3196 1078 3452 1131 assistunt
3481 1074 3558 1127 ei.

1988 1181 2082 1235 Vel
2117 1190 2261 1234 certe
2293 1179 2490 1233 idcirco
2530 1191 2715 1231 omnes
2746 1172 2886 1227 mitti
2913 1172 3195 1232 dicuntur,
3239 1168 3364 1236 quia
3410 1164 3562 1217 sicut

1989 1273 2245 1343 Didymus
2276 1270 2491 1325 Gra'cus
2537 1269 2588 1322 in
2620 1268 2759 1321 libro
2787 1263 2851 1318 de
2878 1262 3077 1331 Spiritu
3106 1268 3288 1312 sancto
3312 1256 3387 1308 ait
3411 1296 3424 1319 ,
3494 1268 3562 1307 cx

1989 1364 2232 1417 omnibus
2265 1360 2538 1415 ordinibus
2568 1357 2863 1412 coalestium
2892 1352 3207 1420 dignitatum
3240 1346 3561 1404 mittuntur;

1990 1455 2130 1508 sicut
2182 1451 2480 1506 Gabrielem
2513 1490 2527 1516 ,
2576 1446 2885 1503 Michaelem
2936 1438 3281 1508 arcliangelos
3327 1437 3567 1504 legimus

1992 1543 2183 1597 missos
2209 1543 2259 1595 in
2289 1542 2558 1595 volumine
2589 1538 2841 1602 Danielis,
2868 1534 3191 1604 Raphaelem
3220 1530 3284 1585 ad
3304 1529 3563 1589 Tobiam;

1994 1649 2131 1689 unus
2160 1636 2321 1688 etiam
2355 1632 2422 1693 de
2451 1630 2718 1700 seraphim
2773 1629 2963 1697 legitur
3011 1624 3205 1678 missus
3232 1621 3294 1674 ad
3323 1619 3520 1673 lsaiam
3548 1659 3565 1681 ,

1997 1723 2208 1792 quando
2238 1722 2441 1776 calculo
2473 1721 2641 1792 tetigit
2670 1719 2805 1774 labia
2835 1717 2973 1785 ejus,
3005 1722 3059 1768 et
3087 1713 3223 1766 sicut
3253 1710 3569 1778 frequenter

331 1806 690 1870 mutabuntur;
718 1816 773 1861 tu
806 1816 982 1862 autem
1007 1808 1146 1862 idem
1175 1808 1291 1877 ipse
1321 1823 1378 1863 es
1412 1826 1422 1860 z
1456 1809 1616 1862 modo
1644 1809 1733 1875 qui
1776 1823 1896 1863 eras

2007 1814 2166 1883 angeli
2208 1812 2455 1881 leguntur
2484 1812 2547 1864 ad
2578 1817 2790 1864 sanctos
2812 1806 2981 1861 missi.
3019 1802 3349 1858 Generaliter
3381 1808 3569 1850 autem

329 1905 454 1948 ante
482 1893 660 1949 omnia
690 1897 903 1950 smcula.
940 1897 1002 1950 Et
1031 1898 1151 1950 anni
1177 1898 1269 1962 tui,
1302 1897 1352 1951 id
1380 1906 1460 1952 est
1490 1898 1759 1952 aeternitas
1784 1908 1892 1962 tua,

332 2000 435 2039 non
471 1984 741 2039 deficient.
766 1984 881 2053 Ipse
902 2000 1050 2054 ergo,
1071 1986 1159 2055 qui
1183 2000 1393 2054 semper
1421 1986 1578 2041 habet
1598 2002 1735 2053 esse,
1768 1988 1897 2043 dicit

332 2074 399 2128 de
427 2073 715 2141 semetipso
767 2075 833 2129 ad
865 2075 1076 2143 Moysen
1115 2094 1129 2129 :
1178 2075 1288 2144 Ego
1318 2091 1435 2130 sum
1475 2079 1562 2145 qui
1590 2092 1729 2132 sum.
1773 2078 1897 2132 llaec

332 2164 477 2218 dices
503 2163 624 2217 filiis
647 2164 835 2218 Israel:
857 2163 956 2231 Qui
988 2175 1069 2219 est
1101 2166 1243 2219 misit
1274 2181 1360 2219 me
1390 2166 1453 2219 ad
1480 2182 1590 2220 vos.
1625 2167 1898 2235 Quaprop-

331 2264 413 2305 ter
438 2252 611 2306 omnis
634 2261 873 2306 creatura
906 2253 1258 2316 rationabilis,
1286 2269 1403 2322 qua:
1427 2270 1521 2324 per
1550 2270 1607 2309 se
1630 2256 1897 2312 mutabilis

331 2349 434 2415 est,
456 2348 548 2395 aut
577 2342 914 2411 temporalis,
946 2357 1286 2411 summOpere
1318 2345 1559 2401 laborare
1587 2346 1745 2426 debet
1771 2362 1900 2419 qna-

334 2441 488 2485 tenus
520 2431 568 2486 ei
600 2438 781 2499 posset
806 2432 1055 2503 conjungi
1082 2442 1136 2488 et
1164 2433 1367 2490 hwrere
1400 2437 1484 2503 qui
1517 2453 1727 2506 semper
1758 2439 1897 2494 idem

334 2530 532 2575 manet.
575 2523 655 2576 Ad
693 2539 839 2592 quem
879 2532 1044 2578 autem
1076 2526 1373 2594 angelorum
1418 2527 1546 2580 dixit
1590 2528 1899 2597 aliquando:

336 2609 472 2665 Sede
507 2626 539 2663 a
582 2611 773 2665 dextris
814 2615 971 2678 meis,
1005 2631 1266 2683 quousque
1300 2633 1484 2685 ponam
1522 2618 1750 2673 inimicos
1789 2630 1901 2675 tuos

334 2698 607 2771 scabelfum
638 2702 821 2770 pedum
852 2710 1055 2755 tuorum
1076 2706 1101 2756 ?
1132 2704 1416 2773 POStquam
1452 2708 1780 2775 majestatent
1832 2709 1901 2763 ii.

336 2791 473 2855 vince
499 2793 810 2847 mternitatis
834 2794 1068 2849 ostendit
1110 2796 1162 2848 in
1192 2796 1324 2850 Filio
1352 2812 1473 2853 esse
1492 2839 1505 2862 ,
1554 2801 1744 2853 iterum
1776 2816 1904 2854 con-

336 2894 432 2961 ver
458 2880 495 2933 it
521 2874 706 2954 beatus
737 2884 1024 2950 Apostolus
1054 2899 1353 2941 sermonem
1371 2887 1436 2940 ad
1462 2888 1917 2974 gloriiicationcm.

338 2972 455 3049 ejus
484 2972 827 3041 humilitatis,
854 2976 1036 3030 dicens
1073 2994 1083 3027 :
1117 2977 1193 3031 Ad
1228 2993 1381 3048 quem
1410 2981 1718 3049 angelorum
1769 2972 1906 3037 dixit

338 3062 652 3131 aliquando:
683 3064 822 3120 Sede
848 3080 876 3118 a
909 3067 1113 3122 dextris
1136 3069 1303 3122 meis?
1331 3070 1617 3126 subaudis:
1645 3072 1851 3129 Nullum
1885 3091 1899 3128 :

1998 1903 2133 1990 sicut
2171 1903 2417 1961 doctores
2464 1900 2678 1965 dicunt,
2727 1897 3009 1964 unicuique
3055 1892 3288 1947 ﬁdelium
3340 1889 3409 1943 ab
3438 1896 3567 1940 ortu

2000 1980 2313 2057 nativitatis,
2341 1995 2424 2048 vel
2454 1995 2628 2061 potius
2659 2006 2687 2043 a
2720 2001 2960 2059 tempore
2988 1984 3317 2055 baptismatis
3346 1980 3509 2032 datur
3539 1992 3568 2029 a

2003 2087 2108 2139 Deo
2139 2084 2358 2154 angelus
2389 2084 2454 2137 ad
2486 2082 2567 2135 sui
2598 2080 2892 2135 custodiam
2914 2119 2929 2143 ,
2967 2087 3019 2131 ot
3047 2068 3131 2144 qui
3156 2072 3376 2129 suadeat
3426 2069 3567 2121 bona

2001 2189 2195 2243 agere;
2230 2173 2372 2226 unde
2398 2171 2687 2237 ApOSlOIUS
2721 2169 2805 2221 hic
2826 2168 2953 2221 dicit
2985 2184 2997 2218 :
3030 2163 3171 2218 Missi
3202 2170 3326 2215 sunt
3363 2159 3427 2213 ad
3466 2158 3570 2211 mi-

2002 2265 2274 2319 nisterium
2302 2263 2504 2329 salutis,
2533 2270 2747 2331 propter
2765 2273 2855 2314 eos
2881 2258 2969 2328 qui
2997 2256 3357 2311 baereditatcm
3381 2250 3569 2319 patria

2002 2353 2236 2409 cmlestis
2281 2362 2403 2407 sunt
2446 2351 2769 2421 percepturi.
2816 2349 2870 2402 lu
2900 2348 3000 2400 hoc
3054 2360 3182 2413 ergo
3231 2346 3382 2406 loco,
3427 2340 3570 2393 sicut

2002 2450 2253 2514 diximus,
2287 2460 2473 2501 omnes
2517 2445 2817 2508 mittuntur,
2847 2441 2966 2510 quia
2998 2454 3061 2493 ex
3092 2434 3335 2491 omnibus
3364 2431 3571 2486 ordini-

2005 2540 2100 2593 bus
2129 2540 2410 2592 ntiltuntur
2444 2554 2458 2594 :
2495 2535 2842 2603 ejusdemque
2871 2530 3143 2600 dignitatis
3172 2535 3295 2580 sunt
3324 2524 3412 2592 qui
3445 2521 3569 2574 mit-

2005 2639 2206 2693 tuntur,
2239 2628 2390 2695 cujus
2420 2636 2473 2681 et
2500 2626 2587 2694 qui
2610 2624 2859 2677 assistunt
2885 2638 2898 2672 :
2925 2620 3005 2672 vel
3029 2626 3195 2685 certe,
3229 2614 3349 2684 quia
3380 2624 3569 2666 omnes

2004 2719 2242 2789 ejusdem
2275 2716 2563 2773 voluntatis
2591 2726 2742 2781 sunt,
2792 2724 2842 2766 et
2867 2712 2991 2765 dum
3020 2709 3091 2763 illi
3124 2706 3214 2777 qui
3242 2719 3453 2773 semper
3481 2717 3571 2755 as-

2005 2813 2219 2874 sistunt,
2251 2809 2730 2863 consentiuntcum
2763 2806 2840 2859 eis
2867 2803 2952 2872 qui
2987 2802 3282 2860 mittuntur,
3313 2794 3567 2865 quodam-

2008 2901 2163 2954 modo
2195 2899 2246 2952 in
2301 2899 2406 2953 illis
2435 2911 2619 2951 omnes
2648 2894 2898 2959 veniunt,
2943 2904 3233 2957 omnesque
3266 2887 3566 2937 mittuntur.

2010 2992 2074 3045 Et
2104 2999 2186 3046 est
2214 3004 2441 3044 sensus:
2473 2988 2607 3054 Quid
2652 2986 2867 3045 mirum,
2898 2983 2942 3036 si
2975 2981 3130 3033 unico
3173 2977 3308 3031 Filio
3338 2973 3428 3027 Dei
3468 2972 3568 3026 mi-

2010 3083 2285 3137 nisterium
2318 3094 2474 3133 suum
2499 3076 2760 3132 exhibent
2783 3072 2977 3142 angeli,
3008 3084 3125 3124 cum
3158 3069 3321 3121 etiam
3368 3074 3565 3116 nostra:

339 3152 469 3225 nulli
498 3154 639 3207 enim
675 3154 1137 3225 archangclorum,
1169 3158 1298 3212 nulli
1321 3159 1766 3228 dominationum,
1810 3174 1900 3218 aut
1931 3156 1975 3217 C
2008 3170 2195 3225 salutis
2250 3169 2524 3222 ministros
2570 3180 2663 3219 eos
2710 3170 2916 3217 constet
2955 3158 3205 3213 enectos?
3249 3161 3569 3223 quapropter

340 3244 627 3321 virtutum,
656 3246 765 3300 sive
800 3245 1191 3315 principatuum
1227 3248 1361 3301 hanc
1394 3249 1613 3317 gloriam
1642 3253 1906 3305 concessit

344 3334 481 3386 Deus
505 3330 679 3400 l‘a'ter,
705 3342 763 3388 ut
784 3336 831 3390 ei
862 3335 1094 3391 diceret:
1122 3336 1257 3391 Sede
1284 3352 1314 3391 a
1343 3337 1544 3392 dextris
1576 3339 1708 3394 meis
1735 3382 1749 3404 ,
1807 3342 1907 3395 hoc

339 3431 441 3485 est,
462 3422 635 3476 habita
652 3438 880 3488 mecum,
905 3424 1185 3493 etquicsce
1208 3426 1262 3478 in
1286 3427 1611 3495 plenitudine
1635 3444 1765 3483 mea:
1793 3444 1905 3483 ma-

337 3511 548 3581 ji-statis
582 3530 594 3566 :
629 3513 826 3568 Victori
844 3525 1017 3570 autem
1038 3514 1195 3580 Filio,
1227 3523 1281 3569 et
1312 3517 1471 3570 totius
1490 3517 1671 3571 mundi
1702 3533 1795 3586 per
1822 3520 1906 3573 in-

342 3588 688 3657 t'arnationis'
719 3617 828 3657 sua:
873 3603 1324 3672 dispensationem
1357 3606 1757 3678 triumphatori,
1792 3620 1909 3677 post

343 3693 748 3748 resurrectionis
774 3695 996 3762 gloriam
1026 3695 1429 3765 quadragesimo
1458 3696 1545 3751 die
1572 3737 1586 3763 ,
1621 3698 1750 3752 dicit
1791 3699 1838 3753 ei
1893 3717 1905 3752 :

343 3786 617 3840 Laborasu
635 3787 686 3840 in
706 3788 973 3854 passione,
991 3786 1239 3842 laborasti
1255 3789 1303 3841 in
1323 3788 1687 3857 redemptione
1700 3791 1909 3857 generis

344 3874 582 3943 humani,
614 3877 827 3945 quiesce
874 3892 1080 3932 mecum
1126 3878 1176 3931 in
1206 3878 1404 3946 gloria,
1435 3877 1777 3947 quoadusque
1818 3893 1910 3946 po-

344 3983 465 4019 nam
493 3968 739 4022 inimicos
766 3979 884 4023 tuos
915 3979 973 4023 ut
1010 3970 1111 4023 sin'
1138 3970 1429 4025 scabellum
1454 3970 1643 4039 pedum
1674 3978 1907 4028 tuorum.

339 4059 720 4128 Quoadusquc,
758 4061 837 4114 vel
869 4061 1057 4127 donec,
1082 4078 1186 4116 non
1210 4062 1468 4131 signiﬁcat
1492 4062 1648 4115 ﬁnem
1682 4063 1913 4131 alicujus

346 4153 600 4220 temporis
631 4152 731 4206 isto
758 4153 809 4207 in
840 4153 986 4216 loco,
1030 4154 1123 4207 sed
1150 4168 1244 4222 pro
1277 4153 1482 4206 inlinito
1505 4162 1559 4206 et
1585 4151 1912 4221 sempiterno

344 4232 576 4320 positum
617 4250 727 4307 est;
779 4243 924 4312 quasi
960 4243 1159 4297 diceret
1196 4244 1312 4297 aliis
1343 4245 1555 4298 verbis:
1593 4244 1672 4298 Tu
1705 4258 1916 4311 semper

346 4324 523 4385 habita
555 4332 606 4385 in
646 4332 970 4401 plenitudine
1010 4335 1306 4402 majestatis
1340 4349 1500 4400 metu;
1536 4336 1663 4403 quia
1704 4348 1917 4403 semper

348 4420 623 4487 subjiciam
648 4422 931 4476 aeternitati
960 4433 1061 4476 tute
1095 4423 1337 4476 inimicos
1366 4434 1480 4477 tuo:
1514 4423 1724 4489 Judzros
1756 4426 1915 4478 alios-

2012 3259 2210 3315 nemini
2239 3258 2447 3313 illorum
2475 3256 2639 3310 dixit:
2667 3252 2803 3307 Sede
2825 3266 2853 3305 a
2877 3249 3073 3304 dextris
3103 3246 3257 3299 meis.

2077 3350 2205 3403 Car.
2228 3364 2286 3403 tt.
2308 3346 2580 3414 Propterea
2600 3343 2940 3397 abundantius
2971 3338 3231 3391 observare
3257 3350 3346 3387 nos
3372 3338 3566 3402 apert-:1

2010 3457 2069 3494 ca
2096 3455 2210 3510 qua:
2251 3438 2559 3499 audivimus,
2592 3452 2650 3487 ne
2694 3436 2823 3503 forte
2851 3431 3214 3502 percﬁiuamus.
3250 3426 3566 3498 Propterea,

2011 3530 2132 3600 quid
2157 3529 2370 3592 mirum,
2398 3528 2518 3595 quia
2544 3525 2709 3578 Filius
2733 3524 2822 3577 Dei
2852 3519 3195 3576 exccl'entior
3217 3526 3297 3569 cst
3326 3515 3567 3569 omnibus

2010 3620 2236 3689 angelis,
2258 3619 2350 3687 qui
2378 3616 2718 3686 Evangelium
2743 3627 2895 3667 suum
2919 3610 3100 3665 dedit?
3124 3607 3216 3663 Vel
3248 3614 3415 3669 certe,
3447 3603 3565 3671 quia

2010 3710 2183 3779 angeli
2214 3692 2364 3762 nobis
2395 3706 2725 3767 ministrant,
2762 3703 2851 3771 qui
2890 3701 2998 3755 Deo
3028 3713 3240 3767 semper
3268 3694 3566 3749 renuntiant

2011 3815 2169 3870 opera
2194 3793 2395 3863 nostra,
2423 3797 2545 3850 licet
2577 3795 2687 3863 ipse
2710 3794 2900 3862 ubique
2922 3791 3008 3855 sit,
3038 3785 3396 3841 abundantius
3415 3793 3568 3851 atque

2012 3888 2217 3957 plenius
2261 3893 2469 3954 oportet
2498 3897 2593 3939 nos
2629 3883 2919 3937 observare
2961 3894 3022 3934 ea
3050 3893 3167 3947 qua:
3197 3875 3497 3930 audivimus
3537 3886 3566 3924 a

2013 3979 2224 4033 Christo
2260 3979 2311 4031 in
2344 3974 2652 4045 Evangelio,
2680 3982 2735 4029 et
2761 3972 2828 4026 ab
2855 3968 3123 4040 Apostolis
3150 3967 3267 4035 ejus
3288 4005 3303 4030 ,
3333 3978 3487 4033 quam
3517 3962 3567 4014 in

2014 4073 2131 4140 lege
2158 4068 2493 4132 solebamus,
2526 4079 2644 4135 qua:
2673 4078 2766 4132 per
2795 4075 3004 4116 servum
3036 4059 3153 4113 data
3184 4065 3286 4111 est.
3324 4055 3390 4109 Et
3415 4066 3571 4122 quare

2014 4158 2405 4214 abundantius?
2437 4156 2512 4211 Ne
2541 4156 2674 4208 forte
2704 4152 3076 4222 perel'lluamus
3103 4166 3116 4201 :
3141 4148 3191 4201 id
3222 4155 3324 4211 est,
3352 4160 3419 4199 ne
3442 4144 3571 4197 forte

2016 4264 2333 4321 pereamus,
2387 4255 2441 4302 et
2489 4261 2517 4299 a
2557 4246 2729 4299 salute
2778 4242 3104 4297 excidamus.
3148 4236 3277 4302 Vel,
3328 4250 3398 4288 ne
3445 4233 3574 4287 l’orfe

2018 4354 2441 4406 evanescamus,
2510 4343 2848 4391 transeuntes
2904 4334 2955 4387 in
3023 4329 3372 4400 perditionem
3434 4338 3573 4377 more

2019 4434 2253 4489 ﬂuminis
2290 4431 2554 4487 currentis
2593 4428 2646 4482 in
2684 4442 2829 4481 mare
2855 4470 2867 4494 ,
2906 4426 3029 4478 dum
3061 4437 3248 4477 sensus
3286 4419 3457 4474 nostri
3490 4431 3575 4485 per

346 4523 450 4574 que
492 4510 812 4564 incredulos.
865 4511 1029 4566 Pedes
1076 4514 1272 4566 ctenim
1322 4514 1526 4569 Domini
1566 4517 1908 4571 stabilitatem
1942 4527 1993 4587 ι)
2021 4518 2464 4591 inania'quaaque
2506 4518 2824 4573 discurrunt.
2857 4515 3033 4584 Juugit
3076 4522 3250 4565 autem
3294 4520 3573 4577 personam

346 4600 660 4654 mternitatis
715 4602 1023 4669 designant;
1060 4604 1145 4656 ubi
1178 4605 1265 4658 ile
1297 4616 1544 4674 tanquam
1585 4608 1635 4661 in
1678 4608 1911 4677 vestigiis

347 4691 517 4746 ﬁrmis
545 4691 736 4746 virtute
769 4693 1164 4762 omnipotentiae
1192 4708 1301 4748 sure
1328 4696 1593 4751 consistit.
1627 4697 1912 4752 Possumus
1958 4734 1963 4740 ι

346 4794 400 4838 et
430 4786 590 4855 pedes
608 4801 710 4840 non
738 4785 1025 4857 incongrue
1048 4789 1357 4860 mysterium
1384 4789 1767 4843 incarnationis
1798 4791 1914 4858 ejus

346 4878 641 4947 intelligere
666 4879 871 4933 duobus
902 4880 1073 4934 modis
1104 4898 1115 4931 :
1149 4879 1388 4949 quotidie
1416 4880 1769 4949 subjiciuntur
1811 4881 1911 4933 iui-

346 4972 471 5026 mici
501 4972 661 5034 illius.
686 4973 811 5027 dum
842 4972 1089 5027 videlicet
1113 4972 1357 5028 vitiorum
1381 4982 1538 5040 atque
1588 4970 1917 5026 inﬁdelitatis

346 5065 724 5119 conﬁt-arietare
757 5065 1029 5131 derelicta,
1064 5074 1253 5133 sponte
1283 5078 1341 5118 se
1371 5063 1605 5117 subdunt
1636 5062 1710 5116 illi
1739 5062 1801 5115 ad
1833 5081 1919 5114 sn-

350 5154 547 5222 lutem,
572 5164 631 5207 ut
659 5155 757 5208 sub
790 5157 879 5209 illo
921 5166 1183 5223 tueantur;
1214 5157 1297 5211 vel
1327 5164 1471 5210 czrtc
1496 5155 1619 5210 dum
1650 5156 1831 5209 nolunt
1862 5156 1916 5209 in

354 5260 475 5300 cum
506 5244 754 5307 credere,
799 5248 967 5299 caacti
1012 5249 1362 5315 subjiciuntur
1404 5246 1508 5312 illi,
1546 5255 1598 5299 ct
1649 5246 1919 5301 calcantur

350 5336 585 5390 dominio
626 5337 901 5405 potestatis
950 5337 1082 5402 ejus.
1120 5337 1303 5389 Nonne
1340 5353 1509 5390 omnes
1554 5320 1669 5390 sunt
1700 5338 1917 5389 (έάηιίπὶο

353 5428 580 5481 stratorii
608 5427 820 5496 spiritus
861 5428 909 5478 in
940 5429 1275 5481 ministerium
1316 5429 1455 5480 missi
1489 5438 1693 5497 praptcr
1725 5443 1805 5479 eos
1836 5429 1921 5494 qui

355 5516 695 5573 harrcdilatem
720 5518 925 5588 capiunt
952 5518 1171 5570 salutis?
1197 5517 1249 5571 Si
1274 5532 1460 5571 omnes
1490 5519 1711 5585 Spiritus
1732 5518 1920 5570 cmlcs-

358 5610 487 5681 tium
513 5612 763 5663 virtutum
789 5610 1070 5664 mittuntur
1090 5609 1153 5663 ad
1172 5610 1394 5662 salutem
1416 5608 1771 5669 credentium,
1796 5606 1918 5674 quid

370 5686 447 5791 est
477 5700 612 5766 quod
670 5702 849 5770 Daniel
879 5701 1009 5755 dixit
1045 5719 1055 5752 ί
1091 5699 1247 5753 Millia
1280 5688 1500 5752 militui'n
1550 5697 1917 5751 ministrabant

2016 4630 2165 4669 suum
2191 4612 2295 4666 il‘is
2320 4652 2333 4675 ,
2364 4624 2512 4664 more
2537 4621 2633 4661 suo
2666 4619 2849 4676 agens.
2884 4604 2946 4658 Et
2976 4616 3141 4671 quare
3166 4598 3368 4653 dixerit
3409 4596 3578 4649 abun.

2018 4706 2250 4767 dautius,
2282 4702 2459 4757 reddit
2496 4713 2711 4754 causam
2735 4740 2748 4763 ,
2783 4697 2908 4749 dum
2942 4695 2992 4747 in
3029 4689 3376 4760 sequentibus
3406 4684 3577 4738 Verbis

2017 4795 2280 4863 explicat,
2304 4792 2485 4845 dicens
2519 4808 2530 4842 :
2572 4788 2633 4843 Si
2662 4788 2797 4840 enim
2822 4785 2906 4854 qui
2937 4799 3027 4850 per
3055 4781 3261 4850 angelos
3300 4779 3468 4831 dictus
3511 4782 3576 4826 est

2019 4902 2200 4951 sermo,
2230 4885 2393 4953 [actus
2421 4891 2494 4935 est
2516 4882 2723 4947 ﬁrmus,
2748 4887 2796 4930 et
2828 4876 2989 4929 omnis
3018 4872 3362 4943 pra’varicatio
3398 4876 3444 4921 et
3474 4868 3576 4919 ino-

2021 4977 2270 5030 bcdientia
2303 4974 2697 5057 accipitJustam
2727 4970 2963 5023 mercedis
2994 4964 3371 5018 retributionem
3402 4974 3421 5012 :
3458 4974 3576 5028 quo-

2019 5068 2167 5117 modo
2194 5080 2283 5116 nos
2305 5047 2620 5129 effugiemus,
2658 5060 2702 5112 si
2727 5067 2916 5110 tantam
2940 5054 3306 5125 negtcxerimus
3336 5047 3576 5101 salutem!

2022 5156 2208 5209 Sermo
2230 5151 2361 5219 legis
2384 5158 2433 5205 et
2459 5148 2832 5218 prophetarum
2862 5160 2953 5212 per
2978 5142 3192 5210 angelos
3212 5140 3385 5194 dictus
3406 5144 3489 5189 est
3512 5134 3573 5187 ad

2023 5251 2198 5311 patres
2226 5247 2436 5293 nostros
2472 5256 2484 5290 :
2520 5237 2643 5307 quia
2671 5252 2766 5304 per
2788 5235 3076 5302 subjectam
3108 5240 3405 5287 creaturam
3435 5227 3572 5279 locu-

2023 5344 2107 5387 tus
2143 5342 2225 5386 est
2271 5330 2434 5401 Moysi
2472 5340 2525 5384 et
2564 5328 2834 5399 prOphetis
2879 5342 2892 5379 :
2929 5326 3078 5394 juxta
3118 5321 3258 5392 quod
3304 5330 3359 5374 et
3396 5319 3570 5370 beatus

2024 5423 2325 5490 Stephanus
2346 5424 2398 5473 in
2428 5421 2765 5475 contentione
2794 5433 2887 5471 sua
2921 5414 3223 5469 manifestat
3252 5412 3319 5465 de
3352 5411 3524 5477 Moyse
3553 5422 3566 5456 :

2028 5514 2111 5565 bit:
2143 5520 2222 5565 est
2252 5512 2478 5580 Moyses,
2511 5510 2599 5578 qui
2626 5509 2720 5562 fuit
2745 5524 2862 5562 cum
2893 5506 3108 5574 angelo,
3136 5504 3223 5570 qui
3271 5500 3569 5570 loquebatur

2026 5603 2072 5655 ci
2106 5602 2155 5653 iu
2186 5609 2363 5653 monte
2401 5600 2547 5653 Sina.
2598 5598 2899 5666 Factusptc
2941 5597 3150 5659 ﬁrmus,
3192 5593 3241 5646 id
3272 5602 3357 5647 est
3394 5595 3568 5648 verus,

2028 5694 2165 5746 idem
2201 5706 2377 5745 sermo
2409 5706 2499 5761 per
2538 5690 2778 5760 angelum
2813 5690 2982 5743 dictus
3019 5684 3306 5755 :quouiam
3352 5682 3482 5737 sicut
3506 5676 3570 5729 ibi
