3910 6174
244 411 340 466 697

1127 407 1187 460 lN
1231 406 1603 464 EPISTULA.“
1647 405 1735 459 AD
1777 404 2114 460 HEBRIEOS
2152 406 2666 465 (ΖΟΜΜΕΝΪΛΙΗᾹ.

3381 416 3486 474 693

241 523 558 592 praedictum
577 531 677 588 εει,
707 523 779 574 ita
811 523 989 597 omnia
1015 511 1326 576 evenerunt'
1345 526 1455 577 sive
1483 525 1617 578 bona
1645 566 1658 588 ,
1690 523 1804 574 sive
1836 523 1879 576 Λ
1909 523 2322 589 sanctiSpiritus
2345 527 2837 594 distributionibus,
2865 532 3189 586 afﬂuentiam
3219 535 3483 605 signiﬁcat

237 614 396 667 mala.
439 611 623 666 Omnis
669 613 1031 680 praevaricaio
1073 612 1185 665 sive
1238 613 1590 680 transgressio
1644 612 1804 679 legis,

236 713 397 770 atque
423 699 802 762 inubedientia,
831 709 1012 754 contra
1047 701 1192 754 illum
1223 717 1526 755 sermonem
1563 711 1764 768 patrata
1787 735 1818 768 ,-

236 792 441 858 arcepit
491 789 686 858 justam
736 790 997 844 mercedis
1053 791 1495 853 retributionem,
1542 790 1802 858 judicium

234 882 442 936 scilicet
487 891 704 934 aeterna:
739 879 1141 934 damnationis:
1193 883 1271 934 sic
1319 881 1422 934 illis
1451 883 1672 949 contigit
1715 880 1805 949 qui

235 981 724 1028 murmuraverunt.
754 973 1052 1026 Notandum
1083 982 1258 1028 autem
1284 973 1406 1040 quia
1439 988 1558 1026 cum
1599 963 1805 1029 merces

233 1071 290 1124 in
323 1071 514 1124 bonam
545 1075 747 1137 partem
788 1065 1016 1124 maxime
1042 1067 1358 1134 accipiatur,
1410 1065 1494 1120 hie
1526 1081 1620 1133 pro
1661 1066 1803 1120 malo

234 1159 420 1229 [uisuit
442 1157 746 1228 Apostolus,
773 1171 924 1212 more
946 1157 1128 1222 solito,
1151 1172 1252 1211 non
1272 1171 1463 1211 curans
1478 1158 1542 1210 de
1566 1159 1802 1226 proprie-

232 1251 435 1306 tatibus
468 1250 781 1316 verborum;
816 1251 908 1305 sed
931 1249 1294 1304 indifferenter
1325 1265 1484 1302 unum
1513 1265 1606 1316 pro
1633 1249 1802 1304 altero

229 1357 439 1410 ponens
469 1355 486 1397 :
517 1345 652 1396 sicut
677 1342 767 1395 hic
795 1343 1097 1396 mercedem
1133 1357 1226 1407 pro
1252 1342 1412 1408 malo,
1443 1351 1495 1394 et
1519 1342 1643 1394 alihi
1675 1357 1804 1410 rap-

228 1433 495 1486 tivitatem
519 1424 573 1486 in
596 1433 758 1498 bono,
781 1432 869 1486 ubi
899 1431 1032 1486 dixit
1063 1448 1080 1486 :
1108 1433 1162 1486 ln
1189 1433 1546 1500 captivitatem
1579 1433 1803 1501 redigi1e

227 1538 448 1578 omnem
479 1537 713 1589 sensum,
746 1523 813 1579 ad
852 1523 1210 1579 obediendum
1237 1523 1470 1580 Christo.
1498 1525 1643 1580 Facit
1673 1540 1800 1594 ergo

226 1613 524 1681 Apostolus
551 1615 999 1682 comparationem
1033 1629 1061 1666 a
1091 1629 1339 1670 sermone
1367 1615 1524 1682 legis,
1569 1615 1656 1683 qui
1707 1629 1802 1682 per

223 1699 479 1770 angelum
509 1701 682 1756 dictus
708 1711 790 1756 est
819 1701 884 1755 ad
914 1703 1134 1771 gratiam
1169 1703 1444 1771 Evangelii
1477 1717 1569 1770 per
1608 1705 1797 1757 Filium

223 1789 445 1853 datam,
478 1797 530 1842 et
576 1788 706 1842 dicit
739 1805 754 1843 :
783 1789 837 1844 Si
878 1790 1021 1842 enim
1063 1804 1242 1844 sermo
1266 1789 1399 1858 legis
1438 1806 1530 1858 per
1581 1793 1798 1860 angelos

1913 611 2214 678 gratiarum.
2246 631 2400 682 quam
2435 632 2538 669 non
2570 618 2868 669 habuerunt
2913 619 3094 674 Patres
3129 622 3334 676 Veteris
3385 626 3487 681 Tc-

1909 702 2180 765 statueuti,
2228 719 2343 770 qua:
2391 705 2488 758 fuit
2537 707 2656 777 data
2712 719 2987 774 postquam
3035 691 3354 777 gloriﬁcatus
3394 727 3475 770 est.

1907 789 2082 856 Jesus,
2118 801 2250 846 teste
2283 794 2591 862 Evangelia,
2623 798 2760 865 quod
2791 799 2898 851 ait:
2925 800 3166 871 Nondum
3199 805 3337 858 enim
3369 819 3484 862 erat

1908 879 2133 945 Spiritus
2153 881 2334 936 datus:
2365 885 2653 950 quiaJesus
2682 886 2916 942 nondum
2944 886 3111 943 fuerat
3135 893 3478 958 glorilicatus.

1909 966 2028 1022 Ista:
2052 980 2175 1024 sunt
2227 972 2652 1053 distributiones,
2704 967 2798 1032 seu
2831 977 3142 1046 divisiones,
3175 997 3307 1049 quas
3339 986 3479 1049 Apo-

1907 1061 2077 1116 stolus
2105 1064 2156 1116 in
2185 1064 2290 1118 alio
2331 1067 2448 1120 loco
2485 1079 2889 1134 commemorat,
2946 1070 3161 1124 dicens:
3191 1073 3290 1125 Alii
3328 1074 3484 1127 datur

1909 1163 2001 1215 per
2022 1149 2274 1218 Spiritum
2298 1167 2474 1210 sermo
2497 1154 2756 1221 SCiElllliP,
2772 1166 2824 1210 et
2848 1167 3040 1212 caetera
3057 1175 3173 1226 qua,-
3189 1164 3237 1213 in
3253 1176 3478 1228 sequen-

1907 1238 2047 1295 tibus
2089 1252 2390 1312 enumerat,
2421 1259 2587 1314 usque
2617 1247 2744 1301 dum
2790 1249 3091 1318 subiungit:
3121 1252 3245 1306 litae
3283 1268 3474 1322 opera-
3519 1259 3538 1264 ”

1909 1337 1993 1382 tur
2019 1346 2156 1384 unus
2184 1341 2339 1400 atque
2364 1333 2502 1388 idem
2527 1335 2774 1410 Spiritus,
2807 1338 3050 1393 dividens
3077 1342 3303 1408 singulis
3326 1352 3481 1408 preat

1906 1418 2036 1472 vult.
2063 1420 2209 1475 Unde
2226 1431 2278 1475 et
2311 1422 2394 1476 hic
2422 1422 2586 1477 dicit:
2616 1425 2921 1486 Secundum
2947 1443 3093 1482 suam
3117 1431 3475 1487 voluntatem:

1905 1506 2098 1562 divinae
2127 1509 2268 1563 enim
2299 1511 2582 1579 voluntati,
2619 1523 2777 1582 atque
2818 1518 3041 1570 consilio
3068 1529 3254 1574 cuncta
3275 1523 3474 1575 t-ontri-

1905 1599 2036 1664 buit,
2066 1616 2132 1656 ne
2179 1602 2298 1670 quis
2341 1603 2392 1656 in
2423 1604 2532 1658 suis
2581 1607 2782 1661 meritis
2823 1609 3136 1664 conﬁderet.
3170 1609 3288 1678 Ipse
3333 1613 3474 1664 enim

1906 1690 2132 1757 Spiritus
2162 1701 2373 1746 sanctus
2407 1695 2551 1750 novit
2579 1697 2703 1764 quid
2747 1698 2940 1766 cuique
2981 1701 3168 1766 prosit,
3215 1701 3302 1754 vel
3351 1693 3476 1767 quid

1902 1784 2092 1849 cuique
2121 1783 2186 1836 sit
2203 1784 2562 1840 Commodum.
2597 1786 2716 1840 Non
2737 1790 2871 1840 enim
2891 1790 3084 1856 angelis
3107 1793 3316 1860 subjecit
3341 1791 3478 1845 Deus

224 1877 432 1942 diclug’
488 1887 568 1930 est
611 1876 780 1932 factus
822 1893 979 1932 verus
1025 1878 1078 1932 in
1119 1878 1362 1933 omnibus
1405 1893 1520 1948 φεω
1561 1882 1800 1947 promisit
1833 1876 1880 1934 Β
1909 1873 2078 1926 orbem
2104 1884 2254 1927 [ενι-(ε
2281 1875 2533 1943 futurum,
2562 1877 2623 1930 de
2647 1894 2742 1944 quo
2771 1879 3047 1946 loquimur.
3080 1880 3158 1936 Ad
3177 1896 3237 1936 ea
3264 1881 3478 1950 respicit

227 1965 416 2032 bonis,
447 1963 528 2020 vel
557 1981 671 2034 quae
697 1967 926 2020 minatus
952 1975 1034 2021 est
1057 1968 1210 2021 malis
1235 1986 1247 2021 :
1280 1978 1480 2038 quanto
1511 1972 1678 2038 magis
1699 1973 1802 2026 erit

225 2056 421 2110 ﬁrmus
449 2071 624 2110 sermo
655 2057 960 2126 Evangelii,
991 2057 1148 2112 datus
1178 2073 1271 2127 per
1305 2059 1530 2112 Filium!
1563 2060 1628 2118 Et
1654 2062 1696 2113 si
1725 2061 1800 2114 illi

223 2149 320 2215 qui
363 2147 732 2202 inobediemes
761 2151 1077 2202 exstiterunt
1117 2149 1250 2216 legi,
1281 2148 1673 2203 damnationem
1705 2152 1800 2204 ha-

229 2237 507 2302 buerunt,
549 2232 600 2291 et
627 2237 879 2305 judicium
908 2253 1012 2290 non
1042 2247 1327 2306 potuerunt
1354 2238 1586 2308 eﬁugere
1616 2257 1628 2292 :
1666 2255 1802 2308 quo-

226 2327 398 2381 modo
427 2341 524 2382 nos
548 2326 860 2392 eﬁ‘ngiemus
886 2327 1172 2380 vindictam
1202 2329 1292 2382 Dei
1318 2367 1334 2393 ,
1377 2329 1422 2382 si
1470 2338 1666 2382 tantam
1703 2345 1800 2384 ne-

222 2418 558 2488 glexerimus
582 2417 836 2472 salutem?
856 2418 1012 2472 ﬁdem
1031 2419 1237 2475 scilicet
1257 2421 1522 2490 Evangelii
1541 2423 1804 2491 vitamque

226 2519 514 2574 aeternam,
542 2518 645 2562 tam
670 2525 934 2578 magnam,
960 2520 1015 2564 ut
1045 2518 1167 2579 pote
1195 2525 1288 2580 per
1313 2495 1503 2565 Filium
1529 2515 1680 2567 nobis
1704 2527 1802 2566 an-

225 2600 534 2654 nuntiatam
563 2610 720 2668 atque
756 2601 1110 2668 promissam?
1147 2602 1376 2666 Subaudi
1396 2643 1410 2666 ,
1448 2601 1594 2656 nullo
1621 2603 1798 2657 modo.

223 2690 330 2746 His
373 2692 551 2747 verbis
583 2692 882 2748 manifestat
919 2694 1205 2761 Apostolus
1246 2709 1350 2747 non
1385 2692 1547 2749 fuisse
1603 2703 1804 2749 tantam

224 2788 460 2842 salutem
489 2787 542 2841 in
571 2789 687 2857 lege
713 2797 907 2857 quanta
952 2795 1034 2841 est
1064 2789 1113 2841 in
1154 2787 1446 2856 Erangelio
1485 2807 1498 2840 :
1540 2789 1620 2842 lex
1661 2789 1802 2843 enim

225 2881 580 2949 promittebat
613 2887 828 2944 terram,
856 2880 1038 2934 dicens
1070 2897 1086 2935 :
1110 2879 1166 2935 Si
1188 2879 1462 2934 volueritis
1488 2889 1541 2933 et
1570 2880 1804 2933 audieri-

223 2970 295 3026 tis
325 2985 440 3036 me,
477 2971 616 3024 bona
646 2981 801 3025 terra:
831 2969 1148 3026 comedetis.
1179 2969 1528 3041 Evangelium
1573 2972 1805 3038 promit-

225 3061 385 3116 tebat
412 3055 633 3130 regnum
665 3060 946 3127 caelorum,
979 3061 1163 3116 dicens
1188 3078 1200 3112 :
1232 3061 1605 3115 Pmnitentiam
1630 3063 1766 3130 agite
1785 3101 1800 3122 ,

221 3149 672 3218 apprOpinquavit
689 3149 832 3202 enim
857 3163 1078 3218 regnum
1101 3149 1380 3203 cmlorum.
1406 3149 1500 3202 llla
1519 3151 1802 3215 praestabat

1904 1977 2021 2030 quae
2074 1965 2317 2031 superius
2364 1965 2497 2020 dixit
2527 1967 2689 2022 Deum
2729 1967 2939 2024 Patrem
2983 1971 3184 2025 dixisse
3215 1989 3226 2027 ;
3260 1971 3399 2026 Sede
3449 1986 3480 2029 a

1905 2048 2111 2105 dextris
2143 2052 2296 2117 meis,
2323 2053 2492 2110 donec
2536 2073 2724 2123 ponam
2750 2059 2994 2132 inimicos
3029 2071 3146 2115 tuos
3186 2063 3473 2116 scabelltuu

1907 2142 2102 2208 pedum
2140 2151 2372 2210 tuorum,
2393 2145 2484 2198 sed
2513 2145 2646 2199 Filio
2674 2163 2771 2204 suo
2797 2149 3008 2202 tradidit
3039 2150 3184 2203 illum
3211 2166 3224 2203 :
3257 2151 3340 2204 cui
3367 2152 3478 2218 ipse

1906 2233 2038 2288 dixit
2069 2235 2120 2287 in
2153 2235 2354 2302 psalmo
2383 2253 2397 2289 :
2434 2236 2646 2291 Postilla
2677 2254 2706 2292 a
2753 2255 2861 2304 me,
2891 2251 2945 2294 et
2991 2241 3128 2294 datio
3172 2241 3261 2296 tibi
3291 2252 3478 2307 gentes

1907 2323 2270 2378 haireditatem
2293 2333 2455 2380 tuam.
2492 2327 2640 2381 [inde
2663 2337 2714 2382 et
2743 2327 2854 2396 ipse
2887 2329 3055 2383 Filias
3104 2331 3476 2397 congratulans

1907 2415 2007 2468 sibi
2041 2416 2290 2470 traditum
2335 2418 2516 2472 orbem
2571 2419 2915 2483 crediturum,
2949 2421 3114 2474 dicit:
3149 2421 3254 2488 Ego
3301 2430 3476 2475 autem

1908 2509 2228 2562 constitutus
2249 2523 2368 2564 sum
2395 2526 2487 2563 rex
2511 2511 2576 2563 ab
2603 2526 2687 2573 eo,
2724 2511 2773 2564 id
2802 2521 2885 2565 est
2913 2525 2940 2564 a
2962 2513 3068 2565 Deo
3092 2511 3266 2566 Patre.
3293 2511 3475 2565 Testa-

1910 2606 1990 2649 tus
2015 2609 2085 2651 est
2117 2608 2288 2651 autem
2337 2600 2390 2651 iu
2441 2600 2791 2666 quodamloco
2820 2603 2949 2670 quis,
2997 2603 3188 2656 dicens.
3242 2597 3473 2668 Quorum

1909 2690 2126 2744 nomina
2150 2691 2526 2759 prophetarum
2561 2692 2746 2746 reticet
2773 2694 2822 2748 iu
2856 2693 2954 2748 hac
2977 2693 3219 2762 epistola,
3251 2710 3474 2763 quorum

1910 2779 2266 2832 testimonium
2299 2782 2462 2843 novit,
2484 2795 2587 2835 non
2610 2797 2769 2836 causa
2795 2782 3010 2836 invidiae
3041 2791 3129 2836 aut
3145 2783 3477 2839 absconden-

1911 2867 1976 2922 tis
2031 2868 2223 2924 aﬁ'ectu
2255 2869 2358 2923 hoc
2381 2870 2514 2938 agit,
2561 2871 2656 2925 sed
2711 2871 3022 2932 honoraritis
3057 2881 3180 2926 voto
3213 2884 3270 2926 et
3299 2883 3478 2928 osten-

1909 2955 2082 3012 dentis
2105 2957 2358 3012 Hebraeos
2389 2958 2606 3013 multam
2639 2960 2836 3015 habere
2861 2961 3140 3016 scientiam
3171 2962 3472 3016 divinarum

1908 3046 2326 3118 Scripturarum,
2350 3051 2542 3118 quibus
2568 3049 2666 3104 ista
2701 3051 2972 3106 scribebat
2999 3052 3048 3104 iu
3067 3059 3274 3106 tantum
3303 3061 3360 3105 ut
3379 3068 3478 3106 nec

1909 3147 2040 3201 Opus
2070 3136 2286 3190 haberet
2318 3151 2511 3191 nomen
2535 3137 3000 3206 poneredicentis.
3034 3139 3146 3196 lloc
3168 3155 3293 3210 erg»
3328 3143 3475 3195 tes:i-

221 3239 521 3294 vindicmm
545 3241 610 3294 de
639 3241 866 3294 terrenis
889 3240 1160 3305 hnslibus;
1191 3240 1329 3293 εειυά
1356 3247 1570 3308 prmia;
1595 3240 1660 3294 de
1691 3242 1800 3308 ερί.
1828 3233 1874 3294 C
1909 3225 2143 3280 monium
2159 3241 2224 3280 ex
2257 3228 2515 3283 Psalterio
2537 3228 2788 3283 Davidico
2811 3240 3078 3298 sumptum
3109 3241 3188 3286 est
3213 3249 3225 3283 :
3251 3233 3476 3300 qualiter

223 3329 535 3384 ritualibus.
566 3331 656 3384 Illa
686 3329 1027 3397 promittebat
1070 3330 1360 3399 lungrevam
1387 3330 1545 3385 viam
1595 3338 1823 3400 tempo..

183 3429 188 3432 ·
223 3419 432 3484 ralem;
460 3419 800 3487 Evangelium
835 3420 1076 3476 concedit
1102 3421 1264 3474 vitam
1304 3422 1421 3474 sine
1449 3422 1553 3494 ﬁne
1580 3435 1801 3476 mansu-

223 3523 372 3562 ram.
391 3509 537 3573 Quw.
560 3507 793 3563 Subaudi
817 3510 976 3563 salus.
998 3510 1125 3564 Cum
1145 3511 1345 3564 initium
1361 3511 1638 3579 accepisset
1657 3529 1804 3565 enar-

222 3600 382 3653 randi
411 3617 501 3668 per
522 3599 815 3666 Dominum,
839 3599 901 3654 ab
921 3602 992 3654 eis
1013 3603 1097 3667 qui
1117 3602 1388 3654 audierunt
1419 3602 1470 3654 in
1491 3619 1588 3654 nos
1615 3605 1802 3671 conﬁr-

221 3700 373 3744 mata
400 3699 490 3745 est.
522 3690 679 3745 Salus
707 3706 832 3759 ergo
853 3707 970 3760 qua:
997 3691 1048 3744 in
1081 3691 1368 3759 Evangelia
1389 3693 1723 3760 continetur,
1770 3709 1817 3748 a-

227 3781 348 3836 Deo
376 3781 582 3851 accepit
607 3782 812 3836 initium
846 3783 1128 3837 enarrandi
1156 3798 1171 3838 :
1203 3785 1292 3852 qui
1316 3783 1428 3853 ipse
1452 3787 1680 3852 primum
1706 3800 1801 3840 au-

222 3872 494 3927 nuntiavit
513 3887 628 3927 eam
657 3887 747 3942 per
775 3875 1143 3943 semetipsum,
1168 3876 1351 3930 dicens
1375 3893 1389 3929 :
1424 3876 1796 3933 Pmuitentiam

220 3964 390 4032 agite,
407 3976 506 4018 etc.
524 4003 539 4029 ,
559 3972 612 4019 et
639 3980 652 4018 :
671 3965 769 4030 Qui
798 3965 1082 4020 crediderit
1104 3975 1158 4020 ει
1183 3967 1482 4035 baptizatus
1499 3968 1680 4036 fuerit,
1700 3971 1800 4024 sal-

224 4067 331 4107 vus
349 4052 473 4109 erit.
495 4053 694 4109 Deinde
710 4070 838 4109 vero
852 4056 1162 4110 conﬁrmata
1177 4068 1280 4123 est,
1297 4041 1397 4111 hoc
1409 4069 1492 4112 est
1505 4062 1702 4114 credita
1716 4070 1797 4115 est

219 4144 292 4198 ab
321 4145 404 4199 eis
430 4146 518 4214 qui
545 4147 828 4202 audierunt
849 4162 970 4202 eum
996 4164 1008 4202 :
1037 4147 1105 4201 ab
1127 4149 1385 4217 apostolis
1407 4150 1678 4218 videlicet,
1705 4154 1795 4222 qui

219 4249 348 4290 cum
375 4251 444 4291 eo
474 4223 684 4292 fuerunt
711 4248 763 4291 et
789 4239 1188 4294 successoribus
1230 4255 1414 4294 eorum
1450 4257 1462 4294 :
1495 4241 1597 4306 vel,
1622 4251 1790 4307 certe,

217 4329 563 4392 conﬁrmata,
587 4329 637 4383 id
650 4338 754 4395 est,
770 4321 1098 4385 consolidata
1109 4340 1212 4398 est,
1233 4339 1286 4385 et
1306 4330 1535 4400 perfecta
1558 4332 1610 4384 in
1641 4332 1796 4388 nobis

215 4418 286 4474 ab
311 4418 395 4472 eis
413 4421 501 4486 qui
526 4418 593 4472 ab
619 4420 734 4487 ipso
754 4419 980 4474 Domino
1000 4435 1116 4474 eam
1148 4431 1496 4494 perceperunt
1521 4439 1533 4474 :
1553 4424 1684 4492 quia
1709 4439 1794 4478 sa-

215 4507 326 4572 lus,
356 4522 476 4576 qua:
499 4520 592 4574 per
611 4508 863 4576 Spiritum
884 4519 1126 4563 sanctum
1151 4510 1302 4564 nobis
1328 4511 1447 4565 data
1465 4521 1567 4574 est,
1587 4528 1791 4581 perma-

1907 3319 2136 3388 loquitur
2149 3320 2212 3374 ad
2253 3321 2689 3377 Deum’Patrem:
2711 3324 2846 3390 Quid
2863 3333 2935 3378 est
2961 3325 3129 3380 homo.
3157 3326 3472 3395 Snpprche,

1903 3419 2103 3464 etcum
2133 3411 2387 3479 despectu
2422 3412 2871 3480 pronuntiandum
2901 3425 2984 3470 est
3035 3417 3196 3470 istud.
3231 3418 3363 3484 Quid
3396 3430 3478 3472 est

1905 3499 2106 3552 homo?
2133 3500 2354 3554 subaudi
2385 3501 2604 3570 fragilis,
2639 3505 2896 3574 mortalis,
2926 3505 3177 3570 caducus,
3205 3521 3253 3561 et
3280 3509 3368 3577 qui
3401 3525 3468 3563 es

1901 3594 2028 3649 Atla:
2046 3597 2096 3649 in
2128 3597 2291 3651 veteri
2319 3608 2534 3667 peccato
2554 3601 2790 3668 generali
2819 3603 3080 3671 pravitate
3096 3602 3500 3660 estdevinclua-

1906 3688 2056 3756 Quod
2081 3706 2268 3744 ntrtuor
2297 3707 2348 3746 es
2376 3693 2505 3759 eius.
2555 3693 2814 3750 Subaudit
2843 3713 2857 3749 :
2891 3697 2960 3751 ita
2995 3707 3046 3752 rt
3089 3699 3472 3754 misericordia:
3517 3755 3524 3763 _

1902 3793 2010 3834 sum
2065 3780 2204 3836 dona
2261 3782 2504 3852 largitur.
2563 3785 2854 3846 Sequitur:
2895 3789 2996 3840 Aut
3043 3790 3182 3855 ﬁlius
3232 3790 3468 3844 hominis.

1903 3868 2157 3936 Subaudi,
2187 3871 2309 3941 quid
2351 3871 2471 3928 est?
2496 3873 2606 3927 lloc
2636 3873 2778 3934 idem
2827 3876 3072 3932 doctores
3111 3878 3348 3934 referunt
3402 3881 3468 3934 ad

1900 3956 2191 4025 Clirfstum,
2225 3962 2311 4029 qui
2343 3962 2392 4016 iu
2429 3962 2717 4031 Evangelia
2746 3966 3040 4032 smpissimc
3073 3969 3259 4023 Filium
3295 3972 3470 4024 Immi-

1902 4046 2002 4108 nis,
2033 4047 2082 4100 id
2105 4057 2185 4102 est
2216 4048 2382 4104 ﬁlium
2423 4051 2598 4118 Mariae
2627 4068 2686 4117 se
2719 4063 2869 4108 vocat
2905 4071 2918 4107 ε
2961 4069 3022 4108 ac
3055 4065 3334 4130 prppterca
3371 4060 3471 4113 sub

1900 4137 2321 4208 interrogatione
2354 4156 2563 4196 sursum
2593 4143 2842 4213 erigenda
2865 4153 2948 4200 est
2977 4160 3074 4205 vox
3107 4163 3122 4200 :
3154 4157 3210 4201 et
3239 4157 3321 4203 est
3345 4165 3469 4203 sene

1900 4241 1991 4284 sus
2019 4245 2031 4279 :
2061 4230 2195 4296 Quid
2231 4233 2521 4296 promeruit
2551 4234 2641 4289 ille
2670 4234 2830 4289 homo
2869 4246 3172 4304 assumptus
3201 4253 3229 4291 a
3269 4240 3468 4303 Verbo,

1901 4327 1958 4372 ut
2010 4319 2175 4374 Filius
2225 4320 2316 4374 Dei
2369 4321 2856 4394 ﬁeret?Quodque
2901 4326 3177 4394 sequitur;
3214 4328 3468 4395 Quoniam

1901 4411 2074 4467 visitas
2112 4415 2264 4468 eum?
2299 4413 2363 4466 ad
2394 4429 2588 4484 ~genus
2633 4416 2918 4471 humanum
2964 4419 3241 4476 referunt:
3272 4421 3337 4475 de
3365 4437 3468 4488 quo

1899 4501 2055 4571 paulo
2098 4505 2343 4570 superius
2391 4506 2490 4560 sub
2542 4508 2759 4562 nomine
2817 4509 3046 4562 hominis
3092 4510 3290 4566 dictum
3345 4522 3464 4568 est:

215 4606 312 4651 net
333 4596 386 4650 in
414 4604 692 4650 mteruum.
720 4597 888 4654 Causa
913 4599 1224 4656 humilitatis
1245 4617 1393 4655 suam
1412 4603 1585 4672 jungit
1608 4619 1790 4672 perso-

1902 4591 2032 4656 Quid
2077 4601 2158 4647 est
2186 4593 2384 4648 homo?
2409 4596 2470 4649 Et
2501 4607 2582 4650 est
2618 4613 2808 4653 sensus
2836 4618 2848 4653 :
2881 4599 3030 4665 Quod
3077 4602 3262 4656 visitas
3300 4619 3469 4671 genus

211 4704 341 4744 nam
369 4703 493 4743 cum
524 4690 623 4754 eis,
651 4689 833 4745 dicens
866 4709 878 4746 :
913 4693 968 4747 In
997 4694 1150 4748 nobis
1174 4696 1484 4750 conﬁrmata
1514 4705 1598 4752 est
1623 4701 1690 4752 ab
1712 4699 1791 4753 eis
1841 4728 1844 4730 η

163 4836 172 4858 ξ
205 4781 304 4848 qui
347 4779 654 4834 audierunt.
686 4781 766 4836 Ad
797 4785 910 4837 haec
941 4767 1360 4855 poterat'aliqu‘s
1389 4787 1569 4843 dicere
1599 4806 1612 4843 :
1644 4790 1789 4854 Quo-

161 4869 172 4900 ῖ
211 4867 378 4922 modo
425 4870 739 4924 conﬁrmata
778 4882 860 4926 est
907 4873 974 4927 ab
1018 4875 1130 4928 eis?
1181 4875 1277 4930 Cui
1309 4878 1432 4932 ille:
1464 4879 1788 4936 Cantestame

159 4955 164 4964 '
212 4957 324 5011 Deo
345 4958 524 5029 signis,
557 4970 603 5012 et
634 4963 896 5030 portentis,
921 4975 969 5016 et
997 4964 1146 5017 uariis
1176 4966 1462 5033 rirtutibua,
1487 4977 1532 5021 et
1557 4968 1788 5035 Spiritus

207 5049 379 5101 sancti
436 5049 876 5107 distributionibus
940 5056 1215 5110 secundum
1268 5072 1412 5109 suam
1453 5059 1782 5114 voluntatem.

207 5140 535 5195 Conﬁrmata
560 5151 663 5210 est,
695 5145 884 5215 inquit,
911 5147 962 5200 in
993 5148 1145 5200 nobis
1171 5149 1236 5202 ab
1263 5149 1341 5204 eis
1364 5151 1454 5218 qui
1478 5151 1784 5218 audierunt,

206 5243 546 5288 contestante
587 5227 718 5300 Deo,
742 5236 796 5290 id
825 5247 905 5292 est
933 5239 1092 5292 simul
1124 5241 1484 5296 testimonium
1509 5245 1781 5313 praebente

203 5337 398 5380 eorum
433 5321 712 5390 doctrinm,
742 5335 796 5380 et
819 5329 1203 5395 prtedirationi,
1239 5346 1342 5384 non
1371 5348 1524 5400 voce,
1553 5335 1645 5389 sed
1669 5337 1780 5390 vir-

207 5418 344 5474 tute.
377 5418 430 5466 ει
449 5412 774 5468 exhibitione
801 5416 1191 5488 miraculorum,
1217 5433 1268 5476 et
1292 5423 1547 5479 varietate
1577 5428 1782 5496 lingua-

203 5515 329 5554 rum
361 5502 543 5568 :qnia,
603 5513 657 5557 ut
687 5505 900 5561 dicebat
950 5509 1140 5578 aliquis
1175 5515 1533 5580 apostolorum
1568 5528 1779 5574 mortuo

206 5590 294 5643 vel
323 5588 553 5657 inﬁrmo,
574 5591 765 5664 Surge,
789 5607 905 5651 esto
925 5599 1073 5653 vivus
1100 5609 1190 5654 aut
1218 5616 1375 5657 sanus
1401 5623 1412 5656 :
1439 5608 1616 5661 statim
1664 5625 1784 5664 sur-

207 5681 371 5750 gebat
411 5684 705 5740 incolumis.
728 5685 886 5756 Signa
916 5699 1110 5752 autem,
1156 5701 1209 5745 et
1254 5693 1511 5762 prodigia,
1542 5707 1598 5751 et
1622 5697 1785 5752 virtu-

207 5781 319 5838 tes,
351 5788 445 5842 pro
478 5791 582 5831 uno
631 5777 718 5864 b.’c
762 5779 1110 5849 accipiuntur.
1132 5781 1282 5849 Quod
1315 5799 1440 5839 vero
1471 5786 1770 5858 subjungit,

1169 5983 1196 6016 ’δ

1903 4681 2188 4738 humanum
2213 4699 2307 4753 per
2328 4684 2517 4740 Filium
2550 4695 2782 4754 tuum,et
2805 4698 3052 4757 perpetua
3081 4691 3286 4759 largiris
3309 4692 3468 4745 henc-

1901 4775 2040 4844 ﬁeia,
2075 4791 2177 4830 non
2208 4786 2291 4832 est
2315 4781 2559 4840 meritum
2591 4780 2748 4844 illius,
2776 4780 2867 4833 sed
2897 4789 2980 4834 tua
3005 4781 3169 4849 gratia
3195 4797 3208 4832 :
3241 4781 3466 4849 ideoque

1899 4867 2157 4930 subsistit,
2181 4868 2302 4937 quia
2327 4884 2357 4923 a
2387 4879 2436 4932 te
2464 4871 2724 4924 visitatur.
2755 4871 2996 4924 Visitatio
3021 4869 3084 4922 ad
3114 4869 3376 4924 medicum
3408 4881 3466 4924 et

1899 4956 1962 5007 ad
1989 4966 2247 5026 aegrotum
2275 4959 2507 5026 pertinet
2544 4977 2554 5010 :
2589 4975 2708 5012 nam
2736 4959 3051 5013 visitationis
3068 4959 3301 5013 ofﬁcium
3332 4960 3465 5014 dici-

1894 5053 1977 5097 tur
1999 5048 2114 5114 quis
2133 5047 2374 5102 medicus
2398 5049 2632 5116 implere,
2661 5051 2871 5117 «‘juando
2898 5050 2960 5102 ad
2991 5049 3263 5106 inﬁrmum
3290 5052 3464 5122 ingrc«

1892 5134 2076 5200 ditur;
2110 5146 2162 5192 et
2189 5152 2358 5206 genus
2391 5139 2701 5203 humanum,
2746 5139 2884 5207 quod
2928 5139 3196 5196 inﬁrmum
3247 5152 3301 5198 et
3345 5145 3460 5198 lan-

1892 5223 2112 5293 guidum
2145 5236 2282 5291 erat,
2309 5228 2446 5281 Deus
2471 5228 2626 5280 Pater
2652 5237 2776 5282 tunc
2801 5229 3054 5297 visitavit,
3087 5232 3296 5300 quando
3320 5235 3463 5288 misit

1893 5315 2086 5369 Filium
2125 5331 2304 5381 suum,
2329 5318 2418 5387 qui
2464 5317 2695 5372 Verbum
2723 5334 2846 5373 caro
2869 5322 3060 5376 factum
3087 5319 3184 5385 est,
3219 5333 3271 5376 et
3316 5323 3462 5375 habi-

1887 5408 2016 5462 tavit
2062 5407 2115 5461 in
2170 5409 2344 5462 nobis.
2397 5409 2468 5462 De
2512 5427 2612 5478 qua
2641 5409 2945 5466 visitatioue
2970 5412 3126 5466 etiam
3160 5411 3457 5465 Zacharias

1890 5515 2035 5576 pater
2065 5506 2202 5562 beati
2227 5506 2448 5562 Joannis
2477 5508 2547 5562 ait
2574 5525 2588 5564 :
2623 5508 2868 5564 Visitavit
2905 5525 3000 5564 nos
3031 5511 3206 5565 oriens
3229 5526 3291 5563 ex
3323 5511 3452 5563 alio.

1891 5608 2112 5674 Quidam
2143 5607 2392 5662 doctores
2444 5609 2546 5664 hoc
2598 5610 2734 5678 quod
2773 5610 2940 5663 dicit:
2973 5609 3111 5676 Quid
3143 5620 3224 5662 est
3273 5609 3456 5676 homo,

1890 5698 2030 5768 quod
2059 5712 2265 5753 memor
2293 5711 2352 5753 es
2396 5698 2546 5768 ejus;
2575 5707 2664 5754 aut
2692 5699 2831 5754 ﬁlius
2862 5691 3113 5764 hominis,
3165 5698 3297 5768 quid
3353 5714 3454 5766 est,

1890 5789 2135 5857 quoniam
2167 5787 2350 5844 visitas
2378 5805 2496 5845 cum
2518 5789 2540 5842 ?
2565 5799 2728 5844 totum
2779 5789 3017 5844 rcl‘vrunt
3061 5789 3125 5844 ad
3156 5805 3325 5860 genus
3355 5793 3452 5846 huc
