3910 6174
426 384 525 440 τρο

1527 380 1818 436 ΡῖὶΙΜΛΞῘΙ
1864 376 2311 435 ADiiUMETANl
2354 376 2562 431 [ωειλ.
3510 388 3588 443 730

428 512 664 560 omnum;
698 495 799 548 hoc
826 508 953 548 vero
982 493 1122 561 quod
1167 492 1404 561 sequitur
1432 492 1672 549 referunt
1704 491 1984 547 concordi-
2016 491 2065 549 A
2090 489 2463 556 voluntariam,
2488 488 2695 544 scilicet
2722 502 2818 558 per
2849 488 3026 554 ﬁdem,
3058 496 3114 546 et
3140 495 3486 561 necessariam,
3516 514 3594 568 qua

430 599 507 641 ter
529 588 591 639 ad
619 586 907 639 Christum.
946 585 1177 637 Minuisti
1196 601 1309 638 eum
1332 585 1485 655 paulo
1502 585 1663 637 minus
1685 587 1745 637 ab
1772 583 1986 651 angelis.

420 678 526 729 Per
558 686 793 728 mortem
830 674 1068 743 corporis
1098 663 1157 728 et.
1177 676 1457 744 opprobria
1511 675 1792 743 passioois,
1822 675 1989 727 mino-

432 783 538 819 rem
571 766 617 819 le
653 768 691 820 it
725 768 861 820 Deus
888 766 1044 820 Pater
1078 766 1268 819 Filium
1304 754 1462 819 suum
1500 764 1860 833 angelis,.qui
1908 777 1992 815 se-

429 857 657 910 cundum
699 858 1028 910 divinitatem
1060 860 1227 926 atqua‘
1244 858 1285 911 is
1332 858 1381 911 ci
1422 867 1538 912 erat
1569 856 1618 909 in
1650 858 1989 923 ontnipoten-

431 948 523 1010 tia,
550 947 670 1014 quia
720 948 889 1016 angeli
922 948 1244 1001 immortales
1273 957 1325 1002 et
1349 947 1701 1016 impassibiles
1728 947 1991 1001 existunt:

433 1039 733 1091 minoratus
769 1049 849 1092 est
878 1048 1076 1103 autem,
1134 1054 1239 1093 non
1290 1038 1621 1101 necessitate,
1656 1037 1751 1092 sed
1776 1046 1996 1105 sponta-

434 1147 532 1184 twa
556 1132 768 1199 pietate,
800 1132 932 1183 sicut
956 1131 1095 1183 idem
1137 1131 1408 1196 apostolus
1436 1131 1569 1182 alias
1584 1129 1703 1181 'ait:
1737 1127 1836 1194 Qui
1877 1142 1997 1182 eum

436 1223 488 1274 in
534 1224 698 1276 forma
733 1222 821 1275 Dei
846 1231 1005 1285 esset,
1050 1224 1394 1291 semetipsum
1426 1222 1737 1285 exinanivit,
1772 1221 1997 1275 formam

433 1315 571 1367 servi
602 1314 867 1382 accipiens
898 1330 910 1367 :
946 1314 1220 1383 factusque
1252 1323 1333 1368 est
1358 1316 1613 1369 obediens
1648 1314 1786 1368 Patri
1833 1328 2003 1382 usque

435 1404 498 1455 ad
530 1413 751 1457 mortem
780 1420 791 1454 :
817 1411 1039 1456 mortem
1070 1416 1247 1457 autem
1273 1405 1464 1457 erucis.
1496 1405 1576 1458 Ex
1602 1418 1661 1457 ea
1689 1404 1832 1458 enim
1855 1411 2004 1471 parte

437 1509 540 1558 qua
566 1494 699 1547 mori
728 1496 915 1560 potuit,
943 1505 1154 1546 creator
1183 1496 1492 1560 angelorum
1516 1496 1689 1550 minor
1730 1495 1898 1548 factus
1924 1503 2008 1548 est

438 1583 663 1651 angelis.
696 1582 836 1634 Bene
866 1591 1042 1634 autem
1074 1582 1205 1635 dixit
1237 1599 1249 1634 :
1286 1584 1451 1635 Paulo
1483 1584 1689 1638 minus:
1743 1584 1867 1652 quia
1906 1583 2007 1637 etsi

444 1672 667 1725 mortale
698 1686 890 1738 corpus
916 1672 1221 1740 assumpsit,
1265 1674 1467 1739 peccati
1515 1682 1688 1727 tamen
1747 1680 2008 1727 maculam

442 1778 545 1816 non
573 1761 775 1815 habuit.
799 1760 976 1815 Gloria
1005 1771 1049 1815 ct
1072 1764 1261 1817 ltonore
1290 1766 1545 1818 coronasti
1565 1781 1699 1817 eum.
1725 1762 2009 1820 Psalmista

2083 582 2298 656 cogitur
2324 581 2498 635 omnis
2526 588 2770 635 creatura
2822 581 3059 649 subjecta
3103 581 3224 638 esse
3249 600 3343 639 suo
3385 585 3595 644 Creatori.

2092 671 2189 726 ll.c
2211 686 2359 737 vero,
2390 670 2477 724 ubi
2500 670 2633 725 dixit
2659 688 2671 722 :
2702 670 2936 726 Necdum
2957 672 3198 727 videmus
3223 676 3389 730 omnia
3408 678 3598 744 subjects

2094 762 2141 816 ei
2176 781 2186 814 :
2220 754 2585 817 tantummodo
2611 763 2680 817 de
2737 762 3037 818 voluntaria
3060 765 3376 833 subiectione
3401 768 3597 833 accipere

2095 858 2352 909 debemus
2371 894 2385 918 ,
2416 868 2533 923 quae
2563 869 2658 923 per
2702 853 2862 911 ﬁdem
2903 864 3144 920 constat;
3174 872 3271 925 qua
3310 858 3357 910 in
3386 873 3488 911 eum
3513 874 3600 913 ere.

2096 946 2225 999 dure
2258 946 2467 998 nolunt.
2510 944 2645 1010 Quia
2667 945 2807 999 enim
2840 954 2965 1000 tunc
2987 949 3256 1015 temporis,
3285 949 3473 1017 quando
3495 954 3601 1018 Apo-

2096 1035 2264 1088 stolus
2287 1034 2387 1088 ista
2416 1026 2751 1103 loquebatur,
2768 1036 3079 1105 evangelica
3103 1037 3395 1105 przedicatio
3420 1040 3601 1094 necdum

2099 1134 2231 1193 pert
2269 1133 2377 1179 tum
2402 1123 2658 1177 mundum
2675 1123 2944 1192 divulgata
2960 1132 3105 1190 erat;
3130 1125 3436 1193 necdumque
3459 1141 3605 1183 omnes

2100 1215 2462 1284 praedestinati
2504 1215 2573 1269 ad
2614 1215 2775 1269 vitam
2814 1214 3127 1281 credebant,
3165 1224 3303 1270 recte
3332 1216 3446 1270 dicit
3464 1232 3603 1274 nunc:

2102 1306 2337 1361 Necdum
2361 1315 2485 1360 sunt
2524 1307 2574 1361 ei
2611 1309 2787 1361 omnia
2817 1308 3054 1375 subjecta
3078 1326 3090 1359 :
3117 1317 3169 1362 et
3197 1323 3295 1361 non
3318 1310 3468 1362 solum
3493 1320 3606 1376 tunc,

2104 1396 2196 1451 sed
2226 1397 2385 1450 etiam
2443 1396 2613 1451 adhuc
2651 1412 2836 1450 omnes
2872 1397 3228 1465 prcedestinati
3274 1413 3367 1451 non
3406 1399 3605 1455 credunt.

2110 1486 2238 1539 Eum
2267 1494 2455 1553 autem,
2489 1487 2573 1555 qui
2604 1486 2857 1538 modicum
2898 1501 3052 1554 quam
3079 1487 3245 1554 angeli
3276 1487 3608 1554 minoratttsest,

2106 1577 2333 1629 videmus
2358 1574 2557 1643 Iesum,
2589 1586 2790 1645 prapter
2810 1577 3094 1645 passionem
3114 1576 3303 1639 mortis,
3332 1576 3477 1647 gloria
3496 1577 3612 1629 etho-

2108 1681 2229 1719 nore
2259 1674 2578 1717 coronatum.
2606 1664 2702 1718 llic
2725 1672 2911 1735 aperte
2934 1664 3254 1729 manifestat,
3279 1665 3391 1732 quia
3414 1666 3553 1734 gloria
3574 1677 3614 1721 et

2110 1751 2282 1806 honor
2303 1751 2498 1807 Christi
2528 1768 2654 1807 crux
2687 1753 2799 1821 ejus
2829 1754 2949 1816 fuit,
2979 1769 3075 1822 pro
3099 1769 3198 1819 qua
3222 1753 3461 1809 modicum
3486 1756 3613 1810 mino-

447 1854 679 1921 loquitur
709 1854 773 1906 ad
824 1854 989 1907 Deum
1047 1854 1257 1907 Patrem
1288 1856 1356 1909 de
1383 1856 1681 1908 humilitate
1729 1864 1781 1909 et
1810 1856 2013 1909 esalta-
2047 1839 2089 1896 Β
2121 1852 2266 1897 “illis
2294 1853 2375 1897 εει
2414 1842 2482 1896 ab
2510 1843 2715 1911 angelis
2736 1882 2751 1907 ν
2788 1843 3078 1899 moriendo
3106 1860 3200 1913 1)το
3237 1854 3403 1898 "05"“
3450 1845 3613 1903 Μυῖα

453 1945 595 1997 tione
631 1943 767 2007 Filii,
814 1943 1036 1997 dicens:
1071 1943 1303 1997 Minuisti
1358 1946 1594 2014 (inquit)
1644 1944 1833 1999 Filium
1866 1952 2013 1999 tuum

451 2034 605 2099 paulo
634 2034 807 2087 minus
838 2036 903 2086 ab
933 2034 1158 2103 angelis,
1183 2034 1307 2089 dum
1329 2051 1451 2089 eum
1483 2037 1762 2091 mortalem
1789 2036 2010 2092 creasti:

447 2125 541 2180 sed
571 2127 692 2193 quia
724 2127 811 2181 ille
843 2128 933 2180 tibi
958 2128 1215 2183 obediens
1244 2130 1447 2185 exstitit
1478 2138 1646 2200 usqhe
1670 2132 1732 2183 ad
1766 2138 2011 2196 mortem,

447 2213 614 2281 gloria
642 2223 717 2267 ret
772 2219 971 2269 honore
1020 2218 1287 2271 coronasti
1336 2233 1479 2271 eum.
1515 2219 1643 2273 Tale
1689 2229 1769 2272 est
1805 2226 1859 2273 et
1890 2216 2017 2271 illud

446 2305 585 2370 quod
632 2305 916 2372 Apostolus
943 2306 1071 2360 dicit
1097 2308 1149 2360 in
1178 2309 1281 2361 alio
1332 2308 1473 2366 loco:
1530 2310 1753 2378 Propter
1790 2309 1931 2377 quod
1961 2320 2013 2366 et

451 2396 590 2449 Deus
640 2398 893 2453 exultavit
943 2400 1113 2464 iilum,
1147 2410 1199 2454 et
1224 2401 1371 2454 dedit
1412 2403 1487 2455 illi
1520 2417 1711 2457 nomen
1754 2402 1899 2471 quod
1931 2412 2013 2457 est

454 2486 613 2553 super
659 2503 815 2543 omne
847 2506 1060 2555 nomen,
1113 2500 1167 2545 ut
1200 2493 1249 2545 in
1279 2496 1495 2547 nomine
1530 2492 1654 2546 Jesu
1685 2508 1843 2547 omne
1872 2508 2011 2561 genu

450 2579 734 2645 lieetatur,
780 2580 1097 2647 cmlestium,
1174 2584 1499 2637 terrestrimn
1559 2594 1613 2638 et
1663 2585 2012 2638 infernorum.

450 2666 627 2720 Gloria
668 2684 792 2737 ergo
833 2672 1111 2726 coronavit
1148 2687 1269 2726 eum
1306 2674 1444 2729 Deus
1494 2674 1651 2729 Pater
1689 2675 1742 2728 in
1776 2689 2018 2729 resurre—

449 2755 644 2820 ctione,
691 2758 893 2815 honore
924 2770 1100 2815 autem
1161 2763 1211 2816 in
1267 2766 1603 2832 ascensione,
1645 2765 1859 2834 quando
1890 2782 2019 2835 qua-

450 2849 749 2917 dragesimo
779 2852 866 2906 die
888 2854 1298 2909 resurrectionis
1335 2870 1444 2909 sua:
1472 2856 1723 2909 exultavit
1751 2857 1895 2909 illum
1925 2871 2014 2910 su-

452 2956 546 3005 per
567 2955 780 2995 omnem
814 2953 1136 2999 creaturam.
1172 2946 1339 3001 Aliter
1369 2963 1380 2998 :
1417 2944 1596 2999 Gloria
1624 2957 1907 3001 coronatus
1939 2956 2021 3001 est

453 3032 501 3081 in
531 3032 866 3087 multitudine
897 3035 1232 3089 credentium
1268 3053 1282 3094 :
1317 3038 1590 3100 videlicet,
1635 3054 1752 3091 cum
1788 3046 1906 3105 post
1930 3054 2019 3093 re-

2124 1934 2269 1988 unde
2297 1941 2348 1986 et
2386 1933 2674 2001 Apostolus
2724 1932 2847 1987 alibi
2900 1949 3025 1988 cum
3075 1933 3326 1989 dixisset:
3358 1934 3521 1988 Factus
3556 1946 3615 1989 Cal

2122 2021 2377 2078 obediens
2402 2022 2544 2076 Patri
2574 2036 2741 2091 usque
2761 2022 3100 2088 admortem,
3124 2032 3342 2078 mortem
3363 2033 3509 2077 autem
3530 2039 3611 2078 cm-

2123 2112 2229 2177 cis,
2278 2113 2459 2167 statim
2514 2112 2829 2168 subsecutus
2858 2121 2942 2168 est
2962 2114 3185 2168 dicens:
3218 2114 3424 2185 Propter
3440 2115 3554 2184 quod
3579 2127 3615 2170 et

2126 2203 2265 2257 Deus
2293 2203 2545 2257 cxaltavit
2567 2202 2809 2269 illum,et
2836 2205 3060 2258 donavit
3087 2206 3164 2258 illi
3189 2221 3370 2261 nomen
3414 2207 3529 2276 quod
3559 2219 3617 2261 est

2123 2307 2284 2361 soper
2312 2307 2469 2347 omne
2491 2306 2685 2347 nomen
2717 2309 2731 2345 :
2759 2295 2834 2348 sic
2863 2293 3030 2348 etiam
3060 2294 3173 2363 ipse
3197 2295 3431 2349 Dominus
3471 2310 3613 2363 provo‘

2123 2384 2278 2438 cabat
2304 2399 2419 2438 eam
2450 2383 2633 2437 dicens
2664 2398 2678 2436 :
2705 2383 2771 2437 Ut
2793 2383 3129 2451 glorificetur
3157 2384 3317 2439 Filius
3340 2383 3551 2438 hominis.
3576 2384 3616 2437 Si

2125 2476 2212 2530 ille
2238 2477 2325 2544 qui
2370 2476 2629 2529 Dominus
2670 2482 2769 2539 est,
2812 2490 2874 2529 ea
2897 2490 3019 2543 qua:
3049 2490 3146 2543 pro
3175 2476 3337 2529 servis
3363 2488 3518 2543 passus
3552 2482 3613 2526 est

2117 2565 2338 2634 gloriazu
2364 2573 2535 2630 vocat,
2590 2563 2755 2616 multo
2783 2564 2949 2632 magis
2975 2572 3056 2627 tu,
3084 2564 3263 2631 homo,
3289 2579 3396 2634 qua:
3437 2577 3515 2632 pro
3538 2562 3619 2615 Deo

2123 2654 2339 2724 pateris,
2374 2655 2466 2709 tibi
2499 2652 2573 2708 ail’
2582 2655 2802 2724 gloriam
2833 2655 3105 2723 pertinere
3128 2658 3474 2724 sempiternam
3498 2655 3612 2708 dubi-

2126 2756 2237 2800 tare
2266 2759 2374 2798 non
2426 2743 2610 2797 debes.
2636 2742 2797 2808 Eum,
2828 2742 3074 2812 inquam,
3106 2743 3157 2797 id
3185 2753 3264 2799 est
3301 2743 3477 2807 Jrsum,
3514 2741 3620 2795 vide-

2125 2852 2245 2891 mus
2292 2844 2627 2901 coronatum,
2658 2850 2763 2888 non
2820 2834 2997 2888 oculis
3040 2835 3332 2904 corporeis,
3372 2835 3452 2888 sed
3496 2832 3621 2886 oculis

2129 2926 2343 2994 mentis,
2359 2926 2482 2980 dum
2507 2925 2659 2980 sedet
2682 2928 2733 2978 in
2754 2924 3090 2993 plenitudine
3114 2935 3338 2995 paternae
3365 2923 3615 2994 maiestatis.

2134 3019 2200 3074 Ut
2230 3020 2398 3088 gratia
2448 3017 2540 3071 Dei
2566 3033 2657 3086 pro
2688 3016 2921 3069 omnibus
2973 3027 3205 3086 gustaret
3229 3028 3438 3071 mortem.
3486 3014 3622 3069 Gratia

452 3124 800 3179 surrectionis
829 3127 1155 3193 triumphum
1191 3127 1563 3183 haereditatem
1603 3128 1767 3183 totius
1814 3129 2019 3196 mundi,
2050 3159 2097 3221 ρ
2130 3111 2223 3221 Beli
2272 3109 2446 3221 Ρθίτξξ
2490 3108 2793 3221 θξῖνίξηξλίυν
2822 3107 3108 3221 limus?"
3149 3108 3282 3221 (ἱξωά
3325 3106 3623 3221 “mia-Pio

455 3213 506 3265 in
539 3215 639 3268 hoc
668 3218 805 3284 quod
838 3217 997 3269 homo
1040 3226 1158 3284 est,
1202 3219 1443 3287 accepit;
1490 3219 1688 3273 honore
1718 3227 1925 3289 autem,
1968 3220 2021 3273 in

453 3303 786 3361 confessione
815 3316 1029 3362 aeterna:
1061 3308 1370 3377 majestatis,
1397 3309 1497 3363 hoc
1516 3320 1597 3365 est
1627 3310 1680 3364 in
1710 3326 1774 3365 eo
1801 3311 1940 3379 quod
1970 3312 2023 3365 in
2052 3306 2053 3309 “

459 3397 782 3463 ιιιρηίῑιιάίηβ
834 3412 1069 3468 paterna:
1100 3400 1281 3469 gloria:
1326 3401 1545 3456 habitat.
1598 3399 1665 3454 Et
1719 3403 2023 3456 constituisti

456 3503 572 3539 eum
591 3505 741 3556 super
767 3506 917 3557 opera
937 3507 1177 3544 manuum
1204 3502 1428 3548 tuarum.
1457 3494 1556 3548 Per
1578 3494 1677 3549 hoc
1699 3495 1837 3562 quod
1864 3494 2024 3548 homo

458 3577 627 3631 laetus
651 3591 754 3645 est,
784 3582 1104 3637 constitutus
1125 3591 1207 3637 est
1244 3597 1289 3646 α,
1322 3584 1433 3639 Deo
1460 3584 1615 3641 Patre
1658 3601 1820 3654 super
1862 3581 2024 3654 opera

460 3667 677 3721 visionis
710 3686 722 3720 :
751 3684 915 3739 super
952 3672 1187 3726 caelestia
1237 3673 1502 3741 videlicet,
1537 3682 1589 3729 et
1645 3676 1937 3739 terrestria,
1973 3684 2026 3729 et

458 3760 689 3826 inferna;
716 3762 804 3827 qui
820 3764 1105 3819 secundum
1122 3764 1410 3821 divinitatis
1433 3768 1718 3836 potentiam
1743 3768 1875 3823 sicut
1903 3781 2023 3821 cum

462 3850 569 3905 Deo
597 3852 749 3905 Patre
776 3854 947 3907 omnia
978 3863 1275 3921 creaverat,
1307 3857 1375 3909 ita
1406 3872 1525 3910 cum
1573 3856 1664 3910 illo
1694 3856 1873 3922 omnia
1907 3870 2026 3923 pos-

459 3940 685 3993 sitlcbat.
741 3941 975 3998 Dicenda
1033 3945 1175 3999 enim
1228 3960 1244 3998 :
1293 3946 1625 4000 Constituisti
1690 3960 1810 4000 eum
1868 3961 2029 4014 super

458 4043 615 4096 opera
648 4045 896 4085 manuum
922 4042 1147 4099 tuarum,
1195 4037 1369 4089 omnis
1412 4047 1655 4090 creatura
1705 4046 2032 4092 monstratur

459 4136 576 4175 esse
602 4122 836 4192 subjecta
866 4126 940 4180 illi
962 4143 974 4191 ;
1005 4126 1123 4195 quia
1141 4130 1277 4183 sicut
1306 4129 1468 4183 verbo
1490 4129 1668 4183 omnia
1693 4139 1867 4183 creata
1885 4139 2027 4194 sunt,

460 4212 527 4262 ita
559 4212 649 4266 ille
678 4216 835 4267 homo
865 4229 1168 4285 assumptus
1199 4236 1229 4273 a
1259 4221 1421 4274 verbo
1449 4235 1570 4274 cum
1601 4220 1763 4276 verbo
1797 4220 2031 4291 possidet

460 4306 657 4372 ontnia.
681 4305 865 4361 Omnia
886 4310 1141 4379 subjeciin
1171 4311 1262 4363 sub
1287 4313 1495 4379 pedibus
1517 4315 1646 4379 (jus.
1676 4314 1729 4366 Id
1760 4322 1841 4367 est
1869 4321 2027 4366 acter-

463 4394 611 4446 nitati
636 4395 772 4448 illus
799 4406 853 4449 et
883 4401 1154 4466 pote~tati,
1178 4411 1229 4453 ut
1254 4402 1425 4456 omnis
1448 4412 1695 4457 creatura
1721 4405 1868 4457 illum
1894 4405 2031 4456 ado—

465 4492 565 4536 ret.
600 4486 663 4537 Et
685 4485 784 4540 hoc
805 4498 885 4541 est
914 4491 1053 4557 quod
1085 4493 1196 4558 ipse
1223 4501 1338 4559 post
1367 4496 1775 4550 resurrectionis
1803 4496 2026 4565 glosiam

2128 3200 2284 3255 Patre
2305 3200 2469 3269 gratis
2497 3200 2566 3252 sit
2595 3199 2771 3262 datus,
2809 3207 2864 3252 et
2891 3200 3037 3266 quod
3068 3199 3234 3269 gratis
3256 3213 3344 3267 pro
3370 3198 3497 3252 nobis
3515 3210 3624 3248 mur-

2127 3300 2232 3347 tem
2263 3289 2543 3355 sustinuit;
2573 3305 2677 3343 uou
2701 3290 2843 3345 enim
2874 3290 3173 3345 debebatur
3195 3290 3339 3344 nobis
3366 3295 3520 3354 nostro
3543 3299 3623 3341 me-

2128 3385 2251 3448 rito,
2282 3393 2339 3435 ut
2384 3381 2551 3435 Filius
2577 3381 2667 3434 Dei
2700 3395 2795 3450 pro
2843 3382 3000 3436 nobis
3033 3389 3267 3451 gustaret
3313 3388 3533 3441 mortem,
3554 3375 3621 3427 sel

2122 3472 2376 3528 inell'abili
2424 3472 2591 3542 gratia
2650 3471 2751 3525 hoc
2801 3471 2945 3526 fecit.
2996 3471 3149 3539 Quod
3207 3481 3373 3525 autem
3412 3467 3533 3529 dicit,
3558 3478 3626 3531 pro

2122 3564 2367 3618 omnibus
2416 3564 2566 3618 illum
2621 3573 2866 3632 gustasse
2915 3573 3175 3627 mortem,
3209 3565 3404 3631 quidam
3432 3563 3627 3612 doctores

2132 3658 2200 3711 ita
2232 3656 2475 3712 absolute
2500 3656 2824 3729 intelligunt,
2857 3666 2913 3711 ut
2942 3655 3173 3721 dicatur,
3208 3672 3300 3726 pro
3322 3652 3533 3710 omnibus
3556 3664 3626 3717 pro

2132 3750 2322 3817 quibus
2348 3750 2598 3817 gustavit,
2630 3749 2680 3803 id
2705 3757 2787 3803 est
2810 3763 2905 3816 pro
2925 3749 3140 3814 electis,
3170 3749 3232 3801 ad
3254 3749 3402 3801 vitam
3428 3753 3624 3799 internum

2135 3840 2549 3910 przrdestinatis.
2583 3841 2650 3893 At
2674 3854 2802 3893 vero
2830 3839 3052 3908 quidam
3088 3840 3157 3893 ita
3200 3838 3486 3908 generaliter
3523 3831 3626 3884 acci-

2128 3931 2294 3998 piunt,
2338 3940 2392 4007 ut
2437 3930 2664 3995 dicatur,
2714 3943 2810 3997 pro
2878 3930 3133 3983 omnibus
3176 3937 3397 3982 mortuus
3419 3935 3511 3985 est;
3538 3921 3627 3974 licet

2128 4037 2315 4079 Omnes
2358 4038 2465 4078 non
2509 4024 2802 4079 salveutur.
2851 4025 2920 4080 Et
2964 4024 3095 4094 quid
3135 4026 3178 4079 si
3227 4035 3399 4078 omnes
3426 4033 3511 4072 non
3542 4026 3628 4067 cre-

2134 4116 2165 4168 d
2196 4115 2302 4169 .nt?
2334 4116 2420 4169 ille
2443 4125 2618 4170 tamen
2647 4116 2788 4184 quod
2817 4131 2971 4169 suum
3006 4125 3143 4179 erat,
3167 4114 3305 4169 fecit.
3331 4110 3463 4165 Unde
3487 4110 3629 4159 beatus

2136 4210 2367 4279 Prosper
2400 4210 2535 4264 hanc
2572 4212 2719 4279 ponit
2748 4210 3158 4266 similitudinem
3185 4210 3306 4264 :Est
3335 4204 3525 4276 quilibet
3546 4211 3629 4251 me-

2135 4299 2377 4355 dicorum
2408 4302 2782 4369 peritissimus,
2813 4301 2903 4369 qui
2933 4303 3157 4356 veniens
3209 4302 3259 4354 in
3286 4300 3522 4353 civitatem
3559 4305 3627 4357 p0-

2140 4393 2405 4459 pulosam,
2440 4391 2526 4444 ubi
2567 4391 2716 4444 multi
2749 4391 2942 4444 inﬁrmi
2977 4392 3257 4456 habentur,
3304 4391 3527 4454 temperat
3562 4393 3647 4463 po-r

2139 4485 2337 4538 tionem
2370 4492 2554 4537 contra
2577 4484 2754 4537 oinnia
2778 4497 2973 4551 genera
3007 4482 3385 4542 intirmitatum,
3412 4484 3458 4529 ct
3480 4483 3629 4526 como.

463 4588 728 4642 apparens
758 4577 891 4632 dixit
920 4544 997 4633 eis
1027 4599 1039 4632 :
1065 4544 1192 4635 Data
1221 4544 1303 4636 est
1339 4585 1466 4637 mihi
1491 4588 1664 4641 omnis
1713 4544 1944 4655 potestas
1974 4588 2027 4641 in
2054 4544 2108 4606 Β
2134 4586 2221 4630 cal
2253 4590 2459 4639 omnes.
2486 4576 2672 4645 dicens
2698 4592 2712 4629 ε
2746 4575 2957 4642 νεηῖιθ,
2980 4590 3169 4629 omnes
3198 4572 3383 4642 Ρορυίίν
3411 4567 3486 4635 αιιῖ
3510 4559 3630 4617 Varii“

463 4666 599 4745 cmlo
622 4673 671 4717 et
702 4665 752 4719 in
788 4679 945 4723 terra.
980 4671 1048 4723 In
1071 4688 1127 4725 eo
1167 4675 1299 4725 enim
1330 4676 1461 4739 quod
1510 4678 1676 4729 omnia
1710 4679 1755 4729 ei
1792 4679 2025 4749 subjnc't,

464 4755 593 4809 ni'til
637 4756 827 4813 dimisit
872 4777 972 4815 non
1000 4764 1277 4833 subjertum
1302 4766 1368 4817 ei.
1420 4765 1473 4818 In
1515 4780 1600 4827 eo,
1632 4765 1680 4819 id
1733 4776 1814 4819 cst
1844 4768 1895 4820 in
1929 4768 2030 4821 hoc

462 4847 623 4911 dono,
654 4848 736 4901 vel
769 4848 926 4914 facto,
958 4852 1095 4920 quod
1143 4853 1191 4905 ei
1232 4854 1407 4907 omnia
1448 4853 1693 4921 subjecit,
1741 4871 1838 4908 nec
1866 4857 2031 4911 cmic-

463 4938 565 4989 stia
597 4939 804 4993 videtur
850 4941 1151 5009 excepisse,
1210 4956 1305 4995 nec
1351 4944 1623 4996 terrestria
1652 4959 1666 4996 :
1699 4952 1757 4995 ut
1803 4936 2027 5010 diceret,

470 5038 589 5094 post
614 5030 903 5097 angelicam
929 5041 1257 5097 creaturam;
1283 5034 1376 5086 sed
1402 5033 1471 5086 ita
1496 5032 1781 5101 conclusit,
1808 5033 1990 5088 dicens
2016 5052 2028 5086 :

468 5120 653 5171 Omnia
673 5122 891 5189 subjecit
917 5126 990 5177 ei.
1019 5123 1172 5178 Nunc
1192 5134 1359 5178 autem
1375 5124 1589 5178 necdum
1618 5126 1843 5178 uidemus
1866 5126 2034 5178 omnia

465 5210 690 5280 subjecta
719 5229 823 5265 esse
843 5216 905 5267 ei.
939 5216 1071 5279 Quid
1095 5216 1237 5271 enim
1267 5218 1403 5286 quod
1426 5217 1611 5272 beatus
1637 5217 1923 5285 Apostolus
1957 5219 2034 5271 lo—

465 5302 683 5371 qui‘ur?
714 5302 844 5356 Nam
874 5320 991 5358 eum
1034 5306 1276 5373 dixisset,
1308 5308 1485 5362 omnia
1526 5307 1763 5376 subjecta
1792 5308 2027 5373 Christo,

467 5396 644 5447 statim
686 5394 996 5459 subintulit,
1040 5396 1263 5450 dicens:
1296 5399 1443 5452 Nunc
1481 5409 1656 5453 autem
1688 5396 2035 5452 nondumvi-

465 5487 653 5544 demus
682 5490 857 5544 omnia
887 5490 1125 5559 subjecta
1155 5492 1224 5544 ei.
1254 5491 1307 5545 Si
1338 5494 1514 5546 omnia
1539 5502 1665 5546 sunt
1699 5492 1935 5561 subjecta
1960 5492 2029 5554 ei,

466 5581 733 5647 quomodo
757 5596 860 5636 non
892 5582 1173 5650 subjecta?
1222 5583 1620 5651 Intelligendum
1663 5592 1745 5637 est
1775 5598 1902 5651 ergo
1933 5582 2034 5637 hoc

470 5668 647 5731 modo,
674 5678 727 5721 ut
757 5670 1021 5738 superius,
1055 5672 1141 5725 ubi
1181 5668 1349 5725 dixit:
1383 5673 1520 5726 Nihil
1550 5674 1749 5727 dimisit
1772 5689 1875 5726 non
1912 5673 2038 5726 sub-

470 5755 665 5822 jectum
691 5761 761 5823 ei,
788 5762 1141 5832 inte'ligamus
1171 5766 1521 5820 univcrsa'cm
1542 5766 1948 5833 subiectionem,
1980 5773 2034 5819 et

2137 4668 2534 4722 inﬁrmitatibus
2563 4667 2835 4733 laboratls,
2892 4676 2946 4722 et.
2994 4667 3163 4721 bibite
3204 4680 3270 4719 ex
3321 4664 3409 4716 hac
3448 4656 3628 4726 potione.

2138 4776 2298 4829 quam
2333 4773 2493 4825 causa
2518 4759 2705 4813 salutis
2725 4767 2915 4812 vestrae
2940 4757 3230 4826 przeparavi
3256 4773 3267 4808 :
3292 4749 3499 4821 spondeo
3516 4743 3634 4797 vobis

2137 4867 2259 4906 cum
2287 4850 2639 4905 obtesmtione
2667 4849 2804 4919 quod
2834 4851 2876 4902 si
2904 4848 3022 4917 quis
3049 4847 3236 4900 biberit
3260 4859 3319 4897 ex
3346 4856 3400 4895 ea
3426 4831 3629 4890 medelam

2139 4940 2315 4995 statim
2347 4939 2601 5009 consequi
2635 4940 2943 4993 Increbitur.
2972 4938 3070 5002 Qui
3093 4935 3307 4989 credunt
3335 4928 3485 4984 verbis
3511 4924 3627 4979 illius,

2138 5030 2417 5095 accedunt,
2433 5030 2618 5083 bibunt
2633 5038 2684 5084 et
2705 5039 2987 5093 sanantur;
3004 5028 3090 5096 qui
3114 5040 3239 5078 vero
3259 5015 3628 5077 renuuntltibcre.

2142 5140 2245 5178 non
2275 5134 2548 5187 sanantur,
2579 5122 2672 5176 sed
2704 5123 2757 5176 in
2804 5136 2898 5175 sua
2929 5120 3236 5174 inﬁrmitate
3277 5110 3626 5169 eontabescunt.

2143 5222 2408 5286 Quantum
2439 5228 2569 5284 ergo
2595 5214 2662 5267 ad
2708 5212 2899 5269 medici
2940 5211 3272 5266 devotionem
3327 5202 3629 5290 pertinenti“?

2141 5283 2376 5364 omnium
2423 5283 2635 5360 illorum
2682 5305 2853 5358 salute
2897 5302 3163 5371 potionem
3204 5283 3629 5379 temporaria-liciti

2141 5416 2246 5454 non
2277 5398 2466 5468 prosit,
2500 5397 2600 5451 nisi
2628 5396 2711 5449 his
2733 5395 2819 5463 qui
2852 5409 2914 5447 ex
2943 5407 3004 5447 ea
3034 5392 3313 5444 biberunt:
3345 5384 3410 5437 ita
3430 5386 3475 5433 et
3507 5372 3626 5427 Chri-

2142 5467 2288 5553 stus,
2308 5496 2560 5555 quantum
2591 5487 2643 5540 in
2679 5499 2737 5538 se
2760 5485 2877 5547 fuit,
2902 5498 2999 5552 pro
3020 5479 3263 5531 omnibus
3305 5467 3623 5558 mortuutt‘esnh

2138 5554 2442 5649 quanquam
2475 5591 2580 5631 non
2607 5575 2773 5645 prosit
2793 5575 2908 5644 ejus
2940 5570 3134 5643 passio,
3161 5568 3256 5633 nisi
3276 5554 3627 5648 solummodoiis

2138 5672 2227 5741 qui
2256 5671 2307 5724 in
2340 5684 2459 5723 eum
2494 5668 2716 5721 credere
2737 5667 2941 5719 volunt.
2971 5661 3241 5727 Simulque
3264 5650 3516 5709 notandum
3537 5651 3626 5739 quia

2141 5781 2244 5822 non
2270 5763 2403 5819 dixit
2432 5760 2714 5830 Apostolus
2748 5777 2757 5809 τ
2792 5753 3061 5824 Subjacuit
3111 5748 3279 5813 morti,
3311 5742 3394 5799 sed
3421 5742 3624 5808 proprie:

2734 5958 2749 5981 ι
