3910 6174
332 396 429 452 τοι

1179 391 1245 448 ιΝ
1287 390 1664 446 bl'lSTOLMl
1705 390 1793 446 AD
1829 386 2163 444 ﬂEBRrEOS
2203 382 2711 442 COMMENTARlA.

3463 382 3570 439 709.

327 508 578 565 Custavit
610 525 712 561 mut
730 514 855 572 tem,
887 520 981 575 per
1008 504 1146 575 quod
1183 505 1521 559 velocitatem
1551 502 1898 559 resurrectio-
1927 504 1967 561 Α
1998 494 2175 554 Pilius
2197 500 2408 569 quando
2445 500 2703 569 apostolis
2727 500 2958 553 reversis
2991 498 3058 554 dc
3089 500 3467 569 prmdimtione
3492 500 3571 552 di-

332 602 423 654 nis
448 598 612 653 voluit
656 594 1147 650 ostenderezbrevi
1180 595 1375 649 ctenim
1436 603 1673 660 tempore
1729 600 1901 645 morte

334 691 510 744 teneri
543 689 748 755 potuit,
782 693 838 739 et
880 699 939 739 ea
968 684 1171 738 devicta
1202 682 1482 737 confestim
1524 683 1695 735 victor
1723 694 1902 734 resur-

330 777 494 831 rexit.
540 774 756 827 Decebat
780 774 919 833 enim
958 787 1071 825 eum
1117 779 1321 837 praptsr
1360 769 1709 837 quemomnia
1738 776 1782 819 et
1815 781 1904 832 per

321 885 483 939 quem
511 867 702 931 omnia,
740 866 824 931 qui
855 865 1039 916 multos
1081 862 1216 930 filios
1240 863 1292 913 in
1330 861 1545 929 gloriam
1592 859 1896 918 adduxerat,

322 966 597 1011 auctorem
640 955 819 1007 salutis
858 968 1032 1006 eorum
1066 966 1416 1004 consummare
1458 964 1547 1016 per
1595 949 1902 1019 passionem.

327 1048 562 1103 Dicebat
592 1045 809 1117 (inquit)
835 1059 954 1098 eum
981 1051 1249 1097 auctorem
1285 1041 1485 1095 scilicet
1509 1049 1560 1093 ct
1589 1039 1775 1092 salutis
1814 1052 1902 1091 eo.

328 1154 462 1192 rum
495 1152 587 1205 per
618 1121 917 1203 paSsioucm
967 1146 1359 1195 consummare,
1416 1130 1465 1183 id
1521 1138 1603 1183 est
1646 1129 1907 1197 perﬁcere

328 1228 580 1282 omnium
608 1226 831 1280 salutem
874 1220 968 1290 per
993 1222 1291 1291 passionem
1322 1219 1552 1284 Christi,
1585 1220 1671 1288 qui
1703 1225 1785 1271 est
1814 1233 1905 1270 ano

332 1329 463 1375 ctor
489 1318 724 1371 omnium
752 1315 936 1369 salutis
965 1313 1319 1379 credentium,
1343 1320 1397 1366 et
1431 1311 1521 1379 qui
1551 1318 1675 1363 ante
1706 1307 1908 1378 passio-

337 1426 471 1465 num
494 1424 642 1464 suam
676 1408 873 1462 multos
901 1405 1039 1459 ﬁlios
1066 1405 1344 1470 adeptivos
1380 1404 1680 1456 adduxerat
1708 1402 1759 1454 in
1791 1401 1911 1469 glo-

334 1503 480 1555 riam
512 1500 653 1563 ﬁdei,
682 1499 794 1567 spei
843 1505 896 1551 et
926 1496 1235 1559 cbaritatis;
1270 1494 1358 1559 qui
1385 1501 1585 1547 certam
1626 1506 1777 1558 spem
1811 1491 1910 1544 ha-

338 1592 542 1645 bebant
564 1590 750 1660 gaudia
775 1587 956 1657 patriae
978 1587 1235 1647 ccclestis,
1267 1594 1320 1639 et
1342 1584 1703 1637 hmreditatem
1731 1581 1910 1635 interni

340 1675 489 1742 regis
527 1686 587 1727 se
619 1686 775 1741 posse
822 1672 1131 1741 percipere:
1167 1670 1248 1723 vei
1288 1676 1434 1722 certe
1488 1681 1581 1735 per
1608 1666 1907 1734 passionem

344 1763 572 1817 decebat
600 1778 720 1816 eum
754 1761 1007 1830 perﬁcere
1036 1760 1211 1812 omnia
1261 1773 1380 1827 quae
1412 1757 1477 1810 de
1510 1757 1599 1810 illo
1629 1755 1915 1822 prmdicata

2008 590 2411 645 sit:Conﬁteor
2438 591 2552 665 tibi,
2588 591 2743 643 Pater
2776 590 2997 643 Domine
3038 593 3159 644 οωιὶ
3201 601 3253 645 et
3304 601 3479 655 terrae,
3516 592 3566 644 id

2005 694 2105 744 est.
2137 683 2290 736 laudo
2322 693 2392 745 te,
2443 692 2496 737 et
2538 683 2814 751 gloriﬁco:
2840 681 2959 750 quia
3014 683 3332 736 abscondisti
3386 685 3497 737 hinc
3535 698 3564 735 a

2007 773 2343 840 sapientibus
2376 782 2427 827 et
2452 773 2819 841 prudentibus.
2844 782 2896 826 et
2928 773 3176 826 revelasti
3220 788 3277 826 ea
3312 775 3565 839 parvulis.

2012 862 2127 927 Ipse
2156 877 2364 929 quoque
2392 863 2444 917 in
2468 863 2644 916 medio
2668 862 2918 917 Ecclesiae
2948 862 3122 916 laudat
3150 862 3312 916 Deum
3337 862 3568 921 Patrem.

2012 953 2137 1006 dum
2168 953 2350 1006 ﬁdeles
2381 954 2573 1022 quique
2603 954 2719 1019 ejus
2751 954 2993 1019 passione
3024 952 3303 1018 redempti,
3350 952 3571 1020 ejusque

2017 1045 2329 1113 baptismate
2354 1045 2536 1109 abluti,
2570 1044 2863 1099 indefessas
2889 1046 3071 1099 laudes
3101 1048 3207 1100 Deo
3250 1045 3392 1099 Patri
3435 1047 3575 1100 refe-

2018 1143 2139 1187 runt
2179 1135 2340 1188 corde
2382 1145 2433 1189 et
2490 1149 2669 1203 opere.
2706 1136 2796 1188 llis
2824 1145 2998 1189 autem
3051 1138 3219 1190 trilms
3263 1137 3431 1190 modis
3458 1138 3572 1190 lau—

2010 1224 2212 1278 dandus
2260 1233 2342 1278 est
2374 1226 2531 1279 flens.
2584 1226 2645 1276 Et
2676 1227 2851 1278 iterum
2874 1267 2886 1278 .
2921 1225 3029 1296 Ego
3060 1244 3147 1280 ero
3178 1229 3338 1292 ﬁdens
3366 1228 3416 1279 in
3445 1244 3574 1279 eum.

2014 1314 2121 1366 Hoc
2152 1322 2251 1379 est,
2278 1315 2331 1366 in
2363 1313 2524 1367 Deum
2557 1314 2790 1366 Patrem.
2828 1315 2937 1369 Vox
2971 1326 3046 1368 est
3075 1317 3189 1370 Filii
3241 1316 3331 1369 Dei
3381 1317 3445 1368 de
3474 1318 3578 1369 Deo

2016 1404 2171 1459 Patre
2193 1404 2537 1458 humanitatis
2579 1405 2880 1472 loquentis:
2914 1421 3032 1458 nam
3066 1401 3223 1460 homo
3249 1415 3526 1473 susceptus
3551 1421 3578 1457 a

2000 1492 2181 1547 Verbo
2207 1493 2756 1548 totamconﬁdentiam
2783 1509 2931 1548 suam
2964 1496 3015 1548 in
3050 1497 3215 1548 Deum
3250 1498 3455 1549 Patrem
3490 1511 3583 1564 po-

1974 1654 1981 1663 ‘
2018 1585 2170 1641 sitam
2204 1586 2468 1640 habebat:
2495 1588 2636 1640 unde
2654 1588 2895 1640 dicebat:
2922 1587 3098 1650 Pater,
3125 1590 3358 1653 g'oriﬁca
3389 1603 3580 1641 nomen

2022 1688 2187 1731 tuum.
2213 1678 2275 1730 Et
2300 1692 2393 1744 pro
2423 1677 2666 1732 ﬁdelibus
2685 1680 2797 1732 suis
2814 1678 3139 1747 supplicans,
3161 1679 3335 1733 aiebat
3359 1696 3372 1732 :
3408 1666 3593 1743 Pater;

2028 1769 2148 1821 volo
2180 1777 2235 1821 ut
2262 1770 2348 1821 ubi
2376 1783 2476 1837 ego
2506 1783 2643 1832 sum,
2678 1777 2731 1821 et
2762 1768 2845 1821 isti
2872 1770 2976 1821 sint
3003 1784 3231 1821 mecum.
3257 1769 3401 1835 Quos
3428 1770 3585 1821 etiam

345 1863 527 1907 erant.
556 1852 711 1907 Unde
742 1853 853 1920 ipse
885 1851 1015 1905 dixit
1038 1850 1273 1918 pendens
1322 1850 1373 1902 in
1422 1861 1578 1901 cruce
1610 1864 1624 1899 :
1655 1845 1918 1899 Consum-

2032 1858 2317 1913 exhortans
2349 1869 2405 1912 ut
2429 1859 2806 1913 conﬁdentiam
2838 1859 3113 1922 haberent,
3140 1859 3391 1927 praecepit
3416 1877 3428 1912 :
3457 1859 3590 1913 Con-

351 1954 555 1997 rnatum
580 1953 680 1997 est.
711 1942 936 2009 Propter
966 1955 1121 2010 quem
1153 1940 1348 2004 omnia,
1379 1938 1430 1993 id
1452 1945 1535 1992 est
1557 1953 1650 2006 per
1686 1944 1913 1990 mortem

352 2034 473 2100 ejus
522 2042 815 2087 restaurata
865 2038 989 2085 sunt
1017 2030 1194 2083 omnia
1244 2030 1479 2084 ccelestia
1506 2039 1559 2083 et
1592 2031 1866 2082 terrestria
1903 2044 1916 2080 :

353 2127 518 2179 homo
546 2124 746 2179 scilicet
776 2123 1081 2190 redemptus
1109 2131 1162 2176 et
1193 2136 1443 2175 nunterus
1467 2119 1771 2188 angelorum
1802 2116 1914 2171 red-

354 2219 672 2287 integratus.
710 2215 809 2269 Per
836 2229 993 2281 quem
1042 2213 1216 2267 omnia
1252 2210 1532 2275 :subaudi,
1579 2211 1708 2261 facta
1739 2214 1864 2259 sunt
1894 2221 1910 2258 :

349 2313 506 2380 juxta
549 2308 688 2378 quod
734 2306 966 2362 Joannes
1003 2303 1375 2360 dicit:0mnia
1414 2317 1510 2371 per
1557 2300 1729 2368 ipsum
1784 2299 1920 2350 facta

357 2409 505 2457 sunt.
535 2401 694 2455 Vides
720 2397 985 2469 quomodo
1008 2405 1093 2450 est
1134 2396 1186 2450 in
1230 2395 1408 2450 medio
1449 2400 1712 2456 nostrum,
1745 2389 1925 2443 nobis-

360 2510 463 2565 que
488 2492 800 2560 conjunetus
821 2506 835 2542 :
856 2472 981 2558 ipse
1014 2487 1242 2550 ﬁlius,et
1263 2500 1357 2538 nos
1381 2484 1509 2538 filii:
1541 2482 1629 2536 ille
1656 2481 1921 2556 proprius,

362 2600 463 2644 nos
494 2580 727 2655 adoptivi
758 2603 769 2637 :
800 2579 891 2637 sed
926 2577 1013 2637 ille
1044 2582 1236 2647 salvat,
1264 2584 1312 2635 et
1333 2587 1428 2633 nos
1455 2573 1740 2634 salvamur.
1768 2575 1926 2628 Vides

364 2678 629 2751 quomodo
651 2690 746 2731 nos
771 2674 1041 2747 conjungit
1068 2683 1122 2728 et
1142 2672 1424 2735 discernit;
1461 2687 1579 2724 nam
1612 2686 1731 2724 cum
1758 2668 1882 2722 dicit
1913 2685 1925 2721 :

364 2772 557 2827 Multos
600 2768 740 2822 ﬁlios
780 2765 1074 2819 adduxerat
1115 2764 1169 2817 in
1221 2762 1464 2831 gloriam,
1498 2762 1582 2814 hic
1627 2759 1923 2826 c0njunxit.

364 2860 497 2916 Cum
544 2874 670 2912 vero
720 2855 864 2910 addit
889 2870 904 2909 ξ
932 2856 1217 2908 Auctorem
1248 2852 1435 2905 salutis
1460 2864 1644 2903 eorum
1666 2890 1680 2912 ,
1710 2848 1796 2901 hic
1821 2847 1929 2901 dis-

366 2951 557 3005 cernit.
585 2948 684 3015 Qui
732 2946 865 3000 enim
891 2943 1201 3012 sanctiﬁcat,
1233 2951 1279 2996 et
1322 2944 1407 3011 qui
1435 2942 1842 3008 sanctiﬁcautur,
1870 2954 1932 2992 ea:

366 3060 469 3098 uno
500 3056 687 3095 omnes.
719 3037 844 3105 Quis
874 3045 955 3091 est
984 3035 1072 3104 qui
1112 3034 1449 3088 sanctiﬁcat?
1478 3033 1717 3086 Christus
1755 3048 1848 3101 per
1873 3032 1931 3084 ﬁ-

368 3137 490 3190 dem
540 3130 800 3201 passionis
852 3143 983 3194 suaz,
1026 3136 1078 3181 et
1109 3142 1201 3195 per
1222 3126 1418 3179 donum
1449 3125 1797 3194 baptismatis.
1833 3123 1932 3190 Qui

2028 1950 2188 2016 ﬁdite,
2213 1966 2312 2019 ego
2339 1952 2438 2005 vici
2472 1951 2746 2003 mundum.
2783 1951 2844 2003 fit
2866 1953 3043 2005 iterum
3062 1967 3081 2005 :
3112 1949 3241 2005 Ecce
3268 1970 3357 2023 ego
3386 1956 3590 2022 etpueri

2027 2043 2143 2107 mei,
2174 2042 2449 2110 quosmihi
2480 2042 2616 2094 dedit
2649 2040 2805 2094 Deus.
2837 2042 2959 2097 litae
2988 2042 3091 2097 duo
3121 2044 3421 2097 testimonia
3450 2060 3591 2098 sum-

2028 2143 2113 2200 pta
2146 2142 2270 2185 sunt
2313 2149 2376 2185 ex
2429 2133 2645 2187 oraculo
2697 2134 2845 2186 Isaia:
2893 2138 3167 2203 propheta:
3222 2137 3482 2203 loquentis
3537 2138 3590 2190 in

2030 2240 2252 2294 persona
2279 2226 2392 2278 Filii
2426 2228 2541 2279 Dei.
2573 2227 2609 2280 li
2636 2236 2811 2281 autem
2845 2238 2967 2285 sunt
2992 2230 3158 2283 saneti
3189 2230 3432 2284 videlicet
3460 2244 3590 2297 apo-

2028 2316 2169 2382 Stoli,
2201 2315 2390 2385 quibus
2421 2317 2675 2371 Dominus
2702 2318 2772 2369 ait
2805 2334 2819 2370 :
2853 2318 3035 2384 Pueri,
3078 2320 3316 2387 nunquid
3350 2322 3593 2388 pulmen—

2029 2406 2218 2460 tarium
2253 2406 2509 2461 habetis?
2562 2408 2662 2473 Qui
2692 2408 2824 2463 bene
2855 2410 3002 2477 pueri
3045 2420 3323 2475 vocantur,
3381 2421 3596 2480 propter

2031 2500 2388 2560 inziaceiuiam
2416 2510 2466 2561 et
2494 2502 2863 2571 humilititem,
2915 2502 2981 2561 de
3019 2503 3212 2577 quibus
3252 2505 3360 2580 ipsa
3388 2504 3596 2563 Veritas

1998 2598 2157 2651 -diirit
2184 2616 2194 2650 :
2226 2598 2397 2652 Sinite
2429 2598 2675 2664 parvulos
2706 2600 2886 2652 venire
2937 2600 3000 2651 ad
3053 2615 3159 2665 me,
3192 2600 3370 2653 talium
3394 2610 3475 2655 est
3505 2616 3589 2653 rc-

2028 2704 2190 2758 gnum
2222 2689 2499 2742 caelorum.
2552 2686 2685 2755 Quia
2735 2706 2855 2760 ergo
2909 2692 3053 2757 pueri
3098 2692 3594 2744 communicaverunt

2032 2782 2171 2835 carui
2197 2790 2243 2835 et
2265 2782 2519 2849 sanguini,
2550 2793 2593 2834 et
2622 2782 2729 2851 ipse
2770 2783 2999 2836 similiter
3027 2785 3348 2853 partiriparit
3386 2785 3595 2838 eisdem.

2039 2873 2149 2927 lloc
2180 2872 2248 2926 dc
2278 2873 2533 2942 apostolis
2572 2874 2923 2942 omnibusque
2975 2875 3217 2929 ﬁdelibus
3260 2874 3457 2929 dictum
3495 2887 3597 2938 est,

2036 2965 2175 3035 quod
2222 2979 2317 3033 per
2364 2965 2463 3018 hoc
2493 2950 2701 3019 fratres
2748 2966 2958 3020 fuerunt
2991 2966 3217 3030 Domini,
3268 2967 3387 3037 quia
3418 2984 3598 3021 verum

2038 3069 2231 3123 corpus
2260 3062 2313 3108 ct
2342 3055 2659 3122 sanguinem
2688 3055 2890 3123 habuit,
2920 3057 3057 3110 sicut
3090 3057 3162 3111 illi
3200 3057 3513 3112 habuerunt.
3547 3059 3600 3111 in

2040 3161 2144 3215 quo
2174 3146 2290 3199 loco
2340 3145 2684 3199 confunditur
2715 3145 2994 3201 manifeste
3040 3162 3160 3200 cum
3206 3149 3316 3201 suis
3345 3150 3600 3207 Marcion.

369 3235 493 3281 sunt
516 3223 605 3292 qui
631 3218 1063 3279 sanctiﬁcantur?
1086 3216 1281 3271 Omnes
1307 3219 1395 3285 qui
1420 3216 1665 3281 credunt,
1695 3214 1783 3285 qui
1812 3229 1935 3268 sau-
1960 3239 2011 3303 ο
2041 3214 2128 3305 {iui
2157 3249 2316 3289 ausus
2359 3243 2440 3289 ρει
2464 3234 2646 3289 dicere
2689 3235 2969 3289 Dominum
3013 3245 3251 3290 nostrum
3284 3253 3463 3291 verum
3488 3251 3604 3290 cor,

372 3314 672 3371 ctiﬁcautur
702 3312 803 3368 ﬁde
832 3310 1092 3381 passionis
1140 3307 1337 3362 Christi
1366 3316 1425 3362 et
1454 3308 1624 3377 gratia
1661 3306 1930 3375 baptismi.

371 3384 477 3465 Sed
524 3405 612 3474 qui
656 3403 953 3457 sanctiﬁcat
979 3401 1248 3465 Christus,
1279 3407 1332 3454 et
1377 3413 1472 3453 nos
1511 3398 1601 3468 qui
1630 3397 1937 3452 sanctiﬁcav

376 3514 515 3560 mur,
549 3512 614 3550 ex
648 3508 753 3548 uno
784 3494 892 3548 Deo
930 3493 1087 3547 Patre
1127 3505 1334 3558 sumus,
1368 3490 1486 3557 quia
1518 3489 1583 3541 ab
1636 3487 1728 3541 illo
1760 3490 1934 3541 omnia

373 3588 629 3657 originem
668 3592 1185 3652 acceperunt:unus
1245 3592 1325 3637 est
1363 3583 1505 3636 enim
1554 3581 1713 3646 Deus,
1752 3594 1783 3634 a
1835 3595 1938 3647 quo

374 3679 573 3735 (ironia.
608 3677 709 3733 Sed
741 3677 893 3730 aliter
921 3676 1029 3741 ille,
1058 3675 1214 3728 aliter
1241 3687 1357 3728 nos.
1389 3673 1481 3727 ille
1503 3672 1656 3742 quasi
1689 3671 1937 3741 proprius

377 3769 539 3823 Filius
569 3778 739 3835 potest
770 3765 1102 3835 sanctiﬁcare
1126 3782 1139 3827 ;
1164 3780 1258 3821 nos
1290 3780 1416 3819 vero
1438 3765 1589 3835 quasi
1612 3763 1846 3835 adoptivi
1872 3762 1938 3816 ab

375 3861 468 3913 illo
510 3859 1194 3912 sanctiﬁcamur:attamen
1239 3872 1401 3909 unum
1442 3856 1698 3911 habemus
1728 3856 1937 3910 Patrem

375 3953 425 4004 in
452 3951 621 4005 caalis.
646 3950 739 4005 Ille
763 3950 1053 4017 proprium,
1074 3965 1169 4003 nos
1190 3949 1517 4018 adoptivum.
1553 3948 1768 4020 Propter
1787 3968 1940 4014 quam

375 4056 599 4093 causam.
639 4039 897 4104 Subaudi,
928 4041 1051 4108 quia
1078 4050 1131 4094 et
1166 4040 1300 4110 ipse,
1348 4049 1401 4094 et
1448 4056 1545 4096 nos
1596 4056 1661 4095 ex
1692 4056 1799 4095 uno
1830 4042 1939 4096 Deo

378 4131 537 4185 Patre
564 4145 769 4196 sumus,
811 4131 935 4185 licet
964 4130 1214 4185 diserete.
1246 4129 1366 4185 Non
1397 4131 1728 4199 confunditur
1756 4135 1940 4201 fratres

378 4238 555 4276 rorare
575 4239 679 4276 eos.
713 4222 810 4287 Qui
833 4231 953 4275 sunt
984 4222 1074 4276 ﬁlii
1104 4221 1361 4289 adoptivi.
1398 4219 1583 4275 Direus
1621 4237 1641 4276 :
1678 4221 1942 4275 Nuntiabo

376 4328 556 4368 nomen
580 4324 723 4368 tuum
752 4313 991 4383 fratribus
1020 4314 1161 4368 meis.
1193 4311 1304 4367 Non
1331 4313 1597 4367 erubescit
1627 4312 1820 4366 fratres
1844 4328 1939 4368 eos
1974 4327 1996 4338 ‘

378 4420 591 4470 vocare,
624 4406 914 4459 ostendens
949 4419 1051 4458 non
1085 4418 1204 4459 esse
1258 4404 1500 4459 eamdem
1548 4404 1937 4461 fraternitatem

379 4507 572 4550 nostra:
601 4496 942 4552 humanitatis
967 4512 983 4550 :
1008 4496 1101 4551 sed
1131 4495 1184 4549 in
1212 4496 1575 4551 misericordia
1606 4496 1720 4565 ejus
1748 4497 1933 4563 multa,

376 4588 751 4657 etbumilitate
782 4590 1028 4657 maxima,
1077 4590 1165 4658 qui
1218 4604 1315 4644 nos
1363 4589 1554 4645 fratres
1612 4592 1792 4660 elegit.
1830 4592 1940 4647 lloc

381 4692 595 4749 quoque
623 4682 930 4751 prophetico
954 4682 1184 4737 afﬁrmat
1212 4684 1539 4751 testimonio,
1571 4700 1637 4739 ne
1667 4686 1817 4754 quasi
1846 4702 1941 4739 tto-

376 4787 500 4825 vum
540 4781 831 4840 putaretur,
863 4782 914 4825 et
938 4788 1043 4827 non
1075 4774 1296 4829 multum
1329 4785 1453 4828 ante
1480 4775 1786 4841 priedictum
1819 4793 1832 4828 :
1866 4777 1942 4830 ait

376 4868 520 4917 enim
549 4879 561 4915 :
593 4863 852 4917 Nuntiabo
882 4877 1075 4918 nomen
1096 4871 1240 4917 tuum
1275 4864 1524 4918 fratribus
1554 4865 1720 4921 meis:
1751 4865 1801 4919 id
1826 4875 1927 4933 est,

380 4969 585 5007 sacram
619 4954 918 5021 passionem
942 4963 991 5009 et
1019 4954 1304 5022 gloriosam
1337 4956 1938 5027 resurrecti0tient;pro-

379 5044 539 5098 mittit
566 5060 626 5099 se
647 5045 865 5111 gloriam
896 5044 1189 5099 divinitatis
1204 5053 1459 5114 paterme,
1477 5057 1529 5099 et
1556 5061 1746 5100 nomen
1777 5046 1938 5100 etiam

378 5136 528 5201 eius,
570 5150 676 5201 quo
715 5143 864 5200 pater
915 5133 1210 5199 dicebatur,
1244 5136 1596 5203 vulgaturum.
1653 5135 1937 5200 Nuntiabo,

378 5226 545 5281 dicit:
585 5226 632 5279 id
662 5235 764 5289 est,
798 5226 1000 5279 narrari
1026 5226 1211 5278 faciam
1243 5240 1270 5277 a
1304 5226 1737 5296 praedicatoribus
1784 5229 1935 5289 meis,

379 5326 436 5370 ut
467 5316 594 5369 mihi
655 5316 924 5381 credatis;
984 5330 1105 5369 nam
1154 5332 1438 5385 resurgens
1482 5332 1510 5369 a
1540 5317 1763 5371 mortuis
1809 5318 1940 5373 dicit

377 5407 688 5461 mulieribus
713 5425 725 5461 :
754 5407 823 5462 lte
843 5415 898 5462 et
921 5406 1156 5460 nuntiate
1185 5407 1437 5461 fratribus
1461 5408 1613 5460 meis.
1657 5408 1720 5461 Et
1745 5408 1807 5461 ad
1835 5410 1942 5462 Ma-

380 5501 514 5561 riam
546 5517 561 5553 :
602 5499 744 5554 Vade
771 5501 834 5552 ad
862 5497 1055 5553 fratres
1086 5513 1256 5553 meos.
1290 5499 1504 5554 Fratres
1548 5510 1722 5554 autem
1755 5500 1941 5554 dicun-

378 5603 485 5654 tnr,
512 5602 567 5645 et
597 5592 685 5660 qui
714 5590 957 5659 diligunt,
992 5598 1048 5643 et
1071 5590 1158 5657 qui
1189 5590 1496 5659 diliguntur.
1527 5590 1729 5658 Ailjccit
1762 5605 1887 5644 vero
1914 5608 1927 5645 :

379 5680 444 5734 lu
499 5683 663 5736 medio
708 5680 948 5734 Ecclesia:
978 5679 1197 5734 laudabo
1224 5690 1287 5733 te.
1356 5681 1412 5734 ln
1456 5680 1630 5734 medio
1666 5681 1939 5749 Ecclesia‘,

380 5774 481 5829 huc
503 5784 584 5828 cst
604 5775 656 5829 in
680 5783 821 5830 casto
846 5772 1099 5830 ﬁdelium.
1131 5771 1384 5831 Laudavit
1422 5772 1696 5826 Dominum
1724 5770 1935 5828 Patrem

2034 3342 2131 3397 pus
2172 3342 2274 3380 non
2321 3326 2596 3391 habuisse,
2627 3341 2747 3381 cum
2779 3328 3072 3396 Apostolus
3103 3326 3267 3393 dicat,
3298 3328 3416 3395 quia
3448 3342 3600 3381 assu-

2036 3416 2230 3472 mendo
2261 3431 2477 3471 iarnem
2509 3417 2772 3486 particeps
2800 3418 3265 3473 exstititillorum:
3298 3419 3433 3474 sicut
3462 3421 3601 3474 enim

2036 3506 2108 3563 illi
2134 3506 2281 3574 pueri
2308 3515 2362 3561 et
2393 3521 2488 3559 nos
2516 3521 2677 3561 carne
2700 3515 2753 3561 et
2781 3507 3041 3577 sanguine
3066 3519 3391 3572 constamus,
3443 3510 3513 3563 ita
3554 3518 3608 3564 et

2036 3597 2278 3651 Christus
2316 3596 2649 3668 participavit
2676 3600 2823 3652 carni
2851 3608 2904 3652 et
2933 3599 3173 3667 sanguini
3208 3600 3369 3653 homo
3404 3602 3603 3655 facins:

2043 3699 2096 3745 et
2120 3691 2257 3743 sicut
2302 3688 2716 3743 communicavit
2767 3687 3018 3744 Christus
3047 3700 3246 3745 nostra:
3298 3692 3605 3746 substantia:

2046 3796 2138 3849 per
2164 3780 2581 3848 asumptioncm
2614 3778 2863 3842 hominis,
2884 3782 2961 3833 sic
2990 3791 3037 3833 et
3064 3795 3159 3833 nos
3182 3781 3458 3849 partic'pe:
3490 3782 3605 3849 ejus

2043 3887 2227 3927 sumus
2251 3886 2344 3939 per
2370 3871 2788 3937 marini-tionem
2822 3872 3061 3939 corporis
3087 3880 3140 3925 et
3176 3871 3447 3939 sanguinis
3469 3872 3605 3940 ejus.

2044 3961 2221 4027 Quare
2248 3968 2424 4016 autem
2455 3960 2931 4014 comnmnicavcdt
2956 3960 3202 4016 Christus
3224 3961 3381 4015 carni.
3407 3971 3456 4015 et
3487 3975 3608 4015 san-

2047 4054 2215 4126 guini,
2250 4054 2301 4107 in
2329 4053 2674 4122 sequentibus
2694 4052 3015 4118 manifestat,
3039 4068 3157 4107 cum
3190 4054 3391 4108 subdit:
3422 4052 3487 4108 Ut
3522 4070 3609 4125 per

2046 4152 2254 4198 mortem
2303 4143 2579 4198 destrueret
2609 4158 2719 4196 eum
2747 4144 2832 4209 qui
2860 4143 3071 4197 [iubebat
3098 4145 3271 4197 mortis
3316 4145 3606 4215 imprium,

2041 4234 2095 4288 id
2119 4245 2191 4288 est
2223 4233 2523 4299 diabolum;
2550 4241 2597 4287 et
2613 4233 2847 4287 liberaret
2877 4252 2958 4287 eos
2982 4237 3063 4303 qui
3093 4237 3273 4289 timore
3304 4238 3476 4289 mortis
3523 4254 3611 4305 per

2043 4335 2200 4379 totam
2220 4326 2374 4378 vitam
2400 4324 2603 4378 obnoxii
2624 4335 2767 4377 erant
2790 4325 3038 4379 servituti.
3068 4324 3388 4379 Admirabile
3413 4325 3497 4379 hic
3520 4327 3613 4379 deo

2045 4423 2306 4468 monstrat
2356 4414 2667 4482 Apostolus,
2721 4415 3009 4469 ostendens
3053 4414 3323 4471 diabolum
3372 4430 3463 4484 per
3503 4416 3603 4469 hoc

2047 4504 2310 4569 devictum
2343 4519 2371 4558 a
2400 4502 2635 4573 Christo,
2671 4521 2765 4575 per
2794 4506 2930 4574 quod
2966 4516 3280 4575 putestatcm
3314 4507 3365 4566 in
3409 4508 3607 4563 mundo

1976 4572 2021 4627 θ
2051 4595 2303 4649 tenebat:
2333 4611 2502 4662 arma,
2536 4572 2652 4665 qua:
2672 4572 2888 4651 fuerunt
2924 4572 2995 4651 illi
3028 4599 3291 4667 quondam
3324 4597 3480 4652 fortia
3514 4599 3607 4651 ad-

2051 4701 2265 4740 versum
2290 4688 2547 4740 mundum
2576 4704 2590 4743 :
2624 4688 2724 4741 hoc
2766 4697 2848 4741 est
2893 4704 3055 4749 mors,
3091 4702 3185 4757 per
3214 4704 3327 4740 eam
3367 4688 3610 4740 Christus

2051 4776 2195 4830 illum
2222 4777 2659 4845 percussitzsirut
2690 4779 2729 4830 D
2750 4778 2878 4842 uvid,
2914 4780 3183 4832 abstracto
3215 4778 3387 4846 giadio
3416 4777 3602 4840 Golia',

2048 4865 2100 4920 in
2128 4881 2193 4919 eo
2222 4878 2374 4935 caput
2399 4866 2538 4920 illius
2569 4867 2877 4934 amputavit,
2912 4868 2961 4920 in
3006 4883 3109 4935 quo
3144 4868 3405 4935 quondam
3441 4869 3609 4921 victor

2048 4953 2137 5007 ille
2176 4955 2385 5009 solebat
2424 4956 2559 5009 ﬁeri.
2612 4956 2743 5021 Quia
2794 4971 2920 5023 ergo
2972 4957 3212 5009 diabolus
3243 4971 3335 5024 per
3381 4967 3605 5012 mortem

2048 5045 2283 5100 hominis
2334 5048 2385 5101 in
2418 5047 2615 5100 mundo
2657 5047 3005 5115 principatum
3048 5062 3477 5118 prmsumpscrat,
3518 5068 3610 5117 μιν

2050 5144 2273 5201 mortem
2298 5136 2497 5189 Christi
2526 5137 2869 5205 temporalem
2899 5137 3231 5193 vincebatur.
3272 5141 3606 5212 Quapropter

2049 5228 2386 5297 participavit
2415 5226 2659 5280 Christus
2688 5228 2831 5280 carni
2872 5235 2923 5281 cl
2954 5231 3215 5299 sanguini,
3256 5241 3311 5285 ut
3354 5233 3485 5285 mori
3518 5248 3609 5301 po-

2049 5317 2237 5370 tuisset
2282 5316 2346 5369 ad
2392 5326 2640 5387 tempus;
2691 5318 2872 5389 sicque
2926 5320 3052 5377 dum
3104 5334 3342 5377 mortuus
3376 5334 3476 5388 est,
3510 5333 3604 5395 qui

2050 5412 2327 5473 peccatum
2360 5419 2463 5458 non
2500 5404 2718 5470 fecerat,
2750 5409 3010 5462 destruxit
3044 5408 3309 5463 diabolum
3359 5422 3412 5464 et
3459 5424 3605 5464 mor—

2048 5505 2192 5559 tem;
2226 5495 2347 5563 quia
2394 5509 2607 5564 semper
2650 5507 2891 5557 mortuus
2938 5508 3019 5552 est
3066 5510 3303 5569 peccato,
3336 5501 3457 5552 dum
3500 5516 3608 5557 non

2049 5586 2285 5652 peccaiit
2307 5626 2321 5650 ,
2346 5585 2618 5640 destructo
2644 5598 2817 5642 autem
2850 5589 3046 5643 diaboli
3074 5591 3297 5656 imperio
3317 5632 3331 5657 ,
3363 5591 3611 5650 liberavit

2048 5678 2248 5732 electos
2273 5692 2421 5744 suos,
2458 5679 2545 5747 qui
2607 5679 2796 5733 timore
2851 5681 3036 5733 mortis
3091 5696 3186 5748 per
3230 5692 3395 5737 totam
3447 5686 3607 5743 vitam

2049 5785 2219 5835 suam,
2256 5785 2353 5840 qua
2397 5770 2636 5826 vivebant
2669 5776 2717 5824 in
2766 5773 2864 5827 hoc
2896 5773 3112 5840 mundo,
3147 5778 3379 5843 olmmii,
3421 5779 3470 5834 i.l
3533 5791 3609 5856 est
