3884 6172
397 381 501 437 ’ῖοὸ

1495 380 1790 436 ΡΙΗΜΛΞΠ
1835 381 2277 439 ADRUMETANI
2318 381 2522 438 EPISC.

3526 383 3613 444 70.4

403 497 570 550 (ιι-ιιιιι
603 492 910 548 etobstricti
933 499 1085 546 erant
1115 492 1357 547 servituti
1388 495 1574 550 mortis
1592 505 1642 550 et
1663 495 1880 550 diaboli.
1914 497 1969 550 lu
2001 503 2050 558 Α
2079 498 2223 562 fecit,
2246 497 2494 566 quoniam
2518 495 2727 564 aperuit
2754 495 2908 550 nobis
2931 496 3146 566 januam
3170 498 3354 567 patria:
3373 499 3610 570 caelestis,

407 589 508 640 hoc
538 587 677 639 enim
705 585 962 639 timebant
993 592 1236 647 mortem,
1271 583 1391 651 quia
1415 587 1554 638 servi
1581 596 1732 640 crant
1760 589 1966 653 mortis,

403 675 533 729 dum
563 690 749 728 omnes
773 675 925 728 murti
950 672 1314 739 subjzicebant.
1333 672 1604 742 Nusquam
1619 676 1747 728 enim
1761 677 1967 743 angelos

405 765 759 834 apprehendit,
773 763 864 816 sed
876 779 1039 815 semen
1056 762 1272 814 Abraha:
1286 763 1635 832 apprehendit.
1656 764 1802 831 Quod
1818 780 1969 832 supe-

406 857 518 909 rius
547 855 774 917 dixerat,
798 871 986 921 pueros
1014 855 1434 909 communicasse
1457 858 1603 909 carni
1629 867 1679 910 et
1698 857 1963 925 sanguini,

403 945 616 1014 etquod
643 943 798 996 Cirris
826 959 884 996 us
905 943 1296 1010 participaverit
1319 944 1389 1008 ei,
1415 945 1721 1012 exsequitur
1739 947 1966 1012 amplius

403 1023 548 1085 hunc
573 1047 806 1094 sensmu,
834 1033 1019 1085 volens
1040 1034 1319 1086 ostendi-re
1341 1032 1481 1086 unde
1505 1033 1651 1101 par-iii
1672 1033 1840 1100 iparet
1864 1033 1963 1093 eis,

400 1135 452 1176 et
477 1123 602 1174 dicit
636 1139 646 1172 :
678 1121 963 1188 Nusquam,
1001 1121 1049 1172 id
1104 1132 1182 1174 cst
1216 1122 1361 1174 nullo
1393 1122 1529 1185 loco,
1557 1137 1727 1188 mque
1775 1121 1828 1173 in
1857 1136 1966 1176 cm-

400 1214 474 1279 lu,
507 1228 674 1280 neque
701 1211 752 1264 iu
802 1222 940 1264 terra
973 1211 1260 1280 angelicam
1305 1220 1598 1264 creaturam
1641 1213 1960 1280 assumpsit;

401 1305 490 1356 sed
515 1317 706 1371 corpus
739 1303 1025 1355 hurnauum
1051 1292 1128 1356 de,
1159 1304 1364 1356 semine
1397 1303 1623 1356 Abrahze
1653 1319 1776 1356 assu
1802 1323 1811 1352 I
1837 1304 1961 1371 psit.

401 1394 603 1460 Quibus
633 1393 811 1446 verbis
840 1393 980 1445 favet
1009 1391 1110 1445 illis
1134 1392 1454 1445 blandiendo
1483 1410 1494 1442 :
1531 1407 1661 1461 quos
1683 1392 1820 1446 enim
1851 1393 1971 1446 illo-

400 1504 516 1541 rum
563 1486 885 1554 assumpsit?
937 1485 1068 1551 Quia
1119 1499 1246 1554 ergo
1295 1483 1454 1537 homo
1504 1483 1810 1537 retinendus
1856 1491 1972 1536 erat

401 1589 572 1632 morte
612 1578 728 1632 Filii
770 1576 883 1642 Dei,
933 1576 1130 1629 idcirco
1162 1574 1453 1642 angelicam
1484 1585 1724 1626 naturam
1749 1587 1854 1625 non
1886 1587 1968 1626 as-

399 1670 641 1737 sumpsit,
666 1683 782 1737 qua:
799 1677 1021 1720 mortem
1049 1681 1150 1719 non
1177 1675 1344 1734 potest
1371 1665 1474 1733 pati
1501 1682 1514 1731 ;
1541 1663 1634 1718 sed
1661 1663 1963 1727 humanam,

401 1761 452 1812 ii
486 1775 588 1828 qua
624 1759 758 1812 mori
790 1757 1079 1826 potuisset,
1123 1771 1222 1810 nec
1249 1764 1332 1810 est
1360 1757 1560 1825 angelis
1605 1763 1745 1807 tanta
1777 1756 1967 1808 collata

397 1849 644 1916 dignitas,
671 1857 727 1900 ιιι
749 1847 799 1900 in
830 1862 929 1899 una
961 1861 1186 1915 persona
1209 1861 1393 1900 eorum
1433 1854 1635 1898 natura:
1679 1843 1846 1897 Fdius
1875 1845 1966 1897 Dei

399 1940 837 2010 conjungcrctttr;
865 1953 1020 2006 quam
1053 1937 1362 2006 dignitatem
1395 1947 1448 1990 et
1480 1937 1738 1990 liOttOrem
1784 1935 1976 1988 Imma-

401 2047 482 2084 lu:
518 2041 716 2083 natura:
739 2029 914 2081 divina
945 2028 1108 2096 gratia
1137 2027 1450 2092 contribuit,
1481 2038 1536 2078 ut
1567 2028 1704 2079 Deus
1728 2035 1781 2079 et
1814 2025 1847 2077 h
1873 2039 1973 2078 imo

411 2137 512 2174 una
561 2130 705 2174 esset
759 2135 1004 2188 persona.
1058 2101 1122 2170 lit
1171 2133 1335 2186 quare
1383 2117 1515 2170 dixit
1549 2132 1561 2168 :
1591 2115 2006 2186 Apprehendit,

400 2212 540 2280 quod
573 2211 802 2279 pertinet
825 2209 889 2260 ad
914 2208 1242 2275 fugientem?
1267 2208 1397 2271 Quia
1423 2219 1518 2259 nos
1541 2207 1688 2274 quasi
1719 2206 1976 2260 reCedcn-

404 2316 480 2356 res
509 2319 536 2354 a
568 2317 648 2364 se,
699 2311 749 2354 et
778 2300 936 2368 longe
991 2298 1254 2368 fugientes
1307 2299 1576 2352 insecutus
1605 2298 1973 2366 apprehendit.

407 2392 554 2447 Unde
601 2391 772 2443 debuit
819 2406 908 2458 per
937 2392 1111 2441 omnia
1149 2389 1425 2442 assimilari
1453 2375 1720 2462 fi'atrilius.
1753 2387 1855 2442 Pro
1882 2389 1980 2442 hac

405 2480 618 2552 (inquit)
649 2482 852 2533 ratione
881 2493 982 2546 qua
1015 2495 1120 2532 non
1148 2467 1439 2546 assumpsit
1475 2477 1768 2553 angelicam
1811 2487 1968 2530 natu-

405 2591 542 2637 ram,
567 2573 656 2626 sed
709 2573 988 2625 humanam
1031 2570 1098 2624 de
1138 2570 1342 2630 semine
1373 2569 1620 2634 Abrahze,
1667 2568 1848 2623 debuit
1879 2583 1974 2638 per

403 2665 578 2718 uunria
610 2661 860 2716 fratribus
883 2660 1184 2714 assimiluri.
1233 2660 1367 2726 Quid
1396 2670 1498 2726 eSt,
1537 2659 1638 2713 Per
1664 2658 1876 2712 omnia?
1920 2657 1972 2712 id

401 2767 504 2820 est,
532 2755 785 2809 educatus
811 2754 994 2818 erevit,
1025 2753 1230 2822 esuriit,
1265 2767 1449 2820 passus
1477 2759 1578 2816 est,
1610 2765 1670 2805 ac
1703 2761 1971 2806 mortuus:

404 2866 494 2918 per
516 2850 690 2902 omnia
722 2848 822 2902 ista
849 2846 1039 2900 similis
1079 2855 1162 2899 est
1191 2846 1469 2908 frat.ibus,
1513 2844 1637 2912 quia
1667 2842 1974 2897 conditione

401 2943 622 3011 subjecti
656 2950 797 2994 sunt.
850 2938 955 2994 Sed
1005 2938 1231 2992 fortasse
1277 2938 1467 3008 quatrit
1514 2937 1748 3006 aliquis:
1797 2937 1973 3002 Quare

405 3037 564 3090 homo
587 3036 654 3088 sit
681 3041 956 3102 reparatus
989 3028 1164 3098 potius
1193 3043 1348 3097 quam
1395 3031 1614 3096 angelus
1647 3027 1848 3095 lapsus.
1874 3025 1973 3080 Cui

402 3128 827 3196 respondendum
855 3134 955 3190 est,
989 3123 1254 3176 hominem
1279 3136 1384 3173 non
1417 3129 1616 3174 tantum
1658 3120 1968 3189 deliquisse,

401 3233 557 3284 quam
587 3217 852 3270 diabolum
881 3231 893 3266 :
924 3213 1012 3266 ille
1051 3213 1216 3276 enim,
1243 3209 1454 3263 diabolo
1486 3209 1760 3278 suadente,
1789 3225 1974 3277 pecca-
2003 3237 2049 3300 ρ

403 3312 507 3372 vit;
535 3307 772 3360 diabolus
804 3321 953 3368 vero,
989 3301 1133 3355 nullo
1166 3300 1441 3366 suadente,
1469 3303 1561 3355 sed
1590 3301 1966 3370 soperbiendo,

353 3384 365 3396 ’
402 3399 622 3453 corruit.
656 3398 823 3450 llomo
851 3408 1079 3464 quoque,
1105 3393 1225 3462 quia
1251 3406 1444 3460 corpus
1468 3391 1718 3457 habebat,
1746 3392 1969 3445 mandu-

402 3504 523 3542 care
553 3487 852 3557 indigiehat;
879 3484 1120 3538 diabolus
1143 3495 1290 3548 vero,
1315 3483 1434 3551 quia
1459 3481 1676 3550 spiritus
1697 3490 1799 3546 est,
1829 3489 1971 3538 totus

403 3579 776 3635 inexcusabilis
819 3585 921 3631 est.
964 3575 1081 3630 Fuit
1121 3584 1172 3629 et
1216 3576 1371 3629 tertia
1413 3589 1572 3628 causa
1622 3592 1634 3626 :
1685 3573 1967 3638 videlicet,

406 3672 562 3724 humo
584 3669 806 3723 necdum
837 3673 1058 3720 venerat
1107 3665 1170 3718 ad
1221 3666 1394 3718 locu-ii
1441 3707 1456 3732 ,
1513 3664 1598 3718 ubi
1648 3665 1973 3718 teterriilier

403 3782 523 3819 cum
568 3764 674 3816 Deo
720 3769 1036 3830 regnaturus
1087 3742 1238 3818 erat,
1271 3755 1364 3809 sed
1392 3755 1443 3809 in
1479 3755 1729 3824 paradiso
1762 3764 1975 3809 terreno

406 3857 727 3918 morabatur,
757 3852 822 3905 de
846 3867 952 3920 quo
973 3846 1368 3902 transferendus
1391 3856 1504 3899 crat
1522 3846 1572 3898 in
1590 3845 1805 3910 coelum,
1829 3858 1976 3898 com-

405 3950 545 4012 ιιιιιιι
593 3956 814 3996 numero
859 3941 940 3994 ele
979 3947 1183 4003 torum;
1235 3935 1477 3990 diabolus
1519 3944 1695 3987 autem
1744 3933 1796 3987 in
1839 3933 1978 3987 cmlo

401 4038 506 4104 jam
531 4043 646 4088 crat
669 4032 976 4086 collocatos.
1007 4025 1074 4082 Ut
1099 4027 1380 4080 misericiirs
1408 4025 1570 4090 ﬁeret,
1595 4032 1640 4075 et
1661 4021 1830 4091 ﬁdelis
1852 4038 1981 4092 por;-

402 4129 524 4194 tifvr
554 4126 620 4176 ad
664 4123 844 4185 Deum,
875 4130 921 4172 ct
946 4129 998 4172 ut
1029 4117 1324 4189 propitiuret
1370 4114 1554 4167 delicta
1600 4115 1793 4185 populi.
1829 4113 1980 4168 Mise-

406 4221 574 4270 rte-ns
599 4215 788 4267 dicitur
811 4229 838 4265 a
864 4212 1059 4265 misero
1083 4207 1265 4270 corde,
1291 4205 1538 4260 videlicet
1561 4207 1645 4273 qui
1673 4203 1977 4259 misericor-

407 4311 544 4360 diam
577 4305 824 4369 smtinet,
854 4311 907 4357 et
928 4298 1197 4368 cognoscit
1229 4313 1322 4363 per
1351 4297 1775 4364 experimentum
1818 4296 1979 4350 misc-

407 4399 531 4452 reri.
558 4399 733 4463 Itaque
765 4411 865 4446 ιιοει
901 4391 996 4445 fuit
1023 4389 1122 4442 alia
1145 4404 1325 4452 causa,
1353 4388 1498 4441 illum
1549 4405 1641 4456 per
1662 4388 1840 4442 omnia
1868 4388 1977 4440 fra-

414 4491 580 4542 t:ibns
612 4485 914 4548 assimilari,
943 4481 1045 4535 nisi
1098 4490 1154 4534 ιιι
1201 4480 1621 4534 miscricordiam
1666 4481 1819 4533 nobis
1850 4495 1985 4546 prn-

2080 591 2169 644 ubi
2195 590 2352 644 modo
2383 587 2627 642 consistit
2665 587 3009 656 interpellans
3047 603 3145 658 pro
3169 589 3320 643 nobis
3349 589 3507 644 Deum
3534 591 3620 644 Pa-

2074 688 2230 734 trem.
2257 678 2325 730 In
2353 695 2409 731 eo
2431 678 2563 730 enim
2591 677 2644 730 in
2673 694 2771 746 quo
2811 687 2990 748 passus
3029 690 3102 732 est
3145 680 3272 750 ipse,
3318 689 3363 732 et
3395 689 3620 746 tentatus,

2069 780 2245 839 potens
2268 777 2338 821 est
2379 778 2424 821 et
2452 769 2524 820 eis
2547 767 2634 836 qui
2661 777 2915 820 tentantur
2945 767 3210 821 auxiliari.
3249 770 3301 822 In
3331 784 3427 836 eo,
3453 769 3628 838 inquit,

2070 856 2120 909 id
2152 867 2237 911 est
2265 849 2501 911 homine.
2537 855 2650 921 Quo
2674 859 2780 927 ipse
2811 867 3032 912 tentatus
3060 869 3156 913 est.
3198 855 3304 912 Sed
3350 875 3452 912 non
3487 875 3627 928 supra.

2074 957 2227 1001 ratus
2258 957 2311 1001 et
2333 961 2518 1016 passus
2561 963 2589 1000 a
2620 948 2876 1002 ministris
2901 949 3040 1003 illius
3070 969 3081 1002 :
3115 961 3305 1021 potens
3325 960 3403 1004 est
3436 950 3632 1004 vinctos

2075 1037 2321 1100 liberare,
2367 1046 2702 1104 tentatosque
2763 1039 3016 1106 adjuvare
3060 1055 3128 1094 ne
3171 1041 3466 1103 vincantur,
3518 1041 3628 1109 quia

2074 1128 2389 1180 tentationes
2446 1141 2554 1179 non
2601 1126 2770 1180 solum
2819 1128 2954 1182 sicut
2998 1128 3137 1182 Deus
3186 1131 3482 1196 cognovit,
3530 1130 3615 1182 sed

2072 1216 2229 1269 etiam
2263 1216 2396 1269 sicut
2413 1214 2570 1268 homo
2592 1217 2960 1284 experimento
2978 1217 3235 1285 probavit.
3265 1222 3339 1272 Ac
3363 1229 3632 1284 i-roiiterea

2075 1320 2179 1360 non
2209 1305 2376 1358 solum
2407 1320 2504 1374 per
2529 1304 2630 1359 hoc
2655 1305 2794 1373 quod
2827 1307 2963 1359 Deus
2987 1316 3088 1372 est,
3113 1316 3281 1376 potest
3311 1307 3464 1361 nobis
3492 1311 3630 1363 mise-

2078 1396 2204 1462 reri,
2239 1397 2330 1450 sed
2361 1397 2577 1465 insuper
2607 1413 2697 1466 per
2724 1399 2824 1451 hoc
2859 1398 2998 1465 quod
3047 1399 3204 1452 homo
3250 1407 3350 1462 est,
3393 1400 3631 1470 quoniam

2077 1487 2314 1555 ejusdem
2358 1490 2634 1556 potestatis
2659 1497 2741 1542 est
2767 1487 2924 1540 hoino
2949 1497 3250 1558 assumptus
3286 1500 3316 1541 a
3334 1487 3533 1554 Verbo,
3554 1503 3634 1543 cu-

2073 1576 2160 1645 jus
2192 1584 2308 1629 erat
2333 1586 2388 1629 et
2417 1576 2556 1630 idem
2574 1575 2769 1632 Verbo.

2147 1666 2271 1719 CAP.
2316 1679 2388 1718 ιιι.
2435 1665 2606 1731 Unde,
2665 1669 2844 1734 fratres
2888 1666 3082 1730 sancti,
3125 1667 3399 1720 vocationis
3439 1666 3641 1721 calt-etii

2076 1745 2362 1826 participes,
2396 1757 2706 1810 considerate
2727 1756 3021 1826 Apostoluin
3051 1766 3098 1810 et
3141 1757 3654 1828 PontiﬁcemCunfes-

2006 1874 2056 1934 Β
2080 1849 2233 1903 tionis
2257 1857 2440 1901 nostra:
2476 1847 2672 1914 Jesum,
2715 1850 2802 1933 qui
2844 1847 3009 1915 ﬁdelis
3031 1858 3105 1901 est
3127 1850 3170 1902 ei
3200 1850 3288 1917 qui
3309 1848 3430 1918 fecit
3463 1850 3608 1901 illum
3630 1892 3642 1913 ,

2079 1940 2207 2010 sicut
2229 1949 2272 1992 et
2297 1937 2504 2014 Moyses
2533 1943 2585 1990 tn
2606 1939 2742 1990 omni
2772 1939 2922 1992 domo
2949 1939 3110 1991 illius.
3144 1939 3354 1992 Fratres
3380 1953 3476 1993 eos
3509 1949 3660 1992 vocati

2080 2037 2185 2081 tam
2215 2042 2376 2082 carne
2400 2042 2557 2096 quam
2588 2027 2800 2096 spiritu,
2847 2028 2936 2096 qui
2956 2042 3019 2082 ex
3051 2027 3238 2082 eodem
3260 2043 3457 2098 genere
3485 2038 3626 2082 erant

2083 2119 2432 2184 eamdemque
2454 2117 2612 2174 ﬁdem
2643 2118 2903 2172 habebant
2927 2135 2942 2171 :
2974 2127 3204 2181 sanctos,
3229 2119 3316 2186 qui
3341 2119 3647 2178 sanctiﬁcat,

2087 2209 2304 2262 fuerant
2351 2206 2454 2260 ﬁde
2498 2207 2755 2276 passionis
2783 2207 2979 2260 Christi
3027 2215 3081 2260 et
3132 2222 3266 2275 aqua
3293 2207 3642 2276 baptismatis,

2081 2298 2202 2367 quia
2227 2297 2506 2366 participes
2547 2305 2698 2352 erant
2721 2298 2954 2352 ccelestis
2983 2297 3296 2363 vocationis,
3327 2302 3433 2352 hoc
3457 2306 3545 2352 est
3567 2313 3647 2366 pa.

2081 2388 2196 2442 triae
2237 2387 2489 2454 cmlestis,
2533 2388 2596 2440 ad
2628 2402 2782 2456 quam
2811 2400 2996 2443 omnes
3033 2388 3260 2454 vocavit,
3293 2389 3477 2444 dicens
3516 2388 3649 2444 ενα·

2079 2478 2186 2532 nite
2213 2477 2279 2531 ad
2305 2491 2413 2542 me,
2441 2491 2627 2532 omnes
2663 2477 2753 2546 qui
2780 2476 3040 2532 laboratis
3079 2485 3134 2531 et
3175 2479 3379 2532 onerati
3411 2477 3570 2543 estis,
3604 2487 3651 2532 et

2075 2583 2173 2637 ego
2201 2567 2431 2624 reﬁciam
2459 2582 2574 2623 vos.
2617 2567 2984 2635 Considerate,
3030 2568 3219 2638 inquit,
3250 2569 3575 2637 Apostolum
3601 2577 3649 2622 et

2078 2657 2383 2713 Pontiﬁcem
2425 2657 2542 2713 fidei
2602 2667 2798 2712 nostra:
2851 2658 3054 2712 Jesum.
3107 2659 3393 2729 Apostolus
3449 2661 3648 2720 Grece,

2085 2749 2270 2804 Latine
2300 2750 2492 2803 dicitur
2533 2749 2756 2814 missus;
2801 2756 2855 2802 et
2895 2747 3150 2802 Dominus
3190 2748 3345 2803 Jesus
3388 2749 3652 2816 apostolus

2082 2841 2196 2907 fuét,
2221 2840 2340 2908 quia
2365 2838 2529 2908 gratis
2551 2853 2579 2890 a
2604 2837 2710 2892 Deo
2747 2837 2904 2892 Patre
2927 2837 3123 2892 missus
3144 2847 3245 2902 est,
3271 2837 3406 2891 sicut
3433 2838 3550 2906 ipse
3586 2846 3645 2890 te-

2080 2938 2268 2993 statur,
2292 2927 2472 2982 dicens
2497 2943 2511 2980 :
2538 2926 2649 2980 Non
2679 2941 2796 2981 sum
2821 2926 3011 2980 missus
3035 2927 3136 2979 nisi
3176 2929 3242 2980 ad
3264 2941 3393 2980 oves
3416 2927 3652 2996 perditas

2081 3022 2274 3076 domus
2296 3021 2482 3075 Israel.
2511 3020 2580 3074 Et
2604 3037 2618 3072 :
2647 3018 2793 3074 Sicut
2813 3018 2959 3072 misit
2987 3033 3073 3073 me
3103 3018 3275 3085 Pater,
3305 3027 3358 3073 et
3377 3033 3480 3088 ego
3506 3019 3650 3072 mitto

2080 3126 2196 3167 vos.
2228 3110 2377 3166 Unde
2412 3111 2656 3180 egregius
2700 3109 3019 3179 praedicator
3046 3109 3152 3162 alio
3180 3109 3296 3164 loco
3324 3109 3454 3163 dicit
3481 3127 3496 3163 :
3525 3107 3658 3163 Misit

2082 3203 2224 3259 Deus
2245 3202 2435 3256 Filium
2457 3217 2614 3256 suum
2637 3201 2831 3255 factum
2853 3217 2918 3254 ex
2945 3200 3188 3255 muliere.
3213 3199 3454 3254 Pontifex
3479 3209 3652 3253 autem

2081 3293 2429 3349 confessionis
2454 3302 2647 3346 nostra:
2688 3301 2791 3355 est,
2832 3291 2955 3361 quia
2975 3290 3387 3345 ..confessionem
3417 3289 3542 3343 ﬁdei
3573 3302 3658 3342 no-

2075 3396 2198 3439 stra:
2228 3383 2510 3454 prmtendit
2538 3396 2661 3438 ante
2683 3383 2845 3437 Deun
2876 3383 3104 3448 Patrem,
3136 3382 3234 3449 Qui
3260 3381 3430 3436 ﬁdelis
3468 3391 3554 3436 est
3579 3381 3655 3434 ei-

2075 3477 2197 3530 dem
2234 3478 2340 3531 Deo
2378 3476 2537 3544 Patri,
2570 3478 2656 3545 qui
2709 3473 2836 3528 iecit
2864 3473 3039 3539 illum;
3078 3473 3223 3542 juxta
3259 3472 3397 3539 quod
3429 3471 3558 3524 alibi
3580 3470 3658 3523 di-

2075 3571 2250 3624 citur:
2283 3569 2387 3632 Qui
2418 3567 2586 3620 factus
2631 3571 2713 3620 est
2741 3566 2788 3619 ei
2821 3581 2883 3619 ex
2915 3565 3117 3618 semine
3161 3548 3322 3617 David
3367 3562 3656 3618 secundum

2075 3673 2310 3711 Carnem.
2342 3657 2457 3710 Non
2483 3664 2684 3709 tantum
2727 3669 2906 3708 auem
2947 3654 3014 3707 de
3056 3654 3398 3707 humanitatis
3429 3651 3656 3706 essentia

2077 3746 2296 3812 dictum,
2327 3749 2378 3799 iu
2402 3760 2504 3813 qua
2545 3745 2657 3812 ipse
2706 3743 2876 3797 ﬁdelis
2922 3741 3036 3808 fuit,
3084 3742 3193 3796 Deo
3234 3742 3374 3797 Patri
3403 3741 3656 3796 obediens

2080 3853 2245 3906 usque
2262 3837 2326 3891 ad
2343 3845 2592 3893 mortem.
2616 3835 2802 3890 Nonne
2822 3835 2988 3890 ﬁdelis
3005 3844 3123 3890 erat
3143 3836 3250 3890 Deo
3273 3835 3440 3902 Patri,
3453 3832 3657 3904 quando

2080 3928 2256 3981 omnia
2287 3941 2404 3998 qua:
2449 3927 2663 3994 agebat,
2704 3943 2809 3980 non
2851 3941 2960 3980 suae
3008 3925 3190 3996 gloria:
3231 3925 3526 3994 reputabat,
3564 3922 3655 3976 sed

2083 4013 2289 4071 Patris?
2307 4017 2486 4070 dicens
2513 4034 2525 4068 :
2551 4015 2708 4069 Pater
2732 4015 2783 4069 in
2808 4031 2891 4070 me
2913 4030 3155 4082 manens,
3183 4015 3299 4084 ipse
3330 4015 3454 4071 facit
3473 4028 3650 4082 Opera.

2084 4109 2234 4163 Sicut
2255 4115 2311 4162 et
2339 4109 2569 4178 Moyses,
2595 4108 2785 4176 inquit,
2813 4107 2980 4161 ﬁdelis
3012 4114 3150 4171 erat,
3182 4106 3266 4161 vel
3292 4107 3409 4171 fuit,
3435 4106 3486 4158 in
3512 4104 3649 4158 omni

2084 4200 2241 4254 domo
2263 4199 2398 4266 ejus.
2428 4199 2650 4253 Domum
2685 4200 2774 4252 Dei
2819 4199 2924 4259 hic,
2956 4201 3207 4266 populum
3253 4198 3346 4252 Dei
3391 4197 3642 4250 debemus

2086 4291 2381 4359 intelligere
2427 4289 2630 4358 plebem
2683 4289 2887 4343 sclicet
2925 4287 3288 4352 lsraeliticam,
3335 4287 3420 4340 cui
3459 4285 3655 4353 Moyses

2090 4385 2404 4450 praepositus
2428 4389 2516 4436 est
2555 4363 2582 4434 a
2609 4380 2741 4448 Deo,
2765 4381 2831 4433 de
2869 4394 2974 4448 qua
2997 4377 3156 4432 domo
3179 4377 3308 4430 dicit
3343 4375 3538 4430 [siiasz
3567 4374 3653 4428 Vi-

2091 4489 2188 4527 nea
2215 4473 2467 4534 Sabanth,
2511 4471 2699 4526 domus
2727 4486 2809 4525 es.
2831 4470 3014 4524 Israel.
3040 4470 3313 4540 [illiterum
3355 4465 3648 4520 hortando:

414 4589 579 4634 ειιιεςρι
605 4590 702 4629 nos
734 4573 1066 4636 redimendo,
1096 4580 1149 4625 ρι
1184 4571 1342 4625 .fieret
1395 4571 1584 4636 ﬁdelis,
1627 4586 1907 4640 verosque,
1934 4579 1986 4624 et
2014 4557 2060 4617 D
2091 4561 2286 4615 Domus
2312 4561 2496 4628 Jacob,
2526 4555 2706 4614 venite
2733 4559 3064 4612 ambulemus
3103 4557 3156 4610 in
3189 4557 3385 4610 lumine
3429 4556 3651 4608 Domini.

414 4663 886 4739 potenspontifex,
910 4663 1076 4716 Deum
1116 4661 1323 4715 Patrem
1349 4661 1737 4730 interpellando
1765 4676 1860 4728 pro
1889 4676 1985 4714 ne-

410 4763 512 4826 bis,
556 4755 854 4823 nostrisque
883 4752 1196 4824 prepiiiiret
1229 4753 1479 4820 peccatis.
1518 4751 1639 4804 lla‘c
1669 4760 1846 4802 autem
1880 4750 1982 4802 hu-

409 4851 490 4919 jus
515 4841 1249 4912 miseranda:dispensationis
1271 4855 1428 4894 eau-a
1461 4841 1556 4892 fuit
1585 4857 1596 4890 :
1628 4839 1758 4891 vidit
1783 4839 1980 4907 quippe

413 4946 696 4997 humanum
727 4952 892 5006 genus
918 4934 1072 4989 morti
1112 4932 1399 4994 intentum,
1427 4938 1764 4999 peccatorum
1793 4930 1982 4982 vincu-

415 5027 479 5081 lis
523 5030 763 5097 ligatum,
806 5037 860 5082 et
906 5028 1156 5080 misertus
1187 5032 1266 5076 est
1291 5020 1429 5090 ejus,
1459 5021 1591 5072 sicut
1623 5017 1793 5072 ﬁdelis
1820 5020 1985 5084 ponti-

415 5121 522 5187 fex,
563 5119 910 5172 reconcilians
967 5131 1062 5169 nos
1115 5114 1226 5167 Deo
1272 5113 1436 5176 Patri,
1503 5119 1555 5163 et
1594 5109 1986 5163 reconciliando

412 5225 665 5280 purgans.
713 5210 1061 5262 Ministerium
1088 5209 1282 5258 cten'm
1313 5202 1608 5258 sacerdotis
1629 5210 1785 5267 atque
1811 5212 1986 5267 ponti-

412 5303 527 5356 ficis
553 5310 656 5365 eSt,
686 5298 891 5352 ﬁdelem
917 5311 1053 5357 esse,
1101 5304 1158 5348 ut
1183 5294 1352 5362 possit
1371 5309 1464 5347 eos
1491 5306 1715 5361 quorum
1739 5291 1987 5344 sacerdos

416 5405 494 5447 εει
521 5392 748 5444 liberare
788 5403 814 5439 ιι
875 5383 1128 5454 peccatis.
1186 5383 1431 5438 Pomifex
1486 5382 1700 5448 dicitur,
1745 5395 1808 5434 eo
1849 5379 1986 5448 quod

411 5494 651 5556 pontem,
678 5480 828 5534 idest
885 5478 1022 5529 viam
1069 5475 1303 5543 prtebeat
1344 5473 1456 5527 suis
1505 5473 1850 5542 scqnentbus
1891 5485 1987 5524 Suo

413 5577 554 5630 linno
580 5572 843 5638 exemplo.
895 5570 971 5624 ita
1004 5575 1058 5621 et
1103 5565 1359 5619 Dominus
1392 5575 1606 5631 pontem
1655 5564 1778 5618 fecit
1812 5564 1983 5624 nobis,

416 5667 468 5719 id
492 5676 572 5719 est
599 5669 714 5730 vine
747 5667 880 5717 viam
914 5660 1161 5724 ostendit,
1200 5658 1321 5710 dum
1349 5658 1547 5711 diceret
1579 5673 1593 5710 :
1626 5657 1825 5711 Discite
1848 5673 1871 5706 a
1903 5672 1986 5709 me

414 5759 539 5825 quia
571 5757 707 5808 miris
730 5771 842 5808 sum
873 5751 1152 5808 cthumilis
1179 5749 1360 5804 cordo.
1397 5748 1614 5802 Pontcm
1645 5751 1801 5801 etiam
1835 5746 1983 5800 nobis

2087 4651 2141 4705 ln
2166 4667 2267 4721 qua
2296 4652 2454 4704 domo
2493 4651 2700 4720 Moyses
2741 4648 2910 4703 fidelis
2964 4647 3086 4711 fuit,
3129 4647 3180 4700 id
3228 4655 3312 4700 cst
3349 4645 3562 4700 devotus
3599 4651 3655 4697 et
3729 4677 3750 4686 ς

2087 4743 2238 4797 bona:
2263 4743 2571 4806 voluntatis,
2601 4739 2847 4793 deferens
2874 4753 2937 4792 ea
2979 4753 3095 4807 qua:
3123 4738 3226 4801 ltei
3256 4743 3426 4801 erant,
3453 4736 3674 4800 sibique"

2087 4849 2190 4887 non
2239 4846 2500 4900 usurpans
2546 4829 2766 4900 gloriam
2819 4828 2934 4889 Dei.
2989 4827 3267 4895 Amplioris
3317 4825 3448 4878 enim
3477 4820 3654 4892 gloria:

2085 4925 2179 4978 iste
2204 4939 2308 4991 pra:
2354 4921 2533 4990 Moyse
2559 4921 2741 4989 dignus
2765 4917 2968 4970 habitus
2997 4928 3070 4970 est
3102 4932 3121 4969 :
3149 4927 3336 4984 quanto
3361 4913 3652 4981 ampliorem

2089 5015 2328 5066 honorem
2367 5011 2511 5062 liabet
2551 5009 2820 5070 Dominus,
2861 5007 2946 5074 qui
2975 5005 3235 5075 fabricavit
3263 5004 3422 5058 illam.
3452 5002 3552 5055 [loc
3591 5001 3648 5052 in

2089 5107 2204 5158 loco
2232 5111 2409 5156 autem
2432 5108 2535 5155 er.t
2559 5100 2835 5170 hypallage
2859 5099 2910 5152 in
2937 5111 3118 5162 sensu,
3141 5105 3234 5150 aut
3259 5096 3389 5150 satis
3413 5103 3648 5147 necessa-

2089 5193 2160 5246 rii
2186 5191 2506 5256 subauditio,
2532 5195 2860 5257 supponetur
2894 5187 2994 5258 hoc
3015 5183 3174 5238 modo
3199 5200 3213 5236 :
3247 5183 3415 5236 Tanta
3441 5178 3644 5246 majoris

2088 5283 2272 5355 gloria:
2319 5281 2564 5334 Christus
2617 5295 2724 5348 pra:
2773 5278 2952 5347 Moyse
3010 5276 3200 5345 dignus
3261 5273 3500 5328 inventus
3532 5274 3640 5330 est,

2089 5385 2286 5446 quanto
2314 5376 2570 5443 majorem
2611 5373 2772 5426 habet
2795 5371 3050 5423 honorem
3077 5384 3091 5431 ;
3120 5366 3374 5430 subaudi,
3405 5361 3640 5418 Dominus

2089 5470 2298 5529 domus,
2323 5466 2411 5534 qui
2448 5451 2724 5517 fabricavit
2750 5463 2993 5514 eamdem
3023 5458 3261 5512 domum.
3300 5455 3457 5510 Sive:
3486 5451 3640 5504 Tanto

2090 5557 2306 5626 majoris
2331 5555 2513 5625 gloria:
2550 5551 2795 5606 Christus
2828 5566 2933 5620 prae
2978 5549 3158 5617 Moyse
3187 5547 3380 5615 dignus
3417 5544 3642 5596 inventus

2087 5656 2190 5714 est,
2231 5656 2429 5716 quanto
2474 5646 2728 5714 majorem
2781 5643 3039 5696 honorem
3089 5638 3251 5692 habet
3298 5635 3572 5690 fabricator
3605 5635 3634 5672 ³

2087 5747 2267 5811 domo,
2296 5759 2449 5814 quam
2478 5742 2591 5810 ipse
2623 5737 2916 5794 fabricavit.
2942 5733 3238 5802 Reilditque
3260 5739 3469 5786 causam
3493 5729 3636 5791 quare
