3910 6174
322 303 428 353 ’ἱέῦ

1166 305 1225 357 l.\
1273 264 1644 359 lii'lS'l‘OLiil
1690 306 1774 359 Ali
1819 304 2153 363 llliBl‘uEJS
2194 310 2474 364 (ΖΟΜΠΕΝ
2494 312 2701 364 l‘.\lll.\.

3457 309 3561 363 706

320 419 545 487 majoris
571 418 753 486 gloria:
783 417 855 472 sit
905 417 1179 483 Dominus,
1212 434 1368 486 quam
1401 420 1589 473 domus
1620 419 1686 473 ab
1711 433 1776 472 co
1817 420 1891 471 fa-
1924 424 1968 478 A
1998 422 2262 487 quomodo
2290 437 2381 475 eos
2407 423 2617 475 clausos
2648 423 2697 474 in
2740 422 2915 475 tnedio
2947 430 3089 474 tanta
3121 430 3390 476 exercrtus
3432 425 3566 476 mul-

315 510 548 564 bricata.
588 508 765 561 Omnis
814 524 1027 578 namque
1074 509 1252 562 domus
1294 510 1574 577 fabricatur
1593 508 1654 561 ab
1684 510 1894 577 aliqua:

315 604 415 667 qui
438 610 602 653 autem
640 600 809 653 omnia
838 600 1044 664 creavit,
1074 600 1207 654 Deus
1229 608 1318 653 est.
1354 599 1447 655 llic
1486 600 1736 654 factorem
1768 615 1797 654 a
1820 601 1897 652 la-

313 699 472 745 ctura
498 691 769 759 discernit,
798 692 1069 760 utriusque
1083 691 1269 745 domus
1291 696 1559 746 auctorem
1588 693 1748 747 Deum
1772 708 1892 747 esse

314 781 548 852 intelligi
576 782 783 846 volens,
813 789 868 836 et
910 783 1086 851 pepuli
1129 783 1394 836 videl'cet.
1430 782 1495 835 Et
1538 782 1736 852 Moyses
1779 786 1893 852 qui-

313 871 439 922 dem
464 870 628 938 ﬁdelis
650 880 777 923 erat.
803 871 912 924 lloc
940 878 1044 937 est,
1074 871 1292 926 devotus
1323 881 1373 922 et
1405 872 1555 924 honre
1580 873 1890 927 voluntatis.

314 959 395 1015 In
416 971 516 1014 tota
544 961 689 1014 domo
722 962 828 1023 eius
861 1000 876 1025 ,
918 969 1155 1028 tauquam
1197 962 1437 1028 fumidus,
1466 961 1517 1012 in
1555 961 1893 1013 testimonium

309 1067 517 1103 eorum.
540 1049 768 1103 Subaudi
800 1049 1097 1104 verborum.
1131 1050 1257 1114 Qua:
1295 1051 1507 1103 dicenda
1542 1058 1705 1103 erant.
1742 1050 1890 1104 Chri-

309 1148 430 1193 stus
449 1150 614 1193 autem
634 1147 871 1206 tanquam
892 1137 1052 1206 ﬁlius,
1085 1140 1138 1192 in
1176 1140 1325 1191 domo
1349 1154 1457 1191 sua.
1492 1136 1723 1203 Habitat,
1747 1141 1892 1193 ordi-

312 1243 458 1283 nans
486 1239 539 1283 et
558 1230 844 1297 disponens
872 1230 1038 1283 illam.
1079 1230 1281 1294 Quanta
1309 1227 1605 1283 diﬁ'erentia
1631 1241 1711 1285 est
1750 1232 1891 1286 inter

310 1319 597 1389 famulum,
630 1334 783 1387 quem
832 1319 1207 1387 paterfamilias
1234 1320 1494 1388 praeponit
1535 1320 1716 1377 domui
1753 1336 1885 1386 sum,

312 1419 379 1462 et
401 1409 559 1462 ﬁlium
587 1424 742 1477 quem
788 1408 1037 1477 relinquit
1083 1408 1369 1469 haervdem,
1419 1418 1558 1463 tanta
1588 1409 1885 1466 dilierentia

309 1509 381 1554 et
404 1500 654 1553 distantia
679 1500 817 1554 inter
839 1499 1053 1569 Moysen
1080 1507 1133 1553 et
1160 1499 1451 1553 Christum.
1483 1500 1688 1569 Moyses
1712 1510 1889 1557 autem

316 1591 502 1645 ﬁdelis
522 1599 577 1647 et
612 1591 836 1645 devotus
867 1591 1092 1645 famulus
1131 1592 1227 1645 fuit
1257 1592 1306 1645 in
1342 1591 1501 1645 domo
1532 1593 1621 1647 Dei
1649 1594 1890 1661 omnipo-

2000 510 2222 565 titudine
2266 510 2637 581 Egyptiorum
2687 511 2959 578 eripuerit,
3010 512 3076 566 de
3109 511 3355 579 periculis
3401 513 3560 564 etiam

1999 598 2299 666 ﬂuviorum,
2331 601 2501 656 fontes
2546 604 2612 655 de
2659 614 2805 669 petra
2848 603 2963 655 sine
3003 601 3206 655 defertu
3252 602 3563 663 donaverit;

1999 703 2188 743 manna
2211 692 2470 751 tribuerit.
2505 693 2712 761 aliaque
2743 694 3145 745 innumerabilia
3183 692 3435 746 beneﬁcia
3480 693 3562 745 eis

1996 780 2323 843 con’ulerit,
2380 782 2601 835 necdum
2666 782 3049 843 crediderunt,
3100 772 3443 848 desperantes
3495 783 3563 834 de

1992 868 2105 934 ejus
2134 870 2389 936 petentia,
2420 886 2519 924 nec.
2551 872 2597 922 ln
2622 887 2738 924 rum
2765 870 2958 938 aliquid
3000 872 3248 922 remorati
3293 883 3441 933 sunt;
3469 872 3564 925 scd

1990 958 2183 1010 timore
2205 959 2527 1027 deSperabili
2570 960 2839 1027 perterriti
2872 961 3253 1013 murmuranJo
3276 960 3517 1011 dixerunt
3548 977 3565 1014 :

1996 1044 2202 1099 Utinam
2246 1062 2349 1100 non
2397 1047 2696 1101 introducat
2743 1063 2839 1101 nos
2890 1048 3143 1101 Dominus
3173 1047 3222 1099 in
3256 1058 3447 1100 terram
3492 1048 3555 1099 il-

1996 1135 2139 1188 lam!
2194 1146 2522 1189 revertamur
2546 1138 2597 1190 in
2643 1136 2949 1207 ngyptum.
3000 1138 3153 1207 Deus
3188 1139 3344 1207 igitur
3376 1140 3561 1202 iratus,

1994 1225 2132 1291 quod
2178 1225 2254 1278 sic
2300 1226 2406 1279 cito
2449 1227 2593 1279 ohliti
2643 1227 2850 1282 luerunt
2881 1243 3101 1292 operum
3128 1204 3189 1280 ac
3240 1229 3560 1282 tnirahilium

1994 1313 2638 1382 ejus,juravitquodnon
2685 1325 2829 1369 esset
2854 1319 3111 1369 iutratura
3156 1331 3270 1383 gem
3292 1319 3428 1372 ratio
3475 1319 3560 1371 illa

1992 1404 2047 1457 in
2078 1404 2313 1471 requiem
2344 1414 2395 1458 et
2420 1405 2642 1471 patriam
2667 1405 2790 1457 olim
2821 1407 3058 1472 patrihus
3091 1409 3426 1469 promissam,
3458 1411 3563 1462 sic-

1990 1509 2094 1562 que
2122 1494 2212 1549 illa
2239 1504 2490 1549 sexcenta
2545 1496 2707 1548 millia
2740 1510 2858 1561 qua:
2887 1509 3099 1563 egressa
3143 1504 3267 1547 sunt
3307 1497 3372 1549 de
3401 1496 3563 1566 Egy-

1993 1592 2081 1649 pto
2111 1586 2405 1652 perierunt,
2441 1593 2633 1653 prteter
2658 1587 3024 1638 tantummodo
3049 1585 3270 1651 Calepb,
3312 1588 3564 1642 videlicet

316 1682 508 1747 tentis,
536 1683 635 1736 hoc
667 1691 750 1737 est
800 1683 852 1736 in
880 1683 1033 1751 plebe
1078 1682 1389 1748 Israelitica,
1434 1684 1485 1736 in
1531 1685 1889 1738 testimonium
1922 1693 1968 1752 Β
1997 1672 2157 1755 ﬁlii"?
2185 1672 2466 1742 189mm!"
2496 1682 2550 1728 οι
2576 1674 2737 1727 λδθυο
2763 1674 2926 1727 “lium
2951 1674 3087 1737 Nil",
3121 1675 3209 1742 (ιιιί
3250 1676 3563 1731 θεάίιίοιιθιη

312 1787 507 1827 eorum
534 1772 815 1827 verborum
838 1786 955 1839 qua:
987 1786 1079 1839 per
1105 1772 1248 1826 illum
1276 1772 1499 1828 dicenda
1527 1782 1679 1826 erant
1704 1774 1767 1827 ad
1801 1789 1890 1841 po.

318 1863 530 1931 pulum,
558 1862 808 1931 quoniam
855 1862 1004 1916 leSliS
1028 1871 1143 1916 erat
1171 1862 1452 1916 verborum
1497 1863 1585 1917 Dei
1627 1864 1691 1917 ad
1725 1879 1891 1933 popu-

318 1956 458 2018 lum,
486 1955 781 2023 iterumque
808 1955 981 2023 populi
1004 1954 1069 2008 ad
1105 1954 1290 2007 Deum.
1316 1954 1557 2009 Christus
1576 1970 1699 2009 vero
1726 1956 1892 2010 lzbere

315 2045 535 2099 ordinat
580 2044 792 2098 domum
831 2060 1009 2109 suam,
1053 2054 1298 2115 tanquam
1348 2045 1485 2098 tilius
1526 2045 1889 2100 brereditatem

320 2148 618 2203 paternam,
664 2136 731 2189 de
782 2149 883 2202 qua
934 2134 1091 2188 modo
1136 2135 1405 2203 subjttngit
1441 2136 1752 2203 Apostolus,
1808 2137 1891 2189 di-

316 2238 455 2279 cens
482 2241 494 2275 :
529 2223 656 2288 Qum
680 2224 1074 2277 domus-sumus
1112 2239 1223 2290 nos,
1251 2225 1294 2276 si
1323 2224 1564 2291 ﬁduciam
1591 2233 1637 2276 et
1671 2222 1887 2295 gloriam

317 2313 433 2381 spei
456 2328 606 2380 usque
626 2312 694 2363 ad
732 2313 884 2380 ﬁnem
912 2314 1115 2378 ﬁrmam
1154 2315 1476 2365 retineamus.
1514 2312 1762 2367 Hortatur
1793 2314 1890 2370 itc-

318 2415 443 2455 rum
472 2399 748 2469 Apostolus
775 2401 1026 2456 llebrzcos
1071 2402 1276 2456 fortiter
1301 2411 1443 2456 stare
1490 2404 1539 2456 in
1572 2402 1674 2456 ﬁde
1702 2411 1754 2457 et
1774 2420 1892 2472 per-

321 2506 573 2546 severare
598 2494 649 2546 in
684 2492 825 2546 bono
853 2508 1036 2562 Opere,
1065 2495 1292 2563 jungens
1322 2509 1380 2549 se
1405 2509 1553 2549 more
1577 2496 1735 2550 solito
1761 2498 1885 2552 illis.

326 2583 544 2646 Domus,
575 2582 762 2651 inquit,
794 2584 883 2638 Dei
908 2599 1112 2649 sumus,
1143 2584 1189 2638 si
1218 2583 1484 2649 ﬁduciam,
1520 2584 1571 2639 id
1613 2597 1695 2639 εει
1728 2586 1888 2644 ﬁdem

321 2686 546 2741 rectam,
573 2685 625 2731 et
661 2676 880 2747 g'oriam
910 2675 1025 2747 spei
1053 2685 1250 2733 nostra:
1278 2676 1483 2733 ﬁrmam
1519 2679 1891 2736 retinuerimus

327 2782 497 2835 usque
539 2767 605 2820 ad
638 2769 794 2823 ﬁnem
826 2770 1013 2822 mortis
1056 2775 1273 2834 nostrae,
1326 2769 1409 2823 vel
1451 2785 1617 2839 usque
1646 2770 1709 2825 ad
1750 2770 1889 2826 diem

318 2856 530 2926 judieii.
554 2857 731 2912 Gloria
760 2860 875 2925 spel
905 2868 1101 2913 nostra:
1135 2866 1237 2924 est,
1270 2873 1371 2927 qua
1403 2860 1691 2928 gloriamur
1715 2876 1812 2916 nos
1838 2865 1887 2916 in

1999 1765 2173 1830 populi
2223 1778 2571 1831 compescere
2621 1765 2715 1819 nisi
2777 1776 2921 1829 sunt,
2964 1767 3165 1820 creduli
3228 1770 3565 1835 promissioni

1998 1852 2227 1909 Domini.
2256 1854 2552 1908 Notandum
2582 1866 2780 1918 autem,
2814 1865 2920 1910 tres
2968 1857 3177 1925 requirs
3218 1859 3285 1910 ab
3314 1859 3568 1926 Apostolo

1999 1943 2051 1995 in
2083 1944 2184 1998 hac
2231 1944 2457 2010 epistola
2506 1947 2938 2011 commemorari,
2980 1962 3137 2000 unam
3188 1950 3413 2014 sabbati,
3456 1967 3567 2019 quo

1998 2033 2258 2097 requievit
2286 2033 2425 2086 Deus
2466 2034 2532 2086 ab
2559 2035 2809 2101 operibus
2840 2037 2970 2102 suis,
3015 2038 3301 2091 serundam
3337 2040 3567 2094 [adrasti-

1999 2143 2142 2193 nam,
2176 2132 2227 2183 in
2253 2145 2411 2198 quam
2443 2132 2665 2198 ingressi
2715 2135 2987 2201 lsraelitm,
3038 2140 3324 2203 requieturi
3364 2151 3511 2194 erant
3538 2159 3567 2195 a

1997 2218 2213 2273 miseria
2242 2228 2295 2271 et
2333 2220 2603 2276 latoribus
2656 2225 2865 2291 multis;
2920 2226 3129 2278 tertiam
3178 2242 3403 2295 quoque,
3448 2246 3565 2297 qua:

2035 2321 2124 2361 era
2156 2316 2234 2361 est
2257 2311 2486 2376 requies,
2504 2326 2541 2363 τι
2563 2326 2721 2378 gnum
2742 2313 2990 2365 videlicet
3013 2315 3289 2377 rmlorum,
3318 2318 3380 2368 ad
3405 2332 3562 2384 quam

1997 2414 2132 2467 quos
2178 2400 2453 2464 peruenire
2492 2404 2789 2469 contigerit,
2838 2403 3140 2470 planissime
3180 2407 3509 2473 requieseent
3536 2425 3563 2461 a

1996 2488 2264 2543 laboribus
2297 2497 2352 2543 et
2393 2492 2645 2545 :erur‘nnis
2672 2490 2827 2559 hujus
2858 2492 3057 2559 Sazculi,
3085 2494 3151 2549 de
3174 2510 3275 2565 qua
3309 2496 3393 2552 hic
3417 2498 3559 2567 Apo-

1995 2582 2162 2636 stolas
2178 2582 2539 2651 propltetando
2562 2583 2867 2651 spiritaliter
2887 2586 3133 2653 loquitur,
3162 2590 3346 2642 dlt‘BﬂS
3369 2606 3382 2640 :
3418 2590 3559 2655 Qua-

1998 2679 2233 2739 propter,
2271 2673 2513 2735 sabaudi,
2544 2676 2663 2741 quia
2693 2674 2881 2729 dom’us
2919 2677 3008 2731 Dei
3057 2692 3263 2745 sumus,
3314 2682 3357 2733 si
3406 2681 3560 2735 ﬁdem

1999 2773 2197 2815 rectam
2244 2761 2299 2816 et
2326 2763 2545 2831 gloriam
2580 2766 2690 2832 Spei
2734 2765 2937 2819 ﬁrmam
2969 2766 3367 2835 retiuuerirnus,
3400 2760 3563 2825 nolite

2001 2853 2267 2908 obdurare
2312 2852 2473 2907 corda
2517 2861 2715 2920 vestra,
2759 2871 2826 2909 ne
2855 2856 3047 2910 similia
3079 2858 3346 2924 patiamini
3386 2862 3562 2929 qualia

323 2961 420 3013 Spe
453 2945 560 3013 jam
587 2960 706 3001 esse
736 2947 870 3002 ﬁlios
902 2947 1015 3011 Dei,
1051 2956 1104 3002 et
1128 2948 1395 3016 quomodo
1420 2957 1661 3004 tenemus
1690 2951 1741 3006 in
1771 2967 1887 3020 spe,

2000 2943 2365 3011 progenitores
2394 2943 2557 2997 vestri
2601 2946 2739 3012 passi
2787 2954 2929 3005 sunt.
2984 2947 3169 3014 privati
3214 2950 3395 3017 requie
3438 2966 3561 3017 pro-

322 3038 588 3092 credimus
618 3052 714 3093 nos
743 3053 1081 3107 possessuros
1104 3053 1223 3095 esse
1248 3041 1298 3093 in
1328 3056 1403 3095 re.
1435 3041 1574 3097 Bona
1598 3043 1738 3096 enim
1769 3060 1888 3125 qua:

327 3127 480 3181 nobis
509 3128 765 3196 promissa
792 3139 935 3196 sunt,
981 3130 1032 3183 in
1059 3128 1156 3183 hac
1186 3130 1379 3198 poenali
1428 3133 1531 3185 vita
1576 3133 1771 3187 habere
1800 3149 1891 3189 ne-

324 3232 588 3287 quaquam
610 3233 908 3287 possumus,
935 3218 1279 3287 quamobrem
1313 3218 1571 3275 habentes
1613 3221 1772 3276 lidem
1804 3238 1887 3277 re-

328 3314 493 3371 ctam,
533 3322 680 3375 spem
710 3317 909 3363 certam
938 3316 1240 3375 spectemus
1264 3309 1525 3375 patienter
1549 3314 1762 3377 prmmia
1795 3329 1887 3366 no-

330 3397 413 3450 bis
440 3413 466 3451 a
498 3398 718 3451 Domino
748 3400 1030 3465 promissa.
1064 3399 1317 3467 Sequitur
1343 3418 1354 3453 :
1406 3402 1731 3470 Quapmpter
1754 3407 1888 3460 sicut

328 3490 450 3542 dicit
479 3489 701 3558 Spiritus
726 3500 959 3543 sanctus:
1002 3490 1166 3543 Hodie
1196 3493 1237 3543 si
1264 3507 1428 3543 vocem
1455 3496 1563 3559 eius
1605 3496 1884 3559 audieritis,

328 3582 485 3635 nolite
508 3582 756 3633 obdurare
784 3583 937 3633 corda
971 3592 1137 3635 vostro
1164 3598 1183 3635 :
1228 3594 1279 3633 et
1306 3590 1517 3660 crura,
1570 3601 1733 3652 usque
1764 3604 1775 3637 ε
1831 3588 1890 3640 Si

328 3671 606 3723 introibuut
635 3672 688 3723 in
731 3671 950 3737 requiem
999 3687 1180 3722 meum.
1227 3671 1300 3724 De
1335 3686 1428 3739 spe
1471 3675 1625 3740 paulo
1652 3677 1898 3743 superius

334 3757 537 3812 locutus
556 3757 725 3813 fuerat
744 3758 929 3813 beatus
946 3762 1245 3825 Apostolus,
1266 3776 1368 3829 quo
1390 3763 1400 3811 Ι
1424 3770 1663 3829 oporteat
1682 3778 1898 3831 sperare

333 3863 394 3902 ea
425 3861 540 3914 qua:
569 3847 736 3901 futura
770 3858 911 3912 sunt,
943 3858 997 3903 et
1022 3850 1213 3904 deinde
1239 3853 1595 3905 testimonium
1631 3855 1898 3922 propheti-

332 3950 452 3990 cum
480 3938 578 3992 sub
619 3940 1039 4007 comparatione,
1071 3941 1333 4008 quomodo
1378 3942 1453 3996 illi
1504 3946 1774 4009 perierunt
1806 3946 1897 4013 qui

332 4026 755 4094 desperaverunt
783 4029 848 4082 de
874 4030 1107 4096 potentia
1136 4033 1513 4098 omnipotentis
1543 4033 1661 4097 Dei,
1698 4041 1753 4086 et
1776 4012 1898 4103 quid

336 4126 743 4185 promeruerunt
770 4120 922 4189 pauci
965 4122 1050 4186 qui
1082 4122 1182 4174 sub
1210 4137 1302 4189 spe
1332 4132 1476 4175 certa
1502 4123 1775 4189 promissis
1805 4126 1896 4179 Dei

334 4210 672 4264 crediderunt
704 4210 863 4279 :quia
889 4226 1016 4280 ergo
1053 4212 1276 4267 obscure
1316 4213 1525 4267 locutus
1562 4221 1648 4267 est
1675 4217 1895 4279 Aposto-

335 4300 433 4361 lus,
486 4313 704 4353 necesse
753 4310 834 4354 est
876 4303 1120 4369 replicari
1165 4302 1441 4357 historiam
1471 4302 1677 4358 Veteris
1718 4303 1899 4355 Tusci-

336 4389 518 4449 menti,
561 4398 616 4441 ut
660 4390 991 4444 manifestior
1022 4392 1112 4445 ﬁat
1154 4395 1343 4448 oratio.
1396 4394 1625 4446 quetus
1679 4395 1898 4459 populus

336 4478 651 4531 lsraeliticus
678 4479 743 4533 de
771 4478 1079 4567 {Egyptiag‘a
1112 4485 1366 4536 servitute
1397 4482 1447 4534 in
1473 4482 1638 4551 signis
1663 4492 1716 4536 et
1740 4482 1899 4535 mira-

339 4568 530 4619 bilibus
561 4568 788 4633 Domini,
821 4583 941 4623 cum
976 4565 1195 4620 multum
1221 4569 1357 4622 viam
1389 4570 1654 4626 desertam
1693 4586 1901 4641 peram—

339 4660 626 4724 ltzttassent,
660 4662 843 4729 pasti-a
868 4658 1090 4716 Domino
1120 4675 1334 4731 manna,
1365 4677 1499 4732 aqua
1529 4664 1596 4718 de
1626 4672 1774 4732 petra
1800 4679 1896 4733 po-

341 4749 432 4801 tati
459 4789 473 4809 ,
511 4749 729 4818 ejusque
773 4752 1102 4819 protectione
1140 4753 1311 4815 tutati,
1360 4754 1637 4807 consilium
1670 4756 1902 4808 inierunt

339 4855 528 4895 outoes
567 4845 772 4896 mittere
801 4844 864 4896 de
893 4843 1115 4912 singulis
1163 4845 1403 4897 tribubus
1427 4846 1691 4913 principes
1722 4847 1903 4912 explo-

341 4944 567 4997 ratores,
618 4932 705 5000 qui
749 4932 1003 4987 deberent
1051 4934 1312 5001 speculari
1360 4945 1516 5000 atque
1564 4936 1904 4990 considerare

341 5030 535 5072 tetram
583 5020 735 5074 sihia
798 5022 1019 5075 Domino
1067 5038 1398 5077 concessam.
1443 5025 1539 5089 Qui
1590 5040 1685 5093 per
1722 5038 1906 5094 gentes

340 5112 708 5192 lustraverunt.
746 5123 970 5176 terram,
1005 5118 1305 5181 reversique
1348 5126 1472 5168 sunt
1514 5128 1631 5185 post
1672 5119 1897 5184 Spatium

340 5199 684 5269 quadraginta
728 5200 934 5255 dictum
983 5202 1047 5255 ad
1099 5204 1509 5270 multitudinem,
1541 5209 1904 5261 renuntiantes

341 5300 539 5342 terram
581 5288 978 5351 lcrtilissimam,
1015 5307 1431 5361 magnorumque
1476 5294 1740 5349 fructuum
1784 5310 1904 5361 pro-

338 5382 670 5444 crcatriccm.
704 5381 797 5436 sed
824 5384 1204 5438 haberemth
1246 5384 1701 5452 inexpugnabiles,
1730 5386 1903 5439 viros-

337 5483 443 5536 que
470 5471 784 5524 I'ortissrmos
811 5485 929 5526 esse
960 5472 1011 5525 in
1049 5486 1130 5535 ea,
1180 5481 1365 5538 utpote
1405 5475 1470 5527 de
1531 5475 1696 5541 stirpe
1738 5474 1901 5537 Enac,

339 5558 502 5612 idest
540 5561 829 5629 gigantum.
861 5561 1110 5616 Israelita:
1152 5574 1279 5617 vero
1307 5563 1495 5631 ingrati
1543 5572 1594 5617 et
1624 5563 1903 5628 inseusati,

340 5663 477 5717 quos
499 5650 772 5720 oportebat
796 5660 1057 5707 tantorum
1089 5642 1182 5709 Dei
1208 5653 1581 5710 beneﬁciorum
1614 5657 1904 5723 reminisci,

1995 3033 2174 3087 missa.
2210 3033 2461 3087 Hortator
2504 3035 2790 3102 Apostolus
2835 3035 3089 3104 llebrzcos
3144 3038 3225 3091 his
3258 3040 3453 3106 verbis,
3507 3049 3564 3094 ιιι

1992 3142 2095 3179 non
2143 3133 2325 3179 essent
2363 3125 2602 3179 inﬁdeles
2632 3132 2687 3179 et
2731 3126 3012 3192 increduli,
3046 3137 3099 3182 et
3147 3129 3430 3196 perderent
3475 3147 3560 3183 re-

1990 3216 2167 3283 quiem
2189 3225 2439 3269 mternam
2470 3214 2566 3269 sibi
2600 3230 2627 3268 a
2655 3216 2876 3269 Domino
2901 3219 3239 3286 promissam,
3272 3221 3408 3274 sient
3441 3212 3562 3288 per-

1992 3305 2238 3357 diderunt
2267 3313 2443 3373 patres
2466 3319 2648 3358 eorum
2681 3302 2914 3373 requie'n
2941 3309 3317 3373 temporalem.
3357 3310 3551 3373 Nolite,

1995 3396 2180 3463 inquit,
2214 3396 2465 3449 obdurare
2493 3399 2646 3449 corda
2676 3408 2857 3462 vestra,
2886 3400 3013 3450 sicut
3041 3400 3437 3455 obduraverunt
3469 3420 3559 3470 p1!-

1996 3494 2104 3537 tres
2148 3486 2327 3537 vcstri.
2371 3485 2434 3537 In
2474 3488 2867 3540 exarat-batioue.
2916 3488 2968 3541 ld
3018 3498 3120 3555 est,
3153 3492 3555 3556 atnaric;ttiottr-,

1997 3576 2208 3643 quando
2238 3591 2322 3630 me
2355 3578 2417 3629 ad
2453 3579 2859 3632 amaritudinem
2892 3591 3339 3647 provoctveruut.
3378 3585 3566 3637 Secun-

2001 3668 2119 3717 dum
2145 3668 2277 3719 diem
2311 3668 2596 3719 uitiationis
2622 3685 2793 3724 eorum
2826 3670 2874 3721 in
2906 3671 3116 3733 deserto,
3149 3673 3232 3723 ubi
3253 3682 3566 3725 tcn'arerunt

2004 3773 2079 3809 me
2127 3768 2291 3824 patres
2336 3759 2505 3810 vrstri.
2556 3759 2727 3812 Multis
2759 3760 2929 3811 modis
2956 3802 2967 3821 ,
3002 3761 3238 3814 dicentes
3271 3780 3283 3813 :
3319 3762 3563 3828 Nunquid

2003 3850 2190 3917 poterit
2220 3848 2357 3902 Deos
2386 3864 2567 3914 parare.
2611 3864 2846 3913 mensam
2880 3851 2928 3903 in
2971 3852 3227 3905 deserto?
3264 3852 3341 3906 Et
3377 3872 3387 3905 :
3420 3854 3563 3906 Nun-

2008 3940 2133 4007 quid
2166 3940 2357 4007 poterit
2390 3955 2483 3992 nos
2515 3941 2851 3996 in'roduccre
2880 3942 2930 3994 in
2966 3952 3159 3995 terram
3186 3945 3419 4012 patribus
3448 3962 3565 4012 pto-

2003 4030 2253 4082 missam?
2307 4030 2454 4096 Quod
2504 4040 2681 4082 autem
2726 4031 2897 4085 dirit:
2946 4032 3132 4098 liodie,
3184 4049 3287 4089 non
3338 4037 3567 4105 loquitur

2010 4122 2282 4174 Psalmista
2306 4120 2373 4175 ad
2397 4121 2514 4175 illos
2536 4122 2623 4188 qui
2648 4122 2837 4174 mortui
2861 4133 2983 4177 sunt
3015 4124 3065 4176 in
3097 4123 3307 4177 deserto
3330 4141 3567 4179 murmu-

2002 4210 2168 4263 rando
2190 4222 2373 4266 contra
2397 4213 2583 4277 Deum,
2602 4221 2654 4266 et
2673 4213 2925 4267 increduli
2949 4215 3244 4279 existendo,
3272 4216 3362 4270 sed
3396 4220 3567 4282 potius

2002 4299 2064 4350 ad
2100 4300 2213 4353 illos
2235 4303 2321 4370 qui
2343 4302 2619 4357 dominicae
2651 4303 3038 4369 prmdicatiouis
3068 4316 3301 4373 tempore
3336 4308 3570 4379 l'mrunt,

2001 4391 2487 4457 apostolorumque,
2509 4402 2563 4447 et
2585 4408 2645 4445 us
2669 4408 2752 4455 me
2772 4394 2835 4445 ad
2864 4394 3017 4448 ﬁnem
3043 4397 3219 4450 srcCuli
3238 4398 3394 4451 futuri
3424 4413 3565 4455 sunt.

2006 4480 2192 4544 Hodie,
2224 4481 2411 4548 inquit,
2436 4484 2482 4533 id
2508 4496 2587 4535 est
2622 4484 2670 4536 iu
2696 4484 2781 4537 die
2805 4484 2928 4537 Novi
2955 4484 3299 4549 Testamcuti,
3327 4491 3404 4543 vel
3427 4492 3569 4544 omni

2004 4578 2261 4636 tempore,
2286 4572 2515 4638 quandu
2538 4572 2727 4625 dicitur
2752 4573 2925 4635 ltotlic.
2945 4576 3104 4629 nolite
3127 4577 3389 4633 obdurare
3409 4580 3569 4633 corda

2001 4668 2207 4723 vestra;
2238 4659 2391 4714 hodie
2419 4675 2643 4731 namque
2678 4678 2769 4727 pro
2792 4680 2816 4716 s
2838 4667 3114 4732 ‘tttplletnn
3143 4669 3377 4735 punitur,
3401 4669 3570 4722 donec

2004 4747 2229 4802 mundus
2262 4759 2315 4803 ct
2345 4749 2448 4803 vita
2500 4768 2732 4819 prrcsens
2761 4764 2955 4807 manet.
2991 4755 3239 4822 Sequitur
3271 4775 3282 4807 :
3322 4757 3570 4808 I’robm'e-

2004 4842 2119 4894 ritnt
2150 4852 2192 4894 et
2221 4842 2450 4895 viderunt
2473 4860 2621 4910 opera
2654 4861 2779 4897 mea.
2808 4843 3164 4911 Quadraginta
3226 4845 3392 4896 antris.
3422 4846 3569 4909 Quod

2008 4934 2161 4988 dicit:
2189 4936 2719 5003 Prolravcruutopera
2750 4947 2800 4989 et
2825 4936 3078 4988 mirabilia
3111 4949 3244 4991 mea.
3279 4950 3378 4986 non
3402 4948 3432 4987 c
3467 4935 3571 4989 tita

2011 5027 2425 5095 intelligendum,
2458 5038 2510 5080 ut
2531 5028 2763 5080 dicatur:
2803 5027 3177 5093 probaverunt,
3217 5025 3265 5078 id
3297 5037 3373 5079 est
3406 5026 3574 5095 elege-

2011 5127 2128 5169 runt
2142 5132 2297 5171 causa
2316 5122 2598 5186 gratiarum
2613 5117 2899 5173 actionum.
2916 5116 3005 5167 ~rd
3022 5116 3193 5183 potius
3208 5116 3446 5184 probatio
3463 5118 3576 5169 haec

2006 5205 2068 5257 ad
2092 5205 2446 5259 curiositatem
2464 5214 2543 5258 est
2567 5205 2655 5259 rel.
2679 5205 2839 5257 renda
2857 5215 2904 5258 et
2925 5206 3287 5260 tentatiouem.
3314 5207 3574 5260 l‘rohave-

2007 5305 2149 5358 runt,
2177 5296 2364 5363 inquit,
2388 5310 2546 5361 Opera
2563 5310 2702 5348 mea:
2726 5295 2825 5349 hoc
2847 5307 2947 5360 cst,
2971 5299 3290 5351 curiositatis
3309 5312 3466 5350 causa
3489 5312 3597 5352 ctu

2006 5388 2092 5454 qui
2127 5387 2296 5440 ierunt
2326 5396 2611 5448 tentantes.
2653 5398 2953 5443 utrumnam
2995 5393 3331 5458 omnipotens
3375 5405 3570 5443 essem.

2009 5478 2112 5533 Sed
2142 5478 2266 5546 quid
2299 5478 2489 5531 factum
2530 5481 2646 5533 est?
2691 5480 2945 5535 Viderurtt
2976 5482 3061 5535 illa
3108 5497 3199 5547 per
3229 5481 3574 5549 quadraginta

2012 5583 2197 5636 annos,
2228 5579 2276 5622 et
2321 5581 2723 5635 permanserunt
2764 5571 2970 5640 ingrati.
3016 5571 3194 5624 Potest
3220 5569 3355 5637 quod
3406 5558 3590 5625 dicitfi

2012 5658 2365 5725 Quadrag'uta
2384 5659 2551 5716 annis,
2574 5670 2603 5714 tt
2620 5676 2645 5714 a
2658 5663 2685 5714 Δ
2704 5660 2973 5729 sequentia
2988 5659 3252 5729 conjungi.
3281 5658 3578 5729 Quadragee
