4076 6306
1211 429 1214 434 ·
1303 397 1886 492 TBADITIO
1972 395 2670 488 CATHOLICA.

1374 689 1376 692 ’
1466 678 1890 742 SA'JCULUM
1934 678 2005 742 γ.
2049 677 2332 743 ANNUS
2369 675 2509 739 Ιιιιῐι.

1611 947 2350 1064 ELENCHUS

492 1253 1010 1316 AUCTOXUM
1051 1255 1171 1314 ET
1209 1255 1597 1316 OPERUM
1633 1257 1792 1332 QUI
1829 1256 1927 1314 IN
1961 1254 2102 1315 H01

1880 1256 1927 1314 Ν
1961 1254 2144 1315 HOC
2178 1256 2439 1316 TOMO
2469 1249 2770 1317 LXVIII
2811 1251 3490 1315 CONTINENTUB.

1786 1525 2170 1548 ...πῄ-...-

1054 1768 1115 1828 5.
1170 1769 1572 1844 CYRILLUS,
1633 1772 2228 1835 ALEXANDRINUS
2291 1774 2953 1840 ARCHIEPISCOPUS.

367 2021 636 2081 Scrupn
679 2035 1050 2080 EXEGETICA.

367 2120 455 2184 De
491 2120 856 2184 adoratione
887 2120 950 2182 in
989 2119 1218 2200 spiritu
1253 2127 1316 2182 et
1343 2119 1596 2184 veritate
1625 2120 1766 2185 libri
1806 2135 1979 2185 xvm
3175 2127 3307 2190 Col.
3347 2123 3642 2191 133-1126

1816 2944 2175 3007 MONITUM
2186 2991 2200 3004 .

439 3203 579 3266 Cum
614 3211 668 3269 in
707 3210 813 3266 hac
843 3203 1033 3282 Cyrilli
1072 3204 1314 3267 editione
1360 3204 1610 3267 ordinem
1651 3218 1857 3266 novum
1904 3204 2334 3276 instituerimus,
2354 3204 2645 3281 praecipue
2673 3206 2851 3282 quoad
2896 3207 3100 3282 Scripta
3131 3207 3459 3282 dogmar'rca,
3489 3209 3650 3267 adeat

371 3300 589 3376 Lector,
622 3307 667 3364 si
695 3307 882 3375 lubet,
915 3307 1204 3378 utriusque
1232 3307 1472 3373 ordinis,
1504 3309 1710 3364 veteris
1733 3317 1789 3364 et
1816 3309 1968 3376 novi,
1999 3308 2350 3365 collationem
2399 3324 2562 3379 quam
2607 3309 2674 3363 ad
2717 3308 2920 3363 calcem
2954 3306 3087 3363 tomi
3128 3308 3308 3364 ultimi
3344 3325 3648 3378 represen-

374 3408 586 3468 tamus;
614 3400 709 3457 ubi
747 3401 913 3458 etiam
962 3417 1074 3456 uno
1119 3401 1322 3456 intuitu
1373 3401 1678 3472 conSpiciet
1722 3419 1888 3473 quam
1938 3404 2112 3461 multa
2159 3412 2364 3459 nostra:
2399 3403 2630 3459 editioni
2677 3402 2746 3457 de
2803 3417 2947 3457 novo
2994 3402 3343 3458 accesserint.
3376 3401 3651 3459 Caeterum

374 3510 478 3569 pro
521 3505 676 3554 certo
708 3503 892 3554 teneat
923 3513 1032 3554 non
1071 3497 1198 3568 plus
1235 3497 1496 3555 stercoris
1525 3513 1558 3553 e
1584 3497 1817 3555 stabulis
1841 3499 2027 3572 Augiaa
2057 3515 2224 3572 quam
2249 3516 2318 3556 ex
2343 3499 2431 3555 his
2457 3499 2619 3556 libris
2651 3497 2895 3554 maculas
2921 3496 3167 3554 sublatas
3194 3495 3384 3554 fuisse.

2096 5811 2534 5829 ——————-

2377 5848 2620 5907 Parisiis.
2652 5878 2716 5890 -—
2748 5847 2827 5903 Ex
2856 5847 3021 5916 Typis
3047 5845 3188 5902 J.-P.
3220 5844 3451 5901 MIGNE.
