4076 6306
3041 532 3470 553 “an-5...“

339 541 3583 611 Μ

884 784 1340 947 VITA
1445 783 2159 986 SANCTI
2267 669 3048 935 CYRlLLl

1477 1056 1945 1116 PATRIARCHE
1981 1053 2453 1111 ALEXANDle

1011 1246 1154 1313 (Acta
1172 1248 1467 1299 Sanctorum
1488 1208 1738 1307 Dolland,
1762 1241 1983 1294 Januarii
2013 1247 2133 1292 tom.
2160 1240 2221 1300 ll,
2243 1238 2325 1289 die
2344 1238 2422 1302 28;
2444 1254 2574 1291 anno
2593 1238 2771 1294 Christi
2794 1238 2924 1303 μδ.)

571 1552 602 1625 §
627 1553 669 1608 l.
702 1550 759 1608 S.
782 1549 967 1623 ϐυτ-ξιΙὶ
989 1549 1209 1616 natalis,
1248 1557 1399 1613 atas,
1429 1546 1687 1619 reliquiae.

400 1685 451 1739 i.
471 1685 705 1740 Multum
721 1684 960 1746 Ecclesia
975 1681 1243 1739 catholica
1259 1681 1315 1737 S.
1332 1680 1535 1753 Cyrillo
1544 1680 1914 1737 Alexandrino

326 1777 515 1841 debet,
532 1779 656 1849 ejus
679 1777 939 1848 singulari
963 1776 1275 1832 eruditione
1298 1774 1581 1846 animique
1606 1772 1913 1830 constantia

326 1869 596 1925 adversus
610 1869 901 1924 hzereticos
917 1867 1231 1924 ﬁdelissime
1249 1867 1673 1938 felicissimeque
1708 1880 1912 1937 propu-

326 1969 490 2031 gnata
527 1979 540 2013 :
572 1961 808 2032 ideoque
840 1963 870 2014 ὁ
910 1962 1008 2031 τῆς
1039 1961 1205 2033 ὀρθῆς
1231 1962 1327 2016 καὶ
1345 1960 1652 2032 ἀμωμήτου
1683 1960 1917 2021 πίστεως

330 2054 666 2124 συνήγορος,
720 2064 877 2109 rectm
929 2061 978 2108 et
1029 2051 1389 2108 immaculata:
1439 2051 1567 2122 ﬁdei
1632 2051 1915 2107 advocatus

268 2182 273 2185 η
329 2145 638 2215 appellatur
683 2146 740 2200 in
797 2145 1031 2201 concilio
1080 2145 1423 2202 (ecumenico
1483 2143 1915 2200 Chalcedonensi

330 2243 437 2290 act.
468 2235 541 2300 3,
586 2236 645 2289 in
692 2235 880 2292 libello
926 2235 1203 2292 Theodori
1248 2235 1489 2303 diaconi,
1529 2235 1916 2293 ecclesiasticis

331 2323 546 2378 concilii
598 2324 969 2380 monumentis
1016 2325 1242 2382 inserto.
1295 2326 1411 2381 lmo
1454 2332 1714 2395 tanquam
1772 2324 1918 2380 sedis

332 2416 644 2485 apostolicae
668 2416 930 2481 vicarius,
958 2416 1154 2487 aequali
1182 2432 1308 2472 cum
1352 2416 1410 2472 S.
1451 2416 1635 2473 Leone
1661 2414 1919 2488 pontiﬁce

333 2505 580 2568 Romano
603 2508 814 2563 honore
841 2507 1098 2579 dignatus
1117 2519 1201 2564 est
1232 2508 1289 2564 in
1323 2509 1559 2565 concilio
1597 2506 1919 2563 Constanti-

333 2598 649 2668 nopolitano
678 2615 768 2653 an.
795 2598 928 2655 Chr.
956 2600 1082 2666 556,
1106 2599 1209 2656 sub
1246 2600 1445 2661 Menna
1481 2600 1791 2671 patriarcha
1816 2600 1919 2656 ha-

331 2688 471 2745 bito.
492 2689 573 2745 Ita
599 2691 813 2747 actione
841 2692 869 2746 l
894 2711 907 2745 :
938 2711 956 2743 ‹
981 2691 1251 2759 Quoniam
1273 2691 1737 2749 Chalcedonensis
1758 2706 1920 2764 syno-

335 2781 437 2839 dus
450 2800 560 2838 non
583 2785 762 2840 solum
782 2784 983 2841 Leonis
1003 2794 1205 2843 sanctae
1222 2786 1519 2852 memoria-,
1541 2802 1735 2842 verum
1753 2786 1920 2841 etiam

334 2884 391 2930 et
414 2874 602 2947 Cyrilli
620 2876 1119 2932 Alexandrinorum
1144 2893 1176 2932 a
1195 2877 1308 2933 Deo
1330 2877 1494 2932 amati
1511 2878 1771 2948 pastoris,
1797 2893 1918 2934 me-

334 2968 564 3023 moriam
589 2969 645 3023 in
674 2969 980 3025 orthodoxa
1002 2969 1110 3024 ﬁde
1140 2968 1296 3035 fecit;
1329 2977 1386 3023 et
1423 2968 1660 3041 Cyrillus
1694 2968 1917 3039 quidem

334 3062 735 3119 Alexandrinus
770 3064 826 3118 in
866 3063 1141 3136 diptychis
1188 3062 1536 3132 pnedicatur,
1581 3062 1692 3118 Leo
1733 3070 1917 3118 autem

336 3158 536 3205 sanctae
563 3149 844 3207 memoriae
868 3165 980 3205 non
999 3148 1361 3220 praedicatur;
1388 3150 1598 3219 justum
1639 3156 1917 3219 putamus,

336 3251 399 3296 ut
418 3242 565 3313 quod
588 3241 765 3296 defuit
783 3242 1104 3313 suppleatur
1133 3259 1147 3296 :
1178 3250 1236 3297 et
1262 3240 1392 3311 quia
1409 3241 1693 3311 aequaliter
1720 3240 1791 3295 ab
1817 3240 1921 3295 hac

336 3345 521 3390 sancta
553 3334 763 3407 synodo
802 3350 907 3405 pro
943 3341 1087 3389 statu
1134 3332 1454 3389 orthodoxa:
1492 3332 1620 3387 ﬁdei
1666 3330 1924 3387 honorati

335 3438 465 3483 sunt
490 3427 767 3493 similiter,
802 3436 860 3482 et
886 3427 944 3481 in
976 3426 1147 3482 sacris
1174 3425 1447 3497 diptychis
1492 3439 1592 3494 pro
1613 3424 1847 3478 utilitate
1868 3431 1924 3476 et

336 3532 467 3587 pace
495 3518 751 3573 Ecclesiae
776 3517 1165 3587 praedicentur.
1200 3535 1218 3567 ›

403 3610 459 3663 2.
480 3608 653 3665 Graeci
672 3617 835 3680 agunt
857 3607 914 3664 S.
938 3607 1127 3681 Cyrilli
1162 3625 1216 3663 1x
1249 3608 1399 3665 Junii
1420 3607 1789 3671 festivitatem,
1811 3620 1922 3676 quo

337 3700 429 3755 die
460 3699 821 3770 Menologium
852 3719 866 3754 :
907 3720 927 3751 ι
965 3700 1176 3757 Natalis
1202 3700 1257 3756 S.
1283 3699 1495 3773 Cyrilli,
1518 3699 1622 3755 viri
1656 3698 1921 3754 eruditis-

337 3790 484 3855 simi,
528 3791 809 3847 catholiete
848 3791 975 3847 ﬁdei
1013 3793 1434 3864 propugnatoris
1475 3791 1720 3863 egregii:
1757 3806 1920 3860 quem

338 3898 587 3938 summus
615 3884 860 3954 pontifex
880 3884 1212 3940 C(elestinus
1239 3884 1498 3939 idoneum
1517 3883 1786 3954 judicavit
1832 3882 1921 3935 cui

339 3989 464 4029 snas
518 3975 669 4030 vices
724 3975 782 4029 in
833 3975 1114 4045 Ephesino
1155 3975 1390 4031 concilio
1435 3973 1729 4045 delegaret.
1790 3992 1807 4023 ›
1862 3971 1921 4026 In

340 4065 557 4122 Menaeis
585 4085 629 4120 ε(
658 4066 845 4125 Sancti
865 4067 1044 4123 Patris
1072 4066 1246 4123 nostri
1265 4066 1475 4138 Cyrilli,
1504 4066 1662 4136 Papa:
1684 4064 1920 4119 Alexan-

340 4156 503 4213 drini.
543 4179 562 4210 ι

480 4268 742 4339 Κύριλλον
764 4269 919 4339 ὕμνῶ
945 4252 1038 4322 τὸῡ
1072 4269 1281 4339 Κυρίου
1316 4267 1603 4339 μουφῐλον
1621 4306 1636 4327 ,

477 4337 588 4393 Καὶ
617 4337 830 4410 Κυρίαζ
860 4340 1143 4411 πρόμαχον
1167 4337 1557 4409 ἅειπαροὲνου.

477 4446 738 4517 Cyrillum
764 4446 965 4501 celebro
996 4445 1206 4499 Domini
1222 4446 1335 4517 Amyci
1365 4444 1613 4503 amicum,

476 4514 546 4571 Et
590 4517 829 4573 Domina:
859 4532 1064 4586 semper
1100 4515 1315 4586 virginis
1348 4520 1812 4584 propugnatormn.

409 4652 462 4707 5.
507 4651 683 4708 Variis
711 4650 957 4723 ejusdem
986 4650 1219 4705 virtutes
1243 4647 1385 4711 odis,
1421 4644 1659 4716 hymnis,
1698 4652 1755 4696 ct
1783 4641 1923 4695 anti-

338 4745 535 4814 phonis
559 4744 912 4799 celebrantur
940 4743 997 4797 in
1016 4741 1225 4798 eisdem
1256 4738 1495 4803 Memeis,
1522 4746 1637 4792 tum
1667 4735 1774 4789 hoc
1808 4733 1917 4796 die,

337 4845 451 4891 tum
480 4853 608 4891 xvtu
638 4836 905 4900 Januarii,
946 4849 1056 4904 quo
1087 4832 1316 4889 solemni
1348 4845 1476 4885 cum
1504 4829 1654 4883 cultu
1696 4826 1917 4888 iterum,

340 4944 446 4983 una
466 4943 590 4983 cum
618 4927 673 4983 S.
701 4926 1021 4993 Athanasio,
1046 4933 1399 4988 venerantur,
1425 4931 1481 4976 et
1504 4921 1609 4975 hoc
1629 4931 1919 4990 utrumque

337 5028 537 5074 ornant
562 5017 850 5073 encomio:
902 5035 920 5067 ι
957 5017 1054 5072 SS.
1089 5013 1422 5072 Athanasius
1451 5023 1508 5067 et
1542 5012 1778 5083 Cyrillus
1822 5027 1919 5080 pa-

339 5106 592 5161 triarchae
618 5106 994 5161 Alexandrini.
1020 5106 1100 5161 Ex
1125 5105 1214 5161 his
1244 5104 1462 5159 duobus
1503 5101 1560 5157 S.
1590 5100 1920 5158 Athanasius

334 5196 478 5251 uixit
531 5195 829 5265 imperante
874 5195 1237 5252 Constantino
1286 5195 1497 5266 Magno,
1541 5202 1598 5249 et
1643 5193 1700 5247 in
1742 5192 1920 5263 primo

333 5284 573 5339 concilio
594 5285 830 5352 Niceno,
859 5286 1103 5342 nondum
1137 5286 1427 5355 episc0pus
1464 5294 1702 5347 creatus,
1735 5282 1921 5337 verbis

330 5385 388 5430 et
428 5376 651 5445 scriptis
683 5377 963 5447 sapientia:
982 5377 1161 5447 plenis
1190 5378 1381 5431 Arium
1404 5375 1710 5431 confutavit
1736 5385 1791 5429 et
1820 5390 1919 5443 pu-

329 5467 552 5523 defecit.
580 5468 710 5523 Post
736 5479 972 5524 mortem
993 5486 1127 5529 vero
1152 5470 1447 5539 Alexandri
1469 5468 1918 5538 archiepiscopus

326 5558 676 5615 Alexandria:
717 5560 1025 5626 ordinatus,
1066 5578 1098 5617 a
1126 5561 1447 5617 Constantio
1496 5561 1667 5616 variis
1710 5559 1918 5615 exsiliis

326 5653 625 5717 exercitus,
668 5667 768 5723 per
794 5651 935 5707 duos
972 5662 1029 5707 et
1069 5653 1428 5724 quadraginta
1469 5669 1642 5707 annos
1683 5649 1918 5705 assiduis
1950 5632 1994 5686 Ῑ)

325 5743 815 5813 persecutionibus
848 5744 1170 5814 exagitatus,
1204 5746 1457 5815 migravit
1494 5745 1562 5799 ad
1596 5744 1907 5799 Dominum.

325 5833 558 5912 Sanctus
572 5844 763 5891 autem
783 5833 1021 5906 Cyrillus
1035 5836 1138 5891 sub
1156 5836 1462 5892 Theodosio
1480 5837 1684 5893 Minorc
1704 5835 1908 5899 floruit,

563 5956 855 6017 Pamon.
890 5954 1003 6014 Gn.
1038 5955 1295 6016 LXVIII.

1943 1554 1988 1607 Α
2019 1543 2309 1613 Theophili
2331 1540 2729 1612 archiepiscopi
2755 1539 3112 1595 Alexandrini
3137 1553 3170 1593 e
3193 1551 3605 1609 sororemepos,

2013 1645 2071 1691 et
2092 1636 2147 1689 in
2174 1633 2305 1690 sede
2334 1631 2788 1703 archiepiscopali
2813 1645 3119 1698 successor,
3152 1632 3249 1701 qui
3278 1630 3454 1690 tertia:
3474 1647 3604 1703 syn-

2015 1727 2123 1783 odo
2156 1727 2358 1798 Ephesi
2402 1725 2694 1781 celebrata:
2736 1725 2992 1796 praefuit,
3044 1735 3101 1781 et
3131 1725 3446 1781 Nestorium
3488 1723 3603 1795 (qui

2016 1822 2187 1876 multa
2217 1819 2535 1891 blasphema
2572 1819 2629 1873 in
2646 1817 2935 1873 Dominam
2965 1827 3205 1873 nostram
3240 1817 3336 1872 Dei
3374 1816 3605 1889 genitri-

2014 1928 2134 1967 cem
2177 1912 2431 1983 dogmata
2470 1909 2739 1981 evomuit)
2786 1909 3069 1965 damnavit
3107 1918 3166 1965 et
3207 1910 3603 1966 exauctoravit.

2013 2003 2253 2076 Cyrillus
2284 2018 2437 2069 vero,
2469 2018 2596 2058 cum
2629 2002 2820 2057 multis
2842 2000 3104 2073 praeclare
3125 2000 3285 2056 factis
3310 2011 3367 2057 et
3388 2002 3607 2057 virtuti-

2016 2097 2121 2152 bus
2142 2097 2426 2161 eluxisset,
2454 2095 2522 2150 ad
2559 2094 2853 2150 Dominum
2883 2091 3158 2165 migravit.

2088 2189 2141 2242 4.
2193 2207 2212 2239 ‹
2247 2187 2382 2244 Erat
2426 2186 2763 2242 Athanasius
2797 2185 3064 2241 mediocri
3088 2193 3296 2241 statura
3335 2187 3605 2256 corporis,

2018 2272 2266 2334 modeste
2294 2279 2460 2343 latus,
2490 2279 2774 2343 incurvus,
2802 2288 2958 2349 grato
2976 2285 3223 2347 aspectu,
3243 2275 3464 2331 decenti
3490 2276 3607 2330 cal-

2018 2370 2170 2433 vitie,
2210 2370 2424 2425 adunco
2452 2385 2618 2436 naso;
2648 2370 2818 2425 barba
2847 2382 2959 2425 non
2996 2368 3292 2425 admodum
3314 2370 3605 2440 promissa,

2020 2461 2115 2517 sed
2157 2460 2357 2517 diffusa
2399 2471 2457 2517 et
2486 2475 2655 2532 genas
2686 2460 2984 2526 vestiente;
3026 2475 3121 2516 ore
3153 2460 3331 2526 brevi,
3364 2469 3421 2516 et
3447 2461 3604 2530 quasi

2020 2554 2221 2621 inciso;
2247 2569 2359 2609 non
2383 2552 2777 2608 omninO‘cano
2804 2552 3005 2623 capite,
3045 2567 3150 2608 nec
3171 2567 3310 2623 pure
3331 2553 3478 2619 albo,
3509 2553 3605 2608 sed

2020 2644 2286 2703 subﬁavo.
2314 2645 2547 2701 Sanctus
2582 2655 2766 2701 autem
2792 2643 3031 2716 Cyrillus
3048 2644 3216 2700 breve
3241 2644 3375 2715 quid
3398 2645 3611 2700 habens

2021 2749 2147 2795 cum
2177 2739 2361 2795 colore
2394 2737 2652 2809 gratiore,
2678 2737 2943 2792 abnuenti
2960 2736 3156 2792 similis
3185 2749 3440 2808 aspectu;
3469 2738 3608 2794 den-

2021 2830 2098 2887 sis
2152 2841 2209 2886 et
2254 2830 2449 2901 pilosis
2496 2829 2807 2900 superciliis
2856 2829 3177 2901 magnisque
3218 2839 3276 2887 et
3318 2830 3377 2886 in
3419 2847 3608 2888 arcum

1949 2924 1992 2979 Β
2018 2923 2195 2989 ﬂexis,
2234 2923 2581 2993 frontemque
2622 2922 3037 2989 claudentibus;
3073 2937 3210 2978 naso
3242 2923 3413 2994 justo,
3453 2926 3612 2996 cujus

2021 3014 2398 3087 diaphragma,
2450 3030 2548 3069 seu
2598 3014 2949 3070 intervallum
2989 3014 3229 3082 narium,
3274 3018 3612 3074 contractius

2019 3115 2173 3174 erat;
2210 3106 2366 3179 genis
2380 3106 2643 3172 extensis,
2668 3105 2829 3161 labiis
2851 3106 3213 3174 tumentibus,
3237 3124 3333 3164 ore
3362 3108 3609 3175 diducto,

2019 3198 2199 3255 fronte
2231 3199 2569 3271 angustiore,
2599 3197 2697 3253 sed
2730 3198 2999 3265 recalvus,
3033 3198 3199 3254 densa
3248 3216 3315 3255 ac
3344 3203 3612 3271 promissa

2020 3290 2191 3347 barba
2218 3289 2571 3356 venerabilis,
2597 3292 2781 3361 crispo
2814 3290 3072 3361 utrinque
3103 3292 3302 3361 capillo
3340 3303 3396 3348 et
3444 3295 3612 3349 flave-

2006 3393 2207 3443 ,scente
2248 3399 2313 3439 ac
2352 3383 2651 3439 semicano.
2694 3382 2939 3449 Quorum
2979 3383 3099 3438 dies
3136 3383 3310 3441 festus
3345 3386 3525 3457 agitur
3557 3386 3611 3440 in

2022 3474 2379 3529 sanctissimae
2409 3472 2627 3543 Sophim
2650 3473 2875 3543 templo.
2920 3492 2938 3524 ι

2094 3565 2145 3619 5.
2213 3564 2395 3620 Latini
2451 3565 2717 3637 Cyrillum
2778 3566 2885 3621 hoc
2947 3581 3109 3621 xxvm
3165 3566 3413 3623 Januarii
3470 3568 3614 3623 refe-

2024 3666 2171 3712 runt.
2197 3657 2494 3727 Antiquum
2528 3656 2584 3711 S.
2607 3656 2826 3713 Martini
2851 3657 3095 3713 Treviris
3129 3659 3572 3733 Martyrologium
3599 3681 3612 3717 ε

2032 3768 2048 3798 ι
2088 3748 2148 3803 In
2173 3747 2525 3813 Alexandria,
2566 3747 2758 3820 Cyrilli
2803 3748 3050 3821 episcopi
3098 3757 3155 3804 et
3188 3752 3543 3810 confessoris.
3590 3777 3608 3805 ι

2024 3839 2327 3905 Usuardus,
2352 3839 2519 3905 Beda,
2545 3839 2683 3905 Ade,
2708 3838 3004 3907 Notkerus,
3028 3841 3307 3899 Bellinus:
3338 3864 3356 3895 ‹
3382 3845 3617 3901 Alexan-

2024 3931 2178 3996 driae,
2207 3931 2265 3986 Β.
2291 3930 2481 4003 Cyrilli
2506 3932 2773 4003 episcopi,
2806 3933 2901 4003 qui
2919 3933 3202 3990 catholicae
3240 3935 3366 3991 ﬁdei
3390 3939 3617 4007 praecla-

2025 4024 2274 4079 rissimus
2306 4024 2518 4080 exstitit
2544 4035 2936 4096 propugnator.
2968 4045 2986 4076 ι
3019 4024 3221 4081 Eadem
3266 4028 3472 4084 habent
3496 4044 3613 4085 ma-

2025 4115 2306 4186 nuscripta
2347 4116 2618 4187 plurima;
2652 4117 2873 4173 additur
2903 4117 2958 4171 in
2989 4118 3266 4174 Romano:
3304 4140 3322 4170 «
3356 4121 3616 4179 Doctrina

2027 4217 2083 4261 et
2112 4206 2406 4261 sanctitate
2456 4206 2685 4262 illustris
2722 4206 2933 4277 quievit
2970 4207 3027 4262 in
3059 4198 3213 4279 pace.
3255 4229 3273 4260 ι
3304 4208 3616 4267 Galesinius

2022 4307 2228 4354 mutata
2270 4299 2493 4369 paulum
2546 4299 2779 4370 phrasi:
2830 4320 2848 4351 ε
2900 4299 3264 4366 Alexandriae,
3317 4301 3373 4357 S.
3420 4301 3614 4373 Cyrilli

2020 4388 2283 4459 episcopi,
2320 4389 2576 4445 acerrimi
2614 4389 3124 4460 religiosissimique
3166 4389 3293 4445 ﬁdei
3329 4388 3614 4449 catholica:

2021 4479 2348 4534 defensoris.
2401 4499 2419 4529 ι
2467 4481 2775 4534 Florarium
2831 4495 2937 4534 ms.
2985 4490 3042 4535 et
3088 4480 3370 4553 Martyrol.
3417 4482 3611 4540 Colon.

2022 4571 2406 4627 Alexandriam
2450 4572 2507 4625 in
2543 4571 2753 4627 Grzccia
2784 4573 3089 4636 collocant,
3130 4575 3343 4629 enormi
3388 4578 3612 4643 mendo,

2023 4663 2129 4718 nisi
2149 4662 2414 4718 Gneciam
2450 4663 2779 4733 generaliter
2806 4664 3164 4732 accipiamus,
3196 4679 3305 4733 qua
3334 4665 3441 4721 late
3482 4677 3615 4721 tunc

2023 4770 2121 4823 per
2145 4752 2424 4809 Orientem
2450 4753 2621 4809 Grarci
2654 4753 2926 4808 sermonis
2950 4768 3082 4808 usus
3108 4755 3350 4822 exstitit;
3372 4772 3497 4810 xxix
3518 4756 3612 4813 Ja-

2023 4846 2202 4900 nuarii
2248 4846 2419 4900 refert
2457 4861 2585 4899 eum
2628 4846 2896 4913 Felicius;
2942 4852 3177 4917 utroque
3222 4847 3610 4921 Maurolycus:

2023 4955 2053 4992 a
2080 4939 2305 5008 quibus,
2339 4942 2418 4993 uti
2449 4939 2615 4993 etiam
2644 4938 2747 4994 hoc
2771 4939 2860 4993 die
2892 4938 2948 4993 in
2971 4940 3358 5013 Martyrologio
3382 4940 3613 4996 Germa-

2022 5032 2168 5094 nico,
2200 5031 2403 5085 dicitur
2436 5050 2454 5081 ι
2487 5028 2799 5097 Theodosio
2838 5030 3067 5087 Seniore
3102 5032 3411 5102 imperante
3453 5034 3611 5103 quie-

2024 5126 2188 5180 visse.
2228 5145 2245 5176 ι
3056 5130 3059 5135 ’

2092 5218 2143 5271 6.
2172 5218 2281 5271 Hos
2306 5218 2442 5273 forte
2476 5228 2700 5293 secutus
2730 5217 2989 5289 Alegreus
3013 5218 3066 5271 in
3096 5216 3356 5272 Paradiso
3384 5216 3611 5281 Carme-

2022 5310 2155 5364 litiei
2180 5309 2417 5373 decoris,
2470 5318 2613 5364 statu
2640 5310 2695 5374 2,
2727 5320 2886 5365 aetate
2917 5312 2968 5371 6,
2995 5325 3043 5362 e.
3093 5309 3179 5372 i2,
3227 5307 3303 5363 ita
3344 5310 3575 5381 scripsit

2030 5423 2048 5454 ‹
2079 5403 2320 5458 Tandem
2345 5403 2635 5473 sapientia,
2661 5403 2997 5473 eloquentia,
3035 5402 3285 5458 acumine
3310 5412 3366 5457 et
3404 5406 3612 5458 sancti-

2022 5502 2129 5549 tate
2178 5494 2426 5566 insignis,
2480 5495 2752 5565 gloriosus
2800 5494 2902 5549 sub
2958 5494 3268 5550 Theodosio
3318 5495 3510 5566 Magno
3555 5507 3615 5550 et

2020 5587 2317 5643 Caelestino
2353 5581 2538 5657 papa]
2585 5587 2881 5651 claruerat,
2916 5586 3075 5641 annis
3101 5588 3171 5642 ab
3201 5588 3424 5643 obtenta
3458 5575 3608 5642 orbis

2019 5678 2193 5731 salute
2212 5677 2334 5730 4M.
2363 5696 2381 5727 ι
2405 5677 2503 5731 Ast
2537 5677 2638 5731 ista
2661 5690 2825 5745 quam
2856 5675 3082 5741 distant,
3118 5677 3409 5746 imperium
3432 5676 3607 5731 Theo-

2019 5769 2161 5824 dosii
2191 5769 2389 5838 Magni,
2419 5779 2476 5824 et
2510 5768 2793 5825 Ccelestini
2820 5769 3205 5840 pontiﬁcatus!
3240 5769 3489 5823 Mortuus
3526 5777 3606 5824 est

2020 5860 2365 5916 Theodosius
2381 5860 2625 5932 Magnus,
2648 5860 2764 5916 sive
2798 5861 3127 5933 Seniortan.
3152 5860 3283 5915 Chr.
3313 5858 3437 5914 395.
3466 5859 3601 5913 Eve-

3177 5958 3203 6017 1

1701 6150 1871 6243 216;:
1896 6148 2095 6245 iis;
