4076 6306
1785 250 1803 276 I

444 426 455 435 .
478 384 539 439 Η
1387 400 1394 407 ·
1805 383 1861 439 S.
1904 381 2056 439 CYRI

2164 383 2181 435 l
2219 380 2403 437 VITA.
3690 384 3758 439 ιε

476 513 597 558 ctus
619 500 792 557 estad
823 502 1079 557 Romana:
1104 501 1368 557 Ecclesia:
1384 500 1775 572 pontificath
1796 501 2058 557 Cwlcsti-
2090 505 2133 557 Α
2160 486 2434 568 pugnaret
2466 498 2520 552 in
2547 497 2809 554 Parcdiso
2850 498 3184 555 (Iurmtlitico
3209 516 3224 551 ι
3264 520 3280 548 ε
3315 496 3369 552 S.
3389 496 3648 569 Cyrillus,
3672 498 3754 550 in-

475 608 580 648 nus
599 608 688 647 an.
711 591 842 648 Chr.
883 593 1006 657 425,
1038 593 1339 647 Mariniono
1385 602 1441 648 ct
1488 591 1872 662 Asclepiodoto
1915 606 2056 645 coss.

444 728 457 739 η
474 683 812 754 TheOphilus
832 685 1127 755 episcopus
1153 684 1575 751 Alexandrinus,
1599 683 1788 756 Cyrilli
1805 683 2062 738 decessor

471 785 527 830 et
557 784 808 844 patruus,
847 776 987 830 obiit
1037 790 1105 829 x-v
1156 771 1381 829 Octobr.
1427 774 1555 828 anni
1596 772 1723 839 αξξ,
1769 788 1880 845 quo
1914 787 2059 826 coss.

470 876 629 922 erant
684 867 963 922 Honorius
1020 867 1159 937 Aug.
1225 880 1308 931 η,
1360 875 1418 921 et
1458 862 1818 922 Theodosius
1867 865 2063 921 Jun‘ior

470 960 608 1030 Aug.
659 976 712 1014 v.
751 956 819 1015 At
847 959 1008 1015 tertio
1027 969 1154 1029 post
1181 958 1469 1029 Theophili
1503 958 1712 1012 obitum
1737 957 1825 1012 die
1846 955 2061 1026 cpisco-

471 1062 600 1122 patu
632 1051 841 1122 potitus
882 1060 966 1105 est
1001 1050 1259 1124 Cyrillus,
1291 1061 1353 1107 ut
1380 1050 1522 1105 infra
1554 1065 1621 1105 ex
1640 1049 1876 1105 'Socratc
1909 1048 2062 1103 dice-

474 1154 591 1226 tur.
610 1143 858 1214 Triginta
893 1159 1020 1198 cum
1046 1154 1104 1199 et
1133 1143 1276 1200 duos
1295 1157 1478 1198 annos
1512 1142 1827 1213 episcopum
1862 1140 2061 1196 vixisse

472 1244 744 1291 testantur
767 1236 887 1307 ejus
905 1251 973 1290 cx
1003 1246 1192 1290 sorore
1212 1249 1388 1306 nepos
1416 1234 1751 1290 Athanasius
1774 1234 2062 1306 presbyter

466 1336 524 1384 et
572 1328 899 1383 Theodorus
945 1328 1213 1384 diaconus
1262 1327 1627 1394 Alexandriae,
1654 1328 1711 1382 in
1750 1326 1950 1382 libellis
1992 1327 2060 1381 ad

469 1418 710 1476 Leonem
735 1435 935 1491 papam
960 1429 1016 1476 et
1037 1420 1106 1475 ad
1141 1418 1589 1475 Chalcedonense
1607 1418 1923 1483 concilium,
1951 1418 2059 1472 bu—

460 1513 554 1582 jus
603 1510 806 1567 actioni
851 1511 888 1565 5
934 1512 1196 1578 insertis,
1258 1511 1390 1567 licet
1434 1511 1489 1565 in
1539 1510 1818 1567 Theodori
1871 1512 2059 1567 libello

464 1602 649 1659 Graece
675 1603 793 1661 haec
811 1603 981 1659 verba
994 1618 1113 1658 non
1128 1603 1405 1675 legantur.
1428 1602 1747 1673 Sequuntur
1772 1588 2063 1660 Liberatus

464 1697 730 1751 diaconus
759 1695 815 1749 in
828 1696 1139 1763 ‘Breviario,
1160 1712 1216 1753 c.
1251 1696 1341 1764 40,
1367 1697 1714 1769 Nieephorus
1732 1696 1775 1751 aL
1804 1712 1892 1751 xlv
1919 1697 2059 1752 Hist.

465 1777 636 1855 Ϊζρσιη
672 1803 720 1843 c.
764 1790 853 1843 47.
888 1788 1087 1860 Attigit
1133 1789 1302 1860 igitur
1342 1768 1640 1845 minimum
1682 1768 1888 1844 annum
1928 1788 2057 1843 Chr.

2164 591 2311 661 quit,
2336 592 2628 663 cpiscopus
2682 592 3103 657 Alexandrinus,
3142 591 3362 646 natione
3382 589 3622 654 Grtrcus,
3660 605 3751 659 pa-

2164 684 2267 741 tria
2293 683 2948 754 Constantinopolitanus.
2978 703 2998 736 ι
3031 683 3393 739 'l‘ritthcmius
3411 696 3632 751 quoque
3656 680 3759 761 lib.

2161 777 2239 831 De
2267 776 2630 846 scriptoribus
2661 775 3052 832 ecclesiasticis
3080 774 3403 831 ineditione
3434 773 3756 829 Coloniensi

2164 868 2311 924 Petri
2344 868 2623 935 Quentclii
2648 884 2738 922 an.
2774 866 2943 933 1546,
2968 878 3025 923 et
3036 865 3493 922 {Francofurtensi
3519 865 3745 920 Weche-

2162 960 2308 1015 liana
2354 974 2445 1014 an.
2484 959 2644 1024 l60l,
2689 979 2706 1010 ι
2742 959 2966 1014 natione
3003 958 3252 1014 Gnaeum
3306 976 3324 1009 ι
3375 956 3598 1022 statuit;
3643 973 3756 1012 non

2164 1058 2345 1106 tamen
2381 1071 2398 1102 ι
2426 1068 2495 1106 ex
2517 1046 2991 1122 Constantinopoli
3023 1050 3339 1116 oriundum,
3381 1068 3399 1101 ι
3432 1051 3579 1119 quod
3602 1050 3756 1121 apud

2157 1140 2428 1198 Thomam
2458 1144 2793 1208 Saracenum
2824 1144 2993 1199 veluti
3024 1158 3094 1198 ex
3126 1141 3436 1198 Trittbemii
3478 1141 3533 1197 in
3571 1142 3758 1214 Cyril—

2152 1234 2275 1288 lum
2313 1236 2493 1307 elogio
2526 1236 2746 1308 legitur.
2766 1237 2978 1292 Verum
2998 1244 3141 1300 esto,
3167 1233 3451 1305 scripserit
3474 1234 3581 1289 hoc
3602 1233 3754 1288 Trit-

2163 1329 2403 1384 thcmius
2439 1329 2624 1384 :unde
2646 1329 2704 1386 id
2739 1327 2959 1383 hausit?
2993 1343 3104 1397 quo
3133 1335 3459 1397 argumento
3482 1324 3719 1395 probat?

2232 1420 2320 1475 10.
2346 1421 2673 1477 Theodorus
2698 1420 2966 1475 diaconus
2995 1420 3052 1473 in
3080 1434 3182 1473 suo
3202 1418 3391 1473 libello
3413 1425 3519 1472 act.
3549 1414 3583 1471 ‘5
3615 1434 3749 1472 con-

2156 1507 2246 1562 eil.
2281 1507 2764 1573 Chalcedonensis,
2801 1524 2969 1579 agens
2998 1516 3190 1565 contra
3213 1508 3535 1563 Dioscorum
3563 1508 3755 1580 Cyrilii

2159 1612 2556 1664 successorem,
2584 1598 2700 1654 haec
2720 1598 2788 1652 de
2814 1596 3002 1669 Cyrilli
3026 1598 3221 1653 amicis
3240 1598 3446 1652 habet:
3478 1619 3495 1649 ι
3520 1599 3581 1652 In
3601 1600 3756 1669 prin-

2158 1690 2305 1760 cipio
2326 1691 2676 1761 episcopatus
2703 1690 2789 1745 sui
2818 1691 3117 1747 Dioscorus
3147 1692 3330 1747 statim
3364 1705 3456 1746 me
3480 1692 3753 1747 elericatu

2161 1781 2416 1850 privavit,
2442 1783 2785 1839 eomlninans
2808 1793 2865 1839 et
2891 1799 2923 1838 a
2940 1798 3134 1855 magna
3159 1784 3249 1838 illa
3272 1783 3491 1839 civitate
3519 1783 3757 1838 Alexan-

464 1881 589 1945 iii,
623 1850 732 1951 quo
756 1896 882 1935 cum
917 1850 1185 1937 Duronius
1222 1881 1425 1952 aliique
1456 1881 1797 1938 recentiores
1811 1880 2060 1936 scribunt
2092 1850 2134 1904 Β
2163 1874 2281 1929 dria
2320 1874 2527 1948 fugare,
2561 1887 2789 1948 propter
2816 1878 2953 1932 nihil
2982 1850 3155 1943 aliud,
3179 1878 3283 1933 nisi
3310 1879 3382 1933 ob
3405 1878 3459 1933 id
3487 1879 3634 1949 quod
3666 1879 3752 1934 fa-

463 1970 692 2035 obiisse,
725 1970 832 2025 sub
848 1970 1150 2026 Theodosii
1178 1971 1424 2027 iunioris
1440 1970 1695 2041 imperio,
1726 1969 1926 2025 Leonis
1951 1969 2062 2024 Ma-

468 2063 560 2129 gni
588 2062 929 2133 pontiﬁcatu.
963 2062 1116 2118 Diem
1151 2062 1339 2119 obitus
1363 2070 1613 2118 statuunt
1642 2080 1673 2116 v
1700 2062 1828 2117 ldus
1862 2060 2013 2118 Junii
2038 2101 2057 2127 ,

467 2154 617 2224 quod
658 2153 715 2207 in
753 2152 1073 2241 Crtecorptn
1118 2153 1424 2226 Menologio
1466 2153 1675 2210 Natalis
1710 2162 1958 2219 vocetur,
1998 2161 2061 2207 ut

462 2262 628 2316 supra
656 2246 887 2311 dictum,
919 2246 1191 2318 adeoque,
1219 2256 1280 2302 ut
1307 2246 1595 2301 Liberatus
1623 2244 1863 2308 SCl'ibit,t
1891 2244 2058 2323 trige-

461 2338 602 2393 simo
651 2348 708 2394 et
747 2339 993 2395 secundo
1021 2338 1374 2409 episcopatus
1420 2338 1508 2393 sui
1555 2352 1700 2393 anno
1748 2347 2002 2393 mortuus
2033 2356 2051 2387 δ

460 2429 699 2484 dicetur.
731 2429 936 2487 Verum
963 2443 1099 2497 cum
1124 2428 1245 2484 dies
1274 2428 1484 2484 Natalis
1511 2426 1762 2482 insaeris
1786 2424 1941 2480 fastis
1964 2440 2056 2479 so—

461 2521 704 2577 lemnem
737 2521 1008 2577 duntaxat
1022 2535 1099 2575 reo
1124 2520 1214 2574 die
1246 2518 1438 2573 haberi
1455 2527 1642 2571 sancto
1666 2516 1905 2586 cuipiam
1931 2514 2058 2569 cul-

460 2626 576 2669 tum
614 2628 995 2683 saepenumero
1036 2610 1338 2681 significet,
1380 2625 1575 2680 parum
1609 2610 1670 2664 id
1700 2609 1935 2664 solidum
1973 2615 2061 2662 est

459 2714 870 2777 argumentum.
901 2702 972 2758 Et
1013 2701 1268 2757 fortassis
1312 2702 1419 2757 hoc
1473 2718 1635 2756 xxwu
1674 2701 1795 2757 Jan.
1824 2716 1919 2755 an.
1955 2700 2059 2755 445

461 2793 719 2859 decessit,
751 2791 976 2863 triginta
1009 2791 1230 2846 duobus
1253 2791 1312 2846 in
1343 2791 1661 2862 episcopatu
1687 2789 1847 2845 annis
1871 2789 2057 2860 exple.-

460 2883 555 2948 tis,
597 2889 660 2938 ut
688 2879 1044 2946 Athanasius,
1088 2879 1419 2936 Theodorus
1485 2889 1542 2937 et
1585 2880 1928 2951 Nicephorus
1968 2879 2057 2933 in-

460 2973 885 3119 diciinilctavius
921 3060 1248 3118 Pancirolus
1286 3059 1683 3116 in'Thesauris
1720 3057 2058 3114 absconditis

460 3156 619 3213 alma:
653 3154 840 3221 Urbis,
882 3155 1104 3227 regione
1134 3155 1187 3219 5,
1230 3154 1366 3209 eccl.
1407 3152 1465 3218 2,
1499 3151 1691 3208 scribit
1720 3152 1953 3207 excitata
1987 3150 2056 3205 ab

461 3250 633 3323 impio
658 3248 841 3304 Leone
858 3248 1101 3304 lsaurico
1119 3257 1313 3303 contra
1335 3261 1522 3301 sacras
1545 3244 1811 3320 imagines
1834 3254 2054 3299 sancto-

386 3353 391 3357 '
468 3358 705 3414 rumque
759 3341 1042 3411 reliquias,
1096 3339 1501 3410 persecutione,
1537 3337 1682 3393 inter
1706 3335 1968 3407 profugos
1991 3352 2058 3390 cx

459 3435 685 3493 Oriente
710 3434 1031 3499 monachos,
1059 3430 1504 3486 sanctimoniales
1542 3430 1683 3484 duas
1708 3429 1878 3483 fuisse
1909 3446 2054 3499 quae,

460 3538 663 3599 prater
709 3524 817 3580 alia
863 3533 1179 3580 sanctorum
1212 3523 1470 3594 pignora,
1513 3521 1761 3592 quaedam
1802 3522 1966 3592 hujus
1997 3521 2053 3576 S.

459 3618 648 3691 Cyrilli
679 3618 908 3673 Romam
937 3616 1250 3679 attulerint,
1293 3629 1465 3685 caque
1496 3613 1762 3669 asservari
1790 3613 1847 3667 in
1878 3614 2056 3668 eccle-

462 3708 543 3764 sia
567 3707 624 3764 S.
654 3706 836 3763 Mariae
861 3705 916 3761 in
934 3703 1149 3776 Campo
1172 3704 1384 3761 Martio.

770 3864 799 3937 ᾗ
833 3864 900 3920 ll.
927 3860 1139 3928 Patria,
1163 3862 1359 3927 studia,
1385 3861 1750 3915 monachatus.

536 4000 590 4057 8.
614 3998 1090 4071 'Religiosissimus
1121 3993 1404 4052 Carmelit.
1429 3993 1567 4050 ordo
1600 3992 1657 4049 S.
1682 3992 1871 4064 Cyrilli
1899 4002 2053 4047 nata-

464 4095 574 4151 lem
595 4091 759 4148 oilicii
800 4089 1037 4161 duplicis
1059 4087 1406 4144 solemnitate
1434 4085 1678 4141 celebrat
1699 4100 1862 4140 xxvut
1903 4084 2051 4150 Jan.,

463 4201 576 4256 quo
607 4184 698 4241 die
732 4183 972 4239 lectione
1006 4190 1207 4252 quarta
1250 4177 1320 4232 ad
1371 4174 1675 4232 secundum
1711 4176 2054 4233 Nocturnum

465 4279 584 4334 haec
613 4278 670 4333 in
712 4275 994 4333 Ilatutinis
1043 4272 1386 4329 recitantur:
1427 4269 1715 4342 r-Cyrillus
1761 4262 2054 4342 episcopus

466 4369 871 4426 Alexandrinus
889 4367 1052 4423 claris
1068 4363 1390 4436 parentibus
1404 4373 1580 4428 ortus,
1607 4361 1894 4433 Theophili
1921 4363 2053 4419 item

466 4461 710 4534 episcopi
732 4459 1088 4516 Alexandrini
1120 4474 1188 4513 ex
1228 4456 1396 4513 fratre
1424 4470 1616 4526 nepos,
1650 4470 1682 4509 a
1717 4470 1826 4526 quo
1864 4455 2053 4511 adole-

2162 1967 2530 2023 miliaritatem
2562 1978 2618 2023 et
2637 1968 3074 2024 benevolentiam
3111 1980 3312 2026 sanctae
3332 1970 3611 2026 memoriae
3637 1969 3753 2043 Cy-

2160 2059 2272 2113 rilli
2299 2060 2571 2115 merebar.
2590 2060 2833 2116 intentio
2858 2061 3005 2115 enim
3027 2063 3146 2132 ejus
3177 2061 3297 2117 talis
3316 2072 3418 2126 est,
3438 2078 3550 2117 non
3572 2063 3753 2118 solum

2161 2161 2418 2223 parentes
2445 2153 2563 2223 ejus
2591 2152 2797 2223 (Graece
2818 2154 2945 2217 τοὺς
2975 2154 3082 2207 ἀπὸ
3104 2154 3296 2222 γένους
3323 2153 3509 2220 αὐτοῦ,
3536 2157 3755 2226 propin-

2161 2262 2290 2317 quos
2322 2244 2456 2317 ejus)
2482 2261 2550 2300 ex
2574 2245 2666 2300 illa
2695 2246 2916 2303 civitate
2940 2246 3236 2317 exagitare,
3259 2261 3358 2301 seu
3375 2247 3488 2302 vita
3509 2248 3751 2318 privare;

2161 2351 2351 2391 verum
2371 2336 2538 2390 etiam
2559 2345 2614 2391 et
2632 2335 2931 2390 familiares
2948 2335 3088 2405 ejus.
3123 2354 3141 2386 ι
3169 2334 3501 2391 Athanasius
3527 2337 3754 2408 presby-

2162 2436 2245 2480 ter
2264 2426 2321 2480 in
2346 2442 2445 2481 suo
2477 2426 2664 2481 libello
2693 2426 2886 2483 eadem
2910 2427 3163 2498 pluribus
3194 2438 3484 2498 exaggerat
3509 2446 3525 2481 :
3568 2447 3585 2481 ι
3609 2427 3750 2483 San-

2161 2525 2282 2581 ctte,
2309 2536 2327 2567 ι
2370 2517 2571 2586 inquit,
2614 2537 2632 2568 ι
2664 2525 2720 2572 et
2745 2518 2919 2573 beatae
2941 2519 3220 2574 memoria:
3253 2518 3508 2590 Cyrillus,
3543 2535 3755 2589 magnae

2159 2608 2540 2663 Alexandrinae
2573 2609 2813 2665 civitatis
2857 2611 3078 2683 triginta
3122 2622 3182 2667 et
3223 2606 3440 2668 du'obus
3471 2611 3628 2667 annis
3658 2629 3751 2666 ar-

2160 2699 2542 2772 chiepiscopus
2592 2702 3152 2773 irrcprehensibiliter
3189 2714 3246 2760 et
3291 2720 3418 2759 cum
3456 2715 3604 2760 recta
3644 2704 3755 2759 fide

2159 2785 2369 2851 vivens,
2395 2786 2530 2842 mihi
2561 2789 2785 2859 quidem
2828 2790 3147 2857 Athanasio,
3180 2803 3237 2848 et
3272 2793 3590 2849 clarissimae
3630 2809 3751 2847 me-

2136 2878 2348 2961 ‘morize
2374 2878 2541 2934 Paulo
2556 2878 2711 2936 fratri
2739 2896 2883 2947 meo,
2904 2883 3208 2938 avunculus
3231 2882 3429 2950 fuerat,
3456 2899 3593 2939 mea:
3617 2900 3754 2939 vero

2159 2973 2352 3028 matris
2394 2973 2618 3028 lsidorte
2662 2990 2973 3045 germanus.
3024 2994 3044 3027 ι
3088 2975 3156 3031 Ει
3200 2976 3364 3047 paulo
3409 2986 3532 3047 post
3567 2995 3579 3030 ε
3626 2996 3646 3029 ‹
3692 2979 3775 3045 ιη,

2159 3064 2429 3136 principio
2460 3062 2809 3136 episcopatus
2837 3068 3133 3125 Dioscorus
3165 3070 3303 3124 mihi
3335 3079 3392 3125 et
3422 3070 3574 3125 fratri
3605 3087 3751 3136 meo,

2158 3154 2339 3210 adhuc
2372 3163 2500 3210 tunc
2528 3157 2831 3226 superstiti,
2859 3165 3093 3213 mortem
3126 3158 3405 3225 minitans,
3436 3176 3466 3214 a
3498 3160 3749 3215 nomina-

2160 3247 2369 3303 tissima
2401 3249 3058 3323 Alexandriaexelusit...
3091 3251 3260 3307 frater
3283 3253 3600 3308 clarissime
3633 3270 3758 3308 mea

2160 3340 2348 3396 morite
2385 3341 2606 3407 Paulus,
2640 3358 2751 3397 non
2783 3343 3061 3399 sustinens
3092 3346 3371 3401 cruciatus
3403 3354 3459 3400 et
3500 3345 3750 3416 injurias,

2158 3432 2415 3488 humanis
2453 3434 2621 3489 rebus
2658 3435 2915 3490 excessit.
2949 3434 3064 3506 Ego
3097 3446 3283 3492 autem
3312 3438 3662 3505 Athanasius,
3697 3447 3754 3494 et

2156 3534 2360 3580 nostrae
2396 3520 2727 3592 matertera,
2755 3536 2811 3583 et
2835 3543 2974 3583 uxor
3005 3536 3061 3583 et
3088 3528 3184 3584 filii
3216 3529 3403 3585 fratris
3434 3531 3563 3595 mei,
3606 3533 3754 3585 male

2159 3628 2348 3672 nostro
2394 3618 2451 3673 in
2498 3618 2754 3674 humanis
2806 3619 2973 3674 rebus
3013 3622 3482 3690 permansimus...
3537 3633 3754 3679 nostras

2157 3709 2350 3765 domos
2373 3711 2700 3781 prtcparavit
2719 3712 2981 3767 ecclesias
3003 3712 3141 3779 fieri,
3165 3723 3221 3769 ct
3239 3731 3414 3770 meam
3442 3716 3749 3781 Athanasii,

2157 3809 2352 3870 quarto
2377 3809 2521 3857 tecto
2538 3804 2996 3873 superjacentcm,
3018 3814 3214 3875 etquae
3236 3822 3336 3876 pro
3364 3806 3448 3861 sui
3477 3807 3752 3878 positione

2158 3893 2279 3947 fieri
2313 3909 2421 3947 non
2452 3903 2636 3965 posset
2667 3894 2919 3961 ecclesia,
2946 3894 3108 3950 simul
3136 3905 3366 3967 occupat
3398 3913 3522 3953 cum
3546 3901 3751 3971 prtuli-

2156 3985 2260 4040 ctis
2289 3985 2566 4049 domibus,
2594 3985 2731 4040 alias
2767 3986 2932 4040 etiam
2978 3987 3189 4044 vicinas
3233 3989 3426 4046 domos
3471 4000 3528 4047 et
3568 3992 3753 4049 aditus

2158 4084 2417 4131 tenens...
2454 4076 2583 4131 Post
2608 4076 2708 4132 bas
2727 4085 2911 4132 autem
2944 4079 3226 4148 pecunias,
3258 4096 3287 4136 a
3310 4084 3513 4138 nostris
3546 4094 3749 4140 mater-

2156 4168 2309 4231 teris,
2337 4167 2619 4223 sororibus
2644 4183 2779 4223 vero
2810 4178 3013 4224 sancta:
3046 4178 3103 4224 et
3130 4170 3304 4227 beatae
3338 4176 3617 4230 memorite
3642 4175 3748 4248 Cy-

2156 4259 2286 4324 rilli,
2322 4259 2639 4331 angustians
2671 4274 2846 4330 usque
2888 4259 2956 4315 ad
2997 4260 3172 4331 ipsam
3214 4266 3473 4331 animam,
3502 4276 3558 4321 et
3596 4267 3750 4322 obsi-

2154 4352 2320 4418 dens,
2365 4351 2731 4407 eomminatus
2779 4351 2951 4423 ipsam
3005 4369 3224 4425 quoque
3267 4364 3533 4422 mortem,
3568 4359 3749 4428 exegit

2154 4439 2273 4496 auri
2298 4440 2483 4512 pondo
2508 4440 2784 4511 octoginta
2803 4442 3068 4512 quinque,
3091 4443 3453 4501 nihilominus
3484 4454 3539 4500 et
3564 4462 3593 4500 ει
3623 4447 3748 4503 filiis

466 4532 625 4607 gigans
646 4549 890 4606 Athenas
912 4547 1222 4604 studiorum
1253 4560 1419 4603 causa
1455 4546 1675 4610 missus,
1709 4560 1835 4601 cum
1872 4545 2052 4615 piari...
2085 4562 2132 4623 υ
2158 4532 2474 4588 clarissima:
2497 4532 2775 4588 memoria:
2796 4533 2904 4588 mei
2930 4533 3115 4589 fratris
3148 4535 3383 4592 orbitate
3408 4537 3744 4605 infelicibus,

466 4657 617 4698 mum
642 4638 984 4713 profecisset,
1019 4636 1087 4693 ad
1127 4637 1395 4695 Joannem
1435 4636 1751 4707 episcopum
1788 4635 2051 4691 “ieroso-

465 4734 810 4806 lymitanum,
834 4742 899 4788 ut
913 4731 1247 4788 Christiana:
1272 4731 1398 4786 vita:
1415 4729 1751 4801 perfectione
1772 4729 2051 4785 imbuere-

466 4834 580 4890 tur,
615 4838 674 4878 se
708 4823 963 4877 contulit.
996 4821 1174 4891 Ctﬁus
1205 4820 1605 4877 consuetudine
1644 4820 1699 4875 in
1736 4818 2051 4875 Carmelum

465 4922 712 4969 montem
742 4911 1029 4978 secedens,
1077 4910 1155 4966 ibi
1200 4927 1325 4966 cum
1367 4912 1576 4982 aliquot
1612 4911 1719 4983 piis
1764 4911 1899 4968 viris
1940 4911 2053 4967 illic

469 5005 798 5079 «legentibus
853 5004 1131 5062 cmicstem
1178 5004 1349 5060 vitam
1406 5004 1465 5059 in
1527 5014 1677 5060 terra
1733 5003 2052 5077 aliquandiu

468 5104 598 5175 egit.
631 5122 652 5165 ι
701 5101 828 5157 Haec
866 5099 964 5155 ibi.
998 5097 1246 5154 Andreas
1288 5096 1507 5152 Scottus
1542 5107 1731 5153 noster
1768 5097 1824 5151 in
1862 5095 2052 5169 Cyrilli

464 5195 665 5265 elogio,
681 5192 832 5264 quod
844 5192 970 5264 ejus
990 5187 1339 5245 sermonibus
1357 5186 1711 5244 Paschalibus
1728 5203 1761 5243 a
1778 5203 1837 5245 se
1858 5187 2053 5244 Latine

466 5283 642 5339 versis
670 5281 920 5353 praefixit,
952 5280 1072 5336 haec
1092 5277 1162 5334 de
1190 5277 1312 5347 ejus
1334 5285 1461 5331 ante
1482 5276 1856 5347 episcopatum
1884 5278 2054 5350 gestis

467 5374 662 5430 scribit
693 5392 705 5427 :
748 5392 767 5426 ‹
796 5371 1141 5429 Alexandria
1168 5368 1385 5442 ὥρῃ)ιὶ
1404 5368 1626 5426 civitate
1648 5378 1848 5451 natum
1873 5370 2052 5443 Cyril-

467 5470 580 5521 lum
600 5474 830 5537 apparet
850 5464 1174 5536 parentibus
1204 5461 1484 5528 honestis;
1530 5470 1590 5517 et
1623 5460 1823 5518 litteris
1846 5462 2051 5518 ibidem

466 5558 760 5628 imbutum,
785 5555 879 5612 ubi
903 5555 1204 5627 disciplina:
1222 5563 1340 5610 tum
1358 5553 1593 5610 nissime
1617 5553 1673 5608 in
1692 5554 1784 5611 illa
1805 5554 2053 5629 vigerent

466 5648 775 5706 Academia.
804 5648 1097 5703 Parentum
1124 5645 1349 5701 nomina
1371 5645 1616 5700 umidum
1644 5647 1909 5718 comperi.
1944 5647 2050 5703 Pa-

467 5752 650 5798 truum
680 5740 874 5796 habuit
904 5737 1290 5808 Theophilum,
1330 5757 1351 5789 ι
1390 5744 1498 5793 etc.

532 5836 586 5892 9.
614 5834 739 5891 llaec
770 5832 839 5890 de
870 5831 1048 5903 patria
1081 5830 1413 5897 sufﬁcerent,
1436 5830 1543 5886 nisi
1574 5829 1838 5902 Alegreus
1854 5840 2051 5888 contra

2158 4635 2217 4682 et
2255 4627 2376 4698 ejus
2414 4641 2585 4683 uxore
2626 4634 2863 4683 mortem
2907 4628 3091 4683 mariti
3131 4628 3219 4684 sui
3266 4630 3578 4701 plangente,
3622 4633 3744 4687 auri

2158 4717 2343 4788 pondo
2374 4718 2755 4790 quadraginta,
2799 4738 2818 4771 ι
2860 4727 2971 4774 etc.
2995 4720 3127 4787 Quae
3169 4720 3225 4776 S.
3253 4721 3518 4794 Cyrillum
3559 4731 3617 4778 et
3648 4741 3744 4794 ge-

2158 4824 2291 4866 nere
2322 4819 2377 4865 ct
2413 4820 2537 4866 ortu
2567 4810 2997 4867 Alexandrinum
3027 4812 3197 4868 fuisse
3229 4828 3340 4869 non
3383 4813 3745 4870 obscurein-

2159 4899 2366 4957 dicant.
2604 4902 2611 4919 ‘

2231 5011 2319 5065 11.
2358 5011 2478 5078 Quo
2505 5012 2561 5067 in
2591 5013 2734 5079 loco,
2772 5013 3006 5071 Athenis
3038 5030 3107 5069 an
3142 5014 3507 5083 Alexandriae,
3551 5018 3751 5074 studiis

2158 5101 2467 5158 litterarum
2502 5105 2754 5160 excultus
2793 5105 2884 5171 sit,
2913 5106 3054 5176 apud
3086 5107 3343 5176 antiquos
3377 5124 3486 5163 non
3537 5111 3749 5181 reperi-

2158 5208 2300 5248 mus.
2322 5193 2401 5250 De
2434 5195 2554 5266 ejus
2590 5196 2919 5252 monachatu
2947 5196 3172 5268 grandis
3206 5198 3499 5254 Baronium
3528 5201 3671 5257 inter
3694 5211 3749 5256 et

2156 5284 2479 5342 Carmelitas
2501 5288 2690 5344 Patres
2710 5288 3084 5347 controversia
3107 5298 3208 5344 est.
3235 5290 3527 5346 Baronium
3553 5292 3749 5347 acriter

2158 5376 2443 5433 incessunt
2468 5395 2581 5449 prae
2604 5379 2820 5435 caeteris
2843 5380 3084 5436 Thomas
3115 5380 3422 5439 Saracenos
3461 5383 3517 5439 in
3562 5383 3747 5438 Meno-

2158 5470 2303 5541 logio
2344 5469 2785 5535 Carmelitarum,
2837 5480 2893 5526 et
2936 5472 3202 5545 Alegreus
3243 5475 3302 5530 in
3344 5474 3604 5545 Apologia
3651 5488 3749 5543 pro

2156 5561 2364 5618 Joanne
2398 5561 2917 5634 Hierosolymitano,
2951 5565 3206 5623 discursu
3249 5566 3304 5632 2,
3350 5583 3400 5622 c.
3435 5566 3523 5620 ll.
3562 5564 3747 5619 Histo-

2157 5653 2293 5708 riam
2321 5653 2493 5708 citant
2518 5670 2586 5709 ex
2615 5656 2873 5726 quopiam
2904 5656 3111 5714 Gallico
3146 5659 3421 5714 Chronico
3449 5663 3745 5725 sumptam,

2157 5758 2221 5797 ac
2241 5742 2522 5800 mordicus
2549 5759 2669 5799 eam
2700 5754 2946 5803 tuentur.
2983 5746 3196 5833 Alegrej
3229 5746 3412 5802 verbis
3438 5760 3558 5799 eam
3600 5744 3746 5799 refe-

2158 5849 2342 5890 remus
2376 5853 2389 5889 :
2427 5856 2445 5888 ι
2479 5836 2697 5894 Etenim
2720 5838 2948 5895 historia
2980 5838 3072 5893 illa
3094 5837 3309 5906 Latina,
3344 5856 3361 5890 ι
3396 5837 3595 5906 inquit,
3627 5857 3645 5888 ι
3676 5837 3747 5892 de
