4076 6306
257 385 331 443 l5
1602 387 1658 441 s.
1701 352 1978 443 cvmm
2012 383 2198 439 \‘l'l‘A.
3474 388 3478 401 ε
3528 377 3562 430 t

255 517 371 570 qua
396 515 576 571 supra
604 500 923 573 agebamus,
956 501 1149 557 Latine
1174 509 1230 556 et
1258 500 1463 556 Gallice
1485 510 1705 556 exarata
1728 501 1870 571 (qua:
1900 505 1943 559 Α
1973 509 2281 567 ronymum,
2306 491 2631 556 Palladium,
2674 489 2992 562 Evagrium,
3020 489 3364 555 Cassianum,
3395 487 3573 544 Theo-

257 592 588 649 habebatur
608 596 755 662 apud
779 580 969 648 Gallia:
989 607 1192 663 regem,
1215 600 1277 647 ut
1298 593 1519 649 tradunt
1546 592 1707 648 Coria
1733 593 1771 646 l.
1790 607 1867 656 rx,

263 697 305 736 π.
346 680 421 736 18
458 681 783 743 Dilucidarii
810 681 1069 749 Carmcl.,
1104 683 1369 737 Emanuel
1405 683 1684 737 Romanus
1705 696 1873 735 sacrae

254 774 443 843 antiq.
465 773 708 829 Carmel.
732 773 801 829 de
825 774 961 830 viris
982 775 1314 836 illustribus.
1332 776 1388 831 in
1413 774 1617 848 Cyrillo
1635 774 1873 828 Alexan-

255 865 455 928 drino,
491 874 551 921 et
581 864 722 937 alii),
752 881 917 937 quam
950 867 1228 922 immerito
1248 866 1511 922 Baronius
1545 864 1790 920 fastidire
1818 872 1877 918 et

256 956 551 1011 facessere
585 955 788 1020 voluit,
833 970 959 1011 cum
1012 971 1045 1011 a
1092 955 1431 1029 gravissimis
1487 954 1875 1025 antiquitatum

259 1046 778 1103 Canuelitanarum
813 1046 1196 1118 scriptoribus,
1239 1057 1496 1118 tanquam
1530 1046 1635 1102 ﬁde
1666 1045 1876 1117 dignis-

262 1140 436 1196 sima.
478 1140 570 1195 vel
595 1138 863 1194 ambabus
896 1138 1153 1195 manibus
1193 1139 1559 1209 susmpiatur;
1595 1137 1652 1194 S.
1684 1137 1877 1211 Cyrilli

265 1231 325 1285 in
358 1230 626 1287 Carmelo
655 1228 1093 1285 monachismum
1128 1236 1422 1282 attestatur
1454 1237 1665 1299 aperte,
1694 1228 1880 1284 verbis

264 1323 534 1394 ejusdem
558 1323 721 1395 legati
744 1332 837 1377 aut
871 1320 1287 1378 ambasciatoris
1321 1337 1423 1392 pro
1452 1320 1641 1378 Gallite
1670 1337 1797 1392 rege
1824 1321 1880 1375 in

268 1413 568 1483 Ephesino
603 1412 837 1468 concilio
883 1410 1197 1477 residentis,
1244 1410 1340 1482 qui
1380 1410 1451 1466 ab
1482 1410 1578 1465 illo
1609 1410 1782 1465 redux
1811 1409 1880 1464 ad

268 1518 467 1574 regem
494 1519 655 1557 suum
677 1504 948 1558 allocutus
979 1513 1084 1568 est,
1121 1502 1177 1558 in
1214 1501 1510 1573 exemplari
1541 1502 1720 1573 primo
1756 1517 1878 1567 suo,

270 1592 425 1663 quod
462 1609 567 1647 nos
588 1593 830 1649 vidimus
853 1602 910 1648 et
944 1594 1177 1666 legimus
1207 1593 1265 1649 in
1296 1592 1521 1664 antiqua
1546 1592 1882 1649 bibliotheca

268 1684 683 1755 religiosissimi
702 1682 1087 1740 Cisterciensis
1106 1683 1344 1741 ctenobii
1376 1683 1446 1740 de
1478 1684 1529 1738 la
1557 1682 1733 1750 Oliva,
1756 1682 1883 1741 Gal-

162 1796 171 1807 ο
269 1775 383 1832 lico
419 1790 528 1855 suo
559 1775 821 1831 idiomate
852 1776 1160 1847 prorumpit
1185 1776 1265 1832 sic
1301 1794 1314 1829 :
1367 1775 1477 1831 «Au
1502 1775 1712 1831 concile
1751 1774 1881 1830 d‘E-

269 1864 469 1934 phesc,
505 1866 606 1936 qui
637 1881 697 1921 se
722 1865 942 1921 celebra
984 1883 1084 1937 par
1106 1866 1251 1921 deus
1276 1882 1408 1921 cens
1447 1866 1734 1937 évesques,
1771 1865 1881 1922 l‘an

272 1955 350 2010 du
385 1955 664 2028 Scigneur
692 1957 818 2023 418,
852 1974 921 2013 au
946 1958 1054 2013 lieu
1077 1959 1150 2014 du
1184 1959 1327 2030 Pape
1363 1956 1602 2015 Céle‘stin
1636 1976 1668 2031 y
1705 1958 1881 2029 presi-

274 2048 397 2103 doit
421 2049 477 2103 le
508 2048 921 2105 bien-heureux
948 2049 1005 2105 S.
1033 2050 1233 2123 Cyrille
1270 2051 1453 2107 moine
1477 2049 1550 2107 du
1570 2050 1722 2106 Mont
1750 2046 1884 2106 Car-

272 2127 422 2206 mel';
446 2140 639 2212 lequel
664 2158 806 2214 poor
838 2158 898 2198 sa
930 2143 1139 2199 saincte
1171 2143 1280 2209 vie,
1320 2144 1625 2201 admirable
1663 2145 1882 2201 science

274 2240 333 2285 et
357 2231 637 2296 doctrine,
670 2232 953 2303 disputant
991 2244 1181 2287 centre
1226 2232 1425 2289 Nestor
1465 2233 1782 2289 Patriarche
1814 2234 1883 2290 de

276 2320 763 2394 ConstantinOple,
810 2323 905 2392 qui
942 2322 1045 2377 mit
1084 2323 1239 2378 taehe
1280 2339 1349 2378 en
1390 2323 1685 2379 l’honneur
1730 2323 1798 2378 de
1830 2324 1884 2379 la

278 2415 473 2487 V’ierge
510 2416 711 2480 Mario,
750 2426 808 2472 et
844 2431 913 2471 en
954 2417 1088 2472 celle
1118 2417 1189 2473 de
1229 2416 1603 2473 Jésus—Christ
1633 2432 1733 2472 son
1771 2417 1879 2481 tils,

279 2518 528 2578 emporta
560 2507 615 2563 la
636 2508 867 2564 victoire
882 2525 978 2564 sur
1006 2510 1153 2581 luy.»
1179 2507 1311 2576 Qua:
1334 2525 1484 2565 nunc
1515 2510 1598 2565 sic
1624 2512 1729 2580 iam
1766 2519 1881 2565 tra-

281 2599 444 2655 ducta
465 2600 671 2655 Latino
708 2600 880 2655 verba
920 2609 1169 2656 tenemus
1197 2618 1209 2655 :
1238 2599 1297 2655 In
1321 2600 1556 2657 concilio
1581 2600 1880 2672 Ephesino,

284 2692 427 2762 quod
451 2692 562 2747 fuit
584 2692 924 2749 celebratum
959 2709 1056 2764 per
1080 2709 1143 2749 cc
1191 2693 1501 2764 episcopos,
1529 2708 1657 2747 ann.
1693 2693 1880 2749 Domi-

282 2784 337 2839 ni
364 2784 490 2849 418,
517 2785 873 2855 praasidcbat,
908 2783 1028 2839 loco
1060 2801 1212 2856 papm
1229 2784 1513 2840 leestini
1539 2783 1583 2850 l,
1612 2785 1671 2839 B.
1701 2784 1879 2857 Cyril-

282 2876 369 2932 lus
395 2877 708 2933 monachus
746 2877 943 2933 Montis
978 2876 1237 2941 Carmeli,
1273 2877 1368 2948 qui
1418 2877 1490 2932 ob
1531 2878 1879 2933 sanctitatem

282 2966 427 3033 viae,
451 2969 774 3024 admirabili
807 2968 1045 3024 scientia
1062 2977 1117 3024 et
1148 2968 1398 3024 doctrina
1429 2968 1723 3039 disputans
1751 2984 1882 3025 con-

286 3074 367 3120 tra
408 3065 733 3120 Nestorium
779 3064 1146 3136 patriarcham
1186 3062 1877 3135 Constantinopolitanum,

1970 587 2248 652 doretum,
2283 583 2548 657 Cyrillum
2572 582 2924 648 monachum,
2949 592 3005 637 et
3037 582 3173 638 alios
3191 580 3380 637 saeculi
3410 576 3578 651 hujus

1974 680 2271 752 scriptores
2298 678 2563 749 frequens
2593 675 2802 731 mentio
2836 676 2898 731 ﬁt
2935 676 3004 730 de
3044 673 3331 730 monachis
3370 674 3431 728 in
3479 673 3580 728 Pa-

1969 772 2186 828 laestina
2224 769 2574 843 degentibus,
2613 783 2885 839 nusquam
2920 765 3141 836 penitus
3172 764 3319 837 apud
3364 780 3459 820 eos
3505 764 3578 818 de

1975 864 2262 920 monachis
2303 861 2636 920 Carmelitis.
2675 861 2933 916 Facessat
2982 858 3152 930 igitur
3195 858 3464 929 ejusmodi
3509 851 3598 912 (ie.

1976 957 2353 1014 monachismo
2374 955 2563 1029 Cyrilli
2585 954 2640 1009 in
2659 952 2911 1009 Carmelo
2929 951 3149 1015 fabella,
3171 950 3315 1007 sicut
3332 951 3425 1007 illa
3446 951 3575 1006 huic

1974 1049 2125 1105 haud
2144 1048 2341 1121 impar,
2365 1063 2476 1119 qua
2491 1047 2727 1103 traditur
2746 1056 2804 1102 et
2820 1045 3059 1101 Joannes
3072 1044 3575 1117 Hierosolymorum

1977 1140 2273 1210 episcopus
2295 1139 2625 1211 Origenista,
2651 1140 2822 1195 fuisse
2838 1139 3006 1195 etiam
3029 1139 3331 1195 monachus
3348 1139 3575 1196 Carme-

1979 1235 2110 1290 lita:
2144 1234 2299 1305 sicut.
2320 1234 2470 1289 enim
2493 1234 2612 1290 hinc
2636 1234 2831 1289 leviter
2853 1233 3207 1305 efﬁnguntur,
3242 1235 3316 1290 ila
3342 1247 3400 1291 et
3418 1234 3576 1291 facile

1981 1300 2324 1383 refelluntur.
2380 1327 2645 1399 Flagrans
2713 1327 2938 1399 quidem
2987 1300 3204 1398 cupido
3272 1328 3579 1385 nobilitatis

1979 1420 2140 1476 avitae
2177 1418 2324 1491 cogit
2352 1420 2630 1476 interdum
2670 1419 2927 1475 homines
2957 1420 3217 1478 delirare.
3258 1440 3278 1472 ο
3316 1421 3443 1476 Ηιηε
3474 1422 3577 1477 Bai

1982 1513 2193 1569 ronius.

2054 1606 2142 1661 14.
2187 1607 2265 1663 De
2316 1607 2527 1663 Joanne
2581 1605 3076 1677 Hierosolymitano
3120 1606 3283 1662 aliter
3336 1605 3583 1661 sentiunt

1984 1698 2208 1768 plurimi
2231 1698 2338 1754 viri
2364 1698 2618 1756 doctrina
2643 1708 2702 1754 et
2736 1698 3006 1770 sapientia
3038 1698 3299 1763 illustres,
3327 1699 3422 1769 qui
3463 1699 3584 1769 ejus

1982 1789 2156 1860 (quod
2195 1790 2308 1847 huc
2342 1790 2494 1863 facit)
2539 1790 2916 1847 monachicam
2952 1791 3119 1846 vitam
3151 1799 3428 1846 astruunt.
3462 1790 3582 1860 Ipse

1984 1881 2043 1937 S.
2095 1881 2462 1957 Hieronymus
2502 1884 2620 1956 (qui
2665 1884 2737 1939 ab
2779 1884 3011 1955 Alegreo
3061 1885 3206 1940 inter
3257 1883 3583 1939 Carmelitas

1982 1990 2203 2047 quoque
2227 1985 2508 2042 censetur,
2532 1988 2596 2034 ut
2621 1976 2737 2033 fere
2762 1978 2948 2033 cuncti
2968 1977 3117 2033 illius
3134 1976 3313 2034 etatis
3342 1977 3585 2049 insignes

1982 2064 2268 2137 monachi)
2284 2068 2446 2140 epist.
2469 2066 2560 2133 62,
2584 2068 2655 2123 ad
2674 2066 3013 2138 TheOphifum
3030 2069 3329 2139 episcOpum
3353 2067 3585 2123 Alexan-

1980 2156 2218 2222 drinum,
2247 2157 2318 2215 de
2335 2158 2549 2215 Joanne
2577 2174 2766 2229 agens,
2794 2160 2868 2214 ita
2898 2160 3167 2217 exclamat
3193 2177 3207 2213 :
3243 2179 3260 2210 ι
3289 2160 3584 2217 Monachus

1985 2246 2147 2316 (proh
2179 2247 2396 2318 dolor!)
2448 2250 2738 2306 monachis
2796 2260 2854 2305 et
2897 2251 3159 2316 minatur,
3216 2260 3275 2306 et
3328 2252 3585 2322 impetrat

1982 2336 2264 2401 exsilium,
2294 2330 2353 2392 et
2393 2338 2502 2393 hoc
2546 2338 2851 2393 monachus
2873 2339 3229 2408 apostolicam
3265 2341 3584 2397 cathedram

1982 2426 2188 2482 habere
2216 2428 2527 2500 sejaetans.
2567 2447 2586 2479 ι
2627 2427 2737 2486 Sed
2778 2437 2964 2483 utrum
3019 2428 3074 2482 in
3115 2436 3302 2484 monte
3332 2429 3586 2485 Carmeln

1981 2521 2306 2585 monachus,
2328 2527 2425 2575 aut
2445 2520 2614 2576 etiam
2639 2520 2812 2576 abbas
2834 2520 3024 2586 fuerit,
3044 2522 3334 2592 quaeritur.
3366 2523 3424 2577 S.
3450 2524 3583 2578 Hic-

1978 2626 2246 2683 ronymus
2287 2611 2343 2665 in
2376 2611 2495 2666 Vita
2531 2610 2589 2666 S.
2637 2611 2935 2668 Hilarionis
2979 2620 3213 2669 testatur
3260 2613 3585 2685 priusquam

1982 2701 2228 2757 llilarion
2251 2716 2320 2757 ex
2343 2700 2578 2775 Egypto
2606 2702 2834 2767 rediret,
2872 2722 2891 2754 ι
2939 2701 3177 2758 necdum
3200 2710 3354 2758 :tunc
3392 2719 3584 2761 mona-

1979 2793 2148 2848 steria
2168 2792 2337 2849 fuisse
2371 2793 2427 2850 in
2468 2794 2773 2850 Palaestina.
2810 2814 2829 2847 ι
2865 2794 2933 2849 Et
2957 2792 3192 2849 deinde:
3241 2813 3259 2844 ε
3298 2794 3412 2850 Nec
3432 2796 3586 2866 quis-

1978 2901 2144 2954 quam
2176 2886 2507 2942 monachum
2534 2898 2663 2942 ante
2706 2888 2764 2941 S.
2795 2866 3133 2942 Hilarionein
3193 2886 3250 2941 in
3284 2886 3440 2959 Syria
3482 2904 3586 2944 no-

1980 2986 2135 3032 verat
2160 2996 2172 3030 :
2207 2998 2225 3029 ι
2255 2986 2317 3031 ut
2340 2977 2542 3033 mirum
2564 2978 2637 3034 sit
2665 2978 2930 3033 Thomam
2951 2977 3285 3034 Saracenum
3314 2980 3579 3045 scribere,

1980 3066 2189 3138 absque
2210 3068 2377 3123 ullius
2407 3066 2654 3123 auctoris
2687 3066 3023 3132 testimonio,
3056 3075 3219 3122 antea
3249 3067 3417 3124 fuisse
3445 3068 3583 3125 Car-

285 3157 379 3220 ηυὶ
407 3156 687 3212 maculam
709 3157 894 3228 posuit
920 3157 977 3211 in
1000 3156 1062 3211 B.
1084 3154 1309 3226 Virgine
1355 3153 1545 3219 Maria,
1572 3162 1629 3208 et
1660 3154 1715 3209 in
1761 3156 1882 3226 ejus
1909 3189 1954 3246 ο
1986 3160 2298 3215 melitarum
2341 3158 2397 3213 in
2436 3159 2730 3215 Palaestina
2750 3159 3087 3214 monasteria
3110 3199 3125 3223 ,
3168 3175 3291 3228 quae
3337 3160 3582 3217 Hilarion

288 3248 398 3303 filio
417 3248 645 3305 Christo
668 3248 820 3313 Jesu,
839 3264 966 3304 eum
986 3248 1281 3319 superavit.
1294 3266 1312 3298 ι

357 3341 444 3395 19..
481 3341 692 3396 Verum
727 3340 1082 3396 meritothaee
1111 3339 1418 3410 improbata
1464 3349 1596 3396 sunt
1628 3338 1883 3394 Baronio.

290 3430 419 3498 Quis
458 3449 529 3489 eo
567 3442 813 3503 tempore
863 3448 958 3487 rex
997 3431 1187 3487 Gallia:
1228 3431 1333 3489 fuit
1379 3430 1745 3495 Christianus,
1790 3429 1886 3500 qui

291 3525 494 3596 legatos
538 3524 610 3579 ad
654 3522 949 3579 concilium
984 3523 1203 3578 mittere
1235 3522 1513 3593 potuerit?
1541 3522 1889 3578 Chlodoveus

294 3633 522 3689 regnum
544 3615 697 3671 circa
733 3632 821 3671 an.
842 3614 974 3671 Chr.
996 3614 1100 3670 482
1128 3614 1460 3684 auspicatus,
1486 3629 1629 3670 anno
1649 3622 1886 3685 primum

294 3710 397 3765 496
422 3708 786 3765 Christianam
818 3707 1139 3779 religionem
1163 3708 1448 3778 amplexus
1485 3717 1591 3762 est.
1613 3706 1697 3761 An
1721 3706 1886 3762 etiam

295 3813 474 3869 regem
495 3798 712 3869 legatus
741 3797 1003 3853 Francico
1030 3796 1296 3853 moderno
1320 3796 1584 3852 idiomate
1616 3795 1706 3868 (ut
1727 3797 1887 3852 vide-

300 3898 385 3945 tur
406 3891 674 3963 Alegreus
698 3888 961 3962 asserere)
994 3889 1304 3945 allocutus?
1335 3898 1391 3944 at
1428 3904 1585 3961 reges
1620 3890 1781 3961 primi
1808 3889 1887 3944 illi

298 3982 635 4041 Francorum
663 3982 998 4038 Sicambrice
1036 3982 1230 4046 locuti,
1272 3992 1330 4038 et
1359 3981 1683 4037 modernum
1715 3982 1889 4037 Fran-

300 4089 480 4130 corum
522 4074 730 4130 idioma
759 4073 853 4129 diu
886 4084 1011 4145 post
1038 4089 1071 4129 e
1110 4072 1306 4129 Latino
1337 4072 1758 4137 conformatum,
1792 4082 1889 4127 aut

298 4163 475 4232 potius
503 4165 885 4235 depravatum.
909 4162 983 4220 Ut
1011 4162 1351 4229 omittamus,
1372 4163 1669 4218 concilium
1700 4162 1887 4233 Ephe-

302 4256 473 4313 sinnm
514 4274 608 4314 an.
644 4256 777 4315 Chr.
814 4255 938 4323 451,
965 4273 1077 4313 non
1106 4255 1233 4322 418,
1260 4272 1380 4312 esse
1410 4255 1681 4312 habitum.
1722 4245 1888 4313 Mira-

300 4363 421 4404 mur
448 4350 604 4406 viros
646 4348 895 4406 eruditos
921 4349 1161 4404 rationes
1188 4357 1297 4404 tam
1327 4346 1556 4403 frivolas
1598 4346 1797 4404 an‘erre
1829 4347 1886 4402 in

1991 3252 2192 3307 deinde
2220 3272 2238 3302 ι
2268 3252 2525 3309 visitabat
2561 3260 2619 3305 et
2643 3251 2970 3306 instruebat.
3009 3269 3027 3303 ›
3061 3253 3262 3308 Verum
3295 3271 3313 3303 ι
3338 3256 3599 3325 cxemplo’

1991 3346 2131 3416 ejus,
2174 3364 2193 3398 ι
2222 3344 2400 3415 inquit
2426 3345 2814 3415 Hieronymus,
2850 3363 2879 3419 ,ι
2918 3361 3016 3415 per
3036 3354 3207 3401 totam
3242 3345 3587 3401 Palaestinam

1996 3436 2419 3491 innumerabilia
2460 3436 2798 3493 monasteria
2826 3451 2949 3491 esse
2989 3446 3295 3507 coeperunt.
3338 3457 3356 3489 ›
3387 3435 3588 3504 Quidni

1993 3539 2128 3584 tunc
2177 3527 2387 3598 aliqui,
2439 3528 2615 3585 veteri
2678 3528 3151 3584 sanctissimorum
3196 3529 3589 3600 prophetarum

1991 3618 2243 3688 exemplo
2278 3618 2410 3673 Elite
2430 3627 2487 3673 et
2510 3618 2675 3673 Elisei
2716 3617 2949 3683 incitati,
2982 3628 3227 3674 montem
3277 3619 3591 3675 Carmelum

1995 3709 2307 3765 inhabitare
2354 3710 2669 3779 potuerint?
2730 3731 2747 3761 ι
2786 3712 2844 3766 S.
2883 3711 3120 3767 Jacohus
3161 3712 3412 3777 eremita,
3459 3733 3477 3765 ›
3522 3714 3593 3769 de

1993 3816 2104 3872 quo
2132 3800 2274 3856 infra
2303 3815 2549 3871 agemus,
2593 3820 2610 3852 ι
2634 3816 2806 3873 prope
2857 3801 3119 3873 oppidum
3146 3802 3589 3875 Porphyreouem

1995 3893 2051 3947 in
2097 3891 2409 3948 solitarium
2450 3892 2632 3947 locum
2666 3892 2916 3958 secessit,
2957 3913 2975 3944 ι
3014 3909 3127 3947 non
3164 3894 3359 3965 procul
3395 3909 3426 3949 a
3456 3891 3590 3949 Car-

1994 3985 2140 4041 melo
2172 3992 2359 4040 monte
2389 4002 2401 4036 :
2441 3985 2598 4055 cujus
2635 4005 2653 4036 ‹
2689 3985 2802 4039 vita
2830 3985 2906 4040 ita
2935 3984 3343 4051 celebrabatur,
3375 3996 3437 4041 ut
3458 4000 3489 4039 e
3513 3985 3593 4040 vi—

1992 4075 2130 4145 ginti
2169 4083 2266 4129 aut
2295 4073 2519 4145 triginta
2545 4073 2898 4131 monasteriis
2927 4073 3186 4131 monachi
3220 4084 3281 4130 et
3308 4074 3495 4131 clerici
3524 4076 3589 4129 ad

1993 4185 2120 4225 eum
2139 4168 2412 4233 venirent,
2438 4175 2501 4223 ut
2528 4167 2650 4239 ejus
2690 4165 3134 4223 benedictionem
3166 4166 3502 4237 acciperent,
3536 4177 3593 4220 et

1993 4260 2064 4324 ab
2090 4275 2156 4315 eo
2189 4257 2503 4329 conﬁrmari
2536 4264 2777 4328 possent.
2815 4275 2835 4308 ι
2869 4255 3080 4310 Horum
3126 4253 3590 4309 monasteriorum

1994 4350 2214 4423 aliquod
2244 4351 2301 4406 in
2322 4349 2596 4415 Carmelo,
2622 4355 2717 4403 aut
2750 4345 2820 4401 ad
2851 4347 2974 4417 ejus
3006 4345 3242 4410 radices,
3273 4343 3466 4411 fuisse,
3490 4346 3591 4401 ad-

1975 4443 2219 4513 ,modum
2247 4440 2551 4513 probabile.
2583 4440 2768 4494 Etcur
2812 4434 2980 4492 isthic
3005 4436 3208 4503 minus,
3237 4445 3333 4492 aut
3357 4453 3458 4493 cur
3480 4454 3592 4493 non

370 4556 455 4612 1⁵5.
478 4557 749 4613 Baronius
772 4556 976 4612 acriter
1004 4556 1250 4628 profecto
1281 4556 1339 4611 in
1366 4570 1493 4611 eam
1516 4555 1883 4611 narrationem

1995 4534 2161 4591 isthic
2198 4532 2413 4606 potius,
2447 4545 2611 4601 quam
2637 4529 2694 4584 in
2718 4527 2929 4599 reliqua
2961 4528 3234 4586 Palaestini
3260 4529 3429 4585 maris
3460 4533 3593 4586 ora?

308 4646 579 4706 invehitur
629 4658 673 4706 t.
701 4649 768 4706 Vl
793 4650 1018 4715 Annat.,
1046 4666 1137 4705 an.
1165 4650 1292 4715 444,
1319 4665 1377 4704 n.
1403 4649 1469 4703 l7
1504 4666 1516 4702 :
1548 4668 1566 4699 ι
1594 4647 1736 4703 Sane
1760 4647 1887 4718 qui-

305 4739 423 4796 dem
480 4740 835 4815 respuimus,
887 4763 906 4794 ι
963 4741 1185 4814 inquit,
1238 4762 1256 4794 ι
1312 4751 1478 4812 atque
1538 4739 1890 4796 cxsulllamus

308 4827 618 4899 figmentum
654 4830 814 4899 illud,
846 4831 1061 4888 incerto
1096 4842 1323 4888 auctore
1367 4830 1667 4902 proditum,
1715 4829 1891 4887 Chro—

310 4919 426 4978 nico
439 4924 720 4992 nimirum,
745 4924 892 4995 quod
921 4933 1164 4981 exstasse
1185 4923 1399 4995 ﬁngunt
1422 4923 1568 4995 apud
1595 4922 1888 4993 quemdam

314 5011 541 5075 Francia:
567 5032 752 5090 regem
781 5017 1143 5090 [Ludovicum
1177 5017 1294 5090 X1],
1335 5035 1447 5089 quo
1472 5017 1698 5073 tradunt
1729 5033 1887 5073 eum-

313 5101 432 5160 dem
476 5107 531 5163 S.
567 5109 830 5182 Cyrillum
874 5109 1304 5166 Alexandrinum
1338 5110 1656 5181 episcopum
1695 5124 1887 5164 mona-

314 5194 468 5252 chum
497 5198 666 5256 fuisse
696 5202 898 5258 Montis
916 5201 1157 5258 Carmeli
1186 5222 1198 5256 :
1230 5204 1321 5258 cui
1344 5203 1565 5274 quidem
1601 5203 1888 5259 assertioni

315 5283 664 5348 Tritthemius
685 5294 879 5349 leviter
898 5294 1062 5350 nimis
1091 5294 1255 5351 fidem
1276 5296 1545 5366 praestitit.
1568 5296 1723 5351 Unde
1751 5297 1886 5358 haec,

315 5393 503 5450 quaeso,
542 5385 754 5441 incerto
786 5388 1019 5452 auctori,
1065 5388 1109 5443 si
1154 5388 1249 5457 qui
1294 5387 1430 5443 certi
1483 5395 1645 5457 atque
1678 5388 1890 5458 probati

318 5482 433 5530 sunt
455 5490 726 5546 auctores,
757 5482 1003 5553 ejusdem
1036 5481 1225 5554 Cyrilli
1251 5482 1510 5552 aequales,
1535 5482 1891 5553 ejusdemque

321 5580 397 5622 res
420 5583 594 5640 gestas
614 5589 780 5644 quam
803 5574 1097 5647 diligenter
1120 5573 1419 5645 prosecuti,
1448 5574 1565 5629 hsce
1587 5575 1893 5629 nescientes

320 5657 495 5719 Obruta
542 5665 766 5722 silentio
816 5667 1197 5738 reliquerunt?
1232 5667 1330 5723 Vel
1370 5682 1493 5737 quae
1536 5666 1681 5736 apud
1728 5666 1893 5737 hujus

321 5752 562 5819 temporis
589 5754 892 5824 scriptores
922 5756 1131 5811 mentio
1156 5755 1224 5810 de
1253 5757 1402 5811 culto
1430 5754 1680 5812 Carmelo
1707 5772 1737 5810 a
1769 5756 1892 5810 vitae

323 5845 612 5902 monasticae
649 5846 1086 5917 professoribus?
1112 5848 1329 5905 Etenim
1362 5864 1486 5906 cum
1512 5849 1656 5920 apud
1680 5849 1736 5905 S.
1761 5850 1890 5905 llic-

1988 4627 2071 4683 An
2103 4640 2238 4681 vero
2263 4622 2340 4680 ibi
2367 4632 2494 4678 ante
2521 4621 2900 4693 episcOpatum
2932 4629 3249 4691 susceptum
3291 4622 3592 4678 monachus

1988 4720 2227 4777 Joannes
2267 4716 2456 4781 fuerit,
2502 4723 2599 4770 aut
2640 4713 2810 4770 etiam
2841 4713 3034 4780 abbas,
3067 4723 3126 4769 et
3152 4713 3257 4770 sub
3289 4730 3357 4771 eo
3393 4714 3592 4772 vixerit

1990 4810 2294 4867 monachus
2325 4808 2383 4864 S.
2425 4807 2682 4880 Cyrillus,
2703 4806 2849 4879 apud
2883 4807 3141 4877 antiquos
3185 4823 3299 4863 non
3332 4807 3588 4880 legimus.

1989 4905 2035 4959 A
2055 4901 2382 4958 Tritthemio
2403 4900 2638 4973 Cyrillus
2671 4919 2688 4950 ι
2716 4899 2920 4956 montis
2939 4898 3177 4955 Carmeli
3200 4899 3473 4971 quondam
3496 4900 3590 4955 dc—

1991 5011 2088 5049 cus
2116 5005 2174 5049 et
2194 4993 2375 5049 cultor
2404 4991 2636 5063 insignis
2672 5011 2690 5042 ι
2720 4991 3047 5062 appellatur.
3078 4990 3467 5046 Tritthemium
3500 5007 3587 5046 se-

1991 5097 2236 5157 quuntur
2276 5085 2500 5157 plurimi
2553 5084 2914 5149 recentiores,
2949 5098 3089 5153 quos
3129 5080 3415 5152 proferunt
3459 5082 3586 5136 Ale-

1991 5196 2155 5249 greus
2176 5189 2231 5235 et
2263 5179 2587 5235 Saracenus.
2629 5176 2737 5232 Sed
2783 5176 2973 5231 mirari
3001 5174 3125 5244 quis
3165 5171 3342 5243 possit
3397 5187 3499 5225 cur
3531 5173 3586 5226 in

1992 5272 2277 5329 Palatstina
2318 5270 2665 5343 potissimum
2699 5269 3056 5324 monasticam
3095 5265 3262 5321 vitam
3294 5265 3583 5335 complecti

1992 5364 2249 5429 voluerit,
2288 5380 2413 5419 eum
2453 5363 2510 5417 in
2538 5362 2772 5434 Aigypto
2814 5361 3053 5431 primum
3090 5374 3155 5414 ea
3192 5358 3411 5413 vivendi
3448 5358 3584 5412 ratio

1993 5459 2215 5513 inventa
2245 5456 2501 5524 cultaque
2524 5453 2724 5519 fuerit,
2753 5460 2915 5522 atque
2947 5468 3014 5506 eo
3036 5458 3280 5522 tempore
3313 5450 3584 5522 prmcipue

1993 5549 2262 5604 floruerit.

2069 5663 2154 5717 15.
2187 5662 2434 5717 Alterum
2472 5658 2643 5729 quaeri
2686 5663 2888 5728 potest,
2917 5672 2986 5711 an
3029 5657 3218 5712 saltem
3251 5658 3583 5713 monachum

1996 5758 2164 5811 fuisse
2204 5754 2488 5827 Cyrillum,
2520 5765 2850 5823 quocunque
2894 5749 2952 5803 in
2986 5749 3107 5805 loco
3143 5750 3258 5803 sive
3288 5750 3583 5806 Palaestinae

1996 5851 2107 5902 sive
2132 5847 2370 5917 Egypti,
2393 5861 2460 5901 ex
2486 5843 2727 5914 antiquis
2755 5850 2987 5898 constet.
3016 5840 3322 5897 Saracenus
3348 5841 3399 5895 id
3431 5857 3493 5896 ex
3517 5858 3582 5897 eo
