4076 6306
542 309 582 363 h

465 389 588 455 ’δν

1797 394 1851 445 S.
1894 392 2172 447 C‘YIIILLI
2212 391 2398 448 VITA.

3678 395 3766 455 16

462 517 672 572 clarum
695 513 1012 578 arbitratur,
1035 510 1495 582 qu‘iaCriecorum
1521 509 1734 564 axioma
1766 508 1874 564 sit:
1905 529 1922 559 ι
1949 507 2054 562 Ne-
2090 524 2125 568 Α
2159 507 2357 563 larium
2391 509 2758 579 principatum
2789 509 3093 580 acquisivit.
3135 509 3480 582 Quapropter
3515 512 3766 586 Cyrillt's

465 613 669 666 minem
700 607 1040 680 temporibus
1069 607 1129 662 Β.
1164 605 1374 678 Cyrilli,
1407 612 1466 658 et
1497 617 1684 674 supra,
1723 618 1824 673 per
1865 601 2050 656 orien-

469 701 656 756 talium
701 714 848 764 oras,
890 697 957 752 ad
996 697 1346 769 episc0patus
1385 693 1705 766 dignitatem
1751 707 2050 757 assumere,

462 793 570 848 nisi
595 792 662 848 de
690 791 1090 866 monachorum
1133 787 1480 843 monasteriis
1526 785 1820 850 delectum,
1861 783 2053 840 licuis-

465 867 523 941 se
550 903 563 939 :
593 905 607 936 ι
635 883 803 954 idque
833 899 906 938 ex.
931 901 950 934 ‹
977 880 1294 940 Griecorum
1318 893 1536 951 quoque
1563 876 1870 949 Menologio
1899 877 2055 932 nullo

465 975 684 1049 negotio
715 973 1060 1046 comprobari
1093 987 1253 1044 posse
1292 991 1310 1023 ι
1339 969 1565 1025 asserit.
1595 971 1667 1024 At
1687 968 1848 1024 nobis
1869 968 2054 1039 quoti-

465 1069 555 1138 die
574 1065 942 1137 Menologium
972 1063 1108 1118 illud
1133 1070 1190 1118 e’t
1220 1063 1424 1118 Menaea
1449 1060 1800 1139 volventibus
1817 1059 2054 1131 probatu

466 1160 521 1215 id
549 1157 800 1222 diﬂicile,
842 1156 1091 1227 adeoque
1129 1153 1470 1210 contrarium
1503 1160 1618 1208 tum
1639 1167 1706 1208 ex
1729 1150 1923 1206 iisdem
1940 1151 2055 1206 Mc-

464 1251 618 1316 naeis,
648 1259 763 1306 tum
785 1249 1088 1321 praesertim
1113 1264 1180 1303 ex
1203 1247 1352 1303 illius
1373 1245 1638 1318 temporis
1670 1245 2052 1316 scriptoribus,

465 1343 817 1415 perspicuum
840 1340 1080 1396 videtur.
1101 1339 1239 1396 Cum
1275 1338 1596 1402 Athanasio,
1621 1348 1694 1394 ut
1721 1353 1886 1408 supra
1911 1337 2055 1393 vidi-

465 1449 610 1500 mus,
648 1433 836 1488 colunt
864 1429 1126 1504 Cyrillum
1171 1428 1386 1485 Graeci:
1427 1428 1494 1484 de
1531 1427 1824 1499 utriusque
1863 1443 2056 1482 mona-

468 1527 632 1582 chatu
651 1525 835 1589 silent,
867 1522 998 1578 licet
1024 1520 1286 1593 Alegreus
1303 1519 1665 1577 Athanasium
1684 1533 1904 1590 quoque
1923 1519 2059 1575 scri-

468 1619 562 1673 bat
586 1637 605 1670 (
629 1633 740 1673 ιιοη
762 1631 938 1688 pauco
966 1623 1211 1686 tempore
1232 1613 1566 1668 monachum
1593 1612 1790 1684 egisse,
1812 1621 1870 1668 et
1886 1611 2057 1667 fuisse

469 1711 778 1766 ministrum
801 1709 985 1781 magni
1017 1708 1168 1765 illius
1199 1693 1414 1762 abbatis
1431 1705 1653 1760 Antonii
1687 1706 1742 1760 in
1761 1705 2058 1761 solitudine

465 1802 706 1874 Egypti,
740 1801 870 1872 quia
899 1789 1018 1871 ipse
1046 1799 1102 1854 id
1133 1798 1311 1870 palam
1350 1795 1584 1851 affirmat
1615 1795 1672 1850 in
1693 1794 1818 1851 Vita
1851 1793 1907 1850 S.
1943 1793 2058 1850 An-

469 1894 626 1949 tonii.
679 1913 698 1944 ι
747 1892 901 1949 Hanc
945 1899 1202 1946 accurate
1269 1889 1598 1944 illustratam
1645 1887 1902 1944 dedimus
1948 1903 2061 1942 xvii

466 1987 612 2049 Jan.,
647 1999 751 2038 nec
777 1983 951 2039 ullum
981 1979 1341 2052 monachatus
1373 1977 1430 2035 S.
1463 1979 1748 2036 Athanasii
1769 1978 2062 2050 vestigium

449 2076 805 2148 reperimus.
851 2073 1083 2130 Consuli
1131 2073 1645 2144 prolegomenorum
1693 2070 1722 2144 §
1771 2070 1806 2127 8
1859 2079 2060 2142 potest.

539 2171 626 2226 16.
673 2168 917 2224 Isidorus
958 2165 1240 2222 Pelusiota
1284 2165 1365 2220 uti
1402 2163 1721 2235 frequentes
1761 2163 1818 2219 S.
1859 2163 2063 2236 Cyrillo

463 2268 576 2336 jam
609 2265 870 2335 episcopo
905 2260 1128 2332 scripsit
1165 2259 1445 2330 epistolas,
1475 2257 1550 2312 ita
1578 2257 1631 2312 ei
1664 2255 1909 2336 nondum
1940 2255 2060 2326 epi-

465 2375 656 2431 scopo,
681 2360 825 2412 inter
854 2353 1155 2410 monachos
1180 2349 1401 2424 degenti
1415 2349 1480 2404 in
1500 2347 1818 2413 solitudine,
1842 2347 2064 2402 videtur

448 2453 784 2508 'vicesimam
815 2447 1064 2520 quintam
1113 2444 1240 2500 libri
1281 2441 1448 2514 primi
1495 2439 1802 2510 scripsisse,
1837 2455 1958 2510 quae
1986 2439 2062 2495 ita

463 2544 675 2599 habet:
707 2561 725 2594 ι
757 2541 901 2608 Quid
938 2538 1040 2595 tibi
1062 2535 1317 2592 utilitatis
1339 2533 1499 2588 affert
1527 2532 1754 2588 Joannis
1792 2531 1848 2586 in
1881 2532 2063 2586 locum

463 2637 752 2692 desertum
783 2629 1044 2692 secessio,
1076 2640 1240 2696 quam
1265 2623 1396 2679 olim
1417 2621 1662 2678 studiose
1694 2621 1942 2677 imitatus
1969 2637 2062 2690 es;

474 2743 600 2784 cum
619 2739 769 2780 nunc
791 2736 918 2777 eum
953 2718 1178 2774 minime
1211 2714 1464 2782 imiteris,
1491 2729 1683 2770 verum
1719 2713 1786 2769 ad
1816 2713 2066 2785 privatas

464 2835 634 2878 curas
661 2827 712 2874 te
734 2815 962 2880 referas,
987 2821 1151 2884 atque
1177 2811 1232 2867 in
1257 2801 1555 2866 solitudine
1593 2807 1968 2874 tumultueris,
2008 2816 2072 2864 et

469 2919 540 2975 ab
566 2915 852 2973 hominum
873 2921 1020 2969 coetu
1052 2919 1298 2967 remotus
1314 2906 1692 2980 perturberis?
1715 2905 1934 2962 Etenim
1965 2922 2064 2962 ex-

461 3019 629 3065 terno
650 3005 842 3062 habitu
875 3017 939 3058 ac
961 3003 1143 3073 specie
1175 2999 1481 3072 quiescere,
1513 2997 1716 3053 mentis
1735 3003 1920 3053 autem
1947 3013 2069 3053 mu-

470 3099 774 3157 tationibus
811 3111 876 3152 ac
909 3092 1422 3166 perturbationibus
1461 3090 1761 3162 inquinari,
1796 3099 1914 3146 tum
1938 3107 2067 3146 sen-

2153 601 2338 656 statim
2394 616 2519 656 cum
2575 600 3002 656 Novatianorum
3067 603 3362 670 ecclesias,
3421 620 3545 675 qua:
3595 612 3761 662 erant

2153 691 2516 760 Alexandriae,
2559 694 2899 758 occlusisset,
2931 709 3048 750 non
3088 695 3253 751 modo
3283 713 3501 752 omnem
3533 679 3756 754 sacrum

2155 783 2498 852 thesaurum,
2524 785 2698 856 quiin
2736 780 2848 841 illis
2869 786 2999 852 fuit,
3021 786 3241 858 penitus
3273 787 3530 856 abstulit;
3557 803 3758 844 verum

2153 878 2322 934 etiam
2370 877 2809 948 Thcopemptum
2856 877 3078 933 illorum
3119 879 3445 951 episcopum
3497 881 3763 936 omnibus

2139 970 2272 1026 ‘suis
2309 968 2548 1025 fortunis
2583 969 2840 1040 privavit.
2885 991 2902 1022 ι
2936 971 3063 1026 Ila-3c
3083 969 3360 1038 Socrates,
3411 973 3506 1028 sed
3541 973 3612 1028 ob
3644 988 3760 1028 sua!

2155 1068 2320 1116 sectae
2357 1062 2722 1132 patrocinium
2771 1062 2972 1134 smpius
3009 1063 3142 1118 alibi
3189 1079 3406 1136 quoque
3438 1065 3594 1121 malae
3627 1064 3760 1120 ﬁdei

2150 1162 2463 1223 suspectus,
2501 1163 2562 1210 ut
2596 1163 2746 1211 recte
2798 1163 2986 1211 monet
3023 1155 3298 1226 Baronius
3327 1171 3417 1212 an.
3451 1157 3585 1214 Chr.
3627 1158 3758 1225 412,

2157 1261 2312 1322 num.
2341 1247 2431 1312 45,
2456 1248 2595 1304 etin
2635 1249 2792 1304 Notis
2833 1248 2902 1305 ad
2937 1249 3379 1322 Martyrologium
3418 1251 3759 1307 Romanum.

2149 1339 2544 1396 Imo'eamdem
2579 1341 2800 1396 inurere
2833 1344 3019 1397 notam
3059 1341 3116 1398 S.
3159 1341 3458 1399 Caelestino
3502 1343 3762 1400 Pontifici

2149 1433 2426 1497 Romano,
2465 1433 2613 1503 quod
2653 1453 2672 1484 «
2707 1433 3050 1500 Novatianis,
3083 1435 3178 1506 qui
3215 1444 3374 1491 erant
3409 1435 3620 1500 Romae,
3664 1451 3760 1492 ec-

2157 1521 2352 1578 clesias
2375 1523 2710 1590 abstulisset,
2752 1543 2770 1576 ι
2805 1534 3040 1582 conatur
3071 1525 3218 1582 idem
3253 1525 3507 1582 Socrates
3531 1526 3629 1582 lib.
3661 1543 3760 1593 vn,

2159 1631 2281 1686 cap.
2327 1615 2414 1670 II.
2449 1635 2468 1668 ι
2499 1615 2882 1688 Episcopatus,
2923 1636 2942 1670 ι
2983 1617 3182 1690 inquit,
3239 1637 3257 1670 ι
3301 1619 3603 1687 Romanus,
3647 1635 3762 1675 non

2158 1707 2318 1764 aliter
2348 1715 2514 1778 atque
2537 1707 2963 1775 Alexandrinus,
2993 1711 3151 1780 quasi
3183 1719 3338 1766 extra
3370 1711 3670 1768 sacerdotii
3693 1711 3760 1766 fi-
3859 1765 3881 1787 ,

2162 1815 2261 1854 nes
2289 1815 2565 1870 egressus,
2605 1800 2676 1856 ad
2722 1802 3040 1858 saicularem
3085 1801 3454 1874 principatum
3499 1815 3620 1861 erat
3647 1805 3763 1876 jam

2164 1901 2292 1948 ante
2315 1891 2592 1964 delapsus.
2632 1911 2651 1946 ι

2235 1984 2322 2040 18.
2346 1983 2485 2040 Cum
2507 1985 2816 2051 haereticos,
2841 1985 3152 2041 daemonum
3193 1987 3372 2043 socios
3406 1997 3570 2058 atque
3593 1987 3760 2060 adju-

2161 2083 2330 2142 tores,
2359 2077 2659 2148 expulisset
2677 2077 2934 2150 Cyrillus,
2961 2079 3117 2150 ipsos
3137 2093 3357 2150 quoque
3383 2079 3512 2135 dein
3533 2095 3764 2152 aggres-

2165 2185 2260 2226 sus
2323 2169 2608 2226 daemones
2639 2185 2672 2226 e
2717 2169 2834 2227 suis
2883 2171 3110 2229 sedibus
3151 2172 3429 2245 eﬂ‘ugavit.
3492 2193 3510 2226 ι
3559 2173 3766 2228 Aberat

2159 2261 2508 2328 Alexandria,
2544 2282 2562 2314 ι
2592 2270 2656 2317 ιιι
2689 2271 2963 2319 testantur
2987 2263 3129 2320 Acta
3161 2264 3262 2322 SS.
3295 2265 3424 2338 Cyri
3451 2275 3508 2322 et
3537 2265 3766 2322 Joannis

2160 2355 2218 2410 in
2246 2353 2374 2420 fine,
2411 2373 2429 2406 ι
2466 2354 2656 2411 decem
2685 2355 2878 2412 stadiis
2901 2355 3160 2428 Canopus
3188 2375 3200 2412 :
3235 2378 3254 2411 ι
3297 2358 3434 2414 hinc
3469 2374 3600 2414 vero
3629 2377 3646 2410 ι
3676 2358 3764 2414 di-

2161 2445 2342 2500 stabat
2368 2444 2592 2515 quidam
2624 2445 2781 2500 vicus
2809 2445 2986 2516 spatio
3015 2445 3252 2502 duorum
3301 2446 3628 2510 stadiorum,
3660 2460 3766 2499 no-

2163 2538 2311 2593 mine
2328 2529 2610 2595 Maiiuthe.
2639 2538 2745 2594 Hic
2766 2547 2952 2595 autem
2979 2540 3134 2596 vicus
3157 2551 3279 2598 erat
3310 2541 3618 2597 daemonum
3663 2541 3766 2596 ha-

2165 2629 2378 2696 bitatio,
2400 2639 2456 2686 et
2485 2631 2847 2688 versabantur
2874 2625 2931 2686 in
2959 2647 3028 2688 eo
3053 2633 3278 2705 maligni
3311 2634 3556 2705 spiritus.
3581 2633 3766 2702 Theo-

2163 2722 2349 2796 philus
2387 2737 2516 2778 vero
2550 2723 2660 2789 hic,
2689 2723 2910 2794 praesul,
2945 2734 3007 2780 ut
3034 2724 3192 2796 prius
3219 2724 3481 2792 diximus,
3525 2723 3764 2779 Alexan-

2163 2815 2379 2879 drinus,
2396 2829 2522 2870 cum
2541 2815 2811 2871 voluisset
2833 2814 3067 2873 reddere
3089 2817 3273 2873 locum
3297 2833 3496 2889 purum
3512 2833 3543 2873 a
3564 2818 3770 2884 daemo-

2163 2907 2349 2973 nibus,
2407 2905 2747 2980 Christique,
2782 2908 3245 2982 evangelistarum
3291 2919 3348 2966 et
3390 2910 3768 2982 apostolorum

2162 2997 2578 3055 characteribus
2621 3009 2680 3056 et
2721 3000 2930 3073 figuris,
2966 3010 3030 3057 ut
3067 3003 3136 3058 ad
3169 3019 3297 3059 eum
3325 3006 3764 3062 conservandum

2167 3087 2374 3154 idonei,
2399 3104 2693 3160 occupare,
2722 3089 2778 3146 id
2809 3091 2958 3162 quod
2995 3101 3265 3148 statuerat
3285 3109 3395 3148 non
3418 3095 3673 3164 perduxit
3697 3096 3766 3151 ad

464 3206 590 3248 sum
621 3187 851 3260 caligine
881 3184 1184 3258 perfundit,
1231 3192 1346 3239 tum
1379 3189 1666 3254 susceptos
1699 3183 1812 3254 jam
1847 3183 2066 3262 labores
2091 3204 2136 3266 ο
2166 3178 2444 3234 effectum.
2469 3179 2696 3236 Interim
2718 3181 2866 3237 enim
2893 3199 3040 3240 mors
3061 3183 3382 3250 adveniens,
3403 3201 3526 3257 quae
3554 3196 3639 3243 est
3669 3187 3770 3242 ho-

465 3281 786 3354 exstinguit,
813 3289 976 3350 atque
1003 3275 1514 3348 perturbationibus
1537 3273 1706 3329 animi
1739 3291 1966 3346 pronam
1999 3291 2064 3331 ac

467 3377 684 3432 facilem
709 3373 999 3430 victoriam
1031 3370 1234 3433 reddit,
1255 3366 1529 3438 efficitque
1559 3377 1620 3424 ut
1646 3369 1804 3424 miles
1821 3367 2036 3440 abiecto

467 3478 625 3524 scuto
658 3467 850 3538 fugiat.
885 3464 1057 3519 Porro
1087 3476 1249 3515 nemo
1272 3459 1512 3515 militans
1535 3459 1789 3530 implicat
1812 3475 1870 3515 se
1893 3475 2056 3530 nego-

467 3563 562 3618 tiis
593 3558 972 3621 saecularibus,
1014 3563 1073 3610 ut
1119 3553 1171 3608 ei
1202 3553 1439 3624 placeat,
1474 3569 1507 3608 a
1549 3567 1659 3623 quo
1705 3552 1760 3608 in
1811 3552 2060 3607 militiam

467 3652 676 3707 ascitus
715 3657 840 3705 est:
875 3659 1068 3702 verum
1112 3658 1264 3698 arma
1292 3643 1443 3698 omni
1474 3658 1541 3698 ex
1571 3651 1724 3714 parte
1763 3650 1959 3714 gestat,
1993 3641 2062 3697 ad

466 3743 526 3798 id
559 3749 842 3798 certamen
870 3779 886 3806 ,
929 3737 1078 3810 quod
1123 3735 1348 3792 tribuno
1389 3733 1615 3789 militari
1653 3733 1954 3804 placuerit,
2003 3747 2062 3788 se

465 3849 813 3906 comparans.
853 3851 872 3884 ι
913 3831 1038 3886 Haec
1065 3829 1134 3884 de
1158 3828 1506 3884 monachatu.
1537 3825 1620 3881 Ad
1659 3826 1898 3882 certiora
1929 3840 2062 3896 pro-

473 3940 752 3999 peramus.

469 4084 501 4154 ﬁ
557 4081 648 4137 III.
687 4079 1058 4150 Episcopatus,
1108 4073 1386 4217 ρέἦὶἵέξὲἱ
1438 4072 1746 4136 Noratiani,
1802 4071 2064 4126 daemonia

543 4307 630 4360 17.
671 4305 929 4361 Socrates
951 4302 992 4357 l.
1021 4293 1116 4368 vn;
1143 4317 1194 4356 c.
1217 4301 1249 4355 7
1283 4297 1422 4371 (sed,
1456 4296 1604 4368 quod
1628 4295 1862 4370 Cyrillus
1884 4295 2062 4351 conti-

471 4413 586 4453 nuo
617 4397 685 4451 ad
711 4411 867 4452 suam
899 4392 1200 4450 Ecclesiam
1228 4406 1264 4446 a
1295 4389 1726 4446 Novatianorum
1750 4387 1947 4444 haeresi
1973 4403 2062 4444 rc-

473 4487 810 4559 purgandam
839 4485 1086 4540 animum
1117 4482 1340 4556 adjecit,
1366 4481 1707 4546 subinfense,
1751 4488 1900 4536 secta
1949 4479 2064 4552 ipse

2167 3269 2415 3326 minibus’
2438 3286 2527 3327 res
2557 3270 2934 3340 inexorabilis,
2978 3273 3212 3332 abducit
3255 3292 3383 3332 eum
3420 3292 3452 3332 a
3490 3277 3602 3333 vita
3625 3293 3767 3348 prte—

2165 3361 2328 3418 senti.
2355 3362 2564 3418 Deinde
2591 3372 2774 3420 autem
2799 3364 3004 3438 Cyrillo
3025 3381 3268 3437 quoque,
3299 3366 3392 3438 qui
3425 3377 3550 3438 post
3584 3369 3765 3440 ipsum

2165 3453 2281 3508 sedi
2315 3454 2600 3520 successit,
2639 3469 2751 3512 non
2780 3472 2977 3528 parum
3007 3467 3130 3513 erat
3157 3473 3304 3514 curae
3324 3459 3559 3515 liberare
3585 3461 3766 3516 locum

2165 3562 2196 3601 a
2227 3547 2536 3602 daemonum
2563 3547 2790 3620 injuria.
2815 3547 2954 3605 Cum
2986 3565 3118 3605 vero
3145 3550 3214 3606 de
3237 3565 3302 3606 ea
3337 3567 3394 3606 re
3416 3568 3562 3624 saepe
3594 3553 3767 3608 Deum

2165 3647 2444 3708 rogasset,
2480 3639 2712 3710 angelus
2746 3639 2798 3695 ei
2829 3655 3101 3712 apparens
3135 3641 3193 3697 in
3237 3641 3485 3709 visione,
3512 3644 3674 3716 jubet
3707 3655 3769 3702 ut

2166 3733 2346 3803 magni
2379 3733 2527 3790 illius
2567 3734 2696 3807 Cyri
2729 3745 2787 3792 et
2834 3736 3002 3792 Marci
3044 3739 3393 3810 evangelistae
3427 3741 3675 3810 reliquiae
3711 3742 3764 3796 in

2166 3823 2271 3878 hoc
2291 3821 2412 3878 vico
2432 3830 2851 3896 reponerentur.
2889 3825 2979 3881 Sic
3005 3826 3151 3881 enim
3183 3827 3299 3882 fore
3322 3837 3433 3883 uta
3455 3827 3766 3884 dannonum

2165 3927 2498 3972 nocumcnto
2513 3917 2799 3974 liberetur.
2817 3917 2925 3974 Cur
2951 3927 3134 3974 autem
3161 3935 3271 3975 non
3300 3919 3526 3975 Joannis
3547 3935 3767 3990 quoque

2166 4005 2392 4071 dixerit,
2432 4007 2567 4063 satis
2607 4007 2834 4079 quidem
2879 4018 3161 4066 ostensum
3195 4019 3281 4066 est
3316 4026 3348 4066 a
3395 4009 3638 4084 Cyrillo:
3683 4024 3769 4068 est

2165 4091 2354 4155 autem
2397 4099 2656 4155 omnibus
2701 4115 2921 4172 quoque
2958 4116 3058 4172 per
3099 4117 3156 4157 se
3202 4101 3576 4170 manifestum,
3619 4105 3767 4175 quod

2167 4189 2388 4244 nomine
2409 4187 2556 4261 Cyri,
2591 4190 2817 4246 omnino
2849 4191 3075 4248 Joannis
3107 4207 3328 4264 quoque
3372 4209 3572 4249 nomen
3604 4195 3768 4250 simul

2166 4279 2496 4336 ostenditur.
2521 4280 2678 4338 Sicut
2698 4282 2846 4338 enim
2867 4299 3049 4338 mores
3075 4283 3301 4341 fuerunt
3320 4285 3402 4340 eis
3424 4301 3763 4354 communes,

2165 4379 2222 4430 et
2245 4387 2366 4444 quae
2395 4380 2620 4442 propter
2641 4373 2924 4430 Christum
2967 4373 3109 4430 facta
3134 4385 3219 4432 est
3249 4377 3524 4434 confessio
3549 4388 3606 4435 et
3629 4395 3767 4436 con-

2171 4462 2486 4529 summatio,
2518 4462 2594 4518 ita
2629 4463 2798 4520 etiam
2826 4464 3062 4534 Simplex
3085 4475 3170 4521 est
3189 4467 3415 4522 omnino
3447 4469 3682 4536 vacatio,
3712 4479 3770 4524 et

471 4555 853 4652 Novatianus),
889 4577 965 4634 ita
1001 4555 1197 4633 scribit
1229 4595 1242 4630 :
1288 4594 1307 4628 ι
1345 4573 1684 4644 Theophilus
1719 4571 2061 4628 Alexandrim

2164 4555 2305 4610 citra
2330 4555 2502 4610 ullum
2523 4555 2840 4612 discrimen.
2881 4555 3024 4611 Hinc
3067 4555 3126 4612 in
3163 4556 3423 4614 Manuthe
3462 4561 3768 4634 martyricae

471 4673 764 4745 cpiscOpus
783 4672 839 4727 in
861 4677 1153 4726 veternum
1180 4667 1440 4736 delapsus
1469 4664 1606 4719 abiit
1628 4679 1660 4718 e
1700 4663 1834 4730 vita,
1865 4663 1934 4718 ad
1961 4679 2064 4717 no-

471 4779 606 4818 num
632 4761 978 4816 consulatum
999 4757 1249 4823 Honorii,
1275 4753 1571 4811 Theodosii
1589 4755 1778 4808 autem
1811 4753 2063 4824 quintum

473 4872 540 4912 xv
563 4852 682 4910 Oct.
721 4851 804 4907 Ibi
826 4859 942 4906 tum
973 4849 1043 4905 de
1081 4848 1342 4920 episcopo
1371 4844 1662 4918 deligendo
1683 4854 1804 4900 orta
1829 4854 1915 4902 est
1936 4860 2067 4900 con-

474 4947 762 5005 troversia.
796 4943 903 5001 Alii
922 4941 1070 4998 enim
1100 4941 1454 4997 Timotheum
1468 4937 1946 5003 archidiaconum,
1974 4936 2067 4992 alii

452 5040 741 5115 ,Cyrillum
769 5037 941 5094 ﬁlium
967 5033 1155 5090 fratris
1190 5031 1506 5104 Theophili,
1531 5031 1600 5086 ad
1628 5032 1980 5102 episcopatus
2007 5029 2071 5084 il-

449 5110 584 5193 ilius
607 5135 794 5192 sedem
823 5129 1027 5188 efferre
1057 5127 1400 5183 laborarunt.
1433 5125 1550 5192 Qua
1585 5125 1652 5180 de
1677 5141 1736 5179 re
1761 5139 1884 5178 cum
1911 5139 1940 5177 a
1969 5137 2068 5193 po-

474 5225 605 5298 pqu
620 5232 890 5280 certatum
913 5219 1084 5286 esset,
1100 5231 1414 5288 quanquam
1436 5213 1753 5270 Abudacius
1767 5213 1866 5287 [aL
1885 5213 2074 5268 Abun-

442 5285 720 5388 ‘dantius1
739 5285 1204 5386 prassidiariorum
1235 5285 1472 5364 militum
1498 5285 1792 5378 praefectus
1820 5305 2070 5376 partibus

456 5407 754 5464 .Timothei
781 5403 1028 5463 subsidio
1067 5404 1192 5470 fuit,
1237 5411 1420 5457 tamen
1460 5397 1645 5455 triduo
1682 5407 1806 5470 post
1837 5406 2070 5453 mortem

479 5495 768 5568 Theophili
789 5491 1030 5568 Cyrillus
1067 5495 1124 5550 in
1156 5493 1288 5550 sede
1317 5490 1613 5564 episcopali
1632 5490 1928 5547 collocatus
1949 5487 2072 5559 epi-

477 5599 703 5661 scopatu
721 5570 929 5660 pbtitus
948 5595 1065 5644 est:
1088 5587 1461 5658 maioremque
1487 5583 1876 5655 principatum,
1905 5595 2070 5653 quam

478 5695 721 5752 unquam
753 5677 1095 5748 Theophilus
1122 5675 1428 5742 habuisset,
1467 5673 1674 5746 pariter
1714 5671 1819 5728 sibi
1857 5687 2072 5728 assum-

478 5777 606 5847 psit.
626 5773 848 5831 Etenim
867 5787 936 5828 ex
955 5771 1049 5826 illo
1065 5779 1314 5840 tempore
1333 5767 1628 5839 episcopus
1647 5763 2070 5830 Alexandrinus,

479 5877 678 5938 przeter
698 5863 838 5923 sacri
869 5862 1004 5921 cleri
1025 5859 1388 5927 dominatum,
1409 5873 1596 5918 rerum
1617 5867 1882 5930 praeterea
1901 5871 2072 5913 saecu-

2165 4662 2358 4702 eorum
2407 4647 2678 4720 reliquiae,
2719 4649 2985 4704 vicesimo
3029 4657 3086 4704 et
3114 4659 3309 4705 octavo
3349 4651 3556 4706 mensis
3593 4651 3764 4716 Junii,

2162 4739 2424 4810 praeclare
2467 4739 2631 4795 simul
2673 4747 2730 4794 et
2770 4749 3118 4796 sacrosancte
3168 4742 3600 4808 transferuntur,
3659 4745 3766 4801 vici

2167 4828 2442 4894 custodia,
2482 4829 2792 4886 diemonum
2845 4831 2993 4904 fuga,
3047 4848 3079 4886 a
3123 4833 3333 4890 morbis
3379 4834 3656 4902 liberatio,
3710 4848 3769 4894 et

2167 4939 2317 4978 nunc
2338 4923 2494 4978 locus
2511 4932 2598 4978 est
2618 4923 2732 4977 Deo
2756 4933 3131 4990 consecratus,
3155 4925 3408 4998 illiusque
3433 4929 3770 5001 martyribus

2167 5027 2224 5072 et
2261 5014 2630 5080 administris,
2670 5013 2861 5098 gratia‘
2886 5024 2944 5070 et
2985 5015 3277 5072 clementia
3334 5019 3550 5074 Domini
3596 5023 3766 5077 nostri

2166 5106 2294 5161 Jesu
2318 5103 2543 5160 Christi.
2575 5123 2593 5154 ι
2629 5103 2898 5161 Baronius
2927 5105 3043 5160 hate
3072 5115 3191 5162 acta
3219 5107 3387 5164 refert
3412 5109 3479 5164 ad
3517 5127 3606 5166 an.
3632 5112 3762 5168 Chr.

2168 5197 2293 5259 414,
2318 5210 2473 5250 num.
2525 5193 2614 5259 20,
2642 5194 2738 5249 ubi
2777 5195 3044 5267 templum
3085 5197 3190 5253 hoc
3228 5198 3458 5272 Canopi,
3496 5220 3605 5258 non
3653 5205 3766 5258 Ma-

2171 5288 2376 5352 nutliae,
2411 5285 2488 5341 ait
2519 5286 2821 5353 exstitisse,
2857 5303 2969 5342 non
3014 5288 3152 5344 satis
3177 5289 3329 5345 Actis
3348 5293 3435 5348 his
3461 5296 3764 5364 perpensis,

2169 5395 2292 5450 quae
2314 5379 2712 5434 illusit-abimus
2742 5377 2811 5433 ad
2848 5395 2972 5433 xxxi
3000 5379 3269 5455 Januarii.

2529 5532 2558 5607 §
2581 5535 2668 5591 IV.
2689 5534 2867 5592 Judm'
2889 5535 3220 5594 Alexandria
3243 5540 3400 5611 pulsi.

2244 5670 2331 5724 I9.
2360 5669 2612 5726 Socrates
2629 5670 2727 5726 lib.
2761 5687 2856 5738 vn,
2889 5686 3009 5743 cap.
3053 5673 3139 5738 15,
3182 5693 3201 5725 ι
3239 5675 3431 5730 eodem
3467 5683 3708 5744 tempore
3737 5700 3760 5728 ι

2172 5764 2358 5834 pulsos
2406 5763 2735 5819 Alexandria
2786 5779 2818 5818 a
2860 5763 3063 5836 Cyrillo
3115 5764 3334 5821 Judaeos
3386 5766 3596 5832 scribit,
3657 5781 3767 5838 quo

2171 5855 2549 5931 Chrysanthus
2573 5856 2865 5929 episcopus
2879 5856 3318 5914 Novatianorum
3339 5873 3454 5915 suae
3483 5871 3644 5918 secta:
3663 5860 3768 5916 Ec-
