4076 6306
378 387 450 444 n
1372 428 1377 431 -
1462 386 1463 389 ‘
1554 449 1581 471 δ.
1737 400 1793 457 s.
1830 400 2103 458 cmeu
2142 405 2319 462 VlTA.
3586 407 3657 462 f8

370 501 594 595 elesiam
623 502 1100 595 Constantinopoli
1142 505 1578 577 administrabat,
1605 512 1673 567 de
1699 530 1810 584 quo
1842 530 1964 585 cap.
1997 522 2040 577 Α
2069 517 2139 572 ab
2160 518 2415 575 incendio
2436 519 2693 575 liberent.
2722 519 2862 577 Tum
2890 523 3064 581 Judaei
3096 525 3347 595 protinus
3369 525 3572 595 impetu
3599 525 3656 579 in

371 591 442 644 £2
486 598 698 661 egerat.
731 592 962 650 Creatus
1000 595 1049 650 is
1082 606 1203 651 erat
1241 613 1330 653 an.
1378 599 1511 655 Chr.
1550 602 1676 668 ΗΞ,
1719 615 2007 662 mortuus-

366 683 624 738 Monaxio
656 692 714 739 et
740 685 920 741 Plinta
960 701 1135 755 coss.,
1178 705 1268 744 an.
1312 689 1444 747 Chr.
1483 693 1608 748 M9.
1641 714 1659 746 ι
1693 695 1900 751 Eodem
1943 716 1966 749 ›

366 789 502 845 ergo
534 794 555 825 ε
589 783 859 847 tempore,
899 798 916 830 ι
949 778 1127 850 inquit
1151 780 1424 849 Socrates,
1459 804 1478 836 ι
1502 785 1816 842 Iudaeorum
1836 804 1970 858 gens

365 880 399 918 a
424 864 629 937 Cyrillo
646 867 910 939 episcopo
936 870 1269 927 Alexandria
1288 874 1432 931 hanc
1451 876 1523 932 ob
1546 891 1766 933 causam
1794 879 1967 949 ejecta

365 964 474 1010 cst.
510 957 754 1027 Populus
774 960 1190 1018 Alexandrinus
1205 972 1405 1033 praeter
1428 976 1665 1023 mteros
1676 968 1966 1024 seditioni-

370 1047 476 1102 bus
502 1046 812 1104 delectatur
847 1069 860 1115 ;
896 1052 953 1107 in
985 1048 1225 1122 quibus,‘
1244 1055 1292 1109 si
1318 1056 1540 1126 quando
1569 1058 1643 1114 sit
1672 1058 1855 1116 oblata
1895 1061 1965 1116 il-

367 1139 544 1194 larum
570 1139 985 1198 conflandarum
1016 1145 1257 1212 occasio,
1287 1147 1501 1204 scelera
1524 1148 1767 1206 eduntur
1795 1166 1966 1222 prope

368 1229 740 1288 intolerabilia
770 1253 783 1288 :
811 1235 1015 1305 quippe
1033 1236 1155 1292 sine
1182 1238 1448 1309 sanguine
1465 1256 1748 1311 nunquam
1776 1243 1964 1312 populi

368 1320 611 1392 impetus
627 1325 869 1381 sedatur.
900 1327 958 1382 ld
985 1328 1253 1398 temporis
1268 1330 1562 1398 tumultus,
1581 1347 1693 1388 non
1711 1332 1781 1388 de
1798 1348 1964 1390 causa

365 1415 551 1485 aliqua
583 1419 912 1484 necessaria,
945 1418 1041 1474 sed
1062 1419 1131 1475 de
1156 1420 1338 1477 studio
1367 1423 1655 1479 saltatores
1679 1421 1962 1494 spectandi

370 1506 542 1576 (quod
589 1509 795 1564 malum
838 1526 939 1580 per
982 1524 1176 1565 omnes
1209 1511 1464 1568 civitates
1502 1514 1703 1585 serpit).
1744 1514 1801 1568 in
1842 1514 1967 1585 ipsa

366 1598 723 1655 multitudine
748 1600 890 1654 forte
917 1601 1186 1656 ciebatur.
1208 1602 1346 1658 Nam
1369 1604 1458 1659 die
1495 1602 1725 1659 Sabbati
1767 1606 1961 1677 ingens

366 1689 528 1745 turba
553 1690 627 1745 ad
644 1692 939 1761 quemdam
965 1694 1279 1750 saltatorem
1298 1696 1656 1766 spectandum
1674 1697 1956 1753 conﬂuxit.

366 1777 440 1831 Et
467 1779 728 1848 quoniam
753 1780 950 1847 Judaei,
989 1782 1083 1852 qui
1117 1782 1210 1838 illo
1239 1783 1330 1839 die
1369 1783 1660 1850 feriantur,
1700 1802 1810 1841 non
1851 1788 1958 1860 legi

2070 608 2410 667 Christianos
2449 610 2611 676 facto,
2654 627 2751 668 eos
2790 614 3088 669 trucidant.
3129 614 3305 685 Atque
3350 622 3411 669 ut
3449 629 3479 668 a
3517 618 3652 678 suis,

2068 700 2286 755 annulis
2316 700 2725 768 demonstratis,
2757 719 2955 760 manus
2983 705 3366 771 abstinebant;
3393 706 3473 760 sic
3492 704 3655 760 Chri-

2068 792 2292 858 stianos,
2318 794 2413 863 qui
2453 794 2591 865 ipsis
2609 794 2750 850 forte
2781 796 2997 852 obviam
3030 797 3157 852 facti
3198 806 3377 864 erant,
3412 812 3443 852 e
3472 796 3656 851 medio

2069 883 2352 939 tollebant.

2129 975 2216 1029 22.
2230 996 2249 1028 ι
2278 977 2383 1033 Ubi
2411 987 2593 1035 autem
2614 979 2794 1035 illuxit
2815 976 2953 1046 dies,
2974 981 3197 1037 sceleris
3214 989 3466 1036 auctores
3484 980 3652 1034 mini-

2065 1084 2152 1125 me
2185 1070 2405 1126 obscuri
2437 1080 2494 1127 et
2516 1071 2776 1144 incogniti
2802 1072 3045 1129 fuerunt.
3069 1073 3187 1141 Qua
3223 1072 3292 1128 de
3329 1088 3388 1128 re
3416 1071 3653 1143 Cyrillus

2062 1162 2303 1232 graviter
2317 1172 2643 1229 commotus,
2669 1178 2793 1219 cum
2816 1165 3022 1237 ingenti
3044 1181 3209 1221 manu
3243 1165 3311 1220 ad
3336 1164 3648 1221 Iudaeorum
3709 1157 3717 1163 ’

2063 1269 2359 1325 synagogas
2387 1254 2487 1325 (sic
2517 1256 2663 1311 enim
2700 1271 2892 1311 eorum
2935 1256 3133 1327 templa
3172 1254 3459 1326 vocantur)
3500 1266 3650 1312 recta

2063 1347 2242 1417 pergit
2276 1350 2386 1403 :‘et
2414 1361 2482 1403 ex
2504 1348 2708 1404 Judaeis
2732 1350 3028 1405 nonnullos
3072 1350 3195 1406 neci
3221 1351 3353 1416 dat;
3389 1350 3525 1405 alios
3551 1367 3649 1405 ex-

2061 1436 2267 1506 pellite
2304 1440 2545 1503 civitate,
2578 1456 2882 1511 eorumque
2928 1441 3178 1497 fortunas
3221 1457 3253 1497 a
3294 1442 3649 1496 multitudine

2061 1528 2227 1600 diripi
2249 1532 2535 1600 permittit.
2556 1533 2744 1603 Itaque
2765 1532 2961 1599 Judaei,
2996 1534 3091 1604 qui
3123 1548 3296 1603 usque
3320 1534 3389 1588 ab
3412 1534 3647 1588 Alexan-

2060 1620 2147 1675 dri
2179 1622 2489 1681 Macedonis
2516 1626 2851 1696 temporibus
2876 1625 3023 1681 illam
3055 1624 3250 1680 urbem
3282 1625 3644 1687 incoluerant,

2059 1719 2177 1767 tum
2209 1714 2451 1769 universi
2485 1715 2611 1770 inde
2648 1716 2830 1786 ejecti,
2875 1715 2968 1770 alii
3010 1717 3065 1770 in
3102 1716 3207 1771 alia
3249 1715 3367 1769 loca
3408 1714 3643 1785 dispersi

2058 1803 2334 1859 vixerunt.
2374 1804 2734 1859 Adamantius
2778 1821 2845 1859 ex
2890 1820 3120 1860 numero
3162 1804 3498 1869 Iudaeorum,
3552 1803 3645 1872 qui

365 1869 676 1936 audienda,
706 1873 803 1927 sed
830 1874 1155 1943 spectaculis
1190 1883 1248 1932 et
1270 1875 1415 1931 ludis
1440 1877 1678 1933 scenicis
1706 1887 1954 1935 contem-

2062 1895 2390 1951 medicinam
2412 1895 2662 1963 docebat,
2694 1896 3218 1968 Constantinopolim
3251 1894 3548 1967 profectus,
3579 1894 3647 1949 ad

362 1962 579 2031 plandis
605 1970 752 2019 totos
773 1979 893 2020 sese
923 1965 1233 2033 dedebant,
1265 1967 1387 2024 dies
1416 1968 1507 2024 ille
1530 1970 1719 2041 populi
1758 1970 1954 2027 factio-

362 2054 530 2110 nibus
577 2056 724 2111 inter
764 2072 823 2113 se
863 2066 1057 2114 mutuo
1092 2059 1394 2115 dimicandi
1418 2075 1585 2117 causa
1615 2063 1841 2119 exstitit.
1876 2063 1956 2121 Ac

361 2162 678 2218 quanquam
717 2150 906 2219 populi
939 2150 1219 2207 discordia
1255 2167 1288 2207 a
1325 2152 1583 2224 prchccto
1611 2154 1969 2212 Alexandriae.

364 2247 646 2311 utcunque
675 2249 791 2296 tum
815 2243 1004 2298 sedata
1030 2243 1152 2310 fuit,
1175 2245 1536 2303 nihilominus
1568 2254 1748 2303 tamen
1770 2247 1948 2304 Judaei

362 2331 523 2386 alteri
544 2332 732 2402 populi
755 2332 981 2389 factioni
1007 2335 1307 2397 adversarii
1326 2351 1448 2392 esse
1468 2353 1580 2391 non
1599 2336 1950 2394 destiterunt.

363 2422 540 2491 Atque
559 2424 775 2479 tametsi
792 2423 969 2481 Judaei
991 2423 1319 2483 Christianis
1339 2435 1497 2482 erant
1512 2442 1727 2498 semper
1746 2428 1951 2497 infesti,

365 2519 479 2565 tum
516 2519 697 2567 tamen
732 2522 971 2585 propter,
998 2516 1304 2584 saltatoms,
1338 2518 1514 2575 multo
1553 2518 1611 2574 in
1638 2533 1737 2575 eos
1771 2519 1953 2579 infen-

363 2602 539 2659 siores
576 2604 702 2660 facti
736 2614 869 2663 sunt

439 2695 528 2749 20.
569 2714 587 2747 ι
621 2698 816 2768 Itaque
852 2713 979 2753 cum
1015 2698 1236 2755 Orestes
1272 2699 1564 2773 prafectus
1608 2699 1953 2757 Alexandria:

365 2787 634 2843 πολιτείαν
668 2788 771 2860 (sic
789 2789 939 2844 enim
963 2790 1180 2860 publica
1211 2789 1450 2861 praefecti
1474 2790 1654 2846 edicta
1675 2791 1952 2861 appellant

362 2876 738 2949 Alexandrini)
769 2879 827 2935 in
875 2879 1089 2941 theatro
1118 2880 1525 2952 proponendam
1558 2890 1796 2946 curaret,
1849 2882 1950 2937 ad-

362 2979 523 3023 erant
550 2971 718 3025 etiam
741 2970 931 3044 Cyrilli
967 2973 1208 3043 episcopi
1254 2973 1572 3039 necessarii,
1604 2982 1668 3028 ut
1706 2974 1885 3029 edicta
1915 2989 1948 3030 a

362 3062 617 3131 prmfecto
638 3063 915 3133 publicata
940 3064 1371 3130 considerarent,
1392 3065 1537 3129 inter
1556 3080 1696 3135 quos
1724 3074 1845 3121 erat
1861 3067 1948 3119 vir

362 3154 583 3210 nomine
616 3156 838 3221 llicrax,
864 3156 1174 3212 humilioris
1198 3157 1520 3212 litteratum
1542 3157 1821 3229 magister,
1849 3157 1947 3228 qui

362 3248 760 3303 attentissimus
775 3248 999 3304 auditor
1023 3248 1266 3319 episcopi
1290 3248 1479 3321 Cyrilli
1505 3249 1629 3315 fuit,
1658 3258 1716 3305 et
1738 3251 1794 3305 in
1816 3265 1949 3306 con—

362 3337 615 3392 cionibus
645 3341 764 3410 ejus
806 3338 1060 3409 plausum
1099 3338 1516 3417 diligentissime
1552 3340 1792 3397 excitare
1817 3355 1952 3396 con-

362 3428 557 3482 suevit.
587 3429 742 3484 Hunc
770 3428 938 3500 igitur
967 3429 1254 3485 Hieracem
1284 3439 1349 3485 ut
1368 3432 1607 3501 primum
1640 3430 1954 3488 Iudaeorum

365 3519 661 3574 multitudo
688 3519 749 3575 in
770 3520 987 3575 theatro
1009 3520 1324 3590 conspicata
1350 3529 1455 3587 est,
1491 3523 1770 3592 extemplo
1797 3522 1951 3579 voci-

364 3607 532 3663 ferari
565 3610 761 3680 coepit,
781 3626 909 3665 eum
939 3610 1248 3667 ob-nullam
1278 3612 1440 3667 aliam
1460 3628 1680 3669 causam
1705 3615 1774 3671 ad
1798 3616 1953 3673 thea—

366 3710 517 3756 trum
556 3704 881 3770 accessisse,
917 3720 1085 3775 quam
1125 3712 1188 3759 ut
1214 3705 1476 3775 populum
1514 3707 1584 3761 ad
1625 3708 1952 3765 seditionem

365 3796 687 3852 concitaret.
736 3797 957 3853 Orestes
994 3807 1201 3863 autem,
1251 3798 1357 3853 etsi
1403 3807 1530 3855 ante
1568 3800 1951 3872 episcoporum

365 3895 605 3956 potestas
651 3888 730 3942 illi
770 3888 899 3944 odio
940 3898 1233 3960 propterea
1276 3889 1477 3954 fuerat,
1525 3891 1674 3961 quod
1714 3908 1815 3963 per
1857 3911 1953 3950 eos

365 3978 615 4033 nonnihil
637 3979 707 4035 de
729 3981 1051 4036 auctoritate
1096 3996 1293 4036 eorum
1316 3981 1412 4052 qui
1429 3982 1499 4037 ab
1526 3981 1858 4055 imperatore
1884 3988 1953 4043 ad

365 4072 719 4142 magistratus
735 4072 1005 4144 gerendos
1024 4072 1292 4145 designati
1321 4084 1500 4141 erant,
1533 4076 1829 4133 admodum
1852 4081 1951 4135 dc-

366 4171 599 4217 tractum
625 4163 757 4231 fuit;
789 4173 970 4221 tamen
1006 4174 1120 4221 tum
1143 4166 1230 4221 vel
1252 4167 1508 4233 maxime,
1540 4169 1688 4239 quod
1717 4170 1953 4243 Cyrillus

364 4254 655 4309 videbatur
688 4255 743 4310 in
780 4257 901 4327 ejus
932 4256 1111 4312 edicta
1130 4258 1347 4313 curiose
1378 4258 1693 4329 inquirere;
1718 4263 1951 4333 proinde

364 4345 650 4403 Hieracem
669 4347 849 4418 palam
874 4348 929 4403 in
956 4348 1171 4404 theatro
1204 4351 1661 4421 comprehensum
1693 4355 1951 4425 gravibus

363 4436 643 4494 divexavit
674 4439 981 4509 suppliciis.

2061 1986 2305 2043 Atticum
2359 1989 2677 2058 episcopum
2726 2004 2786 2043 se
2840 1989 3093 2044 contulit.
3139 1988 3244 2055 Qui
3289 1995 3647 2058 posteaquam

2059 2078 2428 2136 Christianam
2462 2080 2782 2152 religionem
2825 2080 3106 2153 professus
3140 2090 3278 2147 erat,
3305 2080 3649 2138 Alexandria:

2059 2170 2242 2227 denuo
2262 2171 2547 2229 habitavit.

2129 2264 2251 2318 23m
2278 2262 2519 2330 Orestes,
2549 2265 2700 2321 illius
2731 2266 2885 2322 urbis
2917 2265 3228 2337 prtefectus,
3277 2264 3411 2320 illud
3456 2263 3644 2336 Cyrilli

2059 2353 2444 2410 factum‘valde
2466 2356 2656 2426 iniquo
2676 2357 2860 2412 animo
2882 2358 3008 2413 tulit
3032 2376 3046 2412 :
3088 2372 3461 2429 magnumque
3500 2355 3648 2425 cepit

2059 2444 2326 2511 dolorem,
2360 2456 2469 2502 tam
2506 2448 2823 2517 praeclaram
2847 2448 3126 2504 civitatem
3167 2456 3320 2503 tanta
3353 2447 3644 2502 hominum

2058 2537 2409 2594 multitudine
2440 2553 2665 2609 prorsus
2697 2539 2948 2595 orbatam
2987 2554 3127 2595 esse.
3163 2537 3529 2604 Quamobrem
3574 2537 3643 2591 ad

2058 2628 2445 2699 imperatorem
2499 2630 2569 2687 de
2615 2630 2780 2687 rebus
2827 2631 2904 2686 ibi
2950 2630 3119 2703 gestis
3167 2629 3355 2685 refert.
3409 2627 3646 2700 Cyrinus

2056 2718 2221 2774 etiam
2245 2720 2563 2791 imperatori
2594 2721 2907 2778 Iudaeorum
2950 2721 3173 2777 scelera
3192 2736 3291 2790 per
3321 2719 3534 2774 litteras
3565 2718 3643 2773 si-

2055 2809 2305 2880 gniﬁcat;
2339 2820 2396 2867 et
2434 2811 2794 2869 nihilominus
2827 2821 3009 2868 tamen
3037 2812 3124 2868 “de
3171 2810 3414 2867 amicitia
3453 2808 3644 2865 conci-

2055 2900 2237 2957 lianda
2261 2901 2351 2973 (ad
2382 2903 2513 2959 illud
2538 2919 2776 2974 namque
2807 2904 3120 2960 faciendum
3144 2904 3382 2975 populus
3412 2902 3646 2957 Alexan-

2012 3012 2015 3013 '
2055 2991 2248 3047 drinus
2273 2992 2427 3048 illum
2450 2994 2762 3064 impulerat)
2789 3008 2916 3049 cum
2939 2994 3133 3051 Oreste
3160 2996 3291 3066 agit.
3315 2995 3521 3049 Verum
3545 2993 3641 3047 ubi

2054 3079 2275 3137 Orestes
2291 3081 2360 3137 de
2385 3082 2626 3138 amicitia
2648 3099 2717 3139 ne
2737 3083 2929 3139 audire
2951 3084 3175 3155 quidem
3193 3084 3387 3148 voluit,
3407 3082 3645 3155 Cyrillus

2059 3172 2268 3227 librum
2285 3173 2706 3246 Evangeliorum
2732 3175 2904 3247 (hunc
2929 3175 3077 3231 enim
3103 3176 3256 3230 illum
3275 3175 3661 3231 reveriturum'

2055 3262 2288 3336 putavit)
2319 3264 2372 3320 ei
2400 3280 2566 3320 manu
2604 3266 2869 3336 porrexit.
2916 3267 2987 3321 At
3024 3281 3151 3321 cum
3190 3264 3401 3321 Orestis
3428 3265 3646 3320 animus

2054 3369 2124 3410 ne
2157 3356 2262 3411 hoc
2288 3356 2455 3419 modo
2482 3357 2707 3427 quidem
2738 3357 2959 3413 deliniri
2990 3365 3196 3429 posset,
3230 3357 3327 3413 sed
3351 3357 3495 3413 inter
3515 3373 3644 3412 eum

2053 3456 2109 3502 et
2141 3447 2404 3521 Cyrillum
2445 3450 2705 3520 capitales
2737 3450 3039 3508 inimicitiae
3074 3465 3291 3522 semper
3333 3449 3644 3505 intercede-

2055 3551 2207 3608 rent;
2236 3541 2352 3597 hazc
2366 3541 2567 3608 clades,
2593 3542 3037 3613 quam-deinceps
3057 3543 3526 3609 commemorabo,
3555 3544 3642 3597 in-

2054 3631 2121 3687 de
2152 3641 2447 3688 consecuta
2475 3638 2587 3688 est.‘
2611 3651 2630 3686 ι
2655 3631 2783 3689 Haec
2803 3632 3076 3689 Socrates.
3106 3632 3309 3689 Eadem
3334 3643 3523 3688 narrat
3545 3633 3642 3687 Ni-

2053 3723 2326 3793 cephorus
2347 3723 2445 3778 lib.
2474 3740 2585 3789 xlv,
2616 3739 2738 3795 cap.
2774 3726 2862 3791 14,
2899 3725 3045 3796 apud
3082 3740 3246 3795 quem
3282 3725 3645 3780 tamenanulla

2053 3810 2217 3866 caedis
2268 3810 2583 3868 Iudaeorum
2629 3814 2836 3870 mentio
2881 3823 2965 3869 est
3005 3831 3019 3868 :
3065 3829 3169 3870 nec
3211 3813 3476 3869 credibile
3518 3829 3641 3868 eam

2052 3902 2294 3972 episcopi
2319 3903 2645 3960 auctoritate
2669 3905 3030 3977 designatam.
3069 3904 3378 3977 Agnoscere
3418 3921 3552 3962 vero
3585 3906 3657 3960 in-

2052 3994 2247 4050 Oreste
2273 3995 2402 4051 licet
2423 3996 2773 4067 politiccrum
2799 3998 2973 4053 nostri
3000 4013 3221 4068 quoque
3253 3998 3523 4069 temporis
3552 3997 3645 4052 in-

2008 4119 2025 4132 .
2053 4084 2264 4149 dolem',
2312 4087 2407 4156 qui
2462 4104 2790 4160 quacunque
2828 4098 3075 4160 possunt.
3114 4091 3326 4146 ratione
3364 4091 3641 4161 modoque
3694 4077 3717 4095 ⁸

2053 4178 2373 4247 pontiﬁcum
2417 4191 2688 4235 conantur
2757 4182 3102 4252 aliorumque
3130 4183 3640 4239 ecclesiasticon

2053 4267 2336 4323 hominum
2378 4269 2521 4325 bona
2565 4271 2846 4338 invadere,
2878 4272 3005 4343 jura
3057 4274 3282 4337 violare,
3333 4274 3639 4328 convellere

2052 4360 2451 4426 auctoritatem,
2499 4362 2669 4418 veluti
2721 4365 3341 4434 regumemolumcntis
3384 4363 3635 4425 noxiam;

2052 4466 2177 4505 eum
2215 4454 2383 4509 nullis
2411 4456 2632 4525 regibus
2662 4455 2883 4512 felicius
2907 4466 3115 4511 cuncta
3145 4455 3429 4522 cesserint,
3472 4473 3637 4527 quam

419 4554 512 4608 2i.
544 4553 690 4621 «Qua
709 4569 769 4609 re
790 4555 1065 4611 intellecta
1083 4557 1316 4629 Cyrillus
1335 4560 1645 4616 Judaeorum
1666 4561 1955 4631 primarios
1986 4561 2029 4617 υ
2056 4540 2149 4608 qui
2176 4541 2432 4600 ΕεθΙοείιε
2448 4543 2745 4613 Plurimum
2777 4546 3126 4613 detulerunt;
3152 4555 3341 4601 contra
3362 4562 3494 4601 vero
3517 4547 3638 4617 plu-

365 4645 630 4712 acccrsit;
664 4645 793 4712 illis,
826 4647 871 4702 si
913 4663 1025 4703 non
1066 4656 1259 4705 contra
1295 4650 1635 4709 Christianos
1681 4653 1949 4708 tumultus

364 4737 510 4793 ciere
531 4738 821 4803 desistant,
842 4739 1057 4796 debitas
1078 4750 1267 4811 patrias
1293 4757 1351 4796 se
1373 4741 1741 4815 irrogaturum
1771 4746 1948 4801 mina-

367 4834 475 4881 tur.
498 4826 568 4894 At
599 4827 894 4884 multitudo
932 4829 1265 4897 Iudaeorum,
1306 4832 1540 4903 cognitis
1568 4833 1809 4904 episcopi
1842 4836 1948 4889 mi-

366 4916 471 4980 nis,
497 4917 671 4971 multo
699 4919 904 4989 majore
928 4918 1226 4976 iracundia:
1255 4932 1393 4978 testu
1418 4924 1797 4991 exardescere,
1830 4943 1947 4981 ma-

366 5006 664 5078 chinasque
678 5008 748 5063 ad
761 5008 1090 5066 Christianis
1104 5013 1411 5069 nocendum
1427 5016 1734 5086 excogitare
1752 5019 1912 5089 coepit
1932 5037 1943 5071 :

365 5108 504 5163 quas
524 5096 743 5164 quidem
780 5098 1112 5169 praecipuam
1143 5115 1364 5157 causam
1381 5102 1599 5159 Iudaeos
1620 5104 1949 5163 Alexandria

363 5185 687 5242 cxturbandi
716 5186 906 5254 fuisse,
935 5191 1045 5260 jam
1070 5193 1373 5248 ostendam.
1401 5194 1573 5251 Judaei
1611 5212 1737 5252 cum
1775 5206 1948 5254 tesse-

362 5291 476 5330 ram
498 5277 600 5348 ipsi
623 5278 729 5334 sibi
751 5280 1052 5346 dedissent,
1071 5284 1331 5340 nimirum
1354 5293 1417 5339 ut
1435 5286 1666 5357 quisque
1684 5289 1948 5343 annulum

358 5382 424 5420 cx
471 5368 680 5424 cortice
713 5371 910 5440 palmae
950 5374 1260 5430 confectum
1312 5386 1568 5446 gestaret,
1619 5389 1946 5435 nocturnam

356 5468 812 5527 pugnamcontra
842 5461 1183 5521 Christianos
1214 5467 1525 5523 instituunt.
1573 5470 1761 5540 Itaque
1787 5483 1947 5527 nocte

352 5548 589 5617 quadam
618 5565 722 5620 per
751 5541 1038 5611 universas
1068 5558 1221 5612 urbis
1268 5560 1519 5629 regiones
1555 5576 1586 5615 a
1617 5563 1944 5632 quibusdam

351 5640 813 5697 conclamandum
856 5657 1070 5712 curant,
1098 5657 1283 5703 totam
1322 5652 1606 5708 ecclesiam
1653 5654 1946 5710 Alexandri

350 5732 575 5789 nomine
610 5745 988 5805 nuncupatam
1036 5738 1161 5808 igne
1202 5742 1551 5813 conﬂagrare.
1594 5746 1714 5813 Quo
1758 5748 1946 5803 audito

349 5823 673 5891 Christiani,
708 5826 851 5882 alius
886 5829 1103 5885 aliunde
1158 5844 1512 5900 concurrunt,
1564 5846 1621 5892 ut
1658 5839 1949 5895 ecclesiam

2056 4632 2209 4687 rimis
2227 4633 2629 4690 calamitatibus
2650 4636 2973 4691 easinvolvi
3000 4638 3308 4707 provincias
3332 4638 3633 4701 videamus,

2054 4720 2305 4794 quarum.
2347 4720 2733 4796 gubernaculis
2790 4729 3070 4799 ejusmodi
3123 4729 3387 4785 homines.
3431 4728 3656 4784 admotis

2056 4824 2220 4869 sunt..

2186 4969 2214 5041 ς
2243 4970 2305 5025 V.
2344 4971 2526 5029 Turba:
2548 4973 2944 5030 Alexandrinae.
2975 4974 3228 5030 Errantes
3250 4977 3485 5030 correcti.

2122 5106 2227 5161 24..
2257 5096 2559 5179 Tragieam,
2611 5127 2774 5181 quam
2814 5119 3095 5167 narratum
3147 5113 3307 5175 imus,
3351 5111 3637 5165 historiam

2055 5197 2370 5268 imperatori
2402 5209 2459 5255 et
2480 5200 2702 5257 Orestes
2726 5202 3013 5272 praefectus
3031 5201 3337 5271 etCyrillus
3367 5198 3638 5269 signiﬁca-

2056 5300 2202 5345 runt.
2250 5290 2468 5345 Utinam
2509 5293 2707 5348 littera:
2752 5292 2939 5363 Cyrilli
2987 5292 3292 5346 exstarent!
3340 5291 3517 5362 majus
3559 5306 3640 5347 eae

2054 5380 2287 5449 pondus,
2338 5398 2499 5451 quam
2553 5381 2787 5437 furentis
2831 5382 2976 5436 illius
3015 5380 3244 5447 Orestis,
3295 5382 3440 5453 apud
3488 5391 3640 5439 recte

2053 5472 2352 5526 sentientes
2374 5472 2884 5543 obtinerent.Hujus
2908 5481 3087 5526 tamen
3110 5473 3429 5530 relationem
3449 5474 3636 5543 potius

2051 5563 2285 5632 arripuit
2309 5563 2580 5629 Socrates,
2613 5564 2814 5636 Cyrillo
2832 5563 3096 5631 infensus,
3131 5566 3228 5621 lib.
3253 5583 3345 5631 vn,
3402 5582 3522 5637 cap.
3568 5568 3672 5646 ib"

2052 5665 2107 5711 et
2134 5656 2213 5710 15.
2245 5676 2260 5705 ‹
2291 5655 2546 5710 Nonnulli
2570 5673 2636 5712 ex
2660 5657 2961 5722 monachis,
2990 5678 3007 5709 ι
3043 5658 3241 5728 inquit,
3269 5679 3288 5710 ‹
3313 5659 3407 5728 qui
3427 5658 3671 5731 Nitram;

2055 5759 2294 5803 montem
2347 5748 2684 5813 aer-olebant,
2744 5748 2961 5819 ingenio
3010 5751 3342 5805 ferventiore
3402 5736 3665 5820 prazditip

2055 5841 2198 5895 sicut
2235 5839 2557 5908 iampridem
2585 5839 2728 5895 idem
2760 5840 2941 5910 ipsum
2970 5840 3341 5909 declararunt,
3381 5840 3558 5895 exorsi
3603 5856 3641 5896 a
