4076 6306
457 340 478 395 i
490 339 523 394 9
1809 344 1865 400 S.
1905 344 2181 402 CYillLLl
2220 344 2401 401 VITA.
3766 343 3854 400 20

455 452 747 525 Theophili
783 455 1140 525 temporibus,
1177 453 1397 525 quando
1434 463 1595 510 erant
1632 456 1702 511 ab
1729 457 1825 513 illo
1850 467 2045 517 contra
2074 465 2116 519 Α
2144 457 2551 512 venerabantur
2575 463 2631 510 et
2649 457 3042 528 suscipiebant.
3064 459 3250 529 itaque
3275 459 3543 513 invidiae
3578 457 3851 513 {innima

455 544 777 601 Dioscorum
802 552 859 600 et
889 546 1011 615 ejus
1031 546 1232 602 fratres
1252 546 1440 617 inique
1466 547 1697 614 armati;
1723 549 1805 604 sic
1828 548 1882 604 id
1905 558 2043 604 tem-

454 633 605 702 poris
635 648 853 704 quoque
873 636 1240 708 aemulationis
1255 635 1452 692 ardore
1478 636 1819 702 inﬂammati,
1843 653 2034 708 prom-

453 732 549 794 pto
560 733 617 780 et
629 726 793 781 alacri
810 726 996 784 animo
1008 743 1110 798 pro
1123 704 1329 800 Cﬁrilio
1343 728 1603 786 dimicare
1618 704 2041 786 constituerunt.

453 814 642 884 itaque
672 815 778 870 viri
825 816 895 871 ad
938 817 1266 889 quingentos
1311 834 1544 874 numero
1584 834 1652 873 ex
1697 819 2045 874 monasteriis

452 906 681 977 egressi,
716 907 909 963 urbem
940 908 1325 965 Alexandriam
1348 909 1700 973 contendere,
1727 910 2044 981 praefectum

454 995 629 1052 rheda
660 995 1096 1053 circumvectum
1127 998 1443 1065 observare,
1467 1014 1595 1054 eum
1618 998 1793 1065 adire,
1832 999 2044 1055 sacriﬁ-

452 1103 604 1153 cum,
630 1089 911 1160 gentilem,
956 1098 1013 1147 et
1048 1090 1173 1146 aliis
1214 1091 1594 1162 compluribus
1635 1094 2047 1150 contumeliosis

454 1181 774 1237 nominibus
797 1182 1073 1253 appellare
1103 1192 1410 1254 coeperunt.
1972 1240 1997 1255 ,

516 1272 606 1328 25.
645 1293 664 1324 ι
695 1273 815 1338 ille,
850 1274 1164 1346 suspicatus
1194 1274 1300 1330 sibi
1323 1290 1355 1329 a
1384 1274 1588 1347 Cyrillo
1617 1275 1843 1332 insidias
1873 1275 2042 1330 collo-

454 1372 608 1421 catas
644 1380 785 1430 esse,
830 1366 1137 1423 exclamare
1180 1383 1241 1424 se
1279 1367 1655 1424 Christianum
1696 1381 1840 1431 esse,
1890 1366 2049 1422 etab

453 1455 637 1510 Attico
663 1456 922 1527 episcopo
942 1457 1415 1529 Constantinopoli
1439 1458 1793 1530 baptizatum.
1817 1458 2040 1523 Verum,

455 1546 552 1602 ubi
600 1547 853 1629 monachi
906 1549 1028 1620 ejus
1068 1550 1238 1605 verba
1284 1550 1617 1606 videbantur
1667 1559 2041 1614 contemnere.

455 1652 600 1694 unus
627 1637 769 1694 forte
791 1653 861 1695 ex
893 1639 1020 1709 illis,
1051 1640 1274 1696 nomine
1292 1640 1636 1707 Ammonius,
1662 1650 1828 1712 caput
1849 1642 2043 1713 pmic-

455 1728 529 1784 cti
556 1728 737 1801 lapide
765 1739 1055 1802 percutere
1079 1748 1093 1786 :
1118 1731 1415 1803 praefectus
1440 1733 1533 1790 illo
1558 1735 1785 1790 vulnere
1811 1734 2045 1800 inﬂicto,

456 1828 608 1877 totus
640 1823 907 1895 sanguine
929 1839 1172 1880 manare.
1210 1824 1556 1898 Quapropter
1597 1827 1835 1898 pmfeeti
1873 1843 2043 1898 appa-
2073 1807 2118 1866 η

457 1911 679 1979 ritores,
706 1916 953 1985 exceptis
975 1917 1187 1988 paucis,
1215 1933 1407 1975 omnes
1436 1934 1495 1975 se
1526 1920 1665 1975 clam
1691 1919 1818 1974 inde
1834 1920 2044 1976 subdu-

455 2019 603 2093 cere,
639 2006 780 2063 alius
815 2009 925 2064 alio
958 2025 1017 2065 se
1049 2010 1107 2065 in
1137 2010 1546 2067 multitudinem
1578 2011 1804 2078 abdere,
1839 2028 2046 2083 praeca-

455 2108 648 2154 ventes
684 2115 753 2155 ne
788 2100 1033 2171 lapidum
1060 2104 1213 2173 jactu
1250 2103 1659 2159 interimuntur.
1691 2103 1916 2162 interim
1946 2119 2047 2174 po-

456 2190 619 2261 pulus
641 2191 1048 2249 Alexandrinus
1064 2193 1325 2265 frequens
1339 2209 1406 2251 eo
1430 2195 1729 2261 conﬂuere,
1752 2196 2050 2251 monachos

455 2281 699 2351 prtefecti
722 2297 886 2339 causa
909 2284 1097 2340 animo
1119 2295 1376 2356 prompto
1411 2286 1634 2353 ulcisci;
1669 2301 1809 2356 quos
1833 2300 2045 2350 omnes,

458 2386 658 2459 praeter
703 2374 1079 2443 Anunonium,
1126 2378 1184 2434 in
1237 2378 1421 2450 fugam
1463 2387 1741 2436 vertunt:
1783 2379 1937 2435 illum
1978 2378 2051 2434 ad

459 2468 778 2536 praefectum
822 2468 1119 2526 deducere.
1170 2470 1471 2526 Praefectus
1510 2470 1724 2540 palam,
1775 2469 1858 2525 uti
1903 2470 2055 2540 leges

460 2560 758 2629 postulant,
808 2558 879 2616 de
924 2575 993 2616 eo
1029 2559 1392 2630 qumstionem
1439 2574 1723 2626 exercere,
1765 2559 2055 2615 tormentis

459 2650 728 2721 tantisper
750 2650 1037 2715 afﬂictare,
1063 2650 1194 2706 dum
1228 2659 1536 2707 extremum
1568 2651 1825 2722 spiritum
1852 2651 1986 2707 edit.

528 2743 619 2798 26.
653 2763 670 2794 ι
709 2742 842 2810 Quae
861 2758 955 2799 res
978 2758 1088 2799 non
1107 2743 1204 2799 diu
1226 2752 1351 2815 post
1371 2742 1440 2799 ad
1464 2744 1862 2815 imperatorum
1892 2756 2057 2799 aures

457 2836 667 2907 perlata
696 2843 798 2892 cst.
833 2834 976 2902 Quin
1017 2836 1187 2903 etiam
1223 2836 1464 2909 Cyrillus
1491 2837 1745 2894 eamdem
1774 2850 1893 2893 rem
1923 2837 2052 2906 illis,

459 2927 557 2984 sed
584 2942 748 2983 secus
781 2927 1087 2998 expositam
1125 2929 1353 2984 omnino
1390 2944 1491 3001 per
1519 2928 1732 2985 litteras
1781 2928 2054 3000 signiﬁca-

458 3020 558 3076 vit.
596 3019 812 3091 Corpus
842 3034 1062 3091 quoque
1098 3020 1377 3079 Ammonii
1413 3021 1584 3093 capit,
1617 3022 1786 3093 inque
1821 3022 2058 3078 ecclesia

2147 561 2263 606 tum
2288 559 2490 606 contra
2526 564 2646 604 eam
2677 550 2899 605 incensa
2921 559 3023 605 est.
3060 551 3276 605 Etenim
3317 566 3477 605 cum
3526 549 3882 648 (ποδί-ιω,

2144 657 2271 697 eum
2298 641 2495 698 Oreste
2516 642 2571 696 in
2591 641 2926 712 colloquium
2949 642 3183 706 veniret,
3216 643 3488 714 populus
3519 640 3849 696 Ecclesiae

2146 734 2293 788 illam
2327 733 2495 803 cmpit
2525 732 2842 788 insimulare
2867 734 3015 803 quod
3039 734 3300 804 episeopo
3338 733 3423 788 ad
3462 731 3838 787 amicitiam

2143 823 2356 880 Orestis
2370 823 2829 880 reconciliandam
2852 824 3061 880 aditum
3080 825 3299 895 penitus
3314 824 3370 878 in
3379 823 3835 879 tercludebat.

2144 915 2384 972 Proinde
2409 916 2547 971 certi
2578 915 2852 981 homines,
2885 917 2979 987 qui
3013 925 3171 972 erant
3195 926 3399 972 natura
3432 915 3642 987 paulo
3690 912 3830 969 fer-

2143 1009 2441 1073 ventiores,
2469 1008 2675 1078 quibus
2700 1008 2896 1064 Petrus
2918 1008 3118 1064 Lector
3156 1008 3212 1063 in
3242 1008 3333 1063 illa
3373 1006 3665 1062 ecclesia
3701 1006 3830 1061 du-

2144 1116 2263 1157 cem
2296 1116 2355 1157 sc
2392 1101 2651 1172 prabuit,
2687 1116 2802 1158 uno
2841 1115 3137 1169 consensu,
3180 1101 3497 1157 mulierem
3527 1100 3822 1156 .domum

2145 1192 2398 1248 alicunde
2437 1193 2761 1249 redeuntem
2798 1193 3122 1259 observant;
3163 1193 3232 1249 de
3261 1207 3472 1256 curru,
3522 1206 3660 1262 quo
3703 1206 3820 1246 ve-

2144 1282 2401 1349 hebatur,
2429 1283 2727 1340 demebant
2759 1302 2774 1338 :
2808 1284 2877 1339 ad
2916 1284 3211 1340 ecclesiam
3264 1299 3390 1354 quin
3438 1281 3815 1338 Caesareum

2142 1373 2370 1439 dicitur,
2401 1375 2626 1446 rapiunt
2656 1392 2671 1429 :
2698 1383 3031 1446 exutamque
3070 1375 3340 1441 vestibus,
3373 1375 3566 1431 testis
3602 1374 3813 1430 acutis

2143 1465 2211 1520 ad
2237 1480 2431 1521 necem
2447 1481 2621 1537 usque
2643 1466 2965 1532 dilacerant,
2983 1467 3104 1538 ejus
3123 1467 3370 1523 membra
3392 1467 3806 1538 discerpunt,

2143 1557 2530 1629 discerptaque
2569 1557 2637 1613 ad
2676 1558 2859 1614 locum
2903 1559 2998 1629 qui
3041 1557 3281 1614 Cinaron
3336 1559 3574 1615 dicitur
3623 1574 3804 1614 com-

2144 1656 2385 1719 portant,
2416 1657 2581 1720 atque
2608 1649 2719 1721 igni
2742 1650 3095 1705 comburunt.
3116 1650 3232 1706 Hoc
3249 1650 3479 1706 facinus
3505 1665 3654 1705 cum
3686 1649 3806 1722 Cy—

2145 1739 2288 1805 rilio,
2316 1749 2431 1795 tum
2454 1740 2714 1797 Ecclesia:
2727 1740 3130 1807 Alexandrinae,
3152 1757 3260 1797 non
3284 1741 3563 1813 exiguam
3589 1741 3797 1796 labem

2145 1832 2380 1902 aspersit
2414 1832 2670 1888 infamiae.
2698 1833 2855 1901 Natu
2878 1833 2972 1903 qui
3007 1833 3329 1905 religionem
3368 1834 3794 1889 Christianam

2146 1919 2494 1991 proﬁtentur,
2521 1937 2551 1977 a
2574 1922 2743 1987 caule,
2763 1922 2981 1993 pugnis,
3006 1930 3063 1978 et
3088 1922 3143 1977 id
3168 1937 3340 1993 genus
3369 1923 3507 1978 aliis
3531 1922 3792 1977 omnino

2147 2010 2309 2066 alieni
2353 2026 2476 2067 esse
2503 2012 2724 2068 debent.
2760 2012 2855 2068 Hae
2884 2028 2973 2067 res
3004 2023 3169 2084 gesta:
3205 2021 3334 2068 sunt
3367 2021 3591 2083 quarto
3625 2026 3791 2068 anno

2146 2102 2502 2175 episcopatus
2515 2104 2723 2178 Cyrilli,
2750 2105 2817 2160 ad
2841 2105 3115 2160 decimum
3139 2107 3489 2163 consulatum
3525 2105 3782 2161 Honorii

2146 2205 2205 2251 et
2228 2195 2525 2253 Theodosii
2547 2199 2862 2269 septimum,
2909 2212 3097 2254 mense
3134 2198 3348 2264 Martio,
3384 2214 3523 2254 cum
3566 2199 3784 2254 obser-

2146 2287 2422 2343 vabuntur
2448 2289 2676 2360 jejunis.
2710 2308 2729 2341 ο

2212 2381 2301 2437 28.
2330 2381 2575 2454 Hypatius
2605 2382 2792 2453 plures
2812 2384 3075 2455 epistolas
3110 2383 3331 2454 scripsit
3356 2380 3666 2452 Synesius.
3695 2381 3779 2436 De

2148 2490 2214 2530 ca
2244 2474 2495 2543 pluribus
2512 2474 2625 2544 agit
2644 2473 2932 2541 Barcinus,
2966 2483 3024 2531 et
3047 2475 3232 2547 potius
3250 2472 3772 2528 Alexandrinorum

2150 2564 2340 2619 furore
2370 2578 2435 2619 ac
2472 2564 2731 2631 tumultu,
2768 2581 2931 2635 quam
2961 2566 3095 2621 cieri
3128 2564 3567 2635 conspiratione,
3610 2562 3776 2635 occi-

2152 2669 2269 2709 sam
2298 2668 2423 2710 esse
2458 2654 2756 2710 existimat.
2787 2632 3165 2727 iiascquarto
3209 2632 3354 2711 anno
3393 2632 3769 2726 episcopatus

2151 2746 2337 2820 Cyrilli
2361 2747 2655 2819 contigisse
2676 2748 2842 2803 etiam
2865 2749 3208 2820 Nieeplrorus
3245 2748 3456 2805 scribit.
3491 2747 3685 2818 Cmpit
3718 2746 3770 2803 is

2153 2846 2389 2910 quartus
2413 2854 2592 2895 annus
2613 2856 2739 2894 xvm
2760 2838 3018 2895 Octobris
3042 2841 3170 2895 anni
3201 2840 3307 2895 415
3325 2880 3339 2905 ,
3365 2839 3627 2909 adeoque
3668 2837 3764 2893 hic

2154 2930 2361 2987 mensis
2397 2930 2625 2986 Martius
2673 2932 2985 2986 necessario
3026 2939 3113 2987 est
3144 2931 3271 2986 anni
3318 2930 3613 3001 sequentis
3651 2927 3765 2984 H6

2154 3022 2441 3078 Consulatu
2482 3021 2678 3093 imper.
2728 3021 3022 3078 Theodosii
3057 3032 3152 3087 vn,
3208 3029 3270 3076 ut
3298 3022 3391 3077 hic
3430 3022 3666 3087 dicitur,
3702 3028 3761 3077 et

457 3110 695 3209 quad-am
734 3111 1017 3201 recondit,
1050 3120 1108 3168 at
1145 3128 1257 3168 non
1285 3111 1562 3191 pmmouii
1607 3112 1705 3168 sed
1736 3112 2054 3170 Thaumasii
2081 3150 2123 3209 ο
2157 3114 2417 3180 Palladii,
2446 3129 2557 3170 non
2603 3114 2829 3170 Honorii
2859 3130 2914 3169 x.
2945 3114 3103 3185 Apud
3136 3114 3508 3185 Nicephorum
3550 3113 3758 3169 foedius

457 3203 685 3260 nomine
716 3194 1073 3278 nuncupavit.
1103 3207 1173 3263 Et
1199 3222 1327 3265 cum
1368 3206 1427 3262 in
1449 3206 1682 3263 ecclesia
1716 3205 2051 3278 magnitudi-

459 3313 585 3353 nem
612 3298 781 3354 animi
814 3299 983 3364 illius,
1007 3307 1203 3370 utpote
1225 3313 1389 3370 grave
1412 3306 1693 3354 certamen
1725 3313 1828 3369 pro
1850 3298 2053 3369 pietate

459 3389 727 3459 perpessi,
779 3388 938 3444 laude
985 3396 1045 3443 et
1081 3387 1472 3458 praedicatione
1525 3386 1845 3453 extulisset,
1889 3387 2054 3458 jussit

460 3492 756 3554 martyrem
790 3482 1075 3552 appellari.
1111 3481 1317 3537 Verum
1347 3478 1443 3551 qui
1474 3479 1836 3536 modestiores
1873 3488 2051 3545 erant,

460 3577 628 3632 etiam
650 3590 720 3630 ex
751 3574 888 3645 ipsis
904 3573 1255 3638 Christianis,
1283 3571 1471 3645 Cy‘rilli
1496 3571 1745 3629 studium
1768 3586 1898 3644 erga
1918 3572 2052 3627 Am-

462 3667 711 3723 monium
734 3666 961 3723 minime
983 3665 1381 3738 approbarunt.
1411 3664 1549 3737 Nam
1573 3663 1917 3734 exploratum
1951 3664 2053 3719 ha-

462 3762 672 3817 bebant
698 3762 1068 3828 Ammoninm,
1108 3774 1222 3817 non
1253 3760 1314 3815 in
1341 3757 1628 3814 tormentis
1658 3757 1956 3824 interiisse,
1983 3773 2054 3814 ne

462 3854 747 3909 Christum
783 3853 1052 3926 denegare
1093 3860 1415 3924 cogeretur;
1452 3849 1549 3906 sed
1579 3849 1902 3905 temeritatis
1940 3865 2055 3907 sua:

464 3960 658 4016 pmnas
699 3944 938 4001 dedisse.
970 3942 1241 4011 Quocirca
1276 3941 1514 4016 Cyrillus
1549 3940 1666 4012 ipse
1704 3939 1838 3995 illud
1882 3940 2057 4011 ipsius

464 4037 683 4094 facinus
734 4035 955 4095 silentio
1001 4035 1059 4091 in
1104 4034 1437 4092 oblivionem
1482 4031 1815 4103 pedetentim
1866 4030 2055 4086 venire

465 4144 662 4201 passus
683 4138 788 4185 cst.
808 4128 880 4184 At
902 4145 976 4185 ne
996 4128 1180 4184 adhuc
1203 4126 1427 4197 quidem
1447 4124 1646 4179 acerba
1671 4123 1762 4179 illa
1783 4122 1927 4178 inter
1948 4122 2053 4195 Cy-

469 4222 654 4278 rillum
685 4229 743 4278 ct
777 4220 1027 4278 Orestem
1075 4228 1330 4290 suscepta
1376 4216 1659 4273 contentio
1702 4216 1888 4272 sedata
1930 4224 2053 4271 est:

465 4314 670 4384 quippe
704 4314 813 4369 alia
853 4313 1038 4369 clades
1068 4312 1199 4368 huic
1236 4326 1349 4369 non
1380 4306 1684 4373 dissimilis,
1723 4320 1886 4378 quam
1932 4324 2056 4362 sum

466 4403 573 4474 jam
601 4412 941 4469 narraturus,
966 4418 1086 4459 eam
1115 4401 1419 4459 renovavit.

2157 3208 2417 3263 mendum
2447 3224 2461 3262 :
2498 3223 2625 3263 nam
2648 3222 2775 3263 cum
2804 3216 2963 3263 antea
2991 3206 3256 3279 Cyrillum
3292 3206 3610 3277 scripsisset
3639 3205 3755 3260 ele-

2158 3308 2305 3354 ctum
2341 3314 2486 3353 anno
2515 3299 2710 3369 quinto
2734 3282 3027 3354 Theodosii
3055 3298 3276 3368 imper.,
3300 3296 3391 3351 hic
3419 3305 3606 3353 tamen
3639 3296 3754 3368 Hy—

2157 3389 2357 3460 patiam
2382 3389 2617 3446 occisam
2642 3390 2719 3444 ait
2748 3403 2895 3446 anno
2931 3397 3125 3460 quarto
3153 3389 3500 3459 episcopatus
3538 3387 3750 3460 Cyrilli,

2157 3491 2312 3537 sexto
2352 3481 2568 3553 imperii
2611 3480 2938 3546 Theodosii,
2982 3496 3109 3536 eum
3154 3480 3319 3549 hujus
3362 3485 3597 3534 octavus
3637 3478 3750 3532 fere

2157 3574 2481 3645 exspiraret.
2505 3575 2670 3631 Petro
2681 3573 2896 3629 Lectori
2923 3572 2994 3644 (ei
3014 3570 3262 3627 fortassis
3279 3569 3373 3639 qui
3398 3569 3568 3640 hujus
3586 3568 3752 3624 caedis

2157 3675 2349 3723 auctor
2392 3664 2655 3737 habetur)
2677 3666 2900 3736 scripsit
2930 3661 2986 3722 S.
3020 3663 3264 3720 Isidorus
3304 3663 3583 3718 Pclusiota
3626 3659 3745 3730 cpi-

2158 3758 2325 3814 stolas
2356 3758 2457 3813 177
2482 3766 2539 3813 et
2566 3756 2690 3824 305,
2718 3758 2814 3812 lib.
2842 3774 2919 3821 tu,
2955 3764 3012 3811 et
3046 3755 3207 3825 epist.
3228 3755 3364 3819 555,
3399 3755 3498 3809 lib.
3543 3770 3598 3808 γ.
3642 3752 3744 3819 Qui

2158 3848 2249 3903 alii
2276 3848 2332 3903 id
2361 3846 2574 3905 facinus
2595 3853 3005 3919 perpetrarunt,
3033 3844 3292 3899 videntur
3319 3842 3486 3898 fuisse
3505 3841 3742 3898 Parabo-

2158 3939 2289 4002 lani,
2328 3940 2414 3994 vel
2438 3937 2795 4002 l‘arabolarii,
2831 3952 2928 3993 seu
2951 3936 3222 4001 Paraboii,
3246 3934 3341 4006 qui
3365 3934 3743 4006 azgrotantium

2159 4045 2348 4085 curam
2377 4030 2772 4100 suscipiebant,
2802 4037 2859 4084 et
2884 4036 3038 4099 peste
3066 4043 3287 4098 quoque
3307 4027 3524 4083 infectis
3544 4027 3739 4082 subve-

2159 4121 2416 4187 niebant;
2442 4121 2535 4191 qui
2573 4135 2701 4175 cum
2728 4121 2986 4191 episcopo
3032 4120 3339 4185 subessent,
3374 4119 3554 4174 eidem
3594 4119 3738 4174 fave-

2159 4215 2312 4278 bant,
2339 4222 2398 4268 et
2426 4212 2705 4284 negotium
2748 4202 3091 4267 facesse-bant
3129 4212 3422 4282 praefectis.
3460 4209 3637 4277 Quare
3671 4208 3739 4264 de

2160 4307 2247 4363 his
2268 4321 2412 4361 anno
2431 4305 2537 4360 hoc
2559 4305 2664 4360 416
2685 4304 2965 4375 rescripsit
2986 4303 3328 4360 Theodosius
3346 4303 3413 4358 ad
3436 4302 3745 4357 Monaxium

2160 4398 2475 4469 praefectum
2514 4397 2789 4466 praetorio,
2837 4397 2875 4451 Ι.
2925 4412 3051 4461 xui,
3107 4396 3183 4451 De
3213 4395 3382 4465 cpisc.
3432 4404 3490 4448 et
3537 4392 3732 4453 cleric.,

535 4517 625 4573 g7.
672 4537 691 4569 ε
725 4516 921 4572 Mulier
957 4507 1207 4587 quaedam
1250 4524 1374 4571 erat
1418 4512 1778 4576 Αιρκτιηάτίω,
1821 4507 2051 4580 [typum
2084 4497 2128 4553 D
2154 4489 2289 4548 Cod.
2316 4488 2882 4587 Theod.,_prohibens
2902 4505 2974 4544 ne
2996 4488 3285 4587 collegium
3307 4484 3443 4587 illud
3456 4484 3737 4540 excederet

467 4619 682 4674 vocata,
710 4609 820 4664 ﬁlia
844 4607 1087 4664 Theonis
1122 4606 1454 4678 philosophi.
1490 4606 1617 4661 Hice
1648 4613 1829 4659 tantos
1868 4600 1925 4655 in
1962 4598 2054 4654 lit-

469 4702 604 4757 teris
623 4701 752 4757 l‘ecit
766 4714 1108 4773 progressus,
1133 4707 1196 4754 ut
1217 4713 1407 4754 omnes
1429 4695 1783 4769 philosophos
1805 4692 1890 4749 sui
1917 4700 2056 4746 tem-

471 4793 621 4864 poris
651 4792 810 4864 longe
837 4801 1154 4862 superaret:
1183 4807 1247 4846 ac
1270 4808 1382 4846 non
1408 4789 1571 4845 modo
1594 4788 1649 4843 in
1674 4786 1913 4842 scholam
1940 4783 2059 4838 Pla-

472 4884 732 4948 tonicam,
780 4898 810 4937 a
861 4882 1074 4938 Plotino
1120 4881 1431 4947 deductam,
1484 4880 1822 4939 succederet.
1868 4892 2056 4931 verum

472 4977 639 5030 etiam
672 4991 865 5031 omnes
897 4973 1347 5044 philosophorum
1384 4972 1630 5028 omnium
1668 4969 2060 5043 przcceptiones

472 5076 531 5124 ut
560 5064 880 5138 disciplinas
921 5066 1180 5121 omnibus
1245 5064 1339 5136 qui
1386 5078 1509 5119 eam
1553 5064 1744 5119 audire
1780 5062 2057 5124 volebant,

473 5161 790 5231 explicaret.
822 5159 1166 5231 Quapropter
1190 5165 1460 5228 quotquot
1490 5155 1847 5228 philosophia:
1878 5153 2064 5210 studio

476 5253 933 5318 incendebantur,
955 5251 1200 5322 undique
1224 5249 1291 5305 ad
1321 5250 1468 5305 illam
1500 5248 1869 5305 conﬂuebant.
1893 5248 2064 5314 Quin-

376 5415 382 5421 μ
476 5345 643 5400 etiam
666 5351 890 5415 propter
918 5358 1139 5414 gravem
1163 5341 1333 5398 animi
1355 5340 1655 5405 ﬁdentiam,
1673 5355 1834 5413 quam
1862 5356 1929 5395 ex
1960 5340 2061 5393 do-

477 5433 669 5489 ctrina:
722 5432 967 5487 fontibus
1017 5433 1310 5497 hauserat,
1371 5433 1537 5488 etiam
1593 5432 1647 5487 in
1707 5440 2061 5502 conspectum

478 5524 788 5595 principum
825 5540 1038 5579 summa
1080 5539 1203 5579 eum
1238 5525 1501 5580 modestia
1535 5524 1719 5580 venire
1758 5540 1866 5578 non
1899 5524 2062 5577 dubi-

480 5618 633 5672 tavit.
664 5618 851 5687 Neque
870 5617 1016 5672 illam
1049 5619 1289 5689 pudebat
1308 5618 1362 5673 in
1384 5617 1617 5673 inediam
1649 5616 1930 5671 hominum
1956 5616 2063 5669 fre-

480 5710 758 5779 quentiam
793 5709 1034 5780 prodire.
1069 5708 1269 5765 Omnes
1293 5709 1438 5764 enim
1468 5724 1608 5772 eam,
1639 5708 1710 5761 ob
1736 5708 2062 5777 singularem

482 5801 652 5856 animi
696 5801 1145 5867 moderationem,
1200 5815 1322 5855 cum
1368 5801 1672 5855 reverentia
1721 5801 1953 5870 quadam
2010 5810 2064 5854 ot.

2156 4595 2451 4637 numerum
2476 4579 2934 4651 quingentorum;
2963 4578 3296 4648 eosdemque
3313 4576 3517 4648 jubens
3548 4591 3651 4629 non
3670 4587 3732 4626 ex

2157 4672 2427 4728 divitibus
2451 4671 2548 4727 sed
2573 4670 2914 4742 pauperibus
2945 4668 3083 4740 legi;
3110 4684 3215 4724 nec
3244 4668 3416 4722 ullum
3453 4666 3604 4721 adire
3635 4679 3730 4734 pu-

2158 4765 2362 4821 blicum
2400 4764 2797 4836 spectaculum,
2837 4770 2932 4817 aut
2961 4761 3029 4815 ad
3067 4761 3277 4816 curiam
3320 4758 3600 4821 accedere,
3635 4751 3729 4810 nisi

2157 4856 2420 4927 singulos,
2459 4865 2518 4911 et
2547 4862 2777 4925 urgente
2823 4853 3165 4909 necessitate.
3217 4850 3516 4921 Rescripsit
3552 4860 3720 4905 tamen

2158 4960 2348 5022 postea
2369 4950 2408 5004 i.
2439 4964 2588 5014 xuu,
2618 4948 2847 5013 ibidem,
2870 4955 2932 5002 ut
2957 4963 3153 5003 eorum
3174 4954 3352 5002 curtus
3368 4946 3437 5001 ad
3460 4952 3730 5001 sexcentos

2159 5052 2346 5115 posset
2377 5041 2714 5112 ampliﬁcari,
2758 5041 2960 5111 quibus
2990 5040 3046 5095 in
3068 5040 3325 5094 omnibus
3350 5046 3605 5108 praeesset
3627 5035 3731 5105 epi-

2160 5149 2361 5205 scopus
2394 5132 2831 5199 Alexandrinus;
2858 5146 2985 5186 nam
3014 5141 3070 5186 ct
3090 5130 3321 5185 clericos
3351 5130 3587 5200 appellat
3610 5144 3622 5180 :
3644 5125 3726 5179 sed

2160 5227 2392 5283 minoris
2419 5226 2629 5282 ordinis
2655 5226 3049 5296 interpretatur
3078 5223 3343 5278 Baronius
3366 5238 3454 5276 an.
3478 5221 3606 5277 Chr.
3637 5217 3728 5271 illi

2163 5320 2217 5374 in
2259 5319 2385 5373 ﬁne.
2431 5318 2549 5373 Huc
2585 5316 2805 5373 videtur
2836 5315 3143 5386 respexisse
3184 5312 3426 5368 Isidorus
3474 5310 3726 5367 Pelusium

2162 5410 2261 5464 lib.
2292 5427 2346 5475 v,
2375 5410 2538 5480 epist.
2565 5409 2691 5473 Q68,
2715 5408 2796 5464 Ad
2818 5406 2874 5463 S.
2902 5406 3184 5479 Cyrillum,
3206 5414 3264 5461 et
3297 5407 3457 5476 epist.
3499 5403 3621 5465 278,
3655 5398 3725 5454 Ad

2163 5503 2402 5565 Petrum,
2441 5502 2722 5571 disputans
2750 5517 2820 5555 an
2849 5501 2995 5571 regia
3028 5507 3269 5571 potestas
3321 5498 3527 5553 clerum
3566 5495 3616 5548 in
3642 5505 3725 5544 or-

2165 5595 2347 5649 dinem
2370 5593 2613 5663 redigere
2644 5592 2829 5661 possit.

2235 5707 2323 5762 29.
2377 5705 2711 5777 Subjieimus
2770 5716 2891 5774 quae
2948 5704 3001 5758 in
3058 5701 3363 5758 revocando
3419 5697 3723 5753 anachoreta

2166 5797 2422 5868 quodam,
2456 5795 2573 5849 viro
2620 5802 2827 5859 sancto,
2874 5794 2969 5848 sed
3010 5792 3076 5846 ad
3114 5790 3361 5846 h‘JI‘l'CSlm
3408 5785 3720 5857 prolabcnlc,
