4076 6306
330 348 401 405 21

1692 351 1750 407 S.
1790 349 2068 407 CYRILLI
2108 351 2297 407 VITA.

3553 354 3626 407 ξι)

305 464 640 547 τριιιᾱειιιει·
678 466 937 539 aCyrillo
958 478 1111 539 gesta
1132 466 1469 534 referuntur,
1510 469 1664 525 lib.v
1709 468 2385 539 DevitisANicephorus,
2449 469 2547 524 lib.
2614 486 2722 536 xrv,
2782 484 2903 540 cap.
2959 469 3030 524 25
3088 478 3145 525 et
3193 468 3554 539 sequentibus
3606 485 3623 522 :

332 554 583 624 Patrum,
612 558 805 615 libello
829 559 918 625 18,
948 576 1102 614 num.
1131 559 1184 614 4.
1216 579 1235 611 ι
1258 560 1441 615 Abbas
1462 561 1655 616 Daniel
1685 559 1933 615 narravit

328 650 401 706 de
439 650 551 706 alio
574 667 709 707 sene
739 667 960 724 magno,
982 652 1077 722 qui
1108 651 1393 708 habitabat
1414 652 1471 707 in
1491 652 1778 708 inferiores
1797 666 1926 721 par-

329 752 415 797 tes
460 743 700 817 Egypti,
745 745 877 816 quia
918 746 1132 802 diceret
1176 761 1275 817 per
1311 746 1737 818 simplicitatem,
1777 747 1927 818 quod

329 835 733 894 Melchisedech
772 824 888 910 ipse
912 849 997 896 est
1024 840 1170 896 ﬁlius
1196 842 1315 897 Dei.
1350 841 1467 897 Hoc
1500 850 1685 898 autem
1714 842 1926 899 indica-

334 936 453 982 tum
509 938 596 985 est
653 939 856 987 sancta
915 932 1196 989 memoria
1251 932 1453 1006 Cyrillo
1513 934 1927 1006 archiepiscopo

332 1023 723 1089 Alexandrino,
754 1034 810 1080 et
843 1025 991 1081 misit
1030 1027 1099 1081 ad
1143 1041 1292 1083 cum.
1339 1026 1541 1084 Sciens
1561 1037 1747 1085 autem
1795 1029 1936 1100 quia:

331 1113 559 1183 signifer
583 1124 734 1171 esset
762 1115 853 1172 ille
883 1131 1070 1180 senex,
1112 1126 1169 1172 et
1204 1116 1473 1190 quidquid
1518 1128 1736 1190 peteret
1756 1136 1788 1176 a
1813 1120 1929 1176 Deo

331 1202 683 1259 revelabatur
715 1204 797 1272 ei,
824 1215 882 1261 et
900 1206 1029 1277 quia
1057 1206 1385 1277 simpliciter
1409 1208 1627 1265 diceret
1660 1211 1766 1266 hoc
1794 1226 1923 1267 ver-

333 1293 490 1359 bum,
529 1311 662 1351 usus
697 1306 781 1353 est
816 1296 1135 1368 huiusmodi
1175 1298 1410 1367 ratione,
1456 1300 1647 1359 dicens
1681 1320 1697 1359 :
1742 1302 1922 1369 Abba,

332 1403 470 1458 rogo
497 1396 570 1453 te,
602 1389 733 1458 quia
767 1389 823 1444 in
854 1390 1185 1463 cogitatione
1231 1408 1354 1449 mea
1378 1402 1465 1449 est
1510 1393 1657 1464 quod
1697 1392 1924 1449 Melchi-

331 1480 549 1535 sedech
583 1480 699 1550 ipse
737 1480 817 1538 sit.
853 1482 999 1539 filius
1041 1484 1138 1539 Dei
1166 1502 1179 1538 :
1213 1492 1274 1539 et
1309 1499 1504 1541 rursus
1523 1485 1632 1540 alia
1662 1485 1925 1559 cogitatio

329 1586 451 1625 mea
491 1570 629 1628 dicit
659 1573 799 1642 quia
828 1588 939 1628 non
969 1575 1064 1640 sit,
1105 1576 1202 1631 sed
1238 1577 1404 1633 homo
1433 1575 1527 1643 sit,
1575 1584 1634 1633 et
1665 1577 1927 1634 sacerdos

325 1676 581 1717 summus
622 1662 793 1719 fuerit
830 1665 947 1720 Dei.
990 1664 1262 1732 Quoniam
1292 1684 1425 1740 ergo
1461 1667 1656 1725 hasito
1689 1668 1761 1725 de
1790 1668 1918 1738 hoc,

325 1749 538 1807 idcirco
575 1752 700 1807 misi
748 1754 816 1809 ad
851 1763 925 1820 te,
962 1765 1024 1811 ut
1061 1756 1375 1827 depreceris
1418 1760 1614 1826 Deum,
1647 1768 1922 1832 quatenus

2042 580 2061 612 ι
2093 561 2401 616 Alexander
2424 561 2608 633 itaque
2631 570 2689 617 et
2724 562 2913 617 vitaet
2934 561 3187 617 doctrina
3220 562 3482 631 optimus,
3510 561 3628 615 zelo

2036 653 2243 724 ingenti
2269 652 2495 709 Joannis
2522 669 2742 710 causam
2759 653 2972 718 fovens,
2999 652 3213 724 primus
3242 652 3395 707 illius
3424 668 3626 707 nomen

2033 746 2091 801 in
2123 744 2557 801 ecclesiasticum
2590 745 2785 802 retulit
2818 746 3005 801 album
3038 762 3052 798 :
3082 755 3247 815 atque
3282 744 3351 799 ad
3392 744 3622 813 impera-

2004 844 2211 893 .torem
2244 851 2546 907 omnesque
2580 836 2787 907 ubique
2818 836 3131 907 episcopos,
3163 844 3225 889 ut
3259 832 3401 889 idem
3424 843 3482 889 et
3522 833 3624 903 ipsi

2029 928 2294 995 facerent,
2323 938 2382 985 et
2408 943 2471 985 ea
2500 944 2560 984 re
2584 944 2775 1001 pacem
2798 939 3009 985 certam
3046 936 3107 983 et
3135 934 3479 1004 constantem
3520 926 3627 980 Ec-

2030 1020 2623 1088 clesia-conciliarent,
2661 1020 2902 1092 scripsit.
2933 1018 3204 1077 Caeterum
3242 1033 3371 1073 cum
3412 1016 3628 1071 Atticus

2029 1129 2251 1185 quoque
2278 1113 2574 1185 episcopus
2596 1122 2823 1185 propter
2854 1110 3137 1168 Joannitas
3173 1108 3473 1165 Ecclesiam
3502 1122 3624 1163 esse

2029 1203 2256 1262 scissam
2277 1205 2512 1272 videret,
2551 1204 2621 1261 de
2656 1202 2977 1276 principum
3006 1202 3301 1266 sententia,
3340 1200 3458 1270 ipse
3486 1213 3625 1268 quo-

2028 1314 2139 1372 que
2168 1299 2508 1356 mentionem
2541 1297 2693 1355 illius
2726 1297 2846 1354 fieri
2885 1296 2943 1352 in
2977 1294 3395 1368 precationibus
3424 1292 3620 1363 jussit;

2028 1392 2490 1464 quemadmodum
2538 1392 2595 1448 id
2637 1400 2697 1449 et
2740 1391 2798 1446 in
2842 1390 2979 1446 aliis
3025 1386 3320 1460 episcopis,
3369 1385 3465 1456 qui
3508 1385 3622 1439 vita

2027 1484 2412 1552 excessissent,
2434 1483 2554 1541 ﬁeri
2582 1483 2811 1540 solitum
2838 1490 2978 1538 erat.
2998 1480 3178 1551 Atque
3199 1494 3268 1534 ex
3292 1493 3359 1533 eo
3375 1487 3621 1561 tempore

2027 1590 2133 1650 pax
2160 1577 2392 1645 exstitit,
2421 1577 2600 1634 donec
2622 1584 2812 1648 postea
2832 1589 3053 1646 quoque
3081 1570 3330 1641 reliquia
3350 1571 3470 1641 ejus
3493 1570 3619 1623 urbi

2026 1669 2319 1741 imperanti
2364 1669 2531 1725 illata
2570 1676 2719 1725 sunt.
2761 1666 2981 1723 Atticus
3025 1664 3310 1727 invidiam,
3354 1662 3412 1716 in
3453 1678 3617 1731 quam

2023 1770 2250 1832 propter
2276 1760 2524 1817 divinum
2548 1759 2813 1817 Joannem
2834 1756 3136 1823 deciderat,
3164 1755 3273 1810 hoc
3295 1752 3460 1810 modo
3498 1769 3617 1808 ma-

325 1844 574 1899 revclane
595 1845 694 1901 tibi
728 1846 989 1918 dignetur
1030 1848 1099 1904 de
1122 1850 1248 1916 hoc,
1279 1850 1413 1922 quid
1451 1852 1659 1909 veritas
1694 1853 1919 1909 habeat.
1949 1838 1992 1896 Β
2018 1849 2218 1921 gnifice
2257 1850 2522 1906 abolevit.
2560 1848 2675 1905 Nec
2719 1849 2813 1903 ille
2853 1847 3017 1902 modo
3060 1844 3123 1900 id
3156 1844 3320 1911 fecit;
3359 1843 3456 1900 sed
3495 1843 3623 1900 aliis

326 1936 503 1991 Senex
541 1948 729 1995 autem
752 1940 821 1995 de
853 1943 1271 2000 conversatione
1295 1959 1394 2000 sua
1413 1960 1768 2016 prasumens,
1792 1960 1918 2002 cum

325 2028 529 2083 fiducia
560 2030 706 2087 dixit
743 2049 757 2086 :
799 2033 890 2088 Da’
907 2034 1043 2090 mihi
1087 2050 1188 2105 per
1230 2043 1347 2093 tres
1383 2037 1504 2093 dies
1556 2038 1828 2105 inducias,
1861 2050 1925 2097 et

320 2135 426 2190 ego
447 2120 716 2190 deprecor
739 2124 915 2180 Deum
940 2126 1008 2183 de
1032 2127 1135 2182 hac
1160 2143 1241 2194 re,
1275 2138 1333 2185 et
1361 2130 1622 2186 renuntio
1642 2130 1743 2187 tibi
1768 2131 1917 2201 quod

324 2212 461 2266 mihi
487 2212 654 2270 fuerit
674 2218 977 2274 revelatum
996 2220 1065 2277 de
1095 2222 1217 2278 hoc.
1247 2222 1465 2279 lntrans
1481 2239 1612 2296 ergo
1634 2224 1690 2280 in
1723 2225 1923 2281 cellam

322 2318 478 2359 suam
513 2305 914 2376 deprecabatur
942 2312 1113 2367 Deum
1140 2313 1211 2369 de
1248 2315 1418 2369 verbo
1445 2314 1552 2371 hoc
1580 2333 1593 2368 :
1616 2325 1672 2371 et
1691 2316 1926 2372 veniens

328 2406 449 2465 post
476 2406 587 2453 tres
615 2398 737 2455 dies
766 2400 906 2457 dixit
925 2413 1124 2459 sancta
1155 2405 1437 2460 memoria
1466 2404 1710 2478 Cyrillo:
1742 2407 1920 2463 Homo

322 2497 411 2544 est
444 2489 865 2550 Melchisedech.
899 2494 1365 2568 Archiepiscopus
1405 2507 1590 2554 autem
1633 2498 1923 2569 respondit

240 2572 249 2575 ’
322 2580 376 2633 ei
404 2597 426 2633 :-
447 2579 732 2647 Quomodo
765 2592 984 2640 constat
1023 2586 1169 2657 apud
1208 2596 1283 2652 te,
1324 2587 1506 2643 abba?
1544 2588 1618 2644 Et
1655 2587 1746 2644 ille
1780 2588 1921 2646 dixit

325 2673 419 2727 ei:
462 2675 605 2730 Deus
639 2675 883 2732 ostendit
916 2677 1053 2732 mihi
1096 2694 1289 2735 omnes
1335 2680 1705 2751 patriarchas,
1735 2682 1813 2738 ita
1855 2693 1919 2739 ut

326 2761 525 2833 singuli
553 2780 749 2820 eorum
776 2782 963 2822 coram
994 2783 1084 2824 me
1115 2770 1420 2827 transirent
1441 2771 1510 2827 ab
1537 2772 1710 2828 Adam
1743 2789 1917 2843 usque

324 2852 413 2909 ad.
435 2854 856 2923 Melchisedech,
901 2867 959 2915 et
990 2860 1219 2931 angelus
1261 2862 1526 2920 assistens
1562 2863 1701 2920 mihi
1738 2864 1913 2922 dixit:

325 2946 465 3003 Ecce
504 2946 712 3005 isteest
724 2949 1125 3009 Melchisedech
1153 2970 1168 3007 :
1202 2962 1262 3011 et
1297 2953 1447 3022 ideo,
1478 2956 1913 3029 archiepiscope,

324 3048 510 3094 certus
537 3049 660 3096 esto
715 3042 848 3112 quia
889 3042 977 3099 sic
995 3052 1100 3099 est.
1136 3043 1344 3103 Abiens
1379 3056 1566 3103 autem
1597 3063 1786 3115 senex,
1817 3065 1918 3120 per

2020 1955 2239 2012 quoque
2259 1939 2486 1996 Joannis
2514 1938 2841 1996 memoriam
2865 1934 3126 2008 precibus
3168 1935 3413 1989 inserere
3450 1948 3615 1987 recu-

2018 2033 2290 2100 santibus,
2335 2042 2394 2090 et
2436 2032 2642 2105 Cyrillo
2685 2030 2922 2087 maxime
2972 2025 3316 2085 Alexandriae
3370 2023 3613 2096 prasuli,

2018 2126 2115 2197 qui
2141 2125 2419 2183 hostiliter
2445 2125 2714 2183 Joannem
2736 2123 2951 2189 oderat,
2985 2121 3133 2194 quod
3164 2120 3256 2177 ille
3274 2136 3307 2175 a
3332 2118 3617 2190 Theophi-

2018 2218 2073 2274 lo
2094 2225 2294 2290 patruo
2329 2232 2432 2274 suo
2459 2216 2830 2281 dissensisset,
2873 2214 3167 2286 persuasit.
3207 2232 3229 2264 ι

2084 2331 2172 2387 52.
2198 2330 2365 2388 Attici
2388 2331 2675 2402 epistolam
2704 2329 2959 2387 dedimus
2982 2346 3075 2384 vnn
3104 2328 3351 2386 Januarii
3384 2326 3613 2399 :Cyrilli

2018 2422 2471 2494 responsum~hic
2500 2437 2571 2479 ne
2607 2421 2793 2486 detur,
2821 2420 3061 2477 nimium
3093 2420 3366 2476 alienatus
3396 2418 3544 2475 illius
3581 2435 3620 2472 το

2016 2514 2226 2571 Joanne
2244 2514 2462 2570 animus
2480 2522 2539 2569 et
2557 2512 2806 2568 offensus
2831 2519 3000 2567 vetat.
3030 2509 3435 2568 Oblitterentur
3454 2522 3610 2570 sane,
3648 2568 3659 2580 ι

2017 2605 2063 2661 si
2102 2621 2225 2676 qua
2268 2619 2379 2661 non
2406 2604 2584 2660 solum
2610 2602 2753 2658 male
2785 2611 2941 2674 gesta
2978 2617 3011 2656 a
3051 2601 3278 2667 sanctis,
3315 2599 3411 2656 sed
3454 2599 3617 2670 pejus

2017 2698 2182 2753 etiam
2203 2697 2429 2753 defensa
2456 2704 2606 2761 sunt,
2632 2704 2696 2751 ut
2720 2709 2832 2751 non
2864 2701 2974 2749 tam
3011 2692 3242 2748 cicatrix
3274 2692 3476 2746 decore
3509 2690 3619 2744 ob-

2017 2788 2203 2855 ducta,
2229 2804 2395 2859 quam
2424 2788 2568 2844 fade
2604 2786 2909 2842 etiamnum
2943 2784 3106 2840 hians
3140 2793 3195 2839 et
3239 2783 3393 2839 sanie
3435 2781 3627 2838 fluens

2017 2881 2218 2936 vulnus
2248 2880 2428 2935 videri
2466 2879 2698 2950 possint.
2730 2879 2838 2935 Eas
2862 2878 3077 2935 litteras
3106 2877 3201 2933 ubi
3236 2892 3356 2947 cap.
3392 2875 3462 2930 27
3522 2892 3615 2930 re-

2017 2973 2207 3030 citavit
2240 2973 2607 3044 Nicephorus,
2634 2973 2714 3028 ita
2740 2988 2860 3043 cap.
2885 2972 2958 3028 28
3004 2972 3203 3029 scribit
3232 2989 3245 3024 :
3292 2990 3311 3023 ι
3345 2970 3473 3026 Hac
3490 2970 3617 3040 qui-

2018 3065 2143 3121 dem
2178 3064 2419 3138 Cyrillus
2461 3065 2530 3120 de
2567 3079 2722 3120 sacro
2765 3063 3161 3137 Chrysostomo
3207 3071 3265 3119 et
3300 3062 3525 3133 scripsit
3558 3070 3622 3117 et

324 3131 680 3235 εθιξιθξίρεξιιι
739 3132 1067 3235 praedicabat
1116 3137 1269 3235 quia
1291 3138 1458 3195 homo
1502 3149 1651 3197 esset
1687 3140 1916 3235 Melchi-
1942 3174 1986 3235 ο
2016 3131 2558 3226 sensit,prasumpta
2575 3154 2823 3225 opinioni
2847 3131 3174 3216 inserviens,
3199 3167 3363 3224 quam
3381 3131 3614 3218 dudum,

325 3222 546 3365 gredi-23:.
577 3224 647 3280 Et
676 3225 897 3297 gavisus
929 3234 1017 3282 est
1052 3228 1340 3299 magniﬁce
1388 3240 1592 3289 sancta
1637 3233 1922 3292 memoria

374 3323 450 3365 l'l'l
532 3324 578 3365 8.
614 3330 657 3363 ix
853 3324 859 3329 “

370 3323 578 3378 yriuns.
614 3330 657 3363 ιλ,
853 3324 859 3329 ·

360 3463 388 3534 §
413 3465 500 3522 Π.
540 3466 745 3525 Nomen
771 3470 829 3528 S.
856 3471 1213 3546 Chrysostomi
1253 3474 1509 3548 diptyclu's
1532 3475 1865 3548 inscriptum.

397 3596 488 3651 50.
535 3596 930 3660 Controversia
969 3605 1087 3662 hac
1135 3608 1337 3675 omnis,
1387 3608 1667 3666 diuturnis
1716 3610 1919 3681 agitata

328 3685 550 3753 studiis,
578 3689 904 3763 tandemque
950 3695 1185 3751 Romani
1228 3696 1505 3768 pontiﬁcis
1540 3697 1743 3769 insigni
1764 3714 1918 3761 _con-

328 3778 549 3844 stantia,
596 3779 912 3839 felicissime
952 3800 1021 3840 ex
1060 3800 1343 3842 sacrarum
1386 3788 1569 3859 legum
1611 3789 1919 3846 reverentia

330 3872 643 3937 terminata,
676 3875 838 3945 plene
860 3886 951 3934 est
980 3895 1013 3934 a
1036 3878 1207 3935 nobis
1228 3880 1297 3936 ad
1324 3880 1504 3936 Vitam
1531 3880 1588 3936 S.
1609 3878 1774 3936 Attici
1796 3881 1917 3952 epi-

328 3964 476 4034 scopi
504 3965 1099 4042 Constartinopolitani
1142 3988 1236 4027 vm
1273 3972 1521 4031 Januarii
1553 3972 1820 4039 discussa,
1861 3982 1920 4030 et

327 4057 539 4130 singula
572 4059 692 4116 suis
711 4065 1054 4134 temporibus
1078 4075 1203 4136 apte
1224 4066 1502 4121 restituta.
1532 4066 1630 4121 ilic
1650 4081 1715 4121 ea
1739 4066 1918 4123 solum

327 4164 449 4218 qua
471 4151 539 4207 ad
560 4151 828 4226 Cyrillum
856 4158 1138 4227 pertinent
1156 4158 1521 4229 proferemus.
1542 4159 1763 4215 Nicetes
1786 4160 1918 4214 Phi-

326 4236 614 4314 losophus,
649 4245 887 4303 Baronio
916 4257 1064 4303 temo
1092 4248 1162 4314 Χ,
1189 4264 1279 4304 an.
1302 4249 1435 4306 Chr.
1471 4249 1596 4317 848,
1629 4266 1783 4306 num.
1826 4251 1917 4317 54,

328 4334 681 4392 fidelissimus
700 4339 936 4409 scriptor
953 4341 1176 4397 habitus
1198 4340 1286 4413 (de
1309 4357 1421 4413 quo
1460 4359 1591 4399 xxm
1616 4343 1815 4399 Octob.
1849 4344 1919 4399 ad

325 4426 504 4486 Vitam
544 4427 601 4484 S.
621 4429 819 4500 lgnatii
851 4431 1191 4489 Patriarcha-
1210 4432 1825 4506 Coustantinopolitani,
1849 4436 1919 4492 ab

2016 3257 2273 3319 patruum
2327 3262 2493 3302 suum
2547 3245 2916 3316 Theophilum
2962 3255 3217 3310 secutus,
3262 3251 3611 3313 conceperat.

2015 3336 2284 3404 Quoniam
2314 3351 2448 3391 vero
2467 3334 2757 3391 dissidium
2777 3333 2885 3390 hoc
2903 3332 3128 3404 quidem
3153 3348 3222 3387 ex
3238 3331 3612 3395 amulatione,

2017 3429 2267 3501 quamvis
2287 3444 2399 3483 non
2415 3427 2721 3483 secundum
2745 3425 3061 3491 scientiam,
3090 3440 3203 3479 non
3227 3432 3412 3479 autem
3439 3439 3508 3478 cx
3530 3423 3617 3477 in-

2017 3519 2198 3584 vidia,
2242 3532 2424 3588 neque
2460 3517 2733 3573 diabolica
2768 3514 3152 3580 contentione,
3199 3513 3463 3579 manavit,
3502 3528 3613 3567 non

2017 3619 2276 3681 oportere
2304 3609 2490 3663 virum
2515 3617 2574 3665 et
2606 3607 2859 3663 doctrina
2899 3616 2958 3662 et
2988 3606 3194 3683 virtute
3237 3613 3619 3676 praestantem,

2019 3701 2123 3757 hac
2158 3710 2290 3755 ‘una
2323 3700 2379 3757 in
2414 3714 2475 3755 re
2513 3699 2851 3765 claudicare,
2894 3698 3192 3768 quominus
3228 3698 3295 3753 ad
3343 3712 3613 3753 summam

2017 3792 2413 3864 perfectionem
2460 3791 2798 3864 perveniret,
2837 3790 2951 3846 Deo
2981 3790 3162 3846 visum
3198 3800 3302 3845 est.
3352 3789 3619 3845 Homines

2018 3887 2167 3942 enim
2207 3886 2286 3941 illi
2320 3894 2498 3951 erant,
2538 3894 2598 3941 et
2634 3883 2893 3940 humanis
2930 3882 3317 3939 affectionibus
3366 3881 3612 3937 obnoxii.

2017 3977 2364 4051 Quapropter
2388 3979 2668 4050 aliquanto
2690 3986 2833 4049 post,
2864 3976 3102 4049 Cyrinus
3126 3991 3252 4031 cum
3290 3991 3488 4047 magno
3516 3975 3627 4030 illo-

2017 4069 2159 4135 viro,
2183 4070 2351 4141 etiam
2375 4079 2499 4141 post
2526 4070 2645 4140 ejus
2669 4074 2926 4133 mortem,
2962 4069 3021 4123 in
3045 4067 3275 4139 gratiam
3310 4067 3493 4132 rediit,
3522 4083 3619 4122 er-

2021 4136 2329 4233 roremquei
2342 4179 2503 4217 suum
2524 4178 2648 4218 cum
2673 4162 2865 4218 multis
2895 4161 3020 4216 aliis
3045 4161 3470 4224 concitantibus,
3498 4166 3614 4213 tum

1966 4304 1971 4310 .
2019 4254 2255 4311 maxime
2281 4255 2493 4310 Isidoro
2520 4253 2798 4311 Pelusiota
2822 4268 2971 4309 nunc
2998 4252 3432 4324 reprehensione
3466 4265 3618 4305 iiuna

2019 4346 2395 4402 admonitione
2417 4361 2544 4401 eum
2574 4346 2918 4408 cohortante,
2958 4344 3145 4398 divina
3168 4344 3334 4399 etiam
3365 4352 3422 4399 et
3457 4358 3616 4398 area—

2019 4438 2179 4492 niore
2206 4438 2439 4507 quadam
2465 4436 2799 4491 revelatione
2822 4435 3139 4501 accedente,
3168 4435 3429 4490 correxit.
3452 4434 3617 4490 Vide-

324 4533 391 4572 eo
409 4512 1693 4597 scriptam,plura.dicemus);ehicergoNicetas,
1712 4527 1920 4597 quibus
1949 4520 1994 4577 D
2021 4543 2083 4582 re
2110 4541 2347 4597 namque
2367 4526 2519 4581 visus
2557 4534 2664 4591 est,
2695 4525 2939 4596 seipsum
2970 4526 3144 4581 sacris
3169 4525 3383 4581 adibus
3417 4527 3613 4597 expul-

326 4611 719 4682 progressibus
737 4628 833 4669 res
859 4620 1010 4670 tanto
1042 4624 1288 4686 tempore
1308 4627 1642 4687 pertractata
1668 4628 1912 4688 optatum

327 4710 621 4757 consecuta
653 4703 725 4759 sit
756 4702 944 4771 ﬁnem,
972 4705 1233 4762 Historia
1257 4722 1372 4762 sua
1386 4707 1643 4774 inseruit,
1668 4708 1919 4766 adductis

328 4794 522 4851 litteris
548 4796 714 4852 Attici
741 4805 906 4867 atque
939 4797 1127 4870 Cyrilli
1159 4799 1264 4854 hac
1294 4799 1363 4855 de
1398 4815 1458 4855 re
1486 4801 1631 4857 ultro
1669 4800 1920 4872 citroque

328 4886 488 4949 datis,
521 4902 663 4957 quas
683 4887 836 4942 omni
871 4887 977 4943 ﬁde
1002 4890 1345 4960 conscriptas
1382 4892 1749 4962 pronuntians
1773 4894 1919 4950 reei-

330 4987 409 5032 tat
438 4979 706 5034 Baronius
740 4994 897 5034 num.
942 4980 1011 5036 46
1048 4990 1107 5036 et
1147 4996 1326 5051 seqq.,
1354 4998 1500 5037 anno
1540 4984 1666 5050 M2;
1705 5000 1833 5039 nam
1852 5000 1921 5041 eo

288 5060 295 5077 ί
327 5069 664 5125 existimarit
673 5085 877 5125 nomen
892 5071 1266 5142 Chrysoswmi
1285 5073 1918 5148 diptychisinscriptum,

330 5161 475 5231 quod
506 5164 731 5218 nonnisi
771 5163 983 5220 ultimis
1011 5166 1173 5222 annis
1192 5166 1357 5222 Attici
1378 5166 1584 5223 factum
1604 5168 1671 5222 ad
1691 5169 1811 5238 ejus
1835 5169 1925 5223 Vi-

270 5262 277 5275 '
330 5264 436 5310 tam
478 5255 857 5325 probavimus.
890 5255 1045 5313 Obiit
1084 5257 1187 5313 ille-
1221 5275 1253 5313 x
1291 5259 1493 5315 Octob-
1522 5261 1650 5315 anui
1698 5262 1825 5316 425.
1858 5261 1920 5315 Ei

325 5347 569 5402 convisit
602 5346 914 5403 Alexander
939 5350 1235 5421 episcopus
1278 5352 1676 5418 Antiochenus,
1719 5355 1787 5409 de
1812 5371 1922 5424 quo

322 5453 465 5504 mox,
489 5439 560 5494 ad
583 5455 796 5495 annum
823 5456 996 5510 usque
1032 5442 1358 5513 vigesimum
1386 5443 1534 5500 illius
1562 5445 1773 5511 saeuli;
1803 5454 1926 5515 post

320 5530 478 5600 cujus
499 5531 721 5586 obitum
750 5531 968 5589 Atticus
1008 5549 1210 5589 nomen
1239 5535 1612 5608 Chrysostomi
1649 5538 1925 5611 diptychis

315 5620 946 5693 Constantinopolitanis
975 5626 1273 5697 inscripsit,
1308 5637 1471 5698 atque
1506 5638 1565 5684 ut
1600 5631 1742 5686 idem
1781 5648 1923 5701 pra-

315 5724 565 5791 staretur
582 5716 954 5781 Alexandria,
991 5719 1196 5774 litteris
1236 5721 1351 5777 suis
1384 5723 1600 5778 monuit
1634 5724 1920 5795 Cyrillum.

381 5808 471 5864 31.
502 5808 586 5865 Ex
610 5808 811 5864 Niceta
847 5809 1181 5881 Philosophe
1211 5829 1321 5877 rem
1347 5821 1511 5869 totam
1538 5817 1612 5870 ita
1645 5817 1921 5872 describit

2018 4633 2140 4674 sum
2169 4632 2290 4673 esse
2313 4632 2349 4673 a
2372 4616 2604 4683 Joanne,
2637 4616 2903 4673 comitatu
2933 4627 2992 4673 et
3023 4617 3233 4683 divino,
3276 4618 3424 4688 quod
3468 4619 3614 4672 circa

2017 4726 2145 4767 eum
2168 4719 2306 4777 erat,
2348 4710 2610 4767 satellitio
2646 4711 2883 4766 maxime
2927 4708 3089 4777 freto,
3129 4720 3188 4767 et
3229 4717 3460 4766 matrem
3504 4712 3615 4766 Do—

2020 4799 2153 4854 mini
2199 4814 2301 4871 pro
2348 4800 2468 4872 ipso
2508 4799 2895 4871 deprecantem
2940 4800 3229 4866 Joannem,
3273 4809 3439 4872 atque
3486 4815 3617 4855 cum

2021 4892 2191 4947 multa
2221 4892 2387 4947 etiam
2418 4892 2545 4959 alia,
2579 4902 2694 4949 tum
2736 4893 2872 4950 illud
2910 4894 3188 4965 praecipue
3220 4894 3367 4964 quod
3397 4910 3497 4964 pro
3534 4894 3616 4964 ip-

2020 4984 2143 5039 sius
2163 4984 2348 5054 gloria‘
2371 4970 2669 5055 plurimum
2697 4985 2790 5041 ille
2828 4985 3144 5050 deeertarit,
3193 4985 3339 5041 sicut
3372 4985 3612 5052 dicetur,

2022 5075 2372 5141 referentem,
2427 5086 2490 5133 ut
2531 5077 2587 5133 in
2617 5094 2777 5134 sacra
2805 5080 3006 5150 templa
3041 5077 3403 5149 reciperetur,
3428 5092 3610 5133 orare.

2024 5167 2176 5222 Hanc
2211 5167 2477 5225 visionem
2518 5179 2645 5225 cum
2692 5171 2753 5226 B.
2807 5170 3049 5244 Cyrillus
3098 5169 3503 5241 cegitabundus
3558 5170 3614 5224 in

2024 5262 2208 5315 animo
2250 5278 2435 5318 secum
2469 5265 2734 5329 volveret,
2773 5264 3037 5334 seipsum,
3073 5260 3223 5330 quod
3265 5260 3323 5315 in
3363 5270 3614 5317 sanctum

2023 5356 2221 5409 virum-
2236 5356 2485 5411 invectus
2507 5365 2672 5422 esset,
2695 5355 3011 5411 damnavit:
3040 5362 3100 5408 et
3115 5353 3314 5408 deinde
3344 5354 3460 5424 ipse
3481 5366 3616 5424 quos

2024 5463 2133 5516 que
2164 5463 2221 5501 re
2252 5448 2489 5517 cognita,
2523 5447 2781 5501 Ecclesia
2810 5444 3189 5517 Chrysostomi
3226 5446 3499 5509 addictus,
3536 5446 3617 5499 vi-

2025 5551 2146 5589 rum
2177 5552 2303 5591 cum
2335 5537 2640 5591 admiratus
2666 5546 2773 5599 est,
2792 5534 3061 5605 valdeque
3082 5551 3232 5601 eum,
3255 5537 3401 5606 Quod
3422 5546 3613 5591 contra

2025 5626 2179 5681 illum
2219 5627 2541 5697 imprudens
2572 5642 2799 5696 prorsus
2832 5626 3083 5683 irritatus
3105 5628 3291 5693 fuerit,
3334 5629 3611 5699 pmnituit.

2025 5720 2259 5775 Proinde
2282 5721 2559 5775 diversum
2600 5721 2826 5775 omnino
2855 5738 2884 5774 a
2915 5721 3099 5790 priore
3122 5721 3354 5776 consilio
3387 5722 3611 5782 faciens.

2026 5814 2289 5884 synodum
2317 5814 2703 5883 provincialem
2736 5814 2929 5883 coegit,
2962 5824 3012 5867 et
3045 5814 3270 5868 Joannis
3310 5829 3505 5868 nomen
3538 5813 3610 5864 si-
