4076 6306
326 393 402 450 25
1688 398 1743 453 S.
1780 396 2056 455 CYRILLI
2094 398 2275 456 VITA.
3527 396 3597 457 36

326 522 477 580 parze
508 522 643 563 vere
671 522 739 563 ac
779 507 1000 578 proprie
1033 506 1190 563 Matri
1218 505 1429 580 Virgini
1460 513 1759 568 convenire
1778 528 1907 568 con-
1938 519 1986 575 Α
2011 524 2069 570 et
2096 532 2126 569 a
2155 515 2357 585 quibus
2402 514 2457 569 id
2495 513 2720 569 minime
2747 511 3151 583 exspectabam,
3193 508 3459 565 hactenus
3487 511 3600 565 sint

328 599 523 655 cludit.
548 599 731 670 Atque
759 599 837 654 ita
859 598 1090 670 epistola
1112 599 1219 654 hac
1237 601 1581 671 gravissima,
1608 602 1921 659 eruditione

326 700 388 748 et
415 700 607 749 sancto
637 692 765 748 ﬁdei
794 693 914 749 zelo
944 694 1125 765 plena,
1150 693 1449 763 provinciae
1479 711 1592 752 sua:
1623 695 1918 762 solitarios,

327 785 503 840 veluti
522 785 934 857 prophylactico
953 785 1189 855 quodam
1206 786 1787 855 pharmaco,adversus
1804 788 1925 858 pul-

330 877 597 932 lulantem
645 875 899 937 haeresim
948 876 1299 947 praemunire,
1353 886 1410 932 et
1440 878 1495 932 in
1528 880 1751 950 antiqua
1794 879 1923 935 ﬁdei

334 968 588 1024 doctrina
627 967 959 1024 conﬁrmare
998 969 1230 1023 studuit.
1268 969 1490 1025 Veritus
1531 980 1796 1041 prmterea
1854 987 1924 1027 ne

334 1057 504 1115 ferale
525 1058 765 1113 Nestorii
784 1059 936 1115 virus
983 1061 1101 1130 ipsa
1136 1075 1355 1131 quoque
1389 1059 1539 1114 orbis
1567 1061 1745 1131 capita
1773 1060 1924 1115 ama-

337 1161 442 1214 ret,
470 1151 620 1206 unde
654 1152 849 1222 ingens
894 1150 1220 1209 Christianae
1258 1152 1579 1224 reipublicae
1617 1152 1925 1222 periculum

336 1238 628 1293 formidari
665 1240 864 1296 merito
884 1245 1090 1311 posset,
1133 1241 1201 1297 de
1224 1252 1374 1298 recta
1408 1243 1463 1296 in
1490 1243 1661 1297 Deum
1694 1241 1821 1308 ﬁde,
1845 1242 1929 1296 di-

336 1330 585 1400 vinaque
622 1331 785 1386 Verbi
815 1331 1197 1389 lncarnatione
1229 1343 1344 1390 tres
1368 1333 1543 1389 libros
1580 1334 1925 1404 conscripsit,

338 1439 482 1494 quos
505 1425 707 1493 Λόγους
735 1429 1220 1496 προσφωνητικούς
1252 1426 1563 1497 appellavit.
1588 1425 1792 1481 Horum
1816 1426 1931 1495 pri-

343 1531 497 1570 mum
525 1517 868 1587 nuncupavit
909 1517 1220 1574 Theodosio
1247 1528 1303 1575 et
1330 1518 1714 1575 Valentiniano
1752 1518 1930 1587 impe-

342 1608 641 1672 ratoribus,
686 1607 829 1664 duos
858 1610 1197 1680 posteriores
1237 1611 1493 1667 Eudociae
1534 1620 1592 1667 et
1628 1593 1931 1666 Pulcheriaa

340 1697 570 1768 reginis,
613 1699 781 1753 tacito
828 1698 1033 1768 ubique
1075 1700 1315 1755 Nestorii
1360 1700 1603 1766 nomine,
1640 1715 1712 1755 ne
1752 1714 1819 1754 ex
1863 1713 1930 1754 eo

340 1783 637 1842 Theodosii
669 1788 889 1843 animus
920 1788 1312 1857 oﬂ‘enderetur,
1344 1792 1437 1860 qui
1473 1788 1786 1846 Nestorium
1815 1788 1929 1844 An-

341 1877 553 1947 tiochia
575 1877 928 1945 accersitum,
957 1880 1273 1950 episcopum
1296 1880 1456 1952 deligi
1487 1886 1725 1935 curarat.

412 1967 501 2023 59.
526 1967 741 2025 Interea
764 1968 931 2025 latius
956 1970 1160 2024 malum
1181 1971 1454 2041 serpebat,
1476 1980 1533 2025 et
1559 1970 1787 2025 Romam
1817 1982 1929 2022 non

341 2058 487 2115 fama
514 2061 693 2115 solum
724 2061 936 2131 perlata
961 2061 1030 2116 ad
1056 2060 1416 2117 Caelestinum
1452 2076 1671 2132 papam,
1702 2058 1799 2114 sed
1823 2054 1929 2128 ipsi

343 2168 565 2223 quoque
594 2153 921 2224 pestilentes
938 2153 1132 2209 libelli.
1160 2153 1406 2220 Quorum
1435 2154 1525 2209 ille
1551 2150 1926 2222 blasphemiis,

344 2245 545 2314 quibus
574 2246 879 2310 scatebant,
906 2246 1247 2311 examinatis,
1272 2245 1476 2319 Cyrillo
1504 2245 1743 2316 scripsit,
1765 2250 1828 2297 ut
1848 2243 1933 2297 di-

347 2336 578 2407 ligenter
595 2339 944 2408 perquireret
985 2354 1117 2392 num
1146 2338 1238 2393 illa
1265 2352 1458 2392 revera
1482 2345 1665 2391 essent
1691 2351 1722 2389 a
1740 2335 1933 2389 Nesto-

347 2427 433 2482 rio
481 2429 834 2500 conscripta:
880 2446 1060 2501 neque
1109 2428 1256 2485 enim
1308 2428 1573 2483 credibile
1618 2426 1928 2489 videbatur,

346 2519 682 2587 Nestorium,
719 2520 788 2577 de
818 2538 929 2592 quo
966 2537 1144 2593 nuper
1177 2529 1258 2577 tot
1289 2536 1354 2575 ac
1393 2527 1543 2575 tanta
1579 2517 1930 2574 orientalium

348 2611 732 2681 episcoporum
757 2613 963 2669 litteris
989 2613 1264 2684 praeconia
1290 2610 1610 2682 accepisset,
1644 2610 1719 2664 ita
1747 2608 1931 2664 subito

352 2703 407 2757 in
424 2712 793 2761 transversum
813 2715 997 2762 actum
1015 2722 1157 2771 esse,
1172 2705 1376 2776 talique
1395 2703 1578 2759 furore
1594 2711 1926 2771 correptum.

351 2796 475 2852 Haec
506 2797 623 2868 ipse
649 2806 885 2854 testatur
907 2798 1147 2871 Cyrillus
1170 2799 1225 2853 in
1253 2796 1447 2869 primis
1463 2796 1532 2851 ad
1555 2796 1806 2851 eumdem
1828 2794 1933 2848 Ne-

349 2886 579 2943 storium
616 2888 840 2955 litteris,
877 2905 941 2947 ea
970 2890 1255 2946 occasione
1294 2888 1553 2953 exaratis,
1587 2885 1731 2957 quod
1768 2884 1931 2940 intel-

350 2978 574 3035 lexisset
621 2982 863 3053 graviter
894 2998 1020 3039 eum
1061 2981 1230 3036 fuisse
1273 2979 1544 3035 offensum
1587 2977 1659 3032 ob
1701 2975 1934 3044 scriptas

352 3086 383 3126 a
403 3087 460 3127 se
489 3072 705 3128 litteras
735 3074 804 3129 ad
830 3072 1047 3146 Egypti
1069 3073 1368 3129 monachos
1389 3071 1653 3126 adversus
1680 3067 1935 3139 blasphe-

2019 606 2186 660 illata.
2217 605 2324 661 Sed
2349 606 2537 660 isthaac
2561 606 2743 660 omnia
2766 604 3043 658 oblivione
3063 602 3371 657 voluntaria
3407 612 3600 656 conte-

2019 708 2248 753 rantur:
2290 698 2435 753 Dcus
2458 697 2605 751 enim
2637 695 2948 752 istiusmodi
2980 704 3278 765 nugatores
3299 692 3431 746 olim
3456 692 3605 763 judi-

2021 801 2246 845 caturus
2278 799 2380 845 est.
2428 788 2665 844 Tantum
2702 786 2837 841 fides
2876 788 3087 856 integra
3121 792 3179 839 et
3219 784 3366 838 salva
3412 784 3503 848 sit,
3548 792 3606 838 ct

2022 884 2223 939 charus
2246 883 2455 937 amicus
2478 881 2734 937 omnibus
2765 895 2897 934 ero:
2938 893 3117 948 neque
3161 875 3256 930 ulli
3306 878 3605 932 concedam

2023 983 2083 1030 ut
2106 973 2576 1045 religiosissimum
2612 971 2932 1042 epismpum
2968 967 3281 1022 Nestorium
3322 965 3608 1020 ardentius

2023 1073 2196 1130 amet,
2240 1079 2405 1134 quam
2444 1077 2586 1135 ego:
2628 1076 2792 1131 quem
2840 1059 3005 1114 etiam
3040 1057 3253 1129 (Deum
3307 1056 3515 1123 testor)
3552 1054 3607 1107 in

2022 1157 2240 1213 Christo
2262 1165 2491 1226 peropto
2511 1154 2653 1225 apud
2681 1166 2874 1208 omnes
2894 1151 3036 1205 bene
3064 1148 3278 1213 audire,
3313 1153 3608 1215 notamque

2025 1248 2097 1303 ob
2124 1263 2208 1311 ea,
2236 1262 2357 1317 quae
2387 1246 2600 1317 pridem
2628 1243 2869 1308 admisit,
2895 1249 3234 1297 contractam
3265 1238 3485 1301 eluere;
3510 1250 3610 1305 pa~

2026 1339 2244 1409 Iamque
2274 1338 2479 1401 facere,
2520 1336 2851 1392 calumniam
2887 1348 3012 1391 eses
3064 1345 3294 1393 meram,
3325 1345 3437 1382 non
3462 1326 3609 1381 veri-

2027 1440 2224 1493 tatem,
2273 1445 2394 1500 quze
2438 1430 2506 1484 de
2548 1443 2647 1483 sua
2691 1425 2923 1497 perfidia
2957 1443 2987 1479 a
3022 1422 3305 1477 nonnullis
3339 1420 3611 1487 invulgata

2027 1531 2174 1580 sunt.
2212 1522 2349 1577 Nam
2381 1521 2427 1576 si
2459 1519 2664 1576 Christi
2695 1516 2952 1572 mandato
2982 1514 3050 1569 ad
3088 1512 3434 1568 inimicorum
3473 1509 3612 1562 dilc~

2028 1616 2268 1671 ctionem
2306 1627 2587 1684 urgemur,
2609 1609 2885 1681 quomodo
2936 1613 3362 1663 consentaneum
3382 1615 3493 1655 non
3529 1607 3614 1654 est

2028 1720 2091 1765 ut
2113 1707 2321 1763 amicos
2340 1713 2398 1761 et
2427 1701 2848 1759 consacerdotes
2881 1698 3032 1753 omni
3060 1692 3455 1750 benevolentia:
3492 1699 3611 1744 stu-

2031 1800 2124 1855 dio
2152 1794 2616 1868 complectamur?
2645 1791 2802 1860 Quod
2834 1791 2879 1845 si
2909 1804 3040 1845 vero
3071 1787 3390 1842 exoriantur
3416 1782 3511 1853 qui
3548 1780 3613 1834 ﬁ-

1959 1875 2002 1929 B
2030 1891 2153 1946 dem
2192 1887 2447 1944 demoliri
2494 1892 2758 1956 satagant,
2797 1878 3073 1953 quomodo
3114 1886 3327 1932 nostras
3370 1873 3615 1944 ipsorum

2030 1979 2242 2033 animas
2282 1977 2428 2031 ultro
2471 1989 2584 2029 non
2624 1970 2957 2028 ofl‘eremus?
3012 1967 3266 2022 Profecto
3312 1956 3445 2017 licet
3497 1960 3616 2030 ipsa

2029 2088 2250 2144 quoque
2267 2086 2417 2126 mors
2444 2067 2605 2139 capiti
2629 2074 2818 2121 nostro
2842 2060 3174 2133 impendeat,
3191 2056 3340 2111 nulla
3369 2055 3425 2108 in
3455 2052 3617 2107 nobis

2030 2167 2139 2223 erit
2162 2164 2476 2221 cunctatio:
2507 2176 2633 2216 nam
2654 2159 2701 2214 si
2728 2172 2831 2229 pro
2852 2154 3022 2228 gloria
3044 2151 3139 2207 Dei
3172 2149 3456 2205 veritatem
3482 2161 3619 2215 pra:-

2031 2260 2216 2315 dicare
2272 2253 2779 2314 formidaverimus,
2830 2264 2899 2304 ne
2949 2246 3211 2301 videlicet
3267 2242 3323 2295 in
3379 2239 3616 2308 aliquam

2031 2350 2337 2405 molestiam
2373 2345 2712 2407 incidamus;
2749 2356 2879 2409 qua,
2927 2352 3134 2407 quaeso,
3173 2334 3352 2387 fronte
3397 2338 3617 2385 sancte-

2033 2457 2155 2497 rum
2185 2446 2487 2509 martyrum
2508 2432 2809 2489 certamina
2836 2436 2892 2484 et
2921 2425 3233 2496 triumphos
3266 2420 3410 2492 apud
3446 2434 3621 2489 popu-

2031 2535 2143 2605 lum
2171 2531 2428 2588 laudibus
2452 2524 2787 2584 evehemus?
2824 2521 3028 2592 quippe
3053 2532 3193 2587 quos
3227 2528 3337 2569 uno
3376 2512 3483 2605 hoc
3516 2526 3618 2605 no-

2031 2627 2179 2682 mine
2216 2622 2492 2695 prmcipue
2531 2618 2917 2677 decantamus,
2958 2609 3107 2680 quod
3148 2608 3274 2670 hoc,
3325 2604 3473 2695 quod
3505 2604 3619 2695 jam

2267 2680 2609 2779 est,.magna
2656 2702 2827 2759 animi
2878 2696 3184 2755 constantia
3225 2680 3619 2765 praestiterunt,

2032 2807 2139 2861 hoc
2184 2810 2288 2867 est,
2326 2800 2395 2855 ad
2432 2803 2668 2852 mortem
2708 2806 2885 2862 usque
2917 2804 3019 2860 pro
3058 2785 3293 2842 veritate
3322 2782 3620 2838 dimicave-

2033 2902 2185 2951 runt.
2222 2914 2241 2947 ›
3576 2890 3581 2895 ί

2096 3009 2189 3070 42.
2224 3006 2666 3077 Composuerunt
2696 3014 2763 3055 eo
2794 3006 3040 3067 tempore
3070 2989 3254 3048 clerici
3316 2983 3625 3044 Constanti-

2033 3099 2337 3173 nopolitani
2361 3076 2625 3152 adversus
2641 3090 2863 3163 impiam
2881 3084 3122 3143 Nestorii
3145 3081 3448 3173 doctrinam
3469 3076 3627 3130 libel-

353 3162 471 3264 θξίδε
494 3166 732 3264 “be?”
760 3167 835 3264 _l"
862 3167 952 3264 hi"?
977 3176 1106 3264 Βθδι
1132 3165 1488 3264 ‘uc‘t'enmm’
1520 3177 1620 3264 cuf
1745 3175 1931 3264 "mna:
1956 3202 1998 3261 C
2033 3160 2147 3251 lum
2173 3208 2335 3264 quem
2360 3189 2559 3244 offerre
2587 3160 2905 3254 imperatori
2934 3176 3268 3248 cogitabant.
3300 3164 3529 3231 Verum,
3555 3181 3626 3220 ne

354 3256 486 3313 chos
518 3256 822 3327 scripserit,
859 3256 1129 3311 redditam
1162 3255 1452 3316 rationem,
1490 3253 1637 3309 serio
1674 3250 1930 3317 illum_ad

357 3346 814 3416 resipiscentiam,
842 3346 1148 3415 elapsaeque
1182 3360 1280 3413 per
1322 3340 1749 3413 imprudentiam
1782 3340 1935 3397 vocis

357 3433 686 3507 palinodiam
741 3434 996 3488 hortatur
1037 3450 1051 3484 :
1105 3431 1253 3502 quod
1309 3430 1480 3485 altera
1529 3443 1655 3483 mox
1704 3428 1935 3498 epistola

356 3542 585 3598 prorsus
608 3524 913 3597 dogmatica
940 3534 999 3579 et
1036 3521 1355 3594 gravissima
1386 3521 1585 3576 iterum
1615 3518 1930 3575 inculcavit.

428 3636 518 3693 ιθ.
543 3637 750 3692 Verum
778 3634 1009 3705 singulis
1040 3649 1153 3688 suae
1190 3650 1221 3688 a
1256 3632 1511 3689 Nestorio
1544 3631 1773 3687 redditae
1809 3638 1939 3686 sunt

361 3729 585 3793 littera,
614 3734 856 3797 utraeque
884 3722 1197 3794 arrogantia
1218 3737 1431 3777 summa
1465 3736 1530 3775 ac
1549 3720 1711 3783 fastu,
1743 3733 1852 3789 quo
1880 3732 1939 3772 se

360 3833 527 3888 supra
581 3816 823 3886 reliquos
870 3814 1151 3870 antistites
1206 3812 1493 3876 efferebat,
1542 3810 1776 3864 refertae.
1824 3808 1940 3862 lmo

361 3909 513 3964 omni
539 3908 669 3964 dolo
708 3906 972 3978 Cyrillum
1005 3918 1310 3976 aggressus,
1345 3902 1563 3973 collegit
1597 3900 1939 3964 circuitores,

363 4003 635 4073 projectos
664 3998 733 4055 ad
770 4014 931 4054 omne
963 3997 1117 4052 nefas
1149 4012 1214 4051 ac
1244 3995 1510 4067 ﬂagitium
1541 3993 1812 4058 homines,
1847 3991 1947 4063 qui

363 4095 431 4149 ad
460 4096 567 4150 hoc
586 4102 934 4165 vagarentur,
964 4100 1024 4146 ut
1050 4091 1256 4161 ubique
1288 4090 1534 4144 locorum
1565 4087 1945 4159 adversuley-

367 4187 549 4241 rillum
580 4186 784 4256 probra
825 4184 1271 4239 disseminarent.
1314 4201 1332 4232 ι
1363 4180 1647 4237 Jactabant
1677 4186 1880 4244 autem,
1921 4197 1941 4229 ι

366 4280 487 4350 ipso
507 4288 644 4334 teste
672 4276 874 4349 Cyrillo
896 4275 1125 4347 epistola
1148 4275 1306 4329 tertia
1324 4272 1393 4329 ad
1417 4273 1727 4328 Nestorium
1752 4278 1882 4325 tom.
1903 4270 1946 4333 Ι,

368 4389 488 4442 cap.
519 4372 606 4437 12,
638 4370 772 4426 edit.
814 4369 1046 4435 Peltani,
1087 4388 1106 4420 ‹
1140 4383 1306 4423 voces
1344 4366 1553 4423 insania
1588 4366 1812 4436 plenas:
1862 4364 1953 4418 hic

369 4463 612 4533 quidem,
653 4461 802 4531 quod
834 4475 1009 4516 caecos
1059 4473 1369 4530 egenosque
1414 4473 1512 4528 per
1562 4455 1818 4524 injuriam
1851 4470 1952 4525 op-

2034 3257 2240 3343 tcmere
2269 3280 2401 3354 quid
2422 3279 2615 3335 fecisse
2636 3274 2979 3334 viderentur,
3010 3268 3248 3337 primum
3276 3261 3341 3315 ad
3362 3257 3627 3337 Cyrillum

2035 3349 2324 3441 miserunt,
2357 3383 2420 3429 ut
2457 3372 2608 3427 illius
2643 3368 2970 3440 probaretur
3009 3358 3240 3433 judicio.
3284 3352 3498 3420 Quibus
3538 3349 3628 3441 ille

2036 3487 2247 3530 summa
2274 3463 2694 3523 mansuetudine
2718 3468 2775 3514 et
2815 3454 2982 3512 animi
3010 3447 3387 3507 moderatione
3430 3437 3631 3495 rescri-

2024 3563 2169 3634 psit,
2202 3568 2261 3615 ut
2283 3559 2519 3613 habetur
2543 3569 2663 3623 cap.
2690 3550 2774 3613 l0,
2799 3545 3043 3618 ejusdem
3072 3539 3243 3596 tomil
3269 3554 3284 3591 :
3313 3554 3331 3586 ι
3359 3531 3629 3634 [:ibellum

2037 3620 2338 3722 supplicem
2359 3653 2542 3700 vestra
2566 3656 2733 3713 opera
2754 3638 2822 3693 ad
2846 3652 2932 3691 me
2966 3633 3218 3693 missum,
3239 3625 3395 3698 quasi
3422 3623 3470 3678 is
3491 3620 3630 3675 citra

2038 3712 2280 3800 nostram
2300 3712 2627 3796 sententiam
2651 3727 2969 3802 imperatori
2990 3721 3197 3795 porrigi
3215 3734 3324 3773 nou
3347 3712 3624 3773 debuerit,

2041 3833 2228 3903 accepi
2258 3837 2314 3887 et
2335 3828 2440 3899 legi
2464 3845 2477 3881 :
2502 3839 2695 3881 verum
2721 3818 2866 3891 quod
2894 3815 3105 3887 prolixe
3129 3812 3186 3865 in
3206 3822 3333 3865 eum
3362 3806 3626 3866 incurrat,

2041 3927 2135 3998 qui
2168 3924 2332 3979 isthic
2352 3920 2465 3993 agit
2507 3918 2644 3992 (sive
2672 3913 2878 3977 fratris,
2911 3910 3023 3964 sive
3044 3905 3154 3960 alio
3181 3911 3511 3973 quocunque
3534 3910 3633 3948 no-

2042 4019 2190 4074 mine
2223 3991 2849 4084 censcatur),bacteuus
2887 3997 3187 4072 suppressi,
3227 4010 3298 4049 ne
3339 3991 3630 4047 adversum

2044 4126 2147 4165 nos
2171 4100 2480 4177 insurgens,
2511 4119 2567 4157 se
2598 4117 2695 4172 per
2726 4114 2831 4153 nos
2858 4097 3130 4150 hmreseos
3156 4084 3301 4156 apud
3342 4084 3633 4151 imperato-

2046 4221 2164 4260 rem
2202 4175 2444 4258 delatum
2487 4197 2791 4253 cavilletur.
2853 4190 3066 4245 Interea
3118 4175 3403 4252 protestati
3444 4182 3634 4227 sumus

2048 4296 2166 4351 fore
2218 4303 2278 4349 ut
2298 4288 2713 4346 inimicitiarum
2743 4296 2907 4339 causa
2936 4276 3163 4348 posthac
3186 4266 3453 4341 judicium
3482 4261 3633 4315 illius

2051 4360 2450 4447 detrectcmus,
2479 4384 2914 4451 praesentemque
2963 4359 3415 4423 controversiam,
3445 4355 3490 4409 si
3518 4368 3635 4407 om-

2053 4479 2187 4532 nino
2240 4471 2538 4543 importuni
2583 4483 2703 4523 esse
2739 4457 3102 4534 perrexerint,
3148 4452 3213 4507 ad
3261 4448 3407 4505 aliud
3452 4446 3633 4499 forum

371 4556 722 4626 prcsseripa,»
760 4555 976 4624 inquit;
1008 4572 1027 4605 ι
1052 4551 1212 4618 alius,
1230 4551 1377 4622 quod
1394 4551 1601 4607 ferrum
1635 4549 1692 4603 in
1722 4555 1952 4603 matrem
1986 4576 2031 4633 ο
2059 4536 2468 4629 transfera-mus.
2511 4561 2649 4618 Cum
2686 4559 2870 4627 itaque
2906 4549 3153 4609 “bellum
3188 4539 3548 4616 perlegeritis,
3587 4536 3635 4591 si

372 4647 719 4714 strinxerim;
753 4644 1027 4712 nonnulli,
1059 4643 1205 4715 quod
1236 4643 1447 4699 ancilla:
1474 4640 1728 4712 praesidio
1756 4654 1952 4693 aurum

372 4740 610 4795 alienum
661 4737 1017 4804 abstulerim;
1058 4736 1281 4806 quidam
1310 4734 1575 4803 denique,
1607 4730 1755 4801 quod
1801 4729 1954 4799 ejus-

375 4837 520 4891 modi
547 4833 922 4905 improbitatis
964 4831 1278 4902 suspicione
1307 4826 1672 4884 laboraverim
1712 4839 1951 4894 semper,

374 4927 681 4997 cujusmodi
702 4932 779 4981 'ne
814 4922 1197 4980 infestissimos
1223 4921 1444 4992 quidem
1493 4919 1679 4973 hostes
1705 4916 1956 4970 laborare

375 5015 647 5085 Optaverit
670 5014 963 5085 quispiam.
988 5014 1191 5069 Verum
1226 5012 1379 5075 istos,
1407 5020 1463 5066 et
1493 5009 1539 5063 si
1565 5006 1658 5078 qui
1684 5008 1802 5077 ejus
1828 5005 1959 5060 fari-

378 5124 461 5161 na:
500 5115 631 5163 sunt
660 5108 775 5172 alii,
802 5122 915 5161 non
954 5106 1189 5160 multum
1222 5120 1429 5167 moror,
1465 5117 1535 5156 ne
1576 5116 1744 5170 supra
1786 5096 1957 5169 Magi-

377 5206 554 5252 strum
587 5206 644 5253 et
667 5196 981 5261 Dominum,
1008 5196 1093 5263 vel
1121 5194 1285 5249 etiam
1316 5185 1481 5262 supra
1511 5191 1746 5261 majores
1782 5203 1954 5254 meos,

380 5289 665 5345 tenuitatis
691 5304 826 5343 mea:
852 5302 1164 5343 mensuram
1187 5284 1483 5340 extendere
1510 5282 1717 5337 videar.
1747 5300 1765 5333 ι

447 5381 538 5435 41.
574 5379 745 5447 Quam
768 5389 953 5434 autem
974 5392 1248 5449 propenso
1277 5375 1461 5430 studio
1481 5374 1807 5429 Christianae,
1832 5371 1960 5426 cha-

378 5474 576 5539 ritatis,
622 5471 864 5545 Cyrillus
900 5469 1137 5525 Nestorii
1175 5469 1406 5524 salutem
1442 5481 1653 5521 summa
1698 5464 1959 5536 patientia

379 5565 717 5637 procuravit,
760 5569 995 5618 testatur
1017 5560 1247 5630 epistola
1278 5558 1522 5630 ejusdem
1559 5557 1627 5611 ad
1668 5556 1959 5627 quemdam

378 5654 617 5711 Nestorii
664 5660 1014 5714 sectatorem,
1050 5665 1168 5719 cap.
1209 5648 1261 5702 9.
1315 5667 1333 5699 ε
1374 5649 1456 5702 Me
1488 5648 1672 5719 igitur,
1708 5668 1726 5699 ι
1758 5648 1958 5718 inquit,

384 5768 401 5799 ι
432 5748 584 5801 nulla
612 5759 794 5814 neque
819 5741 1036 5812 injuria,
1060 5756 1237 5810 neque
1260 5740 1609 5803 contumelia,
1633 5734 1811 5810 neque
1834 5755 1963 5793 con—

380 5840 515 5896 vicia
550 5844 812 5901 movent;
838 5833 1048 5886 etiamsi
1080 5832 1497 5899 quamplurima,
1533 5841 1588 5887 et
1627 5833 1958 5892 immerenti,

2055 4675 2161 4729 qua
2192 4657 2495 4713 necessitas
2540 4649 2874 4725 poposcerit,
2916 4643 3116 4701 tradite
3151 4656 3164 4692 :
3215 4645 3271 4692 et
3317 4635 3363 4690 si
3412 4647 3539 4687 eum
3581 4631 3636 4683 in

2055 4750 2206 4806 hisce
2228 4748 2443 4804 insidiis
2464 4724 2927 4818 perseverantem,
2958 4743 3016 4791 et
3038 4731 3175 4788 nihil
3209 4743 3318 4783 non
3348 4724 3635 4818 adversum

2055 4856 2156 4894 nos
2179 4839 2491 4894 molientem
2521 4825 3039 4890 auimadverteritis,
3079 4819 3373 4891 diligenter
3404 4808 3641 4884 perscri-

2056 4931 2190 4986 bite.
2226 4929 2435 5000 Eligam
2483 4927 2631 4982 enim
2677 4923 2825 4977 viros
2875 4920 2995 4991 pios
3039 4931 3103 4970 ac
3151 4910 3473 4983 prudentes,
3513 4916 3638 5000 cum

2057 5023 2362 5094 episcopos,
2392 5027 2507 5072 tum
2526 5015 2822 5071 monachos
2847 5022 3086 5081 quoque,
3117 5016 3254 5073 quos
3272 4997 3436 5052 etiam
3459 4989 3640 5094 primo

2058 5081 2275 5186 quoque
2304 5081 2549 5182 tempore
2581 5108 2649 5164 ad
2672 5122 2770 5161 vos
2806 5104 3041 5158 mittam.
3082 5096 3268 5162 Neque
3297 5087 3443 5143 enim
3464 5081 3640 5137 oculis

2060 5208 2216 5270 meis,
2252 5214 2313 5260 ut
2341 5181 2605 5274 scriptum
2642 5207 2726 5254 est
2746 5196 2908 5270 (Psal.
2937 5204 3113 5251 cxxxl,
3135 5186 3167 5239 4
3185 5181 3350 5274 seq),
3384 5187 3638 5232 somnum

2059 5298 2223 5362 dabo,
2259 5311 2436 5366 neque
2454 5273 2754 5363 palpebris
2784 5286 2922 5341 meis
2958 5273 3425 5366 dormitatiouem,
3460 5278 3640 5366 neque

2061 5389 2307 5460 requiem
2347 5356 2697 5453 temporibus
2738 5376 2906 5435 meis,
2948 5369 3123 5423 donec
3167 5360 3466 5460 certamine
3510 5356 3637 5418 hoc,

2060 5450 2306 5534 omnium
2334 5450 2528 5529 salutis
2548 5484 2731 5530 causa,
2755 5462 3074 5535 perfunctus
3103 5455 3278 5509 fuero.
3306 5450 3488 5515 Quare
3512 5458 3636 5500 cum

2061 5582 2247 5622 meam'
2296 5576 2444 5617 nunc
2493 5557 2816 5615 sententiam
2864 5547 3205 5611 didiceritis,
3265 5543 3371 5598 viri
3438 5548 3634 5595 estote.

2062 5655 2476 5726 Quamprimum
2526 5650 2672 5706 enim
2714 5645 3054 5717 parabuntur
3105 5659 3134 5697 a
3187 5658 3272 5696 me
3319 5642 3534 5702 littera,
3583 5647 3637 5693 et

2064 5750 2252 5819 quales
2294 5752 2533 5815 oportet,
2578 5749 2634 5795 et
2680 5739 2746 5793 ad
2788 5753 2925 5808 quos
2965 5743 3228 5806 oportet:
3278 5731 3441 5786 statui
3490 5729 3637 5782 enim

2067 5815 2284 5899 propter
2308 5828 2510 5885 Christi
2540 5826 2700 5880 fidem
2732 5822 2977 5889 quemvis
2995 5821 3238 5876 laborem
3260 5815 3463 5873 subire,
3487 5827 3635 5877 qua:-
