4076 6306
427 389 498 444 ετ
1771 381 1828 437 S.
1869 379 2006 437 (ΠΒ

2104 375 2148 430 δι
2180 374 2362 431 ἯΤΑ.
3620 367 3693 423 28

425 501 1000 576 visquoqueperferrc
1017 500 1552 566 to'rmenta,etiamea
1582 516 1704 571 quae
1720 499 2004 568 intersup—
2031 501 2078 560 Α
2104 494 2320 554 ratione
2343 490 2506 546 ﬁdem
2529 490 2583 544 in
2609 495 2892 560 posterum
2921 485 3302 542 confcssurum
3327 501 3384 540 se
3403 484 3690 556 spondeat,

427 595 594 667 plicia
615 599 909 650 censentur
937 590 1276 663 gravissima,
1313 590 1490 646 donec
1522 591 1738 648 tandem
1767 595 2005 645 mortem

425 686 531 742 bac
543 686 611 742 de
643 699 808 740 causa
831 677 1143 754 susceptam
1160 683 1301 738 mihi
1321 683 1620 756 jucundam
1641 681 1950 753 pertulere.
1977 697 1996 730 ι

527 835 710 908 θνιιι.
747 835 887 891 Vices
915 836 1047 891 sedis
1069 835 1368 908 apostolica:
1395 834 1596 908 σιμ-ξιεο
1622 833 1893 905 delegata.

383 1016 398 1041 κ
495 967 583 1022 45.
611 967 747 1022 Cum
787 967 988 1023 frustra
1017 968 1257 1024 Nestorii
1282 969 1721 1025 emendationem
1748 979 2011 1028 tentasset

425 1057 683 1130 Cyrillus,
707 1058 1088 1116 Possidonium
1119 1058 1318 1130 legavit
1342 1059 1603 1116 Ecclesiae
1627 1060 2010 1117 Alexandrina:

431 1147 725 1203 diaconum
754 1149 820 1204 ad
853 1148 1208 1224 leestinum
1238 1149 1574 1220 pontiﬁcem,
1605 1153 1700 1222 qui
1739 1152 1806 1208 de
1836 1154 2013 1208 omni-

426 1237 532 1294 bus
561 1255 688 1294 eum
727 1239 938 1295 faceret.
975 1239 1288 1297 certiorem.
1329 1241 1530 1298 Verum
1574 1258 1644 1298 ne
1687 1242 1756 1297 ad
1789 1242 2013 1298 damna-

424 1328 633 1385 tionem
672 1330 910 1385 Nestorii
948 1331 1206 1388 incitasse
1245 1331 1424 1402 ipsum
1456 1332 1774 1402 pontiﬁcem
1795 1333 2010 1389 videre-

426 1428 538 1487 tur,
571 1421 724 1478 istud
745 1423 898 1478 dedit
928 1423 1252 1479 Possidenio
1277 1425 1591 1481 mandatum
1624 1443 1646 1478 ι
1677 1445 1694 1477 ι
1729 1425 1786 1480 Si
1819 1426 2014 1482 Nesto-

425 1505 495 1560 rii
525 1507 752 1571 litteras,
793 1517 855 1568 et
874 1510 1280 1580 expositionum
1323 1512 1486 1568 illius.
1510 1513 1730 1568 codices
1765 1514 2014 1570 redditos

423 1595 718 1655 leestino
764 1600 1127 1671 compereris,
1169 1612 1228 1657 tu
1274 1618 1495 1673 quoque
1531 1603 1610 1660 illi
1648 1620 1800 1660 meas
1843 1607 2012 1662 redde

424 1689 672 1757 litteras;
709 1689 796 1746 sin
833 1691 1034 1759 secius,
1066 1708 1180 1748 non
1202 1693 1418 1749 reddas.
1454 1714 1472 1746 ι
1516 1695 1882 1752 Possidonius.
1909 1714 2011 1752 au-

426 1789 559 1847 tem,
588 1797 714 1836 eum
742 1785 1104 1855 comperisset
1130 1793 1241 1840 tam
1271 1785 1532 1854 epistolas
1557 1802 1722 1857 quam
1755 1803 2014 1858 cxcgeses

2109 602 2272 656 quam
2296 595 2352 640 et
2377 585 2640 647 Romana,
2663 591 2720 637 et
2744 591 2848 639 tute
2872 580 3176 654 sanctitatis
3205 580 3468 645 Ecclesia,
3494 590 3550 636 et
3576 581 3696 636 uni-

2109 694 2270 734 versa
2307 677 2570 747 deinceps
2614 675 2808 746 religio
2848 673 3160 730 Christiana
3206 671 3497 743 pratdicat,
3546 673 3696 728 illico

2109 769 2372 824 sanctitas
2402 775 2494 822 tua
2525 766 2606 820 illi
2639 765 2898 822 Ecclesia:
2926 763 3244 834 prospiciat.
3279 763 3329 818 ls
3353 778 3486 818 vero
3518 763 3696 818 modis

2109 859 2368 930 omnibus
2403 874 2462 914 se
2483 873 2512 911 a
2541 865 2732 912 nostro
2757 871 2986 924 corpore
3011 862 3353 926 segregatum
3375 869 3494 910 esse
3529 854 3692 910 intel—

2108 950 2273 1020 ligat;
2310 933 2370 1004 ut
2405 949 2499 1020 qui
2524 963 2741 1004 onmem
2767 947 3104 1002 medentium
3131 961 3320 1001 curam
3347 955 3689 1016 aspernatus,

2109 1057 2211 1096 nec
2231 1056 2340 1096 non
2366 1041 2540 1094 instar
2567 1037 2816 1110 pestiferi
2849 1037 3026 1092 morbi
3053 1053 3150 1107 per
3173 1035 3488 1092 universum
3507 1038 3694 1092 Eccle-

2110 1133 2204 1188 sia:
2244 1149 2444 1202 corpus
2490 1131 2682 1186 insano
2729 1131 2892 1185 modo
2932 1138 3226 1201 grassatus,
3274 1138 3382 1183 tam
3428 1130 3687 1200 scipsum,

2109 1239 2273 1295 quam
2303 1232 2532 1279 exteros
2564 1237 2754 1277 omnes
2779 1221 2882 1276 sibi
2905 1223 3226 1277 commissos
3247 1262 3260 1287 ,
3296 1222 3352 1277 in
3381 1232 3687 1278 extremum

2108 1315 2334 1370 exitium
2365 1315 2707 1386 praecipitare
2731 1312 3021 1369 studuerit.
3060 1333 3078 1363 ι
3109 1313 3236 1370 limo
3265 1313 3594 1371 leestinus
3621 1317 3691 1370 ad

2107 1403 2402 1474 Cyrillum,
2449 1419 2571 1474 qua:
2614 1403 2815 1473 repetit
2853 1403 2908 1456 in
2963 1401 3208 1474 Epistota
3255 1403 3326 1457 ad
3366 1403 3689 1470 Nestorium,

2109 1509 2269 1564 quam
2306 1495 2382 1550 ita
2405 1495 2682 1550 concludit
2709 1513 2725 1548 :
2754 1513 2772 1545 ι
2805 1494 2990 1550 Nostri
3013 1495 3066 1549 in
3101 1503 3152 1550 te
3179 1495 3376 1566 iudicii
3403 1495 3690 1551 formulam

2109 1587 2176 1642 ad
2231 1588 2288 1641 S.
2341 1587 2604 1658 Cyrillum
2656 1587 3081 1652 trans-misimus,
3139 1596 3200 1642 ut
3249 1597 3436 1642 noster
3480 1588 3584 1642 hac
3638 1589 3695 1644 in

2110 1688 2264 1746 parte
2316 1677 2556 1732 vicarius
2591 1676 2811 1741 efﬁciat,
2852 1693 2963 1746 quo
3007 1685 3255 1732 nostrum
3304 1676 3588 1732 decretum
3637 1687 3697 1733 et

2111 1767 2212 1821 tibi
2260 1777 2318 1823 et
2367 1769 2596 1839 reliquis
2641 1784 2862 1839 quoque
2909 1769 3168 1825 omnibus
3217 1769 3482 1826 fratribus
3538 1779 3694 1842 pate-

423 1873 577 1928 illius
601 1873 901 1930 Caelestino
923 1876 1094 1932 fuisse
1122 1879 1415 1945 exhibitas,
1441 1879 1756 1964 esm‘pulsus
1776 1857 2006 1951 estiipse
2041 1867 2078 1919 Β
2107 1857 2243 1964 “at;
2261 1867 2421 1964 ’ξ’ίῆ

422 1982 645 2036 quoque
685 1983 823 2038 quas
858 1968 1071 2027 ferebat
1110 1973 1394 2038 exhibere,
1426 1980 1488 2026 ut
1534 1979 1768 2028 testatur
1813 1972 2015 2029 relatio

423 2056 569 2111 Petri
588 2058 890 2128 primicerii
912 2061 1275 2126 notariorum,
1294 2063 1597 2134 presbyteri
1623 2063 2007 2128 Alexandrini,

423 2147 632 2203 intexta
660 2150 878 2204 concilii
905 2151 1164 2221 Ephesini
1189 2160 1332 2209 torno
1352 2151 1417 2217 II,
1451 2153 1505 2206 in
1526 2151 1769 2207 editione
1795 2152 2004 2208 Pel-tani

423 2241 616 2295 nostri.
658 2241 780 2310 ipsa
823 2251 1004 2297 autem
1035 2243 1270 2314 epistola
1303 2242 1494 2314 Cyrilli
1533 2243 1601 2298 ad
1647 2243 2004 2298 Caelestinum

422 2331 660 2386 refertur
685 2341 837 2387 tome
864 2333 908 2398 1,
939 2349 1059 2404 cap.
1084 2333 1173 2398 59,
1209 2335 1264 2388 in
1293 2349 1402 2402 qua
1429 2333 1574 2388 inter
1608 2334 1714 2388 alia
1749 2333 1825 2389 ita
1862 2349 2004 2403 prae-

421 2423 600 2478 fatur:
641 2443 663 2475 ι
707 2425 984 2480 Hactenus
1009 2426 1180 2481 altum
1219 2424 1363 2479 tacui
1397 2442 1410 2477 :
1453 2439 1630 2494 neque
1661 2425 1812 2478 enim
1841 2422 2004 2493 quid-

421 2532 584 2586 quam
606 2515 833 2570 omnino
861 2516 929 2572 de
956 2517 1050 2572 illo
1082 2516 1177 2586 qui
1215 2515 1871 2586 Constantinopolitanam
1896 2514 2002 2569 Ec-

421 2607 643 2662 clesiam
672 2608 777 2663 hoc
807 2617 1054 2678 tempore
1083 2606 1450 2673 administrat,
1481 2615 1543 2660 ut
1577 2606 1650 2661 ad
1681 2605 2006 2676 religionem

423 2712 594 2767 tuam,
615 2702 702 2756 vel
727 2701 794 2755 ad
825 2701 996 2755 ullum
1020 2700 1189 2754 alium
1208 2699 1656 2756 consacerdotum
1687 2707 2012 2755 nostrorum-

421 2791 652 2862 scripsi;
705 2808 816 2846 non
858 2791 1132 2863 ignorans,
1175 2791 1512 2862 praecipite
1561 2790 1898 2846 celeritatem
1947 2791 2004 2846 in

419 2883 688 2954 ejusmodi
735 2883 902 2938 rebus
937 2897 1062 2938 cum
1107 2882 1242 2936 vitio
1281 2883 1605 2952 plerumque
1656 2881 2002 2951 conjunctam

419 2991 542 3032 esse
572 2976 767 3031 solere.
801 2973 870 3030 At
893 2973 1024 3044 quia
1062 2987 1210 3030 nunc
1255 2972 1322 3028 ad
1363 2981 1668 3028 extremum
1710 2987 2003 3042 propemo-

421 3066 554 3120 dum
583 3065 850 3120 malorum
898 3064 1184 3123 devenisse
1235 3062 1508 3128 videmur,
1539 3077 1720 3132 opera:
1762 3059 2003 3132 pretium

419 3153 750 3220 existimavi,
783 3161 945 3224 rupto
975 3153 1219 3219 silentio,
1249 3151 1442 3207 ordine
1473 3150 1658 3206 omnia
1701 3166 1824 3222 qua:
1854 3153 2003 3207 acci-

421 3245 624 3302 derunt
651 3262 946 3317 exponere.
979 3265 998 3298 ι

491 3338 580 3392 44.
612 3336 963 3400 leestinus,
993 3335 1255 3406 perlectis
1279 3334 1469 3408 Cyrilli
1497 3342 1555 3390 ct
1583 3335 1822 3390 Nestorii
1853 3335 2000 3391 litte-

421 3426 520 3492 ris,
544 3435 706 3498 atque
729 3427 854 3482 aliis
889 3427 1038 3481 ultro
1072 3425 1324 3495 citroque
1369 3424 1426 3480 in
1467 3433 1758 3495 utramque
1792 3434 2002 3496 partem

421 3519 660 3590 scriptis,
678 3519 920 3576 evocatis
939 3519 1168 3574 Romam
1185 3517 1458 3588 episcopis
1473 3517 1768 3572 concilium
1789 3517 2010 3584 habuit;

421 3614 478 3668 in
509 3630 640 3685 quo,
674 3614 920 3669 omnium
957 3611 1249 3674 sententia,
1281 3617 1340 3666 et
1369 3611 1707 3681 blasphemia
1741 3612 2000 3678 Nestorii,

419 3705 609 3761 decem
669 3705 774 3777 ipsi
831 3705 900 3759 ad
961 3702 1395 3773 resipiscendum
1457 3702 1656 3758 diebus
1702 3704 2000 3769 concessis,

419 3796 695 3862 damnata,
719 3804 776 3850 et
801 3795 948 3850 vices
977 3792 1256 3849 lecstini
1286 3793 1341 3847 in
1366 3808 1529 3848 causa
1551 3793 1790 3848 Nestorii
1818 3809 2006 3863 prosc-

419 3888 636 3958 quenda
673 3887 877 3958 Cyrillo
907 3886 1117 3955 legatm,
1153 3883 1356 3939 litteris
1393 3885 1616 3954 utrique
1661 3884 1884 3954 scriptis
1947 3901 2004 3939 ur

420 3980 549 4036 ldus
595 3977 848 4048 Augusti,
901 3975 1213 4030 Theodosio
1256 3991 1351 4029 xm
1397 3983 1454 4030 et
1516 3974 1895 4030 Valentiniano
1946 3991 2003 4031 ιιι

418 4072 557 4144 Aug.
584 4085 750 4136 coss.,
774 4082 918 4123 anno
949 4066 1151 4124 Christi
1185 4066 1308 4124 450.
1356 4068 1417 4124 In
1459 4065 1548 4123 bis
1575 4065 1765 4138 Cyrilli
1795 4066 2004 4122 doctri-

421 4181 547 4220 nam
585 4163 824 4234 appellat
855 4160 1121 4231 pontifex,
1175 4180 1194 4212 ι
1233 4176 1475 4232 praesens
1525 4159 1852 4231 remedium,
1896 4173 2007 4229 quo

421 4257 650 4329 pestifer
668 4255 758 4310 ille
781 4253 1027 4318 morbus,
1043 4251 1196 4307 velut
1219 4251 1446 4306 salutari
1473 4249 1709 4320 quodam
1735 4249 2002 4314 antidoto,

420 4348 620 4419 depelli
653 4345 860 4416 possit;
895 4344 1018 4415 puri
1055 4343 1221 4398 fontis
1260 4343 1671 4414 scaturiginem,
1705 4359 1806 4412 per
1841 4358 2006 4412 quam

421 4439 602 4494 omnis
644 4438 740 4492 illa
772 4436 877 4492 funt
919 4435 1058 4489 male
1089 4434 1365 4490 currentis
1397 4434 1558 4489 rivuli
1589 4433 1858 4500 aufertur,
1883 4450 2006 4489 om-

2176 1947 2263 2001 45.
2285 1945 2538 2018 Cyrillus,
2559 1949 2800 2018 acceptis
2824 1965 2854 2004 a
2873 1948 3170 2006 leestino
3191 1950 3449 2022 pontiﬁce
3469 1953 3698 2020 litteris,

2106 2039 2299 2094 scribit
2318 2039 2512 2094 Joanni
2544 2039 2868 2106 Antiochiae,
2893 2043 3141 2098 Juvenali
3163 2043 3688 2116 Hierosolymorum,

2105 2141 2160 2186 et
2188 2130 2388 2187 Acacio
2419 2132 2625 2188 Bel-(eae
2663 2135 2958 2204 episcopis,
2997 2151 3156 2206 quos,
3191 2145 3253 2191 ut
3295 2137 3362 2192 ad
3407 2137 3694 2194 vindican-

2105 2221 2228 2276 dam
2269 2222 2461 2278 lresam—
2487 2223 2814 2281 catholicam
2854 2225 3014 2282 ﬁdem
3053 2243 3204 2282 arma
3246 2239 3550 2299 capessant,
3595 2231 3703 2285 ad-

2105 2316 2378 2382 hortatur,
2402 2317 2625 2387 ipseque
2645 2318 2898 2388 exemplo
2918 2334 3018 2373 suo
3042 2319 3221 2388 prmit,
3249 2320 3442 2375 accitis
3465 2320 3698 2376 Alexan-

2104 2407 2282 2462 driam
2330 2407 2528 2463 vicinis
2565 2407 2840 2477 episcopis
2865 2407 3130 2480 synodum
3171 2409 3335 2480 cogit,
3379 2419 3696 2480 quantoque

2106 2497 2162 2554 in
2208 2499 2527 2554 discrimine
2572 2508 2824 2554 versetur
2870 2499 3123 2555 universa
3174 2500 3439 2566 Ecclesia,
3485 2501 3696 2572 prolixe

2105 2590 2365 2646 ostendit.
2395 2589 2646 2661 Synodus
2677 2591 3014 2656 Nestorium,
3045 2591 3310 2648 discussis
3339 2594 3460 2665 ejus
3487 2593 3696 2664 cpisto-

2105 2681 2175 2738 lis
2207 2691 2270 2738 et
2295 2683 2636 2753 exegesibus,
2690 2683 3011 2739 harrcticum
3053 2685 3375 2755 pronuntiat
3407 2705 3432 2740 τ.
3461 2695 3698 2756 quatuor

2105 2772 2354 2829 decernit
2383 2774 2610 2845 legatos,
2635 2773 3074 2844 Theopemptum
3105 2773 3464 2840 Cabasorum,
3495 2777 3696 2832 Danie-

2103 2863 2210 2918 lcm
2257 2863 2620 2920 Darnensium
2671 2863 2978 2934 episcopos,
3021 2864 3378 2920 Potamonem
3422 2875 3478 2922 et
3515 2867 3696 2922 Maea-

2104 2955 2246 3010 rium
2278 2955 2546 3012 Ecclesiae
2569 2955 2957 3010 Alexandrina:
2982 2956 3285 3022 ministros,
3313 2957 3408 3028 qui
3429 2958 3699 3015 Constan-

2105 3043 2387 3113 tinopolim
2406 3043 2828 3114 proﬁciscantur
2848 3044 3120 3100 reddituri
3137 3045 3400 3115 epistolas
3413 3046 3698 3105 C(elestini

2103 3135 2208 3205 ipsi
2236 3135 2510 3201 Nestorio,
2555 3151 2682 3191 cum
2715 3134 2938 3192 decreto
2979 3135 3365 3203 damnationis,
3407 3139 3523 3193 nisi.
3553 3139 3704 3194 intra

2027 3219 2073 3278 C
2103 3226 2484 3296 prmscriptum
2537 3227 2728 3282 decem
2772 3227 2985 3283 dierum
3037 3229 3273 3299 spatium
3328 3229 3696 3300 resipiscerct.

2102 3317 2268 3374 Missa
2303 3319 2469 3390 igitur
2497 3318 2752 3374 Nestorio
2789 3318 3065 3390 synodalis
3105 3319 3359 3389 cpistola,
3411 3335 3532 3390 quae
3569 3319 3698 3376 ﬁdei

2103 3408 2424 3464 orthodoxa:
2453 3407 2854 3464 confessionem
2877 3416 2938 3463 et
2959 3408 3248 3464 duodecim
3271 3425 3524 3465 errorum
3561 3425 3697 3464 ana-

2105 3499 2484 3555 thematismos
2513 3499 2853 3555 continebat.
2883 3553 2888 3558 _

2173 3592 2259 3646 46.
2286 3591 2594 3658 Nestorius,
2629 3599 2852 3662 accepta
2879 3595 2982 3648 hac
3004 3593 3234 3663 epistola
3272 3593 3534 3665 lectisque
3562 3609 3696 3665 ana-

2105 3682 2488 3748 thematismis,
2527 3682 2584 3737 in
2621 3681 2884 3754 Cyrillum
2938 3684 3137 3740 horum
3187 3694 3468 3742 auctorem
3511 3663 3696 3742 insur-

2104 3792 2257 3850 gens,
2291 3776 2562 3832 haereseos
2603 3775 2938 3852 ‘Apoilinaris
2975 3793 3101 3832 eum
3142 3779 3438 3843 accusavit,
3479 3788 3594 3833 tum
3637 3789 3700 3835 ut

2105 3864 2198 3919 alii
2234 3865 2376 3920 idem
2410 3873 2734 3936 praestarent
2764 3866 2976 3920 effecit-
3005 3886 3023 3918 ι
3057 3865 3226 3938 Cujus
3265 3866 3544 3937 exemplar
3576 3868 3696 3938 epi-

2106 3957 2278 4022 stolae,
2341 3977 2360 4009 ι
2418 3957 2597 4028 inquit
2649 3957 2941 4012 Liberatus
2994 3957 3050 4012 in
3099 3958 3380 4014 Brevia‘rio
3424 3959 3492 4014 de
3533 3974 3698 4014 causa

2104 4049 2447 4116 Nestor-iano,
2483 4065 2603 4119 cap.
2643 4049 2698 4113 4,
2733 4067 2751 4099 ι
2794 4049 3122 4118 perveniens
3166 4050 3234 4105 ad
3284 4051 3547 4106 Joannem
3581 4051 3696 4107 An-

2107 4139 2444 4205 tiochenum,
2483 4139 2727 4194 offensus
2763 4146 2850 4193 est
2895 4139 2951 4192 in
3000 4138 3135 4208 ipsis
3175 4139 3364 4212 Cyrilli
3405 4141 3694 4211 capitulis;

2105 4229 2320 4300 putavit
2338 4230 2485 4298 enim
2509 4244 2659 4292 eum,
2691 4226 2820 4282 dum
2856 4228 3213 4284 immoderate
3241 4239 3558 4286 occurreret
3585 4231 3694 4286 Nc-

2107 4324 2298 4400 storio,
2353 4323 2409 4376 in
2455 4329 2657 4376 sectam
2704 4321 3037 4391 Apollinaris
3091 4321 3370 4376 incidisse.
3422 4322 3698 4377 Mandavit

2105 4429 2236 4486 ergo
2264 4413 2496 4470 Andrca:
2537 4421 2594 4467 et
2638 4411 2973 4467 Theodorito
3010 4411 3283 4484 episcopis
3323 4415 3542 4468 concilii
3587 4415 3696 4480 sui,

421 4544 629 4600 nosque
664 4527 730 4582 ad
765 4535 974 4582 certam
1003 4541 1297 4596 veramque
1323 4524 1484 4578 ﬁdem
1524 4524 1922 4581 instituuntur:
1973 4542 1996 4578 ι

2111 4513 2174 4560 ιιι
2214 4505 2419 4576 scripto
2451 4504 2848 4576 responderent
2892 4513 3085 4559 contra
3125 4505 3240 4576 ipsa
3275 4506 3562 4562 duodecim
3604 4522 3698 4561 ca-

2313 4602 2563 4613 .--__-__
2614 4593 2934 4613 Lamus-
2970 4593 3150 4613 LM-
3409 4612 3414 4613 ,
3473 4598 3508 4613 ..
3593 4597 3630 4613 η

421 4623 602 4692 ipsum
645 4621 906 4694 Cyrillum
949 4619 1198 4676 nominat
1237 4639 1256 4671 ε
1303 4619 1506 4674 bonum
1557 4627 1856 4690 pastorem,
1905 4619 2001 4689 qui

419 4714 660 4769 animam
703 4728 860 4768 suam
893 4718 1061 4782 ponat
1095 4726 1197 4782 pro
1227 4710 1425 4765 ovibus
1463 4711 1612 4778 suis;
1643 4709 2002 4766 fortissimum

421 4805 480 4862 in
509 4803 615 4860 ﬁde
652 4802 920 4860 servanda
949 4801 1365 4874 antagonistam,
1392 4801 1486 4872 qui
1514 4801 1759 4856 omnium
1791 4817 2004 4856 sermo-

411 4909 554 4951 .num
601 4892 840 4948 Nestorii
896 4891 1122 4946 technas
1168 4891 1386 4957 retexit,
1431 4891 1703 4962 ﬁdemque
1753 4891 1824 4946 ad
1877 4906 2005 4945 eum

421 4984 646 5043 modum
673 4983 1068 5046 corroboravit,
1104 4991 1166 5038 ut
1204 4983 1372 5038 corda
1419 4983 1475 5038 in
1513 4981 1794 5038 Christum
1832 4982 2008 5037 Deum

421 5085 672 5136 nostrum
698 5077 980 5134 crcdcntia
1027 5076 1084 5131 in
1128 5077 1354 5132 alteram
1398 5083 1612 5146 partem
1653 5075 1852 5130 abduci
1897 5090 2008 5130 non

422 5167 583 5224 facile
609 5173 852 5238 queant:
896 5184 914 5216 ι
965 5164 1198 5236 ideoque
1242 5164 1463 5220 tandem
1511 5163 1599 5218 bis
1641 5163 1828 5218 verbis
1872 5179 2008 5218 con-

421 5258 598 5315 cludit
623 5276 636 5312 :
669 5278 686 5310 ι
722 5257 1088 5326 Quamobrem
1115 5265 1315 5314 nostra:
1338 5255 1486 5311 sedis
1510 5253 1838 5310 auctoritate
1870 5255 2012 5310 asci-

425 5361 502 5414 ta,
529 5358 825 5421 nostraque
851 5350 970 5406 vice
993 5358 1050 5406 et
1073 5349 1196 5404 loco
1223 5363 1348 5403 cum
1369 5355 1641 5417 potestate
1675 5361 1826 5410 usus,
1859 5346 2011 5416 ejus-

424 5443 574 5499 modi
617 5459 730 5498 non
795 5442 1003 5514 absque
1041 5438 1312 5511 exquisita
1353 5436 1644 5492 severitate
1683 5436 2011 5492 sententiam

2109 4595 2282 4666 pitula
2313 4602 2570 4666 tanquam
2602 4593 2937 4665 Apollinaris
2963 4593 3159 4664 dogma
3183 4595 3564 4651 instaurantia.
3591 4597 3697 4652 Co-

2103 4700 2370 4757 gnosccns
2399 4685 2582 4756 itaque
2613 4684 2900 4740 Nestorius
2961 4684 3108 4753 quod
3135 4684 3374 4756 Cyrillus
3401 4703 3509 4741 non
3542 4697 3698 4757 pate-

2106 4785 2262 4832 retur
2314 4776 2614 4831 Ecclesiam
2666 4775 2746 4830 sic
2787 4789 2911 4829 esse
2962 4774 3017 4829 in
3069 4777 3600 4846 perturbationibus,
3645 4787 3700 4833 et

2106 4867 2340 4940 populos
2367 4866 2421 4920 in
2455 4866 2734 4931 seandalo,
2767 4865 3042 4937 subripuit
3065 4867 3157 4937 pio
3190 4867 3425 4937 principi
3452 4867 3701 4921 Theodo-

2107 4964 2210 5030 sio,
2237 4971 2300 5018 ut
2327 4961 2548 5018 Sacram
2585 4960 2652 5016 ad
2678 4977 2810 5016 eum
2835 4961 3115 5033 dirigeret,
3151 4970 3206 5016 et
3239 4977 3270 5015 a
3295 4976 3392 5015 sua
3415 4975 3541 5016 eum
3575 4977 3701 5032 pcr-

2108 5055 2389 5110 sccutione
2416 5061 2810 5124 compesceret.
2853 5053 2923 5108 Et
2961 5051 3186 5122 scripsit
3222 5050 3446 5121 quidem
3479 5051 3547 5106 ad
3575 5067 3702 5106 eum

2110 5143 2333 5199 Sacram
2369 5143 2683 5214 imperator,
2711 5158 2946 5215 arguens
2969 5159 3094 5197 eum
3118 5151 3370 5212 tanquam
3396 5141 3700 5212 inquietum

2109 5243 2166 5290 et
2196 5234 2453 5290 scandala
2483 5241 2806 5301 sectantem,
2837 5234 2933 5306 qui
2971 5235 3089 5289 sine
3129 5233 3408 5289 consortio
3442 5233 3698 5290 sacerdo-

2115 5335 2230 5382 tum
2261 5333 2448 5398 ageret
2467 5333 2634 5396 atquc
2666 5325 2954 5382 scriberet.

2181 5439 2210 5512 ᾗ
2235 5438 2328 5495 IX.
2356 5437 2650 5496 Concilium
2685 5439 3032 5564 Ερέιὲῒὲιῖιιέιῖἒ.
3063 5437 3288 5494 Ηωνεείε
3313 5437 3630 5494 Nestorianu

425 5535 776 5605 exsequeris:
811 5548 1030 5604 nempe,
1066 5538 1147 5595 ut,
1192 5527 1301 5584 nisi
1343 5527 1533 5582 decem
1580 5526 1797 5581 dierum
1837 5527 2013 5581 inter-

433 5628 576 5682 vallo
604 5627 674 5682 ab
704 5627 870 5698 hujus
894 5630 1096 5679 nostra:
1120 5617 1506 5675 admonitionis
1531 5617 1620 5672 die
1644 5617 2012 5672 numerando—
2183 5623 2271 5678 47.
2302 5621 2648 5678 Theodosius
2670 5621 2988 5692 imperator,
3017 5637 3084 5676 eo
3117 5638 3232 5677 rem
3263 5621 3584 5692 perductam
3617 5633 3705 5673 ra-

441 5733 592 5780 rum,
635 5715 901 5771 nefariam
941 5711 1248 5767 doctrinam
1301 5725 1453 5766 suam
1507 5707 1786 5779 conceptis
1829 5708 2016 5765 verbis
2116 5719 2207 5766 tus
2259 5717 2321 5764 ut
2349 5724 2488 5778 opus
2522 5717 2669 5766 esset
2689 5709 2984 5764 universali
3013 5710 3264 5774 concilio,
3303 5710 3530 5764 Romam
3553 5707 3704 5763 misit

443 5805 889 5871 anathematizct,
916 5818 1145 5872 eamque
1175 5802 1242 5858 de
1268 5800 1468 5858 Christi
1509 5799 1604 5855 Dei
1646 5798 1816 5855 nostri
1847 5815 2011 5871 genc-
2120 5801 2175 5855 S.
2208 5799 2524 5856 Petronium
2551 5801 2761 5872 (postea
2791 5811 3037 5858 creatqu
3068 5801 3462 5856 Bononienscm
3491 5799 3704 5870 cpisco-
