4076 6306
363 355 438 411 29
1182 384 1190 391 -
1721 357 1776 413 s.
1818 328 2094 414 cmeLt
2134 356 2314 413 vm.
3574 360 3645 415 so

360 485 513 540 pum,
546 469 614 524 de
652 484 763 539 quo
803 486 856 525 tv
898 441 1158 525 Celebris
1200 469 1446 541 agemus)
1485 470 1557 525 ad
1600 470 1957 527 leestinum
1988 474 2031 533 Α
2061 485 2170 523 non
2205 468 2432 524 concedi
2472 468 2644 523 soleat
2673 468 2739 527 iis
2767 471 2970 539 quibus
2996 471 3243 527 creditur
3273 472 3478 528 vicaria
3507 488 3647 546 pne-

361 577 579 633 papam,
614 570 679 616 ut
712 562 917 631 Ephesi
947 562 1077 630 ejus
1098 561 1423 615 auctoritate
1452 562 1748 617 concilium
1783 563 1953 623 hahe-

361 662 536 717 retur,
568 653 805 708 maxime
834 651 981 722 quod
1019 667 1131 706 non
1174 651 1465 707 Nestorius
1503 662 1735 718 tantum,
1774 653 1870 711 sed
1898 662 1955 708 et

360 744 596 816 Cyrillus
627 746 901 800 haereseos
936 750 1309 798 accusaretur.
1351 762 1373 794 ‹
1408 744 1539 799 Post
1575 743 1690 799 hsce
1733 744 1955 814 scripsit

372 835 595 891 Sacram
625 836 693 889 ad
717 835 1007 891 universos
1035 834 1345 904 episcopos,
1359 844 1423 888 ut
1446 833 1722 904 Ephesum
1747 850 1952 891 conve-

361 928 565 993 nirent,
610 936 667 983 et
712 927 1027 983 conferrent
1072 926 1142 982 de
1184 926 1423 982 Nestorii
1465 926 1722 992 lihris,ct
1758 926 1950 999 Cyrilli

358 1020 629 1090 judicium
659 1018 1052 1089 expenderent.
1097 1036 1116 1069 ι
1150 1017 1230 1072 Ita
1262 1017 1556 1074 Liberatus
1587 1033 1707 1088 cap.
1738 1018 1789 1073 5.
1819 1017 1952 1085 Quae

364 1119 510 1182 gesta
544 1111 634 1165 hic
662 1119 811 1173 sunt,
844 1110 1105 1164 universa
1147 1108 1397 1180 proferre
1437 1109 1656 1164 animus
1690 1124 1802 1164 non
1842 1118 1946 1164 est.

364 1201 486 1271 Ipsa
530 1201 750 1257 concilii
783 1201 914 1256 Acta
956 1201 1160 1271 passim
1200 1208 1437 1266 exstant,
1476 1216 1653 1271 eaque
1691 1201 1950 1271 praeclare

365 1291 613 1345 discussa
631 1306 679 1357 ,a
708 1290 941 1345 Bamio
968 1291 1039 1345 ad
1067 1291 1216 1347 hunc
1245 1305 1455 1347 annum
1493 1290 1620 1355 451,
1654 1290 1750 1360 qui
1792 1305 1948 1344 num.

363 1380 435 1435 57
463 1381 533 1436 de
557 1381 828 1452 episcopis
860 1381 931 1437 ad
968 1382 1237 1454 synodum
1268 1383 1618 1439 venientibus
1644 1398 1835 1455 agens,
1872 1383 1950 1440 ita

363 1471 625 1543 Cyrillum
647 1472 834 1528 laudat
859 1489 878 1527 :
914 1491 935 1525 ι
967 1472 1118 1531 Inter
1142 1490 1336 1537 omnes
1357 1475 1596 1547 Cyrillus
1614 1476 1808 1549 prim
1824 1485 1950 1547 post

362 1563 662 1619 Romanam
691 1565 1052 1637 praerogativa
1081 1565 1251 1631 sedis,
1284 1575 1344 1622 et
1378 1566 1553 1638 ipsius
1586 1568 1778 1638 prima:
1799 1568 1948 1626 sedis

340 1653 565 1710 -vicaria
598 1655 946 1726 praefectura,
980 1656 1222 1728 reliquos
1241 1673 1437 1714 omnes
1461 1658 1753 1729 episcopos
1787 1666 1945 1715 ante-

360 1747 582 1812 cellens,
612 1747 835 1813 enituit,
859 1738 1024 1819 atquc
1062 1749 1237 1820 magis
1263 1750 1544 1821 magisque
1576 1752 1703 1805 cum
1726 1765 1945 1807 morum

2055 561 2269 616 fectura
2310 561 2396 620 vel
2450 560 2650 630 legatio
2694 577 2727 616 a
2774 562 2980 629 latere,
3025 572 3085 619 ct
3131 573 3294 636 negat
3337 565 3647 636 exemplum

2057 651 2225 722 (quod
2256 652 2482 722 quidem
2515 653 2631 723 ipse
2655 652 2827 723 norit)
2846 663 3063 710 exstare
3094 655 3383 724 potestatis
3408 657 3648 726 ejusmo-

2053 742 2109 798 di
2138 743 2208 799 ad
2242 750 2496 814 posteros
2523 754 2856 816 propagatae,
2887 761 3000 808 non
3029 746 3338 817 insignibus
3369 746 3524 812 solis,
3551 747 3649 802 sed

2052 836 2399 911 auctoritatis
2428 852 2648 906 quoque
2683 837 3060 907 usurpatione.
3105 838 3361 909 Episcopi
3406 837 3649 895 Orientis

2051 928 2277 983 Mennas
2305 927 2969 998 Constantinopolitanus,
3015 928 3341 984 Theodorus
3384 929 3647 986 Caesarea:

2049 1016 2429 1089 Cappadociae,
2470 1018 2721 1074 Andreas
2751 1017 3083 1088 Ephesinus,
3115 1018 3318 1088 aliique
3347 1021 3645 1090 quamplu-

2051 1109 2175 1164 rimi
2216 1110 2272 1164 in
2301 1110 2644 1180 professione
2672 1111 2850 1180 prima
2879 1108 3005 1164 ﬁdei
3031 1125 3196 1180 quam
3226 1110 3295 1164 ad
3335 1109 3392 1164 S.
3424 1110 3646 1181 Euphe-

2050 1201 2174 1256 miar.
2227 1202 2491 1273 templum
2548 1202 3027 1272 Constantinopoli
3080 1201 3139 1267 in
3196 1201 3387 1275 quinta
3435 1201 3646 1273 synodo

2049 1293 2409 1361 mcumenica,
2474 1309 2564 1350 an.
2601 1293 2734 1351 Chr.
2783 1293 2907 1357 555,
2936 1291 3208 1357 fecerunt,
3272 1311 3289 1343 ι
3338 1291 3644 1363 suscipiunt

2048 1392 2285 1455 quatuor
2326 1393 2546 1441 sanctas
2575 1384 2833 1457 synodos,
2863 1391 2920 1440 et
2961 1383 3107 1439 inter
3148 1382 3269 1438 illas
3308 1382 3643 1454 Ephesinam

2047 1476 2281 1548 primam
2325 1476 2710 1541 ducentorum,
2758 1475 2817 1530 in
2854 1491 2963 1546 qua
2999 1475 3056 1529 in
3094 1474 3288 1545 legatis
3328 1474 3444 1529 suis
3478 1484 3644 1545 atquc

2046 1569 2289 1635 vicariis,
2321 1569 2377 1625 id
2398 1579 2504 1635 est,
2533 1569 2853 1625 beatissimo
2882 1569 3092 1641 Cyrillo
3118 1567 3504 1625 Alexandrinae
3542 1585 3642 1623 ur-

2046 1662 2134 1718 bis
2161 1661 2441 1732 episcopo,
2472 1661 2713 1717 Arcadio
2747 1670 2806 1716 et
2844 1662 3097 1732 Projccto
3129 1660 3404 1731 episcopis
3424 1668 3482 1714 et
3507 1660 3639 1717 Phi-

2044 1753 2194 1824 lippo
2221 1754 2575 1825 presbytero,
2621 1752 2977 1808 beatissimus
3016 1751 3349 1807 Coelestinus
3376 1767 3516 1823 papa
3549 1767 3639 1807 se-

356 1840 574 1911 egregia
626 1841 936 1903 sanctitate,
987 1848 1103 1895 tum
1143 1842 1343 1897 eximia
1389 1841 1701 1898 div'narum
1752 1859 1941 1901 rerum
1976 1827 2016 1881 Β
2043 1845 2216 1902 nioris
2243 1845 2689 1902 Romanoscitur
2717 1844 3090 1916 praesedisse.»

357 1929 586 1985 scientia
607 1931 824 1985 claruit.
853 1951 872 1981 ι
898 1930 1059 1986 Certe
1078 1945 1307 2003 magnus
1322 1932 1672 2005 Euthymius,
1688 1942 1751 1990 ut
1770 1934 1827 1990 in
1842 1935 1941 1991 Vi-

360 2033 411 2078 ta
442 2023 563 2094 ejus
589 2023 788 2094 legitur
817 2038 886 2077 xx
908 2022 1179 2087 Januarii,
1203 2040 1356 2079 num.
1389 2027 1480 2091 55,
1517 2044 1537 2078 ι
1565 2041 1691 2082 cum
1714 2026 1785 2083 ad
1807 2042 1953 2100 syn-‘

357 2115 523 2168 odum
551 2129 775 2184 quoque
791 2116 1111 2170 conventuri
1135 2126 1320 2172 essent
1347 2117 1591 2188 episcopi
1617 2119 1939 2184 Palaestinas,

357 2204 510 2273 jubet
562 2206 731 2261 Petro
774 2206 1030 2277 episcopo
1077 2205 1498 2273 Saracenorum,
1541 2218 1603 2265 ut
1651 2211 1949 2268 accederet

357 2295 557 2367 Cyrillo
601 2298 945 2353 Alexandria:
983 2306 1041 2353 et
1078 2298 1279 2354 Aeacio
1316 2300 1604 2357 Melitenes
1647 2304 1941 2375 episcOpis,

356 2398 420 2442 ut
462 2404 586 2459 qua:
629 2391 712 2445 eis
759 2391 1099 2455 viderentur,
1143 2407 1203 2447 se
1253 2408 1476 2463 quoque
1524 2394 1635 2450 illis
1686 2396 1946 2451 assentiri

358 2480 735 2550 proﬁteretur;
757 2500 779 2533 ›
798 2498 947 2547 nam,
965 2493 1027 2538 ut
1049 2498 1204 2537 num.
1228 2483 1298 2539 54
1319 2484 1548 2551 dicitur,
1574 2504 1593 2537 ι
1613 2493 1947 2558 exposuerat

357 2570 409 2623 ei
443 2569 717 2641 Synodius
740 2570 808 2627 de
838 2572 1046 2645 Cyrilio
1067 2574 1439 2630 Alexandrino
1466 2583 1525 2631 et
1553 2576 1754 2632 Acacio
1784 2576 1943 2631 Meli-

358 2667 554 2726 tcnaeo,
576 2663 1032 2732 quemadmodum
1055 2680 1241 2721 aerem
1270 2673 1327 2722 et
1353 2667 1739 2724 vehementem
1762 2670 1946 2725 zelum

359 2755 713 2813 ostenderent
746 2772 849 2828 pro
881 2758 989 2815 iidc
1021 2761 1347 2817 orthodoxa.
1386 2779 1411 2813 ι

423 2866 514 2923 48.
565 2866 703 2924 Suas
748 2867 954 2944 Cyrillo
999 2872 1152 2929 vices
1201 2871 1538 2929 concessisse
1582 2871 1941 2930 Caelestinum

358 2958 524 3043 misso
548 2960 804 3033 phrygio,
844 2977 940 3018 seu
983 2964 1166 3030 mitra,
1207 2965 1416 3021 indicat
1458 2966 1781 3022 Theodorus
1814 2967 1940 3022 Bal-

356 3068 543 3108 samon
562 3054 619 3108 in
648 3053 1020 3111 Nomocanone
1050 3056 1251 3123 Photii,
1282 3056 1444 3113 titulo
1461 3056 1514 3123 8,
1536 3074 1656 3129 cap.
1694 3058 1717 3112 l
1744 3077 1757 3113 :
1790 3078 1807 3110 ι
1830 3059 1943 3113 Ηυ-

348 3144 451 3215 jus
488 3159 708 3217 quoque
749 3146 1012 3217 temporis
1049 3147 1359 3218 patriarcha
1398 3147 1829 3213 Alexandrinus,
1869 3165 1937 3204 ex

356 3236 608 3306 praesenti
638 3236 820 3293 edicto
841 3237 933 3310 jus
967 3238 1132 3295 habet
1154 3247 1215 3294 ut
1251 3256 1378 3295 cum
1405 3240 1634 3312 phrygio
1665 3240 1930 3295 celebret.

356 3325 557 3382 ilabuit
592 3334 775 3383 autem
807 3328 949 3385 hanc
977 3328 1291 3385 facultatem
1330 3329 1387 3385 S.
1427 3329 1663 3413 Cyrillus
1698 3329 1933 3384 Alexan-

354 3418 549 3474 drinus
565 3436 596 3475 a
619 3420 867 3477 Romano
884 3437 1024 3493 papa
1043 3421 1361 3488 leestino,
1391 3422 1611 3493 quando
1629 3421 1735 3477 fuit
1756 3421 1937 3492 Ephe-

352 3510 473 3566 sina
501 3513 738 3584 synodus
765 3512 1029 3569 adversus
1058 3506 1394 3570 Nestorium.
1425 3514 1563 3570 Cum
1594 3529 1706 3569 non
1750 3521 1937 3584 posset

352 3600 684 3659 lecstinus
721 3605 912 3661 adesse
950 3606 1176 3676 Ephesi,
1220 3614 1278 3662 et
1306 3607 1556 3679 judicare
1596 3606 1931 3669 Nestorium,

354 3693 534 3748 visum
570 3702 653 3749 est
685 3705 746 3751 ut
772 3695 828 3751 S.
860 3696 1066 3770 Cyrillo
1111 3712 1143 3753 a
1181 3696 1476 3754 Caelestino
1522 3697 1936 3769 permitteretur

353 3783 485 3840 huic
532 3785 740 3857 synodo
781 3788 1100 3858 praesidere.
1138 3788 1211 3846 Ut
1256 3788 1441 3858 itaque
1486 3803 1614 3842 eum
1657 3793 1936 3842 constaret

353 3877 558 3932 habere
576 3877 671 3948 jus
693 3887 750 3933 et
773 3879 1156 3935 auctoritatem
1181 3894 1357 3951 papas,
1382 3877 1526 3933 sedit
1542 3893 1669 3932 cum
1694 3877 1930 3950 phrygio

353 3976 409 4023 ct
425 3968 808 4026 condemnavit
830 3970 1160 4027 Nestorium.
1178 3971 1263 4027 Ab
1287 3985 1355 4026 eo
1367 3986 1499 4042 ergo
1530 3978 1777 4041 tempore
1804 3985 1931 4026 cum

353 4060 550 4115 eodem
579 4062 811 4134 phrygio
842 4063 1151 4119 sacrificant
1176 4071 1234 4120 ct
1263 4063 1573 4134 procedunt
1603 4064 1934 4134 patriarchae

352 4151 728 4218 Alexandrini,
761 4161 818 4209 et
859 4170 969 4211 non
1010 4163 1275 4211 verentur
1312 4155 1662 4224 reprehendi.
1708 4174 1728 4208 ι
1760 4155 1931 4210 Baro-

351 4244 479 4301 nius
497 4261 587 4302 an.
612 4245 746 4302 Chr.
780 4246 903 4312 430,
934 4263 990 4302 n.
1028 4246 1120 4311 26,
1153 4263 1254 4318 per
1282 4248 1572 4320 phrygium
1599 4246 1929 4318 interpreta-

354 4347 443 4394 tur
478 4339 725 4410 pallium.
774 4339 1099 4395 Theodorus
1138 4339 1313 4411 λῶρον
1358 4341 1613 4412 scripsit,
1654 4355 1760 4411 qua
1795 4355 1931 4396 voce

351 4431 571 4486 mitram
608 4432 793 4503 potius
822 4430 1119 4502 significari
1148 4431 1310 4487 docet
1336 4430 1663 4502 Spondanus
1684 4431 1753 4487 ad
1781 4432 1932 4488 hunc

2117 1956 2205 2011 49.
2240 1955 2571 2013 Convolarat
2617 1956 2895 2026 Ephesum
2945 1956 3129 2011 statim
3178 1963 3304 2025 post
3346 1953 3640 2011 Paschales

2044 2048 2209 2103 ferias
2238 2048 2544 2112 Nestorius,
2568 2062 2762 2119 magna
2803 2048 2991 2118 populi
3031 2048 3266 2117 stipatus
3305 2046 3634 2115 frequentia.

2045 2139 2236 2195 Adfuit
2260 2148 2316 2194 et
2345 2139 2585 2211 Cyrillus
2616 2140 2768 2194 cultu
2810 2147 2868 2194 ct
2912 2144 3177 2209 apparatu
3208 2136 3491 2207 pontificio
3532 2136 3637 2191 sub

2046 2232 2400 2288 Pentecostes
2439 2218 2841 2286 Solemnitatem
2881 2271 2896 2294 ,
2941 2237 3068 2300 post
3102 2244 3266 2299 quam
3311 2236 3512 2297 quarto
3544 2226 3636 2281 dic

2045 2322 2269 2380 advenit
2295 2322 2576 2379 Iuvenalis
2596 2322 3099 2392 Hierosolymorum
3143 2321 3458 2390 episcopus.
3487 2320 3634 2375 Con-

2045 2424 2318 2474 venerunt
2351 2415 2593 2485 denique
2626 2429 2752 2469 cum
2798 2414 2886 2469 his
2923 2414 3148 2471 ducenti
3196 2422 3254 2469 et
3281 2428 3350 2468 eo
3392 2412 3637 2481 amplius

2043 2508 2309 2581 episcopi.
2338 2507 2526 2564 Solum
2549 2505 2974 2576 exspectabatur
3000 2504 3236 2560 Joannes
3256 2501 3636 2557 Antiochenus

2045 2620 2171 2662 cum
2202 2600 2479 2674 episcopis
2500 2599 2691 2672 Syrias,
2728 2597 2848 2669 qui,
2880 2605 2941 2652 ut
2975 2596 3236 2652 Nestorio
3285 2609 3496 2650 morem
3543 2609 3636 2664 ge—

2044 2704 2214 2761 reret,
2243 2695 2535 2766 plusquam
2564 2689 2938 2746 hcbdomadas
2961 2688 3101 2743 duas
3133 2688 3279 2743 ultra
3319 2685 3634 2742 condictum

2043 2789 2191 2844 diem
2234 2792 2498 2851 moratus,
2533 2782 2756 2838 tandem
2786 2781 3043 2837 Patribus
3076 2779 3339 2835 indicavit
3365 2793 3465 2847 per
3495 2776 3635 2831 duos

2043 2880 2499 2951 metropolitanos
2542 2890 2697 2940 suos,
2748 2889 2859 2931 non
2899 2888 3022 2929 esse
3062 2871 3332 2944 synodum
3367 2868 3632 2924 differen-

2043 2970 2189 3025 dam.
2218 2969 2411 3040 Magno
2439 2981 2573 3037 ergo
2608 2965 2994 3034 episcoporum
3023 2976 3291 3027 consensu
3346 2959 3630 3014 decretum
3708 3004 3731 3027 ,

2042 3071 2128 3118 est
2164 3060 2433 3133 synodum
2463 3058 2709 3113 inchoari
2739 3062 3013 3126 Oportcre.
3038 3052 3279 3109 Collecta
3313 3066 3380 3107 ca
3401 3057 3486 3105 est
3519 3066 3628 3103 χχιι

2041 3153 2187 3209 Junii
2214 3153 2268 3206 in
2294 3150 2527 3207 ecclesia
2546 3148 2905 3209 sanctissimae
2937 3146 3035 3201 Dei
3053 3143 3388 3202 Genitricis:
3419 3156 3626 3212 praise-

2036 3245 2119 3300 dit
2141 3244 2375 3316 Cyrillus
2403 3240 2684 3298 leestini
2719 3254 2874 3309 papa:
2914 3236 3154 3293 vicarius
3183 3252 3196 3289 :
3246 3234 3621 3289 interfuerunt

2032 3336 2273 3407 episcopi
2298 3335 2587 3405 plusquam
2608 3329 2854 3387 ducenti.
2879 3329 3143 3385 Perlectae
3167 3325 3516 3397 imperatoris
3539 3327 3630 3379 lit-

2033 3437 2201 3493 ιρι-ω,
2245 3427 2451 3499 quibus
2497 3426 2791 3497 episcopos
2850 3421 2920 3478 ad
2965 3420 3233 3493 synodum
3284 3427 3629 3475 evocaverat.

2030 3521 2321 3576 Nestorius
2341 3520 2504 3576 tertio
2525 3520 2747 3583 citatus,
2774 3516 2970 3573 abnuit
2994 3514 3218 3585 prodire
3245 3532 3258 3567 :
3283 3528 3350 3568 eo
3377 3513 3629 3591 neglecto

2033 3614 2146 3669 itur
2175 3613 2245 3668 ad
2283 3613 2605 3686 synodicam
2637 3609 3088 3682 dijudicationem
3121 3623 3135 3660 :
3181 3605 3487 3661 recitantur
3522 3620 3624 3674 pu-

2030 3705 2177 3761 blice
2211 3705 2445 3761 Nicmnas
2482 3703 2611 3757 ﬁdei
2640 3698 2971 3773 symbolum,
3010 3697 3325 3761 conciones,
3358 3695 3625 3765 epistola,

2030 3795 2202 3852 libelli
2233 3811 2298 3851 ac
2338 3802 2606 3850 tractatus
2634 3791 2875 3867 Nestorii
2902 3808 2916 3845 :
2958 3798 3127 3846 testes
3166 3787 3235 3843 de
3266 3783 3624 3856 blasphemiis

2030 3885 2103 3941 ab
2140 3896 2211 3941 eo’
2252 3885 2307 3940 in
2348 3884 2632 3940 Christum
2670 3897 2735 3937 ac
2766 3880 3055 3951 Deiparam
3093 3877 3372 3948 Virginem
3403 3875 3623 3947 jactatis

2029 3977 2411 4048 producuntur
2443 3993 2457 4030 :
2489 3974 2677 4047 Cyrilli
2705 3972 2775 4029 ad
2810 3971 3149 4035 Nestorium,
3179 3977 3239 4024 ct
3260 3968 3426 4039 hujus
3460 3965 3529 4021 ad
3556 3966 3625 4020 il-

2029 4068 2143 4123 lum
2164 4066 2362 4122 litterae
2389 4065 2670 4136 leguntur.

2098 4157 2186 4213 50.
2222 4155 2434 4223 Quibus
2458 4152 2720 4211 omnibus
2748 4149 2989 4221 graviter
3009 4157 3067 4204 et
3092 4152 3350 4203 accurate
3386 4158 3621 4214 perpen-

2029 4249 2126 4312 sis,
2154 4247 2223 4305 ab
2249 4245 2571 4317 episcopatu
2606 4241 3069 4310 saccrdotumque
3108 4234 3387 4293 consortio
3423 4234 3623 4288 Nesto-

2029 4339 2147 4393 rius
2162 4335 2439 4409 dcjicitur,
2458 4332 2901 4390 constantissima
2925 4330 3096 4385 totius
3111 4326 3305 4398 synodi
3327 4322 3622 4389 sententia,

2028 4433 2655 4505 Cyrillicreterorumque
2675 4415 2922 4483 omnium
2959 4425 3345 4496 episcoporum
3385 4421 3617 4477 subseri.

352 4534 575 4585 annum,
612 4520 934 4591 interposita
963 4520 1123 4576 docta
1150 4522 1366 4593 phrygii
1400 4522 1779 4592 explicatione.
1826 4522 1924 4576 lsi-
1958 4538 2001 4594 ι)
2029 4525 2215 4597 ptiOne
2244 4522 2477 4578 munita.
2506 4522 2584 4576 Ea
2610 4520 2687 4575 ita
2710 4518 2949 4574 refertur
2977 4524 3021 4572 t.
3045 4516 3113 4582 Il,
3139 4531 3259 4585 cap.
3296 4513 3394 4569 1οε
3434 4532 3452 4563 ρ
3483 4512 3623 4569 San-

350 4612 538 4678 dorus,
581 4613 681 4667 lib.
714 4626 804 4667 xrx
834 4608 1157 4684 Etymolog.,
1191 4629 1312 4684 cap.
1344 4613 1444 4667 διε
1484 4633 1503 4665 ι
1540 4613 1697 4668 Mitra
1728 4623 1814 4668 est
1844 4614 1928 4684 pi-

350 4705 499 4760 lcum
530 4705 843 4777 phrygium,
867 4712 1034 4776 caput
1052 4712 1364 4777 protegens.
1402 4724 1422 4757 ι
1459 4704 1928 4772 Quemadmodum

350 4803 407 4851 et
450 4796 797 4868 Nicephorus
831 4796 1044 4867 accepit
1088 4796 1190 4851 lib.
1237 4812 1348 4861 XIV,
1396 4812 1516 4866 cap.
1569 4796 1659 4863 54,
1712 4796 1808 4852 ubi
1856 4796 1931 4851 ita

352 4886 544 4941 scribit
571 4903 585 4941 :
619 4906 638 4937 ε
673 4885 1002 4941 lecstinus
1033 4887 1218 4942 Romae
1246 4887 1558 4956 episcopus,
1586 4897 1812 4958 propter
1836 4902 1933 4942 na-

352 4976 640 5046 vigationis
664 4979 931 5050 pericula,
968 4978 1084 5049 ipse
1116 4979 1325 5050 synodo
1346 4979 1536 5032 adesse
1566 4979 1926 5033 detrectavit:

356 5067 423 5122 ad
452 5067 710 5140 Cyrillum
749 5078 953 5132 tamen,
987 5078 1048 5123 ut
1084 5070 1276 5124 locum
1313 5069 1388 5122 ibi
1427 5085 1587 5124 suum
1633 5070 1927 5133 obtineret,

351 5160 592 5231 scripsit.
627 5161 704 5215 Ex
747 5177 857 5232 quo
895 5168 1142 5231 tempore
1185 5160 1326 5214 fama
1365 5169 1468 5223 est,
1514 5160 1731 5214 mitram
1776 5160 1929 5214 illum

356 5251 562 5329 (Graece
606 5252 665 5305 τὸ
694 5257 795 5323 τῆς
832 5252 1031 5323 μίτρας
1063 5250 1323 5321 ἐπίθεμα)
1363 5261 1419 5306 et
1448 5267 1600 5321 papae
1615 5252 1932 5321 appellatio-

352 5357 497 5405 nem,
532 5353 695 5413 atque
742 5350 805 5398 ut
842 5341 994 5396 orbis
1034 5340 1277 5395 universi
1316 5340 1483 5409 judex
1538 5341 1927 5409 appellaretur,

346 5430 645 5502 accepisse.
690 5451 708 5482 ι
743 5431 823 5486 Ex
838 5430 1039 5500 quibus
1060 5431 1262 5499 colligit
1287 5430 1633 5499 Spondanus,
1671 5448 1688 5478 ‹
1724 5429 1931 5497 priscos

348 5520 470 5576 illos
502 5522 796 5592 episcopos
827 5522 1123 5576 orientales
1147 5521 1327 5575 mitris
1348 5520 1427 5575 uti
1450 5521 1674 5574 minime
1702 5535 1932 5574 consue-

342 5614 508 5679 visse,
544 5622 599 5669 ct
632 5629 791 5683 papa:
816 5613 1285 5667 nomenclaturam
1323 5612 1471 5667 haud
1510 5612 1597 5674 iis,
1639 5612 1781 5665 sicut
1814 5620 1932 5665 erat

344 5707 811 5769 occidentalibus,
849 5704 1017 5760 fuisse
1040 5720 1405 5759 communem.
1440 5725 1457 5756 ι
1498 5704 1785 5759 Existimat
1826 5703 1930 5756 Ba-

341 5800 533 5856 ronius
575 5799 720 5855 nihil
761 5798 965 5864 Cyrillo
1011 5810 1329 5853 Concessum
1367 5814 1395 5852 a
1428 5797 1742 5860 lecstino,
1785 5794 1927 5862 quod

2030 4625 2116 4672 cta
2133 4615 2372 4688 synodus
2393 4612 2532 4668 dixit
2563 4611 2737 4668 :Cum
2766 4610 2911 4666 inter
2944 4617 3139 4666 caetera
3177 4605 3623 4679 religiosissimus

2028 4705 2335 4770 Nestorius,
2384 4718 2566 4773 neque
2622 4708 2826 4757 nostra:
2866 4698 3116 4771 citationi
3161 4714 3391 4769 parere,
3443 4713 3623 4768 neque

2030 4797 2405 4852 sanctissimos
2455 4809 2676 4849 rursum
2735 4791 3287 4864 religiosissimosque
3336 4789 3624 4861 episcopos

2029 4898 2249 4944 nostros
2296 4887 2366 4942 ad
2413 4902 2473 4941 se
2512 4885 2711 4941 missos
2751 4883 3044 4939 admittere
3081 4882 3341 4947 voluerit,
3373 4898 3483 4936 non
3523 4896 3625 4951 po-

2032 4978 2236 5034 tuimus
2262 4976 2329 5031 ad
2354 4992 2543 5031 eorum
2593 4992 2716 5047 qua:
2736 4974 2903 5046 impie
2928 4974 3115 5032 docuit
3162 4970 3627 5029 cxaminationem

2031 5069 2273 5123 animum
2322 5083 2434 5122 non
2479 5066 2797 5138 adjungere.
2841 5065 3036 5121 Edocti
3083 5065 3266 5133 itaque
3309 5062 3509 5131 partim
3553 5078 3621 5116 ex

2030 5159 2233 5215 litteris
2265 5159 2785 5229 commentariisque
2829 5157 2978 5212 illius
3017 5154 3109 5210 hic
3157 5152 3377 5223 publice
3428 5153 3621 5216 lectis,

2031 5253 2229 5324 partim
2266 5267 2485 5307 rursum
2527 5267 2595 5305 ex
2627 5250 2986 5306 concionibus
3047 5260 3184 5315 quas
3218 5244 3273 5297 in
3308 5244 3410 5299 hac
3440 5244 3626 5313 Ephe-

2032 5345 2238 5399 siorum
2266 5344 2555 5413 metropoli
2590 5342 2815 5407 habuit,
2850 5339 3051 5410 partim
3096 5335 3331 5405 denique
3366 5353 3431 5390 ex
3469 5335 3622 5389 testi-

2032 5434 2137 5488 bus
2160 5434 2264 5489 tide
2300 5434 2500 5504 dignis,
2535 5432 2688 5487 illum
2726 5431 2893 5500 impie
2930 5427 3130 5482 docere
3176 5435 3233 5481 et
3272 5441 3486 5495 sapere,
3523 5440 3623 5493 per

2033 5540 2220 5579 sacros
2263 5541 2522 5586 canones,
2567 5519 3010 5590 sanetissimique
3060 5519 3318 5573 Romanre
3360 5514 3621 5570 Ecclesiae

2030 5615 2273 5685 episcopi
2309 5613 2589 5671 leestini
2632 5611 2804 5682 patris
2840 5610 3015 5665 nostri
3058 5610 3300 5671 litteras,
3357 5606 3617 5676 lacrymis

2033 5701 2226 5755 suffusi
2255 5712 2312 5756 et
2337 5718 2476 5770 pene
2502 5700 2655 5754 inviti
2686 5699 2754 5753 ad
2787 5699 3075 5769 lugubrem
3113 5700 3250 5752 hanc
3286 5694 3612 5751 sententiam

2035 5811 2312 5865 urgemur.
2365 5795 2533 5864 Igitur
2583 5794 2845 5849 Dominus
2894 5800 3078 5848 noster
3127 5793 3286 5847 Jesus
3336 5788 3611 5851 Christus,

3718 4574 3747 4591 ν
