4076 6306
418 353 480 409 ³¹
1753 355 1809 412 s.
1852 351 1937 411 ev
1948 350 2132 409 RlLLl
2170 348 2353 407 VITA.
3422 412 3427 433 ἶ
3592 344 3664 401 53

412 483 577 538 quem
626 467 742 523 suis
780 465 871 523 ille
913 444 1248 538 blasphemis
1270 437 1511 525 tocibus
1553 469 1842 540 impetivit,
1891 486 1991 540 per
2019 478 2059 530 Α
2090 467 2176 521 sui
2216 474 2273 521 et
2316 479 2443 520 cum
2489 465 2675 521 multis
2715 467 3044 539 Pelagianis,
3078 466 3174 537 qui
3223 471 3513 537 cognatum
3557 464 3664 521 sibi

413 574 625 614 sacram
656 558 796 613 hanc
838 558 1125 631 synodum,
1166 560 1420 617 eumdem
1467 561 1801 626 Nestorium,
1837 561 1987 616 omni

412 663 640 718 prorsus
669 647 963 718 episcOpali
996 650 1260 720 dignitate
1298 651 1594 721 privatum,
1647 661 1705 707 et
1746 653 1816 708 ab
1860 654 1986 707 uni-

412 756 572 795 verso
610 741 968 797 nihilominus
1026 743 1375 798 sacerdotum
1420 743 1699 799 consortio
1741 752 1798 799 et
1844 754 1988 800 coetu

413 832 653 886 alienum
686 846 807 888 esse
833 833 1102 889 decernit.
1144 852 1163 886 ι

477 924 565 977 51.
599 923 752 979 Hanc
784 926 1113 979 sententiam
1142 925 1372 981 solemni
1411 926 1594 983 statim
1623 941 1820 997 pompa
1847 942 1990 997 prte-

414 1029 581 1070 cones
616 1023 728 1069 tota
764 1016 903 1071 urbe
935 1017 1411 1081 circumtulerunt,
1455 1025 1512 1072 et
1549 1017 1724 1072 allixis
1769 1017 1989 1088 publice

415 1106 741 1177 syngraphis
772 1108 1206 1179 promulgarunt.
1252 1109 1492 1178 Populus
1538 1109 1849 1179 Ephesinus
1902 1110 1989 1163 in-

414 1203 666 1256 credibili
687 1203 885 1273 gaudio
904 1204 1157 1273 perfusus
1179 1205 1576 1261 collucentibus
1598 1206 1753 1261 taedis
1767 1206 1989 1261 domum

415 1292 644 1346 deduxit
679 1295 982 1363 episcopos,
1020 1297 1478 1364 praetereuntibus
1512 1297 1673 1351 thura
1707 1304 1763 1351 et
1794 1296 1990 1351 odores

418 1382 682 1447 incendit,
705 1382 965 1454 impiiquc
992 1383 1228 1440 Nestorii
1259 1387 1765 1442 condemnationem
1796 1388 1990 1456 plausu

416 1473 751 1533 faustissimo
779 1478 1013 1546 excepit.
1045 1476 1305 1547 Sequenti
1337 1479 1425 1533 die
1450 1478 1685 1550 Cyrillus
1716 1478 1781 1533 ad
1813 1494 1991 1549 popu-

417 1567 530 1621 lum
558 1563 891 1641 Ephesinum
925 1565 981 1620 in
1009 1565 1224 1620 laudem
1248 1566 1602 1623 sanctissima:
1622 1567 1718 1623 Dei
1748 1567 1989 1623 Genitri-

418 1656 501 1712 cis
529 1656 847 1712 concionem
870 1655 1082 1723 habuit,
1109 1658 1484 1727 acerrimeque
1510 1659 1566 1712 in
1585 1658 1823 1713 Nestorii
1842 1659 1990 1715 blas-

418 1747 666 1818 phemias
690 1747 941 1802 invectus
959 1755 1063 1801 est.
1096 1748 1341 1817 Denique
1368 1747 1436 1801 ad
1477 1748 1848 1803 Theodosium
1890 1748 1994 1803 im-

2088 559 2284 629 dogma
2318 558 2603 629 iuvabant,
2639 559 2955 614 damnatur.
2983 578 3002 610 ι

2160 653 2247 707 55.
2272 652 2484 707 [nterea
2504 651 2821 722 imperator,
2852 651 2985 707 falsa
3018 651 3377 706 Orientalium
3399 648 3669 704 relatione

2088 745 2374 815 deceptus,
2409 760 2520 800 non
2549 744 2726 799 solum
2773 743 3032 809 Nestorii,
3058 758 3251 798 verum
3288 742 3455 803 etiam
3475 741 3665 812 Cyrilli

2088 844 2145 891 et
2190 835 2494 891 Memnonis
2547 835 3072 901 exauctorationem,
3117 842 3374 903 tanquam
3424 832 3667 903 legitime

2088 927 2317 993 factam,
2371 927 2637 998 approbat
2684 943 2703 979 τ
2767 926 3031 982 Joannem
3078 940 3362 993 sacrorum
3409 923 3665 979 comitem

2088 1020 2560 1090 Constantinopoli
2594 1019 2873 1090 Ephesum
2908 1018 3070 1088 legat,
3115 1015 3211 1086 qui
3249 1002 3400 1085 pacis
3431 1029 3663 1070 concor-

2089 1112 2298 1183 diaeque
2323 1126 2486 1167 causa
2511 1110 2718 1182 synodo
2746 1109 2909 1172 adsit,
2931 1116 2993 1162 ut
3020 1107 3224 1162 dicitur
3253 1114 3400 1160 tomo
3427 1105 3517 1170 lll,
3541 1120 3684 1174 cap..

2091 1204 2177 1258 15.
2215 1205 2315 1258 llic
2340 1203 2435 1257 ubi
2461 1203 2740 1272 Ephesum
2773 1200 3016 1264 advenit,
3045 1198 3222 1269 prima
3252 1197 3341 1252 die
3371 1197 3533 1251 lectis
3557 1196 3663 1250 im-

2088 1295 2357 1365 peratoris
2415 1292 2635 1358 litteris,
2691 1291 2933 1347 declarat
2984 1290 3320 1355 Nestorium,
3378 1288 3664 1359 Cyrillum,

2089 1393 2251 1455 atque
2279 1384 2620 1439 Memnonem
2656 1382 2780 1453 jure
2823 1380 3141 1452 depositos:
3179 1395 3320 1450 quos
3350 1394 3562 1444 omnes,
3597 1393 3669 1433 ne

2090 1478 2317 1538 dissidia
2340 1478 2545 1548 majora
2564 1475 2988 1539 concitarentur,
3014 1472 3223 1529 carceri
3260 1487 3533 1542 quemque
3566 1487 3669 1527 suo

2090 1569 2354 1633 includit;
2383 1576 2440 1623 et
2463 1566 2776 1622 Nestorium
2804 1565 3029 1635 quidem
3054 1563 3475 1619 custodiendum
3503 1562 3671 1619 tradit

2089 1656 2425 1713 Candidiano
2448 1654 2658 1721 comiti,
2689 1652 2950 1725 Cyrillum
2964 1668 3096 1708 vero
3123 1660 3181 1708 et
3203 1652 3547 1707 Memnonem
3573 1651 3667 1707 Ja-

2090 1751 2230 1806 cobo
2284 1749 2474 1805 itidem
2520 1747 2729 1812 comiti,
2783 1754 2846 1802 ut
2898 1747 3015 1817 ipse
3061 1746 3301 1802 Joannes
3345 1745 3544 1800 litteris
3599 1743 3671 1798 ad

420 1845 726 1907 peratorem
761 1844 820 1891 et
852 1837 1060 1892 clerum
1088 1835 1748 1909 Constantinopolitanum
1772 1838 1994 1909 scripta:
2018 1818 2069 1878 Β
2093 1841 2465 1897 Theodosium
2484 1838 2668 1894 missis
2688 1837 2902 1893 indicat
2929 1846 3063 1892 tom.
3089 1833 3179 1901 Ill,
3206 1834 3442 1905 append.
3463 1834 3518 1900 2,
3545 1849 3665 1904 cap.

420 1937 549 1983 sunt
569 1929 768 1984 litterae.
788 1929 1091 2000 synodales.

420 2085 449 2157 ᾗ
474 2085 542 2142 Χ.
564 2085 725 2142 Novae
753 2088 809 2142 in
832 2084 1091 2159 Cyrillum
1114 2085 1392 2143 calumnia:
1406 2105 1425 2154 ,'
1451 2103 1717 2155 carceres;
1748 2088 1987 2143 victoria.

462 2217 468 2222 ’
494 2222 584 2278 52.
612 2222 740 2278 Haec
768 2223 898 2279 dum
924 2238 1137 2279 summa
1175 2224 1605 2279 orthodoxorum
1646 2225 1833 2280 laetitia
1861 2239 1991 2295 per-

422 2322 676 2383 aguntur,
695 2322 973 2370 certamen
999 2315 1266 2369 instaurat
1292 2315 1656 2371 hmresiareha
1683 2315 1986 2371 Nestorius.

424 2403 488 2458 Ei
529 2403 784 2459 favebant
830 2405 1086 2472 comites,
1123 2405 1496 2462 Candidianus
1550 2406 1620 2461 ab
1661 2407 1991 2477 imperatore

424 2494 732 2551 Theodosio
762 2496 830 2551 ad
855 2510 1045 2566 pacem
1070 2497 1345 2567 publicam
1371 2498 1667 2552 curandam
1689 2498 1989 2567 appositus,

422 2594 478 2640 et
501 2585 739 2642 lrenzeus
766 2587 1021 2641 amicitiae
1063 2587 1246 2641 studio
1279 2586 1593 2642 Nestorium
1628 2595 1867 2643 secutus.
1902 2587 1993 2643 In-

423 2674 810 2752 tercluduntur
838 2689 970 2745 ergo
994 2674 1062 2729 ab
1085 2674 1173 2729 his
1194 2674 1299 2730 viae
1327 2689 1537 2741 omnes,
1573 2691 1643 2731 ne
1663 2691 1772 2746 qua
1802 2675 1994 2748 synodi

425 2765 620 2819 litterae
643 2764 711 2819 ad
746 2764 1133 2835 imperatorem
1161 2765 1498 2832 deferantur,
1523 2774 1673 2822 terra
1690 2774 1802 2839 qaut
1831 2767 1989 2823 mari.

424 2856 650 2910 interim
700 2856 937 2912 Joannes
995 2858 1287 2928 episcopus
1337 2857 1715 2913 Antiochenus
1786 2857 1991 2929 aliique

318 2976 331 2989 ρ
424 2946 731 3002 Orientales
755 2948 1017 3019 episcopi,
1049 2948 1119 3003 ad
1153 2948 1519 3003 damnandum
1555 2948 1867 3030 Nestorium
1892 2965 1995 3020 po-

425 3039 673 3108 pularem
694 3054 855 3094 suum
877 3039 1126 3111 ingratiis
1142 3040 1322 3105 acciti,
1339 3056 1483 3095 xxvu
1502 3041 1662 3097 Junii
1673 3041 1991 3108 adveniunt,
2034 3068 2035 3071 η

426 3138 485 3184 et
513 3130 868 3185 tumultuario
900 3138 1089 3186 coacto
1125 3130 1487 3187 conciliabqu
1515 3116 1773 3203 legitimae
1802 3133 1995 3204 synodi

424 3221 562 3277 Acta
594 3223 931 3289 rescindunt,
962 3239 1026 3279 ac
1048 3222 1315 3296 Cyrillum
1337 3233 1395 3280 et
1413 3224 1756 3281 Memnonem
1796 3224 1998 3296 Ephesi

427 3315 741 3385 episcopum
771 3315 1064 3382 damnant;
1095 3315 1360 3387 Cyrillum
1380 3317 1625 3387 quidem,
1671 3317 1827 3387 quasi
1860 3318 1999 3373 scri-

428 3407 540 3477 ptis
586 3407 702 3461 suis
727 3406 794 3461 ad
814 3406 1126 3462 Nestorium
1143 3407 1668 3479 Constantinopolim
1693 3409 1875 3465 missis
1892 3409 2002 3479 has-

432 3476 591 3551 reses
623 3496 1028 3563 admiscuisset,
1056 3497 1398 3555 Memnonem
1449 3476 1582 3556 vero
1630 3500 1778 3570 quod
1813 3476 2002 3573 Cyrill’i

426 3587 665 3657 capitula
686 3588 1102 3660 promulgasset,
1116 3589 1476 3662 Nestorioque
1518 3606 1710 3648 omnes
1743 3593 2002 3649 ecclesias

429 3679 631 3749 Ephesi
664 3680 967 3747 clausisset,
999 3688 1056 3737 et
1087 3682 1193 3738 alia
1234 3684 1506 3754 permulta
1537 3693 1727 3741 contra
1766 3700 2003 3741 canones

429 3771 731 3841 peregisset
760 3788 774 3825 :
806 3771 1048 3842 reliquos
1075 3779 1259 3829 autem
1287 3775 1637 3831 (ecumenicae
1660 3775 1851 3848 synodi
1882 3775 2003 3845 epi-

431 3877 626 3932 scopos
649 3863 1200 3920 excommunicationi
1241 3866 1560 3937 subjiciunt,
1598 3867 1774 3923 donec
1794 3866 2004 3940 ,Cyrilli

430 3953 670 4023 capitula
712 3953 1055 4010 damnarent.
1098 3954 1314 4013 Chartae
1353 3957 1589 4029 denique
1635 3959 1852 4031 publice
1885 3959 2001 4015 alli-

431 4055 654 4116 guntur,
681 4046 883 4117 quibus
908 4047 1143 4119 Cyrillus
1170 4048 1460 4121 episcopus
1479 4051 1878 4108 Alexandrinus
1903 4052 2004 4107 de-

432 4138 673 4213 claratur
719 4146 882 4195 sectae
918 4139 1251 4211 Apollinaris
1297 4141 1606 4208 haereticus,
1650 4152 1815 4213 atque
1865 4144 2005 4199 hanc

431 4232 552 4302 ejus
582 4232 830 4287 hatresim
858 4232 1174 4303 imperatori
1204 4232 1579 4289 denuntiatam
1612 4249 1751 4289 esse.

502 4323 592 4376 55.
628 4322 873 4390 Quarum
918 4340 1104 4379 rerum
1148 4324 1475 4399 indignitate
1522 4326 1780 4381 commoti
1817 4327 2007 4383 Patres

432 4412 720 4482 Ephesium
753 4413 965 4485 synodi,
997 4415 1236 4486 acceptis
1271 4414 1474 4471 libellis
1508 4416 1849 4486 supplicibus
1868 4432 2005 4487 quos

2095 1934 2148 1998 l,
2175 1933 2375 2003 quibus
2402 1931 2633 2002 aliisque
2665 1931 2864 1986 litteris
2896 1937 3047 1986 tanta
3084 1929 3433 1999 improbitate
3472 1934 3670 1993 cuncta

2094 2023 2304 2089 retulit,
2334 2032 2397 2078 ut
2420 2023 2488 2078 de
2508 2022 2694 2095 Cyrilli
2725 2021 2919 2077 exsilio
2949 2020 3238 2077 consilium
3278 2018 3675 2074 Constantino-

2094 2114 2206 2184 poli
2234 2115 2487 2181 iniretur,
2509 2114 2668 2184 quasi
2683 2128 2839 2168 sacra
2863 2112 3103 2185 synodus
3131 2112 3253 2182 ejus
3270 2108 3674 2166 exauctoratio-

2094 2222 2222 2262 nem
2244 2210 2415 2261 ratam
2436 2205 2720 2260 habuisset
2737 2245 2755 2271 ,
2774 2214 2839 2260 ut
2860 2205 2975 2275 ipse
2995 2202 3232 2276 Cyrillus
3256 2202 3313 2255 in
3333 2200 3575 2272 Epistula
3598 2201 3680 2254 (ια’

2095 2295 2293 2349 clerum
2340 2294 2691 2366 populumque
2748 2292 3389 2365 Constantinopolitanum
3441 2299 3670 2346 testatur

2098 2393 2246 2439 tomo
2265 2384 2354 2449 Ν,
2379 2398 2497 2454 cap.
2527 2383 2614 2450 12,
2641 2383 2733 2438 ubi
2759 2384 3002 2438 detectas
3025 2382 3251 2438 Joannis
3273 2381 3490 2437 comitis
3518 2381 3668 2435 frau-

2096 2475 2196 2530 des
2217 2475 2457 2546 postulat
2491 2474 2613 2530 aliis
2642 2474 2907 2545 pateﬁeri,
2939 2474 3174 2529 maxime
3200 2472 3669 2539 archimandritis,

2097 2578 2333 2634 quorum
2375 2564 2622 2619 omnium
2650 2579 2811 2635 opem
2850 2563 3121 2633 iidemque
3156 2563 3358 2618 obnixe
3397 2563 3669 2633 implorat-1

2098 2650 2243 2721 quod
2264 2650 2503 2722 synodus
2520 2652 2771 2706 maximis
2789 2650 3026 2707 miseriis
3046 2651 3339 2717 obruatur;
3362 2661 3423 2706 et
3440 2667 3558 2720 cap.
3580 2651 3682 2716 18,

2098 2745 2166 2799 ad
2216 2744 2501 2815 episcopos
2549 2743 3019 2813 Constantinopoli
3065 2751 3296 2820 agentes
3342 2742 3410 2797 de
3459 2757 3518 2797 se
3566 2741 3683 2795 hoc.

2098 2835 2325 2893 scribit:
2359 2854 2377 2887 ι
2398 2835 2508 2891 Nos
2529 2835 2697 2890 vincti
2723 2833 3090 2904 custoditique
3111 2850 3473 2899 asservamur,
3496 2833 3668 2903 ignari

2101 2943 2325 2998 prorsus
2377 2943 2486 2998 quo
2515 2927 2737 2984 tandem
2764 2943 2852 2983 res
2890 2927 3008 2983 haec
3047 2927 3119 2983 sit
3154 2942 3404 2982 evasura.
3438 2926 3671 2982 Verum-

2102 3023 2286 3071 tamen
2314 3017 2516 3089 gratias
2545 3016 2758 3088 agimus
2779 3015 3019 3082 Christo,
3046 3016 3193 3086 quod
3229 3032 3330 3086 pro
3359 3016 3579 3070 nomine
3604 3015 3672 3070 il-

2101 3108 2208 3163 lius
2227 3108 2374 3180 digni
2405 3108 2724 3176 habeamur,
2750 3125 2862 3164 non
2883 3109 3060 3164 solum
3078 3108 3323 3171 vinculis
3352 3108 3672 3179 constringi,

2100 3200 2196 3256 sed
2219 3210 2415 3256 caetera
2436 3215 2655 3270 quoque
2691 3199 2877 3254 omnia
2899 3198 3111 3270 perpeti
3135 3216 3150 3252 :
3176 3214 3356 3269 neque
3383 3198 3531 3253 enim
3570 3198 3676 3253 ista

2100 3292 2341 3363 praemiis
2381 3290 2498 3347 suis
2534 3291 2865 3346 carebunt...
2905 3292 3208 3347 Precentur
3247 3306 3346 3361 pro
3382 3289 3543 3345 nobis
3580 3304 3675 3344 or-

2100 3384 2325 3439 thodoxi
2354 3398 2560 3439 omnes.
2586 3384 2657 3440 Ut
2679 3384 2824 3440 enim
2850 3383 3043 3438 beatus
3088 3381 3255 3437 David
3279 3381 3395 3436 ait:
3441 3381 3553 3453 Ego
3607 3381 3683 3435 ad

2099 3474 2317 3547 ﬂagella
2348 3483 2568 3546 paratus
2597 3492 2737 3529 sum.
2770 3473 2939 3543 (Psal.
2962 3489 3161 3539 xxxv",
3198 3471 3308 3543 18.)
3328 3491 3347 3524 ι

2163 3588 2250 3645 56.
2281 3587 2497 3656 Quanta
2534 3588 2703 3644 animi
2733 3588 3060 3655 constantia,
3087 3602 3361 3658 quamque
3405 3584 3679 3642 indefesso

2101 3679 2304 3745 studio,
2334 3680 2548 3751 egerint
2585 3680 2732 3751 apud
2778 3681 3164 3751 imperatorem
3203 3679 3493 3734 orthodoxi
3531 3678 3679 3734 Con-

2101 3771 2592 3843 stantinopolitani,
2612 3770 2818 3826 indicat
2831 3770 3052 3826 libellus
3072 3769 3151 3824 illi
3168 3769 3405 3835 oblatus,
3421 3778 3568 3824 tomo
3585 3770 3675 3834 1V,

2100 3879 2220 3934 cap.
2255 3863 2342 3930 16,
2381 3879 2492 3935 quo
2519 3878 2644 3919 cum
2666 3863 3005 3929 docuissent,
3050 3861 3217 3933 justis
3256 3861 3565 3932 principum
3595 3862 3678 3918 le-

2101 3952 2263 4023 gibus
2313 3951 2825 4021 obtemperandum,
2893 3950 3111 4022 injustis
3171 3965 3300 4005 vero
3359 3950 3679 4006 eorumdem

2101 4041 2477 4097 sanctionibus
2521 4041 2934 4112 repugnandum
2968 4041 3099 4097 totis
3128 4041 3341 4098 viribus
3367 4057 3509 4109 esse,
3551 4042 3680 4097 sub-

2097 4133 2337 4205 jungunt
2366 4149 2425 4189 se
2464 4132 2683 4203 quidvis
2714 4132 2875 4187 malle
2919 4132 3152 4203 perpeti,
3200 4148 3365 4203 quam
3418 4133 3677 4204 injustam

2102 4225 2471 4281 damnationis
2500 4224 2825 4280 sententiam
2865 4223 3075 4278 nefarie
3109 4224 3177 4279 ab
3208 4223 3578 4280 Orientalibus
3621 4225 3679 4279 in

2102 4318 2364 4389 Cyrillum
2393 4325 2451 4373 et
2479 4316 2818 4371 Memnonem
2850 4315 3036 4381 latam,
3074 4324 3130 4372 et
3172 4315 3378 4388 injuste
3402 4316 3472 4372 ab
3501 4317 3677 4386 impe-

2105 4410 2383 4466 ratoribus
2406 4409 2803 4474 conﬁrmatam,
2828 4410 3094 4480 recipere.
3118 4408 3362 4480 Denique
3384 4409 3471 4465 his
3494 4408 3676 4464 verbis

431 4512 534 4573 pro
565 4520 663 4558 sua
695 4505 1007 4561 innocentia
1028 4507 1264 4579 Cyrillus
1298 4523 1362 4563 ac
1386 4508 1637 4563 Memnon
1670 4509 2002 4576 obtulerant,
2036 4525 2080 4581 ι)
2107 4502 2445 4558 concludunt
2472 4518 2486 4553 :
2536 4518 2555 4551 ι
2585 4499 2723 4584 Cum
2751 4499 2934 4570 itaque
2956 4500 3239 4555 Nestorius
3268 4509 3491 4570 propter
3519 4514 3675 4555 suam

430 4596 692 4652 Joannem
723 4598 901 4654 missis
921 4599 1098 4656 tribus
1121 4601 1392 4671 episcopis
1412 4607 1638 4655 monent
1677 4609 1739 4655 ut
1784 4615 1843 4655 se
1881 4617 2006 4671 syn-

432 4688 539 4742 odo
558 4689 733 4754 sistat,
758 4689 1026 4745 rationem
1048 4691 1133 4746 sui
1157 4692 1281 4747 facti
1306 4691 1641 4747 redditurus.
1669 4690 1873 4745 Abnuit
1892 4690 2002 4757 ille,

432 4779 669 4833 militum
706 4780 890 4849 potius
928 4781 1118 4835 virtuti
1145 4798 1308 4853 quam
1343 4797 1521 4838 causae
1553 4780 1794 4850 aequitati
1832 4780 2004 4836 conti~

434 4868 545 4925 s'us.
585 4870 764 4937 Quare
809 4870 1050 4942 synodus
1080 4871 1344 4927 Joannem
1383 4888 1508 4928 cum
1550 4872 1734 4938 sociis,
1777 4873 2006 4928 anathe-

431 4971 573 5017 mate
587 4971 751 5034 atque
766 4961 1113 5032 episcopatus
1127 4961 1473 5018 abdicatione
1488 4963 1704 5030 multat;
1721 4962 2005 5035 Cyrillum,

432 5055 800 5119 Memnonem,
820 5069 884 5109 ac
905 5054 1147 5124 reliquos
1167 5061 1361 5108 contra
1378 5054 1468 5123 jus
1488 5070 1552 5109 ac
1575 5054 1655 5109 fas
1671 5070 1832 5109 omne
1852 5054 2006 5109 dam-

432 5155 587 5202 natos
624 5148 793 5204 fuisse
821 5146 1161 5219 pronuntiat.
1227 5145 1464 5217 Cyrillus
1515 5161 1648 5200 vero
1689 5155 2010 5201 ostensurus

434 5251 595 5304 quam
612 5238 768 5308 longe
780 5239 996 5294 abesset
1025 5245 1087 5291 ut
1100 5236 1393 5306 aliquando
1405 5236 1775 5306 Apollinarem
1806 5237 1892 5291 vel
1917 5235 2012 5290 ali-

433 5326 994 5396 qucmhaereticorum
1013 5327 1451 5392 sectatusl‘uerit,
1470 5327 1525 5381 in
1542 5325 2010 5396 eumdemApolli-

435 5434 624 5473 narem
645 5428 701 5473 et
720 5419 858 5474 alios
874 5435 1065 5475 omnes
1080 5418 1475 5475 haeresiarchas
1491 5417 1677 5473 intulit
1694 5418 2007 5473 anathema.

506 5509 592 5563 54.
625 5508 943 5579 Pelagianos
974 5525 1097 5564 cum
1124 5509 1378 5566 Nestorio
1413 5509 1699 5564 damnatos
1724 5506 1891 5562 fuisse
1928 5516 2010 5561 te-

434 5608 613 5656 statur
642 5601 877 5671 Prosper
909 5600 965 5654 in
991 5598 1247 5661 Chronica
1272 5599 1340 5656 ad
1367 5599 1516 5653 hunc
1545 5612 1748 5653 annum
1781 5613 1794 5649 :
1829 5616 1847 5645 ι
1872 5595 2015 5650 Con-

438 5702 653 5763 gregata
699 5692 843 5764 apud
889 5692 1166 5762 Ephesum
1216 5692 1342 5762 plus
1383 5680 1744 5746 ducentorum
1797 5685 2007 5757 synodo

441 5779 811 5840 saccrdotum.
859 5778 1144 5835 Nestorius
1192 5795 1318 5835 cum
1356 5778 1506 5835 onmi
1552 5776 1743 5833 haeresi
1776 5776 2013 5831 nominis

2108 4591 2445 4662 impietatem
2465 4589 2608 4660 juste
2641 4588 2713 4644 sit
2742 4595 3161 4656 exauctoratus;
3188 4588 3424 4660 Cyrillus
3458 4605 3589 4644 vero
3622 4596 3678 4642 et

2105 4682 2357 4737 Memnon
2387 4678 2716 4736 sanctissimi
2748 4678 3103 4749 piissimique.
3128 4678 3391 4750 episcopi,
3418 4694 3485 4733 ex
3516 4695 3682 4749 prava

2106 4774 2474 4845 suggestione,
2500 4772 2723 4841 indigne
2750 4779 2806 4826 et
2832 4770 3033 4841 injuste
3066 4770 3184 4840 pari
3216 4786 3376 4841 poena
3403 4771 3515 4825 sint
3537 4772 3681 4825 mul-

2107 4866 2238 4931 tati;
2264 4879 2482 4935 tequum
2511 4870 2616 4928 est,
2641 4862 2845 4918 Christi
2868 4869 3115 4917 amantes
3172 4878 3346 4933 reges,
3371 4862 3566 4917 sedulo
3586 4878 3684 4917 vos

2107 4976 2300 5018 curare
2349 4975 2419 5015 ne
2442 4958 2539 5014 Dei
2568 4957 2832 5022 Ecclesia,
2853 4971 2975 5027 qum
2991 4968 3143 5009 more
3164 4952 3397 5008 nutricis
3420 4951 3681 5022 pietatem

2107 5060 2342 5106 vestram
2377 5048 2650 5118 confovet,
2694 5047 3089 5116 victoriamque
3128 5044 3197 5100 de
3234 5043 3506 5106 hostibus,
3547 5044 3683 5099 citra

2108 5156 2358 5211 magnam
2384 5138 2757 5195 dillicultatem
2777 5137 3044 5208 majestati
3068 5144 3262 5191 vestrm
3291 5135 3525 5190 subinde
3549 5150 3683 5189 con-

2109 5233 2279 5297 ciliat,
2328 5232 2384 5286 in
2426 5240 2708 5301 posterum
2757 5230 3082 5300 dissipetur;
3131 5243 3269 5282 neve
3319 5228 3470 5298 regni
3516 5227 3684 5281 vestri

2111 5333 2358 5394 tempore
2415 5331 2714 5392 martyrum
2769 5321 3030 5375 saeculum
3083 5320 3266 5375 denuo
3316 5326 3619 5374 revertatur
3666 5333 3679 5368 :

2110 5415 2243 5486 quin
2277 5414 2333 5468 in
2366 5414 2423 5469 id
2456 5412 2638 5483 potius
2663 5412 2980 5467 incumbere
3008 5426 3106 5466 vos
3134 5427 3234 5482 par
3255 5419 3359 5477 est,
3403 5426 3597 5479 nempe
3627 5417 3686 5462 ut

2113 5504 2384 5574 majorum
2416 5512 2726 5558 vestrorum
2759 5516 2889 5571 erga
2920 5501 3013 5555 Dei
3049 5500 3320 5555 Ecclesias
3350 5513 3589 5553 amorem
3620 5512 3684 5549 ac

2112 5593 2356 5651 studium
2381 5592 2437 5646 in
2467 5591 2666 5646 animis
2692 5590 2891 5646 vestris
2928 5590 3100 5664 magis
3143 5589 3420 5659 magisque
3452 5585 3686 5641 subinde

2115 5684 2483 5741 exsuscitetis.
2546 5680 3017 5749 Quemadmodum
3068 5695 3205 5749 ergo
3249 5677 3448 5747 singuli
3491 5690 3680 5729 eorum

2116 5784 2429 5832 sanctorum
2463 5768 2687 5830 Patrum
2713 5771 2938 5839 synodis
2971 5768 3181 5837 imperii
3211 5766 3294 5821 sui
3329 5775 3570 5833 tempore
3595 5779 3683 5820 cc-

4074 2652 4076 2781 l

4073 2786 4076 2945 ι
