4076 6306
391 393 465 453 33

1733 368 1813 455 sf
1835 400 2107 455 unum
2153 401 2327 455 vna.
3519 438 3527 446 .
3591 410 3662 467 δι

394 508 618 566 Iebratis
665 516 994 577 paruerunt,
1048 508 1379 577 Patrumque
1423 510 1737 565 sanctiones
1772 510 1984 580 legibus
2014 516 2057 571 Α
2086 510 2358 579 eipatibus
2396 518 2451 565 ct
2486 515 2868 582 potestatibus,
2918 516 3049 571 dum
3096 519 3286 573 mundi
3333 520 3571 577 dominis
3607 532 3665 578 et

395 602 510 657 suis
538 599 877 664 munierunt,
912 609 971 654 et
999 615 1163 669 quam
1202 598 1311 653 illis
1345 601 1643 665 deferrent,
1675 602 1977 655 observan-

396 693 526 747 tiam
559 692 798 747 decretis
828 692 947 748 suis
983 691 1369 757 ostenderunt,
1416 694 1493 746 ita
1536 702 1594 747 et
1633 708 1730 748 vos
1761 707 1982 762 quoque

393 800 521 838 eum
555 800 720 854 quem
751 784 913 840 decet
954 784 1215 839 affectum
1249 799 1377 854 erga
1415 785 1683 856 synodum
1713 794 1980 848 sanctam,

394 890 560 945 quam
584 875 886 931 convenire
907 875 1169 945 jussistis,
1198 873 1473 930 declarate
1502 892 1514 927 :
1550 875 1821 944 quopias
1863 874 1981 944 ipsa

395 970 691 1041 gratiarum
752 969 1000 1025 actiones
1039 984 1143 1040 pro
1200 969 1417 1039 imperii
1476 969 1646 1024 vestri
1687 968 1982 1024 incolumi-

400 1070 508 1116 tate
562 1060 967 1137 persolvathet
1024 1075 1127 1114 nos
1188 1074 1407 1129 quoque
1449 1074 1550 1129 pro
1608 1059 1762 1129 regni
1811 1060 1982 1115 vestri

396 1152 695 1207 stabilitate
739 1150 965 1207 devotas
1014 1151 1084 1205 ad
1123 1150 1404 1207 Christum
1456 1151 1747 1207 Dominum
1790 1167 1984 1222 preces

398 1243 858 1312 transmittamus,
899 1261 918 1294 ι

456 1334 547 1388 57.
579 1334 879 1404 Imperator
904 1334 1177 1390 acerrimo
1210 1336 1305 1390 illo
1335 1336 1767 1391 orthodoxor‘um
1793 1337 1981 1393 libello

336 1448 343 1451 λ
400 1426 831 1495 expergefactus,
854 1434 912 1481 et
938 1426 1125 1481 amissi
1168 1426 1225 1482 in
1263 1427 1445 1483 Africa
1473 1429 1751 1484 exercitus
1784 1430 1981 1485 nuntio

402 1525 724 1579 commotus,
776 1532 998 1573 necnon
1029 1517 1086 1573 S.
1116 1518 1417 1573 Pulcheriae
1436 1518 1644 1574 sororis
1674 1534 1786 1573 suae
1807 1519 1984 1588 preci-

400 1610 504 1664 bus
524 1609 800 1680 fatigatus,
832 1609 1050 1665 saniora
1080 1610 1298 1665 tandem
1326 1610 1554 1665 consilia
1592 1609 1733 1673 iniit,
1770 1620 1826 1665 et
1883 1625 1974 1665 se-

401 1711 555 1773 ptem
611 1701 681 1755 ab
737 1709 969 1771 utraque
999 1711 1153 1771 parte
1202 1702 1419 1771 Epheso
1450 1701 1978 1772 Constantinopolim

397 1792 547 1846 mitti
573 1791 864 1862 episcopos
883 1793 1069 1862 jussit.
1105 1792 1436 1853 Orthodoxis
1462 1793 1517 1847 in
1546 1793 1740 1847 urbem
1774 1792 2009 1862 regiam‘

398 1883 528 1938 solis
572 1882 829 1937 admissis
863 1882 1199 1953 auditisque,
1243 1882 1378 1938 Acta
1414 1884 1679 1940 adversus
1716 1882 1983 1955 Cyrillum
2012 1864 2055 1920 Β

342 2016 348 2021 .
398 1974 854 2042 Memnonemque
887 1981 944 2027 et
969 1973 1286 2028 universam
1308 1974 1576 2045 synodum
1610 1975 1831 2044 penitus
1855 1973 1985 2029 abov

399 2067 550 2121 levit.
568 2067 772 2121 Verum
800 2066 1198 2136 multiplicibus
1225 2066 1578 2121 factiosorum
1610 2066 1811 2120 libellis
1833 2065 1991 2120 indu-

399 2168 542 2223 ctus,
556 2172 654 2212 eos
664 2172 884 2227 quoque
906 2157 962 2211 in
980 2157 1173 2213 urbem
1191 2157 1432 2221 admisit,
1450 2166 1646 2212 etcum
1666 2156 1987 2211 orthodoxis

401 2247 695 2317 quinquies
721 2262 782 2302 se
810 2261 995 2302 coram
1019 2261 1364 2317 congressos,
1408 2262 1472 2300 ac
1514 2255 1637 2315 post
1683 2246 1888 2299 multas
1916 2244 1985 2298 de

401 2336 692 2392 duodecim
719 2335 910 2408 Cyrilli
935 2335 1427 2399 anathematismis,
1451 2334 1695 2404 aliasque
1717 2333 1985 2404 ejusmodi

400 2429 837 2499 disputationes,
896 2427 1195 2498 impietatis
1251 2426 1553 2491 cum-ictos,
1602 2425 1861 2496 praecepit
1918 2424 1986 2479 ad

401 2521 624 2590 propria
652 2518 879 2574 reverti.
912 2516 1092 2588 Atque
1127 2517 1276 2571 hunc
1310 2515 1532 2571 tandem
1580 2514 1743 2569 ﬁnem
1784 2515 1990 2570 habue-

402 2620 534 2666 runt
559 2612 944 2667 haereticorum
971 2618 1027 2665 et
1049 2608 1527 2664 sebismaticorum
1561 2605 1834 2661 seditiosa:
1868 2622 1987 2660 ma-

405 2702 765 2757 chinationes.
792 2702 881 2766 Et,
905 2710 1044 2758 teste
1073 2700 1128 2756 S.
1156 2702 1425 2770 Prospero
1447 2708 1640 2754 contra
1659 2699 1988 2753 Collatorem

404 2791 506 2846 sub
531 2792 716 2857 ﬁnem,
758 2811 777 2844 ί
821 2807 1014 2847 omnes
1055 2791 1352 2846 orientales
1371 2790 1632 2845 Ecclesiae
1658 2789 1873 2861 gemina
1885 2804 1990 2859 pc-

404 2891 486 2936 ste
516 2881 761 2936 liberatas
779 2889 929 2947 sunt,
950 2881 1174 2952 quando
1201 2881 1404 2953 Cyrillo
1431 2880 1814 2936 Alexandrina:
1836 2880 1989 2936 urbis

405 2974 678 3041 antistiti,
733 2974 1132 3046 gloriosissimo
1186 2974 1313 3029 ﬁdei
1363 2973 1646 3028 catholica:
1688 2972 1985 3036 defensori,

407 3066 473 3120 ad
500 3065 895 3121 exsecrandam
924 3064 1303 3120 Nestorianam
1325 3062 1662 3134 impietatem
1691 3062 1991 3131 apostolico

2082 601 2432 655 tenebrarum
2458 604 2641 659 saeculi
2677 604 2840 675 hujus
2876 609 3199 674 rectoribus,
3235 610 3367 667 dum
3401 614 3665 683 nequitia:

2082 692 2370 761 spiritibus
2390 693 2666 761 resistitis,
2686 698 2977 764 tolerastis,
2999 700 3276 757 auditione
3304 704 3614 774 accepimus
3646 722 3660 756 :

2081 783 2217 837 alias
2246 800 2376 839 vero
2399 796 2550 840 certa
2574 789 2930 858 experientiae
2958 790 3063 845 ﬁde
3091 792 3180 868 hic
3204 796 3483 849 constituti
3516 796 3664 850 didi-

2082 872 2307 945 cimus),
2343 886 2401 930 et
2436 877 2563 945 quia
2602 894 2821 933 rursum
2857 880 2924 934 ad
2966 896 3175 952 magum
3219 883 3381 955 hujus
3428 885 3666 939 civitatis

2083 960 2615 1037 archiepiscopatum
2645 971 2881 1040 promoti
2918 987 3141 1038 sumus,
3171 973 3416 1045 dignare,
3445 977 3557 1029 Deo
3582 976 3666 1028 di-

2079 1055 2400 1125 lectissime,
2431 1076 2556 1114 cum
2588 1062 2848 1132 precibus
2888 1079 2987 1119 nos
3015 1063 3229 1130 fulcire,
3274 1073 3389 1119 tum
3422 1066 3667 1121 consiliis

2082 1164 2303 1219 quoque
2343 1150 2612 1222 dirigere,
2652 1162 2766 1207 tum
2804 1154 2954 1223 omni
2994 1154 3231 1225 denique
3272 1155 3665 1213 benevolentiae

2082 1241 2266 1296 studio
2299 1243 2592 1313 prosequi;
2638 1260 2749 1315 quo
2798 1244 2901 1300 hac
2945 1238 3155 1301 ratione
3202 1247 3334 1303 illud
3368 1248 3667 1318 Scriptum

2083 1331 2292 1386 dictum
2333 1333 2388 1387 in
2409 1334 2570 1388 nobis
2603 1334 2967 1404 adimpleatur
2990 1352 3005 1388 :
3031 1334 3221 1390 Frater
3265 1339 3355 1407 qui
3381 1338 3667 1408 adjuvatur

2082 1442 2115 1478 a
2150 1425 2336 1494 fratre,
2367 1428 2721 1496 quasicivitas
2746 1426 2905 1496 ﬁrma
2945 1427 3140 1499 (Prov.
3178 1445 3329 1495 xvtn,
3374 1429 3483 1501 19).
3527 1431 3666 1485 Vere

2080 1515 2285 1569 etenim
2321 1517 2621 1586 spiritualis
2658 1517 2900 1583 dilectio,
2933 1518 3140 1573 munita
3171 1519 3365 1575 civitas
3391 1528 3506 1586 est;
3545 1537 3667 1590 qua:

2082 1624 2261 1677 neque
2296 1608 2866 1664 cuniculisadiabolo
2908 1608 3130 1674 suﬁ‘odi,
3172 1626 3351 1679 neque
3393 1611 3553 1665 scalis
3597 1611 3666 1665 ab

2081 1700 2275 1755 eodem
2302 1706 2483 1769 potest
2508 1699 2777 1770 superari.
2817 1700 3006 1770 Neque
3027 1700 3174 1754 enim
3204 1700 3293 1754 illa
3329 1700 3543 1755 bellicis
3569 1700 3668 1756 Sa-

2083 1800 2225 1846 tanas
2255 1789 2527 1845 machinis
2560 1790 2755 1845 cedere
2784 1791 2955 1856 novit,
2992 1800 3054 1845 ut
3086 1807 3207 1861 qum
3248 1808 3278 1845 a
3315 1790 3534 1847 Christo
3556 1793 3665 1846 Do-

2086 1883 2237 1937 mino
2274 1882 2635 1948 custodiatur,
2663 1883 2884 1939 Christo
2929 1884 3120 1954 utique
3154 1884 3268 1948 illo,
3300 1885 3394 1954 qui
3434 1893 3488 1939 et
3522 1885 3668 1939 hunc

2084 1972 2351 2029 mundum
2379 1972 2603 2039 devicit,
2635 1981 2691 2028 et
2720 1976 3050 2044 sempiterna
3083 1974 3225 2028 bona
3264 1974 3362 2028 tibi
3394 1986 3666 2045 pnepara-

2084 2065 2183 2126 vit,
2209 2064 2575 2133 etaliquando
2613 2065 2974 2119 nihilominus
3004 2065 3143 2119 dixit
3174 2084 3187 2118 :
3220 2063 3322 2130 Qui
3348 2083 3450 2119 non
3481 2066 3669 2135 arripit

2084 2170 2291 2229 crucem
2331 2172 2520 2219 suam,
2552 2165 2599 2208 et
2645 2156 2881 2227 sequitur
2936 2172 3038 2219 me,
3082 2172 3185 2209 non
3238 2166 3313 2209 est
3361 2174 3440 2210 me
3480 2158 3667 2226 dignus

2089 2247 2300 2320 (Matth.
2333 2264 2387 2313 x,
2419 2247 2530 2319 38).
2563 2247 2701 2302 Cum
2736 2248 2920 2317 itaque
2954 2247 3173 2303 Christo
3201 2234 3430 2303 Domino
3469 2248 3669 2318 dignus

2086 2339 2347 2402 evaseris,
2387 2326 2678 2407 propterea
2716 2338 2860 2407 quod
2908 2355 3127 2393 crucem
3173 2348 3317 2393 tuam
3374 2338 3665 2399 sustulisti,

2088 2436 2432 2499 sectatorque
2470 2429 2620 2484 illius
2655 2428 2886 2484 effectus
2920 2430 3026 2495 sis;
3055 2429 3333 2484 Christum
3373 2446 3472 2499 pro
3508 2429 3668 2484 nobis

2088 2520 2371 2592 deprecari
2414 2536 2483 2575 ne
2517 2521 2758 2586 omittas,
2802 2520 3053 2577 fraterna:
3086 2521 3307 2576 virtutis
3350 2529 3669 2575 ornamenta

2086 2611 2337 2681 proprias
2366 2611 2754 2682 praerogativas
2781 2627 2901 2667 esse
2933 2623 3103 2666 ratus.
3150 2614 3279 2667 Vale
3324 2613 3379 2666 in
3415 2613 3666 2678 Domino,

2087 2710 2143 2757 et
2174 2718 2274 2773 pro
2312 2718 2422 2767 me,
2459 2702 2573 2758 Deo
2621 2702 2981 2761 dilectissime
3019 2713 3075 2758 et
3120 2704 3462 2759 sanctissime
3502 2703 3671 2758 frater

2088 2810 2152 2849 ac
2189 2794 2584 2861 comminister,
2619 2810 2736 2850 ora.
2786 2815 2804 2846 ι

2158 2904 2243 2959 60.
2273 2904 2396 2959 Non
2417 2903 2615 2959 minori
2653 2906 2816 2962 laude
2844 2907 3085 2962 celebrat
3125 2909 3380 2965 eumdem
3409 2908 3670 2981 Cyrillum

2088 2996 2418 3052 C(elestinus
2449 3014 2588 3069 papa
2607 2998 2838 3069 epistola
2872 2999 2940 3053 ad
2981 3000 3191 3054 clerum
3216 3000 3674 3071 ConstantinOpo-

2089 3088 2340 3153 litanum,
2362 3090 2510 3145 edita
2528 3106 2594 3145 ex
2621 3090 2810 3145 codice
2828 3090 3090 3145 Vaticano
3114 3107 3143 3145 a
3166 3091 3401 3145 Barouio
3422 3108 3512 3146 an.
3537 3091 3670 3147 Chr.

406 3158 734 3254 cfnl‘?5u_““3
772 3150 1069 3254 auxilistlis
1114 3155 1446 3254 {Stﬂla‘lio’
1486 3169 1596 3225 quo
1623 3154 1788 3254 dial“
1828 3154 1986 3254 P‘fla‘
2016 3197 2059 3254 ς
2093 3178 2216 3243 452,
2249 3150 2344 3233 ubi
2375 3195 2527 3234 num.
2556 3180 2626 3234 24
2671 3180 2787 3234 haec
2818 3180 3129 3236 habentur:
3172 3201 3189 3231 ε
3229 3183 3472 3245 Vitastis,
3507 3198 3671 3252 quem

406 3249 570 3319 giani,
594 3249 727 3303 dum
752 3248 998 3319 cognatis
1017 3247 1526 3304 confwderarentur
1557 3244 1862 3309 erroribus,
1889 3243 1989 3298 ite-

409 3356 526 3395 rum
560 3347 1063 3411 prosternerentur.
1108 3358 1128 3391 ι

478 3454 563 3508 58.
590 3453 877 3509 Nestorius
905 3453 959 3507 in
988 3452 1282 3523 pristinum
1312 3467 1473 3508 suum
1502 3450 1897 3509 monasterium
1927 3448 1985 3504 S.

411 3542 672 3614 Euprepii
697 3543 842 3614 apud
860 3543 1228 3607 Antiochiam,
1255 3544 1300 3599 si
1317 3544 1457 3600 forte
1472 3543 1843 3614 resipisceret,
1874 3552 1992 3598 tan-

413 3639 583 3709 tisper
608 3640 898 3710 relegatus,
926 3640 1133 3695 multos
1161 3639 1486 3710 contagione
1508 3638 1595 3693 sui
1614 3638 1820 3693 erroris
1846 3636 1993 3692 aliia—

414 3731 527 3786 bat.
557 3729 736 3798 Quare
769 3731 824 3785 in
854 3731 1039 3789 Oasim
1069 3730 1422 3785 solitudinem
1456 3729 1641 3801 Libyae
1669 3728 1993 3783 amandatus

410 3828 515 3885 est,
554 3819 739 3890 ibique
779 3832 966 3890 postea
1005 3819 1348 3876 verminante
1395 3821 1582 3891 lingua
1624 3819 1990 3875 miserabilem

410 3912 536 3969 vitae
562 3912 795 3969 sortitus
824 3913 1030 3968 exitum
1052 3954 1067 3979 ,
1105 3912 1264 3967 libris
1289 3913 1428 3983 ejus,
1458 3912 1753 3968 Theodosii
1789 3912 1989 3978 edicto,

406 4002 958 4075 igneabsumptis.llli
980 4005 1039 4060 in
1066 4004 1196 4061 sede
1221 4003 1824 4075 Constantinopolitana
1858 4004 1993 4061 sub-

410 4105 631 4168 rogatus
665 4105 752 4151 est
799 4095 1159 4152 Maximianus
1188 4096 1495 4168 presbyter,
1524 4096 1620 4167 qui
1641 4098 1708 4153 ad
1730 4097 1992 4170 Cyrillum

412 4187 511 4242 has
536 4187 748 4242 litteras
773 4186 945 4253 dedit,
982 4197 1115 4243 tom.
1154 4187 1223 4241 IV
1256 4187 1454 4243 conci].
1495 4187 1722 4257 Ephes.,
1752 4203 1873 4259 cap.
1901 4187 1991 4242 εις

420 4299 439 4330 ι
464 4279 757 4348 Expletum
798 4288 885 4335 est
911 4278 1245 4334 desiderium
1275 4286 1451 4343 tuum,
1472 4279 1584 4333 Deo
1604 4279 1991 4336 devotissime:

411 4368 716 4440 perfectum
739 4376 845 4434 est,
869 4368 1019 4438 quod
1050 4369 1330 4440 religionis
1355 4385 1519 4425 causa
1542 4386 1893 4441 susceperas:
1925 4370 1993 4425 ad

415 4461 576 4517 ﬁnem
608 4461 938 4532 perductum
962 4469 1050 4518 est
1075 4462 1299 4533 pietatis
1325 4470 1432 4520 tute
1456 4472 1644 4519 votum
1672 4482 1684 4517 :
1718 4465 1994 4519 theatrum

2092 3286 2123 3324 a
2150 3271 2413 3326 memoria
2458 3271 2619 3341 digna
2659 3282 2846 3326 sancta
2893 3272 3258 3327 Alexandrina
3296 3276 3542 3329 Ecclesia
3583 3292 3673 3331 se-

2090 3363 2332 3417 cundum
2370 3362 2430 3416 Β.
2457 3361 2610 3417 Pauli
2648 3362 2881 3432 apostoli
2907 3362 2955 3433 (1
2984 3362 3105 3417 Cor.
3131 3362 3183 3435 v)
3216 3365 3545 3419 sententiam
3560 3366 3673 3435 jam

2091 3454 2307 3510 sciretis
2333 3469 2452 3509 esse
2482 3462 2813 3509 correctum.
2850 3453 3083 3525 Legistis
3110 3471 3344 3525 namque
3369 3464 3425 3509 et
3458 3470 3672 3509 mento-

2094 3546 2228 3600 riter
2269 3547 2380 3617 jam
2415 3546 2612 3600 tenetis
2661 3545 2982 3611 sacerdotis,
3026 3547 3131 3601 hoc
3166 3557 3269 3610 est,
3311 3548 3564 3603 catholici
3605 3549 3674 3604 ad

2092 3637 2240 3691 hunc
2277 3636 2482 3706 scripta
2522 3637 2794 3701 doctoris,
2830 3638 3033 3707 quibus
3062 3655 3189 3693 eum
3224 3639 3299 3694 ita
3330 3650 3673 3711 corruptum,

2093 3738 2154 3785 ut
2185 3729 2317 3784 velit
2348 3743 2470 3783 esse
2501 3737 2801 3793 correctus,
2827 3728 3057 3792 studuit,
3087 3730 3249 3785 nixus
3286 3740 3371 3785 est
3399 3731 3676 3786 labentem

2093 3835 2352 3876 revocare
2377 3819 2660 3889 collegam,
2685 3819 2930 3889 porrexit
2967 3820 3212 3876 dextram
3243 3822 3541 3892 magisterii
3564 3822 3674 3887 sui,

2094 3912 2150 3968 in
2184 3928 2295 3968 uno
2332 3911 2524 3967 volens
2544 3911 2798 3981 plurimis
2821 3902 3113 3967 subvenire
3144 3931 3156 3965 :
3186 3914 3517 3983 percellebat
3555 3914 3678 3968 ani-

2094 4022 2244 4062 mum
2264 4004 2466 4060 veteris
2492 4005 2813 4071 sacerdotis,
2843 4006 2990 4076 quod
3020 4014 3179 4060 nutat
3202 4007 3494 4078 episcopus
3517 4007 3678 4063 ruina

2095 4098 2412 4152 multorum.
2440 4096 2582 4167 Egit,
2614 4096 2756 4151 sicut
2773 4097 3037 4167 scriptum
3067 4107 3151 4153 est
3176 4139 3188 4151 .
3211 4097 3523 4153 Benedicam
3546 4116 3678 4170 opus

2094 4188 2308 4243 Domini
2350 4185 2644 4257 diligenter.
2688 4186 2747 4241 In
2799 4188 2950 4242 nullo
2991 4188 3040 4243 ei
3090 4187 3267 4244 cilicio
3318 4190 3551 4259 apostoli
3590 4191 3674 4243 vir

2095 4279 2427 4351 apostolicus
2464 4278 2672 4333 defuit:
2701 4279 3027 4344 obsecravit,
3070 4280 3377 4344 admonuit,
3425 4281 3675 4350 increpa-

2095 4374 2194 4428 vit.
2222 4371 2402 4426 Atille
2421 4370 2515 4441 qui
2536 4370 2592 4423 in
2615 4370 2946 4440 profundum
2967 4368 3428 4438 blasphemiarum
3455 4385 3678 4425 suarum

2097 4462 2343 4533 pondere
2378 4471 2742 4530 mergeretur,
2777 4461 2911 4514 tanti
2944 4459 3050 4513 viri
3080 4460 3383 4514 doctrinam
3420 4478 3676 4525 renuens,

412 4552 590 4608 factus
617 4562 679 4608 es
704 4552 912 4624 angelis
934 4561 991 4607 et
1015 4552 1352 4617 hominibus,
1386 4554 1768 4625 universisque
1788 4554 1995 4609 Christi
2029 4549 2071 4603 ι)
2096 4561 2152 4608 et
2189 4551 2395 4605 abusus
2425 4550 2667 4613 hortatu,
2705 4547 2901 4602 docilis
2940 4563 3059 4601 esse
3097 4547 3298 4612 renuit,
3335 4564 3458 4602 cum
3489 4548 3683 4601 doctor

413 4641 791 4697 sacerdotibus
823 4659 837 4695 :
878 4657 1058 4712 neque
1084 4642 1239 4712 enim.
1264 4643 1441 4696 solum
1477 4642 1534 4696 in
1562 4642 1842 4697 Christum
1871 4657 1993 4698 cre-

413 4736 630 4802 didisti;
662 4735 759 4791 sed
796 4733 1142 4790 incommoda
1173 4749 1393 4804 quoque
1425 4749 1524 4803 pro
1554 4733 1672 4803 ipso
1698 4733 1994 4803 pertulisti.

415 4828 575 4884 Solus
606 4828 805 4899 dignus
855 4841 1056 4882 census
1094 4841 1155 4880 es
1196 4825 1290 4895 qui
1322 4825 1574 4896 stigmata
1608 4824 1755 4879 illius
1788 4824 1841 4878 in
1871 4840 1995 4880 cor-

417 4936 548 4990 pore
579 4928 673 4975 tuo
698 4927 975 4989 portares.
1003 4916 1299 4972 Confessus
1332 4916 1484 4970 illum
1533 4932 1716 4970 coram
1756 4916 1996 4970 homini-

419 5012 543 5076 bus,
572 5010 909 5081 promeritus
947 5024 1008 5063 es
1052 5016 1114 5062 ut
1153 5007 1314 5062 Pater
1356 5016 1409 5061 te
1452 5007 1777 5062 conﬁteatur
1813 5023 1997 5061 coram

420 5101 643 5172 angelis.
675 5099 983 5157 Redimitus
1014 5114 1073 5153 es
1102 5098 1323 5153 coronis
1370 5113 1492 5168 quae
1515 5113 1616 5168 pro
1646 5099 1849 5168 pietate
1882 5113 1999 5152 cer-

420 5192 665 5248 tantibus
686 5192 990 5257 debentur;
1013 5189 1241 5259 potuisti
1261 5190 1445 5243 omnia
1473 5189 1529 5243 in
1551 5189 1793 5256 Christo,
1824 5190 1918 5259 qui
1947 5200 1997 5245 te

378 5282 789 5347 ’conﬁrmavit;
832 5280 1135 5336 humiliasti
1189 5280 1442 5335 Satanam
1493 5295 1592 5350 per
1640 5280 1995 5350 patientiam;

420 5373 793 5445 contempsisti
821 5380 1130 5439 tormenta;
1162 5372 1499 5427 conculcasti
1528 5372 1770 5426 furorem
1795 5373 2001 5441 princi-

420 5483 581 5539 pum;
622 5466 822 5520 famem
855 5480 956 5535 prn
996 5464 1170 5517 nihilo
1199 5463 1403 5517 duxisti
1433 5481 1445 5516 :
1479 5479 1674 5532 panem
1706 5464 1853 5517 enim
1900 5466 1998 5519 ha-

358 5570 373 5586 '
396 5628 397 5631 η
422 5558 586 5613 bebas
618 5556 712 5628 qui
753 5555 821 5611 de
856 5556 996 5611 caelo
1020 5553 1382 5617 descendens,
1403 5553 1681 5608 cmlestem
1708 5554 1875 5609 vitam
1896 5556 1999 5610 ho-

419 5650 659 5707 minibus
695 5647 1029 5718 impertitur.
1077 5666 1094 5697 ›

484 5742 570 5797 59.
618 5760 639 5793 ς
700 5739 840 5807 Quia
877 5753 1012 5792 vero
1058 5752 1158 5792 nos
1201 5734 1337 5789 nihil
1378 5735 1576 5789 horum
1622 5736 1992 5807 ignoravimus

418 5832 715 5904 (g?quit.lcm
751 5829 885 5884 alias
919 5838 1130 5883 vestras
1153 5825 1491 5891 aﬂlictiones,
1522 5842 1676 5897 quas,
1701 5827 1830 5883 dum
1851 5830 2003 5899 prin-

2099 4659 2220 4700 esse
2266 4658 2377 4697 non
2425 4651 2609 4711 posset
2641 4657 2653 4693 :
2695 4639 2807 4708 egit
2849 4637 3083 4708 injuriis,
3119 4645 3363 4692 tenacem
3397 4638 3531 4692 recti
3560 4652 3681 4691 esse

2100 4734 2475 4806 perversitatis
2498 4740 2740 4787 assertor
2766 4730 3051 4799 gloriatus.
3077 4730 3217 4784 Hinc
3254 4746 3360 4784 nec
3393 4730 3685 4784 contrista-

2103 4837 2192 4882 tus
2237 4835 2319 4882 est
2366 4827 2561 4888 frater,
2606 4839 2793 4878 secum
2848 4834 3111 4894 reputans
3145 4822 3291 4893 quod
3335 4822 3531 4876 merito
3577 4821 3682 4876 sibi

2101 4935 2369 4974 conservo
2392 4933 2503 4972 non
2534 4923 2804 4986 parceret,
2835 4916 2929 4985 qui
2959 4929 3059 4970 suo
3105 4915 3338 4969 Domino
3374 4914 3681 4983 derogaret.

2100 5011 2361 5066 Inventus
2384 5017 2469 5063 est
2500 4994 2958 5079 perdiligentiam
3001 5007 3093 5062 ille
3122 5007 3190 5062 de
3224 5007 3517 5077 Evangelio
3542 5006 3684 5076 frugi

2103 5099 2247 5153 ﬁlius
2273 5106 2328 5152 et
2354 5098 2617 5167 providus
2648 5112 2874 5165 servus;
2904 5113 3029 5153 nam
3055 5107 3110 5152 et
3136 5105 3416 5166 paternam
3447 5096 3689 5150 servavit

2103 5190 2484 5254 substantiam,
2529 5197 2584 5243 et
2623 5191 2775 5244 auxit
2818 5202 3117 5243 numerum
3168 5186 3522 5240 talentorum.
3576 5186 3689 5239 Nec

2103 5281 2410 5351 duplicasse
2437 5295 2584 5344 eum,
2623 5281 2716 5335 sed
2755 5278 3147 5347 multiplicasse
3182 5274 3411 5328 dixerim
3459 5284 3687 5335 sortem,

2103 5388 2267 5443 quem
2327 5371 2651 5426 videbamus
2699 5372 2865 5425 etiam
2912 5372 3070 5438 longe
3121 5366 3314 5436 positis
3356 5365 3448 5435 pio
3499 5366 3688 5420 fenore

2103 5464 2445 5521 subvenisse.
2468 5463 2511 5519 Ο
2536 5472 2736 5517 sancta:
2767 5460 3171 5532 praedicationis
3191 5474 3357 5514 usura
3378 5459 3391 5512 l
3415 5474 3577 5528 quam
3601 5458 3689 5511 hic

2104 5557 2332 5628 gratiam
2362 5564 2488 5609 ante
2514 5568 2862 5609 communem
2890 5552 3183 5607 Dominum
3214 5550 3341 5605 ﬁdei
3386 5549 3691 5619 negotiator

2106 5648 2367 5711 inveniet,
2403 5646 2495 5717 qui
2526 5655 2751 5717 propter
2785 5645 3091 5699 animarum
3132 5645 3367 5707 lucrum,
3409 5641 3689 5709 negotium

2105 5748 2160 5794 et
2184 5739 2294 5793 illic
2313 5732 2576 5803 exercuit,
2605 5737 2697 5791 ubi
2726 5737 2925 5792 talenta
2962 5738 3208 5807 accepit?
3239 5736 3431 5790 Nonne
3458 5730 3548 5784 hic
3575 5746 3689 5784 mc-

2106 5834 2214 5886 rito
2245 5848 2273 5885 a
2302 5830 2698 5886 Patrefamilias
2715 5831 3001 5887 auditurus
3036 5840 3117 5885 est
3146 5850 3158 5884 :
3194 5831 3357 5897 Euge,
3392 5843 3537 5883 serve
3567 5826 3692 5879 bona
