4076 6306
406 409 479 467 5:;
527 433 535 440 -
1755 398 1810 454 s.
1852 395 2131 453 cvnnu
2171 392 2356 452 vm.
3199 459 3204 465 _
3612 380 3682 435 εδ

421 534 472 581 tt
522 522 714 594 fidelis,
781 524 923 576 intra
983 521 1039 574 iu
1077 518 1330 590 gaudium
1381 501 1592 570 Domitii
1641 515 1761 570 tui?
1795 514 2002 587 (Matth.
2038 525 2078 576 Α
2111 513 2329 578 tituros,
2363 511 2468 566 nisi
2501 525 2565 564 ea
2599 509 2756 579 prius
2793 521 2915 577 quae
2961 505 3141 561 facere
3169 504 3446 593 debebant
3494 505 3685 562 confe-

408 631 534 680 xxv,
564 615 680 685 9.5.)
711 615 837 668 [lare
870 611 1000 666 huic
1028 617 1370 680 competunt,
1397 608 1493 678 qui
1521 608 1611 662 illa
1643 621 1862 676 quoque
1882 621 2004 676 qua:

409 707 534 763 aliis
568 716 698 763 sunt
729 703 1023 760 commissa
1053 701 1312 757 servavit.
1337 721 1358 752 ›
1392 701 1519 756 Haec
1541 699 1892 755 leestinus.

715 862 743 934 §
778 863 870 918 X1.
911 861 1288 917 Reconciliatio
1315 859 1700 916 Ecclesiarum.
1801 825 1815 852 I

487 997 578 1054 (il.
635 993 937 1051 Caelestino
966 1007 1121 1064 papae
1155 1008 1250 1046 \‘lll
1275 991 1406 1046 Idus
1433 989 1639 1062 Aprilis
1671 992 1784 1048 vita
1818 992 2006 1049 functo

409 1087 679 1144 successit
709 1086 897 1142 Sixtus
928 1087 1020 1151 Ill,
1065 1099 1304 1156 quocum
1345 1085 1566 1140 tandem
1599 1095 1656 1140 et
1698 1085 1754 1140 S.
1803 1085 2006 1157 Cyrillo

409 1191 601 1246 pacem
627 1175 753 1230 iniit
780 1175 1022 1231 Joannes
1062 1173 1456 1239 Antiochenus,
1505 1174 1574 1230 iis
1619 1173 1819 1229 litteris
1857 1173 2004 1244 (cum

412 1269 539 1324 fidei
566 1270 848 1325 catholicze
879 1268 1112 1324 sincera
1136 1266 1494 1338 professione)
1526 1267 1688 1334 datis,
1713 1282 1835 1336 qua:
1867 1265 2007 1320 refe-

410 1370 613 1416 runtur
642 1370 792 1416 tome
818 1361 862 1417 ν
890 1361 1092 1416 concil.
1123 1360 1349 1430 Ephes.,
1391 1375 1549 1429 capp.
1591 1359 1624 1414 5
1655 1366 1711 1414 et
1738 1359 1824 1412 17.
1860 1357 2004 1411 Exa-

411 1464 557 1508 etam
597 1455 676 1509 rei
697 1462 864 1525 gesta:
895 1453 1093 1507 seriem
1127 1451 1316 1522 pandit
1342 1445 1458 1522 i'psc
1481 1435 1718 1523 Cyrillus
1756 1447 2005 1522 Epistola

411 1545 484 1598 ad
514 1543 786 1614 Dynatunt
815 1541 1082 1614 Nic0polis
1111 1546 1297 1597 veteris
1331 1543 1484 1614 Epiri
1512 1545 1829 1614 episcopum,
1857 1550 2005 1596 tonio

408 1635 474 1701 ν,
519 1652 640 1706 cap.
679 1635 768 1700 16,
818 1651 982 1707 quam
1029 1635 1120 1690 hic
1159 1634 1400 1690 damus:
1457 1656 1475 1687 ε
1521 1635 1714 1707 Opera:
1762 1636 2005 1706 pretium

409 1725 543 1780 duxi
573 1725 834 1796 pietatem
876 1733 1023 1779 tuam
1053 1723 1121 1779 de
1151 1723 1220 1780 iis
1251 1725 1418 1780 rebus
1461 1724 1757 1779 certiorem
1780 1723 2002 1789 Tacere,

410 1834 535 1888 qua:
581 1833 748 1888 super
793 1817 1163 1872 Eeclesiarum
1198 1831 1331 1886 pace
1371 1815 1754 1870 constituenda
1800 1830 2006 1870 evene-

409 1917 559 1964 runt.
603 1907 766 1964 Venit
811 1907 994 1978 itaque
1039 1907 1297 1962 dominus
1349 1921 1507 1962 meus
1553 1905 2006 1977 prmclarissimus

411 2004 668 2059 tribunus
696 2012 751 2059 et
780 2003 1028 2058 notarius
1053 2001 1358 2057 Aristolaus
1388 1999 1757 2064 Antiochiam,
1794 1999 2008 2054 litteras

410 2095 590 2166 regias
613 2110 800 2150 secum
833 2094 1106 2158 deferens,
1137 2093 1340 2163 quibus
1365 2091 1563 2147 Joanni
1609 2091 1859 2166 piissimo
1897 2091 2006 2147 Ec-

409 2186 592 2241 clesia:
622 2185 980 2242 Antiocheua:
1016 2184 1275 2256 episcopo
1317 2183 1684 2239 mandabatur
1744 2193 1802 2238 ut
1831 2185 2006 2240 scele-

409 2286 526 2332 rata
555 2276 794 2332 Nestorii
815 2269 1068 2346 dogmata
1084 2273 1594 2338 anathematizaret,
1619 2287 1836 2328 necnon
1895 2288 2005 2327 una

407 2381 534 2420 cum
575 2381 730 2422 saera
779 2365 988 2438 synodo
1034 2363 1394 2434 depositionis
1441 2362 1770 2418 sententiam
1813 2373 2004 2418 contra

409 2453 564 2509 illum
579 2455 769 2522 ferret,
787 2471 960 2526 caque
978 2454 1190 2510 ratione
1211 2454 1279 2508 ad
1299 2463 1542 2508 nostram
1562 2452 2014 2515 communionem.

406 2545 553 2601 viam
575 2546 680 2601 sibi
709 2546 969 2600 muniret.
1006 2565 1024 2595 ι
1062 2545 1130 2598 Et
1152 2545 1271 2598 hmo
1299 2542 1524 2613 quidem
1563 2557 1756 2596 earum
1785 2542 2006 2597 littera-

383 2705 387 2710 ,
413 2651 542 2690 rum
581 2651 798 2691 summa
829 2644 971 2690 erat.

479 2727 568 2782 62.
617 2725 895 2792 «Quidam
951 2733 1134 2780 autem
1181 2739 1249 2779 ex
1299 2721 1664 2779 orientalibus
1710 2721 2007 2794 episcopis,

409 2819 506 2889 qui
541 2803 856 2874 Nestorium
880 2817 1021 2872 forte
1049 2815 1286 2872 necdum
1315 2815 1776 2882 condemnarunt,
1807 2816 1905 2872 sed
1927 2815 2010 2870 illi

409 2927 578 2981 porro
603 2911 808 2976 favere,
840 2921 1156 2980 reetamque
1185 2908 1346 2963 fidem
1371 2907 1594 2963 turbare
1624 2917 1880 2979 pergunt,
1908 2925 2010 2966 Ie-

410 3019 520 3075 que
551 3003 759 3060 Christi
777 3002 1024 3057 omnium
1049 2999 1358 3055 Servatoris
1377 2999 1552 3054 nostri
1583 2999 1815 3070 gloriam
1843 3013 2012 3070 agno-

409 3103 604 3164 scunt;
653 3094 916 3149 Acacium
963 3092 1372 3148 sanctissimum
1425 3090 1848 3162 piissimumque
1901 3092 2006 3148 Be-

323 3249 343 3268 ’
409 3187 706 3242 rmcnsium
761 3185 1100 3257 episcopum,
1131 3193 1193 3239 ur,
1221 3185 1290 3239 ad
1331 3198 1420 3238 me
1453 3183 1738 3252 scriberet,
1772 3187 2082 3252 “campo
2112 3172 2372 3229 tribunus
2401 3171 2725 3227 Aristolaus.
2751 3169 2896 3227 Cum
2931 3169 3100 3242 igitur
3136 3170 3420 3242 piissimus
3463 3171 3721 3244 Joannes.

407 3279 570 3349 laquc
613 3279 876 3343 absurda,
919 3293 1041 3348 qua:
1083 3276 1188 3348 ipsi
1239 3277 1612 3348 postulabant,
1647 3289 2004 3349 proponeret,

409 3371 764 3442 iustigarunt.
803 3371 1045 3441 Urgebat
1075 3369 1284 3424 etenim
1321 3377 1384 3424 ut
1425 3370 1704 3438 omnibus,
1735 3386 1866 3442 qua}
1907 3371 2008 3427 ad-

407 3481 604 3520 versus
624 3463 938 3519 Nestorium
960 3461 1302 3532 scripsimus,
1331 3461 1572 3528 abolitis,
1601 3469 1658 3517 et
1712 3463 1883 3520 veluti
1924 3459 2010 3519 in-

408 3557 640 3611 utilibus
672 3555 908 3628 rejectis,
933 3555 1110 3617 solum
1143 3554 1506 3626 symbolum-:1
1529 3556 1734 3612 sanctis
1751 3557 2008 3614 Patribus

408 3648 464 3703 in
495 3649 716 3703 civitate
746 3647 927 3702 Nicaea
957 3646 1306 3718 congregatis
1325 3647 1638 3718 expositum
1684 3647 2004 3705 admittere-

408 3756 552 3795 mus.
599 3739 844 3794 Meminit
887 3738 1148 3794 sanctitas
1195 3747 1308 3805 tua,
1359 3739 1616 3795 eamdem
1667 3740 1811 3797 hanc
1889 3759 2006 3797 rem

411 3831 621 3886 ursisse
645 3845 866 3900 quoque
904 3845 1031 3884 eum
1075 3845 1254 3899 nuper
1286 3829 1343 3884 in
1372 3830 1740 3902 Ephesiorum
1783 3831 2006 3887 civitate

408 3921 594 3976 adhuc
622 3920 873 3976 aderant.
909 3919 1024 3990 Ego
1057 3933 1188 3977 vero
1216 3918 1284 3974 ad
1315 3919 1433 3974 bare
1465 3921 1744 3992 rescripsi,
1771 3937 1893 3978 rem
1935 3923 2006 3978 il-

406 4012 494 4070 los
520 4014 799 4084 postulare
823 4011 1091 4084 ejusmodi
1130 4025 1253 4082 quae
1289 4011 1406 4068 ﬁeri
1439 4013 1598 4084 plane
1645 4029 1756 4070 non
1801 4025 2005 4086 posset,

409 4103 560 4175 quod
629 4119 978 4174 quaecunque
1019 4103 1448 4174 scripsissemus,
1500 4113 1650 4161 recte
1691 4105 2006 4176 scripsisse-

405 4211 567 4262 mus;
610 4203 800 4266 utpote
838 4203 1004 4252 recta:
1037 4194 1436 4266 inculpataeque
1469 4195 1596 4250 ﬁdei
1635 4195 1841 4267 ubique
1889 4198 2006 4253 suf-

407 4286 629 4357 fragati,
657 4287 910 4358 nihilque
939 4287 1012 4343 ob
1041 4286 1098 4342 id
1130 4300 1324 4342 eorum
1373 4286 1622 4342 omnium
1648 4304 1770 4359 qua:
1790 4304 1822 4344 a
1846 4289 2009 4345 nobis

405 4378 612 4450 scripta
643 4389 850 4445 essent,
895 4379 1158 4434 damnare
1191 4386 1290 4434 aut
1319 4393 1522 4452 negare
1542 4396 1658 4436 non
1686 4396 1866 4452 posse.
1896 4379 2006 4438 Ne-

407 4485 516 4539 que
539 4469 688 4525 enim
717 4471 1020 4541 quidquam
1061 4471 1288 4526 omnino
1334 4478 1540 4527 temere
1580 4486 1610 4526 a
1657 4486 1746 4528 me
1791 4471 2005 4529 dictum

2104 604 2328 668 cisscnt,
2346 604 2616 658 miserunt
2635 598 3018 654 Alexandriam
3039 598 3266 654 Paulum
3283 599 3687 669 pientissimum

2004 739 2006 742 μ
2106 695 2690 768 religiosissimumque
2733 691 3120 766 Emisenorum
3159 691 3501 762 episcopum,
3550 694 3689 750 affe-

2104 797 2318 844 rentem
2373 787 2596 858 quidem
2653 785 2722 840 ad
2773 784 3177 840 communionis
3237 784 3688 841 instaurationem
3762 801 3776 808 ’

2105 879 2460 951 pertinentia,
2493 891 2687 950 parum
2721 885 2904 931 tamen
2934 876 3138 931 decore
3161 885 3219 930 et
3249 877 3538 932 commode
3560 879 3690 949 pro-

2107 972 2282 1042 posita
2307 989 2322 1025 :
2348 987 2461 1042 prae
2481 985 2539 1025 se
2559 969 2808 1025 ferebant
2831 967 3172 1038 enimjustas
3203 967 3468 1036 quasdam
3493 983 3694 1038 querc-

2105 1064 2188 1119 las
2211 1068 2478 1118 adversus
2507 1075 2611 1116 nos
2647 1074 2706 1116 se
2739 1059 2964 1125 habere,
2992 1073 3064 1114 eo
3089 1059 3238 1130 quod
3263 1059 3512 1129 quaedam
3546 1075 3578 1114 a
3599 1075 3690 1116 sa-

2105 1169 2202 1211 cro
2221 1154 2476 1219 concilio,
2508 1167 2690 1223 neque
2719 1161 2868 1208 recte
2887 1151 3053 1217 dicta,
3090 1165 3270 1224 neque
3295 1157 3444 1206 recte
3473 1166 3692 1222 quoque

2106 1247 2248 1302 facta
2279 1255 2483 1301 essent.
2509 1246 2712 1302 Verum
2751 1244 3068 1316 hujusmodi
3138 1233 3398 1314 epistolas
3432 1244 3690 1314 equidem

2103 1351 2215 1392 non
2243 1337 2462 1402 admisi,
2513 1335 2611 1391 sed
2658 1335 2808 1390 dixi:
2851 1334 2988 1391 Cum
3035 1333 3105 1390 de
3145 1334 3425 1404 prioribus
3471 1335 3692 1391 veniam

2105 1429 2428 1500 suppliciter
2449 1439 2637 1500 petere
2661 1427 2948 1494 deberent,
2975 1443 3146 1483 novas
3175 1428 3372 1483 iterum
3402 1431 3723 1485 contume-'

2105 1516 2209 1574 lias
2236 1519 2442 1576 inferre
2468 1519 2750 1574 festinant.
2777 1516 2914 1574 Cum
2947 1527 3132 1574 autem
3177 1527 3514 1576 memoratus
3555 1520 3692 1592 piis-

2107 1614 2279 1668 simus
2323 1613 2617 1684 episcopus
2661 1612 2866 1668 factum
2917 1620 3226 1677 excusaret,
3274 1613 3695 1684 juramentoque

2107 1706 2212 1761 hoc
2233 1705 2455 1760 illorum
2483 1704 2828 1776 propositum
2856 1719 2968 1760 non
2992 1719 3115 1760 esse
3146 1704 3461 1772 afﬁrmaret,
3490 1720 3560 1760 ex
3581 1721 3698 1762 me-

2107 1814 2168 1853 ra
2195 1807 2380 1854 autem
2417 1797 2586 1853 animi
2629 1795 2985 1867 simplicitate
3021 1796 3206 1852 isthuc
3235 1797 3438 1852 litteris
3467 1797 3584 1852 suis
3607 1796 3695 1852 in-

2105 1889 2366 1955 seruisse,
2383 1887 2713 1966 ldilectionis
2745 1903 2910 1944 causa
2933 1887 3315 1960 purgaticnem
3342 1887 3558 1942 admisi.

2175 1984 2265 2040 64.
2301 2001 2320 2034 ‹
2347 1981 2622 2038 Caeterum
2657 1997 2769 2038 non
2803 1997 2962 2053 prius
2991 1982 3146 2036 illum
3173 1981 3238 2036 ad
3263 1981 3509 2053 synaxim
3538 1995 3696 2037 rece-

2105 2075 2183 2148 pi,
2219 2092 2384 2146 quam
2421 2075 2608 2132 oblato
2655 2076 2860 2138 libeﬁo,
2909 2075 3148 2130 Nestorii
3181 2075 3437 2146 dogmata
3473 2074 3698 2145 proprio

2105 2165 2471 2236 chirographo
2527 2164 3074 2231 anathematizasset;
3121 2179 3350 2234 seseque
3399 2163 3554 2218 illum
3595 2180 3698 2234 pro

2107 2257 2361 2328 deposito
2391 2256 2618 2318 habere,
2641 2255 2866 2331 publice
2892 2255 3180 2311 confessus
3197 2262 3365 2321 esset,
3395 2265 3454 2311 et
3478 2255 3700 2311 ordina-

2107 2348 2242 2404 tioni
2283 2346 2505 2402 tandem
2551 2344 2948 2416 religiosissimi
2985 2345 3229 2416 episcopi
3265 2337 3575 2400 Maximiani
3608 2361 3697 2400 as-

2106 2441 2388 2496 scnsisset.
2413 2439 2578 2494 Petiit
2608 2446 2792 2494 autem
2823 2446 2907 2504 ut,
2939 2437 3143 2493 libellis
3177 2437 3425 2494 omnium
3455 2439 3698 2494 orienta-

2105 2532 2242 2586 lium
2293 2531 2680 2602 episcoporum
2735 2529 2858 2586 loco
2903 2530 3104 2585 oblatis
3161 2530 3529 2602 receptisque,
3558 2531 3698 2585 nihil

2108 2623 2344 2693 amplius
2384 2622 2682 2693 exigerem.
2729 2621 2839 2677 Sed
2877 2621 3026 2677 nulla
3073 2622 3283 2678 ratione
3324 2622 3378 2678 id
3423 2621 3544 2678 ﬁeri
3577 2639 3696 2679 sum
3751 2671 3756 2678 .

2108 2729 2304 2785 passus
2333 2730 2346 2766 :
2379 2711 2475 2767 sed
2501 2711 2731 2768 domino
2759 2727 2886 2768 meo
2925 2713 3346 2783 praeclarissimo
3385 2713 3608 2770 tribuno
3635 2731 3700 2770 ac

2109 2804 2325 2860 notario
2343 2804 2589 2859 chartam
2618 2804 2768 2869 misi,
2791 2819 2900 2874 qua
2925 2804 2978 2860 ei
3008 2803 3346 2876 signiﬁcavi:
3377 2805 3434 2860 Si
3464 2806 3701 2862 Joannes

2107 2893 2490 2966 pientissimus
2541 2893 2802 2949 Ecclesia:
2857 2891 3213 2948 Antiocheam
3269 2893 3560 2964 episcopus
3617 2893 3700 2947 illi

2109 2985 2524 3058 subscripserit,
2555 2994 2690 3042 tunc
2717 2987 2940 3042 demum
2971 2984 3415 3040 communionem
3445 2986 3554 3040 illis
3579 2985 3702 3040 red-

2109 3079 2260 3146 dite;
2287 3094 2429 3150 aegre
2457 3077 2606 3132 enim
2637 3077 2858 3132 illorum
2891 3092 3100 3132 moram
3129 3077 3342 3132 ferebat
3366 3076 3702 3132 clarissimus

2107 3263 2544 3335 subscripsisset,
2597 3263 2913 3333 umerique,
2968 3263 3065 3334 qui
3118 3263 3324 3334 majore
3373 3263 3700 3319 auctoritate

2105 3355 2251 3428 apud
2295 3355 2477 3428 ipsum
2509 3364 2686 3420 erant,
2723 3354 2963 3410 Nestorii
2991 3353 3298 3410 doctrinam
3333 3355 3700 3409 anathemati--

2105 3461 2344 3517 zassent,
2367 3459 2427 3506 et
2449 3449 2597 3522 quod
2625 3449 2806 3520 ipsum
2840 3463 2942 3520 pro
2973 3447 3226 3520 deposito
3260 3447 3550 3512 haberent,
3575 3461 3703 3516 pro-

2105 3542 2238 3598 fessi
2264 3551 2487 3609 csscnt;
2524 3539 2950 3610 Maximianique
2988 3539 3384 3611 religiosissimi
3412 3538 3694 3610 pientissi-

2103 3635 2294 3706 Inique
2337 3633 2582 3705 episcopi
2647 3631 3048 3705 ordinationem
3087 3632 3501 3703 approbassem,
3545 3647 3698 3686 com-

2105 3727 2425 3783 munionem
2467 3725 2577 3782 illis
2621 3725 2984 3780 restituimus.
3039 3725 3165 3780 Haec
3209 3725 3358 3779 enim
3387 3725 3524 3789 sola,
3571 3739 3699 3778 cum

2107 3816 2312 3888 Ephesi
2334 3816 2520 3873 adhuc
2549 3823 2758 3881 essent,
2780 3829 2818 3870 a
2842 3830 2996 3871 saera
3021 3815 3230 3887 synodo
3257 3815 3328 3870 ab
3358 3814 3490 3885 ipsis
3511 3811 3699 3884 exige-

2107 3909 2329 3966 bantur.
2365 3927 2390 3964 δ

2179 4023 2268 4078 65.
2305 4022 2530 4087 Paulus,
2557 4037 2620 4076 re
2645 4023 2788 4077 bene
2818 4019 3088 4084 confecta,
3117 4018 3186 4074 ad
3214 4019 3478 4076 Joannem
3503 4021 3697 4074 Antio-

2108 4113 2347 4170 chenum
2397 4113 2666 4184 aliosque,
2715 4128 2750 4168 a
2801 4111 3006 4182 quibus
3057 4110 3126 4166 ad
3181 4110 3445 4184 Cyrillum
3495 4112 3700 4167 missus

2107 4202 2313 4270 fuerat,
2361 4203 2530 4261 rediit
2573 4203 2816 4260 alferens
2860 4217 3048 4258 secum
3099 4201 3170 4258 ad
3213 4202 3392 4274 ipsum
3433 4203 3696 4265 Joannem

2109 4297 2421 4369 epistolam,
2457 4311 2566 4367 qua
2603 4309 2710 4367 pax
2747 4292 3223 4364 tranquilliusque
3253 4291 3513 4348 Ecclesiae
3553 4302 3700 4349 esset

2111 4388 2346 4444 reddita.
2391 4387 2524 4458 Ejus
2567 4386 2816 4458 epistola:
2855 4385 2962 4441 hoc
3004 4393 3092 4441 est
3134 4383 3444 4449 exordium,
3485 4399 3606 4454 cap.
3639 4383 3696 4449 6,

2109 4483 2260 4531 temo
2285 4475 2373 4531 IV:
2394 4495 2420 4543 ε
2457 4474 2726 4530 Lwtentur
2745 4473 2862 4528 σα»ιὶ
2891 4483 2942 4528 et
2969 4471 3193 4528 exsultet
3217 4481 3357 4527 terra
3379 4471 3552 4546 (Paul.
3575 4489 3696 4538 xcv,

409 4571 505 4616 aut
530 4561 801 4631 scriptum
822 4570 928 4628 est,
959 4571 1022 4617 ut
1043 4562 1134 4617 isti
1162 4563 1376 4628 dicunt,
1400 4563 1502 4619 sed
1537 4579 1601 4618 ea
1627 4573 1841 4620 tantum
1866 4582 1898 4620 a
1918 4581 2006 4622 me
2039 4576 2084 4634 ι)
2112 4566 2202 4640 ll)
2237 4585 2251 4621 :
2289 4567 2531 4624 solutum
2559 4568 2708 4622 enim
2733 4575 2819 4622 est
2845 4565 3202 4624 intervallum
3238 4564 3521 4632 macerire;
3551 4565 3697 4634 quod

407 4651 556 4708 dicta
604 4661 661 4708 et
704 4653 909 4725 scripta
957 4664 1106 4718 sunt,
1147 4671 1270 4724 qua:
1315 4670 1441 4710 cum
1487 4654 1615 4710 ﬁdei
1667 4657 2001 4714 rectitudine

408 4745 616 4816 ubique
639 4746 980 4816 conspirant,
1011 4747 1341 4817 veritatique
1365 4762 1468 4818 per
1499 4747 1682 4802 omnia
1711 4757 2003 4805 consenta-

406 4852 513 4892 nea
561 4845 710 4890 sunt.
759 4835 961 4890 Addidi
1002 4851 1156 4898 vero,
1203 4837 1410 4892 rectius
1453 4837 1604 4908 ipsos
1648 4838 1911 4903 facturos,
1955 4841 2004 4896 si

409 4923 736 4994 ambagibus
778 4923 889 4978 illis
932 4922 1398 4995 dilationibusque
1445 4927 1648 4996 quibus
1684 4928 2002 4995 utebantur,

408 5015 614 5080 missis,
641 5014 893 5084 intraque
919 5014 1056 5068 recti
1081 5021 1139 5070 et
1163 5016 1462 5071 necessarii
1497 5018 1703 5076 limites
1725 5035 1846 5076 sese
1873 5035 2006 5076 con-

406 5107 669 5171 tinentes,
706 5105 940 5178 piissimi
965 5105 1192 5176 Deoque
1225 5106 1570 5164 dilectissimi
1604 5111 1737 5182 imp.
1761 5113 2002 5183 placitis,

405 5215 685 5270 sacrisque
719 5198 915 5272 synodi
945 5197 1186 5254 decretis
1209 5199 1656 5269 acquiescerent;
1681 5217 1746 5258 ac
1765 5203 2003 5259 Nestorii

407 5307 578 5362 nugas
613 5291 1073 5363 blasphemasque
1111 5291 1359 5363 ejusdem
1393 5301 1584 5348 contra
1606 5293 1889 5350 Christum
1909 5312 2006 5351 vo-

405 5399 498 5436 ces
533 5383 1098 5452 anathematizarent;
1130 5399 1348 5441 necnon
1397 5394 1454 5440 et
1500 5385 1902 5457 depositionem
1933 5387 2002 5442 il-

405 5473 514 5528 lius
537 5473 740 5544 justam
768 5489 890 5530 esse
918 5487 1303 5548 agnoscerent,
1327 5485 1383 5533 et
1412 5478 1749 5534 ordinationi
1783 5479 2003 5534 tandem

404 5563 740 5618 sanctissimi
763 5564 1203 5636 picntissimique
1229 5568 1476 5639 episcopi
1508 5568 1820 5624 Maximiani
1867 5569 2002 5624 sub-

403 5655 732 5712 scriberent.

475 5772 564 5828 65.
605 5793 623 5825 ς
656 5771 796 5830 Cum
828 5773 1014 5845 itaque
1044 5776 1146 5832 has
1177 5775 1243 5830 ad
1276 5775 1400 5831 illos
1435 5775 1646 5830 litteras
1689 5774 1960 5829 misissem
1984 5817 1997 5840 ,

405 5863 908 5924 animadvertean
934 5883 1055 5924 sese
1090 5869 1478 5924 communione
1519 5884 1866 5938 nequaquam
1897 5884 1998 5938 po-

2105 4675 2405 4716 mmrorem
2449 4661 2754 4724 all'erebat,
2801 4658 3146 4730 conquievit;
3184 4667 3241 4714 et
3272 4673 3435 4714 omne
3475 4659 3697 4712 tandem

2103 4749 2462 4805 dissidiorum
2504 4764 2679 4821 genus
2709 4749 2987 4804 sublatum
3027 4756 3149 4816 est;
3184 4749 3431 4803 omnium
3472 4749 3694 4818 quidem

2103 4851 2356 4896 nostrum
2377 4841 2660 4896 Salvatore
2683 4840 2902 4897 Christo
2929 4857 3120 4913 pacem
3139 4840 3401 4896 Ecclesiis
3425 4841 3542 4895 suis
3560 4857 3694 4896 con-

2106 4933 2352 4998 eiliante,
2383 4932 2816 5005 religiosissimis
2833 4942 3038 4997 autem,
3071 4935 3293 5002 Deoque
3321 4931 3696 4988 dilectissimis

2103 5020 2552 5092 imperatoribus,
2604 5035 2710 5077 nos
2760 5021 2828 5076 ad
2887 5021 3035 5076 istud
3091 5020 3537 5092 provocantibus.
3590 5022 3696 5089 Qui

2104 5129 2230 5169 cum
2272 5113 2432 5168 avita:
2457 5112 2742 5184 religionis
2780 5113 2974 5185 optimi
3020 5113 3366 5170 mmulatorcs
3407 5114 3691 5178 exsistant,

2077 5203 2232 5264 ,dant
2285 5219 2508 5275 operam
2542 5213 2605 5259 ut
2631 5204 2795 5260 fidem
2824 5213 3029 5261 rectam
3062 5205 3260 5262 animis
3297 5206 3411 5262 suis
3450 5207 3690 5268 inﬁxam,

2105 5296 2320 5351 firmam
2341 5277 2732 5368 immolamque
2753 5297 3088 5377 custodiant.
3109 5297 3252 5364 Quin
3277 5307 3334 5352 et
3362 5299 3692 5370 singularem

2103 5401 2325 5457 quoque
2348 5387 2554 5444 sanctis
2575 5387 2838 5444 Ecclesiis
2856 5403 3046 5442 curam
3065 5389 3408 5460 impendunt,
3431 5404 3540 5460 quo
3565 5388 3693 5442 hinc

2071 5473 2365 5533 ‘nimirum
2390 5479 2692 5551 et'gloriam
2713 5479 3001 5535 obtineant
3025 5489 3366 5552 perpetuam,
3384 5489 3440 5536 et
3463 5495 3692 5553 regnum

2103 5586 2264 5628 suum
2304 5571 2755 5628 florentissimum
2784 5572 3142 5629 constituant.
3173 5594 3191 5626 ι

2174 5685 2260 5740 66.
2293 5684 2424 5752 Qua:
2464 5701 2496 5740 a
2531 5685 2716 5740 reditu
2765 5686 2921 5742 Pauli
2962 5688 3331 5759 contigerunt,
3383 5687 3458 5742 ita
3505 5694 3691 5749 narrat

2103 5775 2393 5830 Liberatus
2423 5777 2478 5832 in
2513 5776 2813 5842 llreviario,
2857 5794 3014 5848 capp.
3049 5780 3082 5832 8
3111 5779 3220 5834 et9
3266 5797 3280 5832 :
3319 5797 3338 5830 ‹
3376 5778 3690 5834 Ascendens

2102 5881 2234 5936 ergo
2253 5867 2597 5922 Antiochiam
2615 5867 2833 5934 Paulus,
2852 5868 3259 5922 obtulitJoanni
3276 5867 3689 5938 archiepiscopo
