4076 6306
411 373 485 428 37
890 333 899 341 ’
1763 380 1820 435 s.
1860 379 2134 437 crtum
2174 379 2350 434 vim.
3606 394 3679 447 ss

412 496 470 541 et
499 486 654 541 omni
699 486 940 541 concilio
984 489 1128 559 ejus,
1171 489 1461 558 epistolam
1504 493 1715 564 Cyrilli.
1765 496 1892 563 Qui,
1940 506 1999 550 ut
2034 507 2068 560 Α
2099 494 2581 564 acceperit.Quem
2604 506 2782 550 tamen
2809 508 3029 554 secutus
3052 507 3135 554 est
3164 500 3459 555 Photiusin
3486 503 3677 560 Biblio-

410 586 789 649 cognoverunt
813 593 941 632 eum
980 580 1287 649 suscepisse
1337 580 1501 637 ﬁdem
1543 599 1574 637 a
1615 599 1674 640 se
1707 585 1993 651 directam,

409 682 464 726 et
492 672 547 724 in
572 671 694 740 ejus
717 660 1004 740 scripsisse
1026 671 1520 740 conﬁrmationem,
1540 690 1729 745 pacem
1751 693 1877 732 cum
1906 693 1974 733 eo

408 770 464 815 et
484 762 605 831 ejus
638 760 895 816 fecerunt
927 762 1185 825 concilio,
1214 762 1535 821 damnantes
1567 768 1901 834 Nestorium,
1941 779 1998 825 et

409 853 778 923 suscipientes
810 852 1221 918 Maximianum,
1254 856 1348 925 qui
1369 872 1469 927 pro
1497 858 1589 914 illo
1614 860 1792 915 factus
1818 860 1997 917 fuerat

409 944 734 1014 cpiscopus;
808 943 1194 1000 dubitantibus
1242 947 1421 1003 adhuc
1479 965 1545 1005 ex
1597 951 1679 1007 eis
1725 953 2000 1023 aliquibus

409 1034 615 1105 Cyrillo
661 1036 1093 1100 communicare,
1149 1039 1473 1106 putantibus
1505 1055 1633 1095 eum
1669 1057 1901 1107 enasse,
1941 1053 1994 1099 et

408 1135 599 1194 postea
620 1125 906 1180 veritatem
935 1128 1242 1197 agnovisse,
1267 1137 1321 1183 et
1348 1130 1697 1200 eulpantibus
1731 1134 1994 1189 Joannem

409 1233 510 1271 cur
541 1217 611 1271 ab
640 1233 707 1272 eo
734 1234 845 1273 non
868 1219 1160 1288 expetierit
1192 1220 1561 1290 capitulorum
1606 1225 1727 1294 ejus
1766 1225 1994 1279 damna-

412 1310 639 1364 tionem.
673 1310 751 1363 Ex
786 1310 955 1364 altera
983 1320 1167 1365 autem
1206 1320 1361 1381 parte
1400 1313 1621 1381 quidam
1657 1314 1725 1369 de
1768 1315 1992 1385 palatio,

411 1418 511 1472 per
539 1402 823 1472 Eulogium
843 1402 1223 1473 presbyterum
1257 1412 1313 1458 et
1334 1406 1730 1474 apocrisarium
1763 1406 1996 1462 Alexan-

410 1493 581 1547 drina:
605 1493 884 1557 Ecclesiae,
915 1495 1274 1564 culpaverunt
1304 1496 1589 1568 Cyrillum,
1613 1514 1712 1554 cur
1740 1516 1996 1571 suscepe-

408 1586 480 1639 ri.
507 1586 576 1639 ab
606 1585 972 1640 orientalibus
1013 1587 1289 1658 episcopis
1320 1589 1553 1644 duarum
1588 1593 1991 1661 confessionem

405 1685 749 1741 naturarum,
779 1676 928 1748 quod
958 1677 1245 1734 Nestorius
1277 1680 1417 1734 dixit
1445 1690 1500 1735 et
1538 1682 1742 1737 docuit.
1785 1682 1891 1738 Sed
1936 1694 1992 1739 et

407 1767 696 1823 Valeriano
746 1768 954 1833 lconii,
996 1777 1054 1823 et
1106 1771 1306 1825 Acacio
1349 1772 1677 1829 Melitinensi
1720 1762 1991 1846 episcopis

405 1856 511 1911 hoc
541 1856 720 1925 ipsum
760 1857 829 1911 de
868 1857 1072 1929 Cyn’llo
1104 1859 1413 1915 videbatur.
1463 1862 1692 1933 Scripsit
1732 1880 1862 1933 ergo
1903 1867 1983 1921 ei's

402 1948 639 2018 Cyrillus
682 1948 737 2002 in
774 1949 1152 2004 defensionem
1195 1952 1546 2033 orientalium
1576 1957 1979 2027 episcoporum,

402 2049 459 2093 et
494 2056 592 2108 pro
618 2040 836 2099 duabus
864 2042 1029 2096 unius
1057 2041 1259 2097 Christi
1287 2047 1563 2101 naturis...
1600 2049 1800 2103 Acacio
1826 2048 1979 2103 Meli-

405 2132 600 2187 tiuensi
628 2133 887 2202 episcopo
915 2133 1160 2189 scribens
1193 2136 1334 2191 inter
1360 2138 1464 2192 alia
1496 2140 1575 2194 sic
1601 2140 1766 2196 dicit:
1792 2142 1984 2197 Nesto—

405 2222 519 2274 rius
549 2220 754 2275 etenim
782 2220 1061 2275 Christum
1110 2237 1359 2278 seorsum
1406 2226 1677 2281 nominari
1718 2228 1851 2282 dicit
1884 2229 1981 2284 Dei

409 2312 659 2377 Verbum,
694 2313 897 2368 habere
930 2310 1577 2385 autem'conjuuctionem
1611 2319 1679 2373 ad
1705 2319 1981 2375 Christum

402 2403 739 2458 continuam.
766 2405 935 2458 Putas
958 2418 1108 2473 ergo,
1136 2420 1245 2458 non
1273 2406 1412 2460 duos
1434 2406 1681 2463 Christos
1707 2412 1984 2480 apertissi-

402 2512 489 2550 me
508 2485 680 2551 dieit?
702 2495 1006 2553 Orientales
1029 2514 1159 2552 vero
1179 2497 1460 2552 Christum
1482 2517 1650 2556 unum
1673 2512 1729 2557 et
1757 2503 1978 2570 Filium,

398 2598 459 2641 et
486 2587 656 2641 Deum
687 2596 743 2642 et
769 2588 1059 2642 Dominum
1099 2587 1431 2643 conﬁtentur
1460 2606 1518 2644 se
1547 2592 1790 2657 adorare,
1822 2609 1980 2648 eum-

401 2674 525 2728 dem
554 2690 620 2729 ex
648 2676 803 2731 Patre
829 2676 1129 2731 secundum
1160 2675 1526 2744 divinitatem,
1564 2690 1619 2736 et
1639 2675 1893 2737 eumdem
1913 2698 1983 2737 ex

399 2778 586 2823 sancta
631 2769 852 2840 Virgine
903 2768 1205 2825 secundum
1263 2770 1679 2827 humanitatem.
1735 2774 1979 2829 Duarum

401 2874 629 2928 namque
651 2869 967 2914 naturarum
1000 2858 1303 2913 unitionem
1326 2860 1522 2917 factam
1550 2863 1771 2931 dicunt;
1800 2875 1979 2922 tatnen

399 2965 567 3008 unum
593 2950 895 3013 Christum,
918 2966 1086 3003 unum
1113 2950 1311 3007 Filium
1336 2954 1625 3011 Dominum
1648 2958 1980 3016 conﬁtentur

398 3048 583 3108 aperte
611 3036 834 3105 factum,
875 3059 892 3091 ι
922 3054 1029 3096 etc.

466 3237 552 3291 67.
575 3234 757 3309 Pergit
792 3238 1082 3297 Liberatus
1114 3262 1127 3297 :
1168 3263 1187 3295 ι
1245 3243 1371 3299 litee
1417 3252 1546 3299 sunt
1578 3260 1699 3314 qua:
1744 3246 1975 3318 Cyrillus

397 3328 619 3397 scripsit
665 3330 719 3383 in
760 3330 1137 3389 defensionem
1181 3336 1529 3389 orientalium
1569 3337 1972 3407 episcoporum,

398 3432 497 3485 pro
531 3417 744 3473 duabtts
774 3422 939 3476 unius
958 3421 1162 3478 Christi
1192 3426 1421 3479 naturis.
1458 3426 1628 3491 Quam
1665 3427 1977 3497 quicunque

399 3516 532 3563 tunc
575 3511 798 3565 minime
842 3525 1185 3584 receperunt,
1229 3516 1329 3595 hos
1374 3534 1494 3571 esse
1548 3527 1681 3587 puto
1726 3531 1977 3574 auctores

397 3598 816 3668 Acephalorum,
864 3605 958 3674 qui
997 3621 1175 3675 neque
1225 3607 1485 3679 Cyrillum
1535 3609 1741 3664 habent
1790 3618 1972 3679 caput,

400 3704 583 3758 neque
606 3707 765 3760 quem
796 3703 1096 3764 sequantur
1117 3697 1431 3750 ostendunt.
1456 3698 1610 3753 Tunc
1630 3707 1685 3752 et
1715 3699 1975 3768 Evoptius

338 3848 355 3857 _
399 3778 749 3835 Ptolemaidis
803 3781 1166 3853 Pentapoleos
1212 3786 1449 3855 regionis
1477 3789 1788 3856 cpiscopus,
1830 3789 1973 3841 acci-

397 3871 556 3940 piens
572 3874 850 3942 exemplar
870 3874 1173 3929 litterarum
1209 3876 1547 3941 Theodoriti,
1570 3878 1663 3948 qui
1683 3879 1975 3948 scripserat

398 3973 592 4019 contra
633 3964 923 4020 duodecim
959 3968 1195 4037 capitula
1223 3966 1433 4040 Cyrilli,
1476 3968 1676 4024 direxit
1706 3969 1838 4025 iilud
1867 3969 1973 4042 Cy-

395 4056 539 4121 rillo,
566 4065 627 4110 ut
662 4058 1019 4128 responderet
1049 4059 1116 4114 ad
1144 4075 1230 4125 ea,
1267 4070 1323 4116 et
1343 4078 1442 4116 sua
1465 4064 1702 4132 capitula
1732 4080 1973 4129 expone-

397 4153 503 4198 ret.
533 4144 688 4211 Quod
716 4146 1021 4216 gratissime
1044 4149 1350 4218 suscipiens
1380 4149 1636 4221 Cyrillus,
1660 4153 1787 4207 fecit
1811 4153 1977 4208 inter-

396 4238 759 4306 pretationem
782 4239 1145 4318 capitulorum
1169 4256 1415 4307 suorum,
1447 4243 1736 4300 duodecim
1769 4245 1975 4301 addens

396 4327 789 4395 expositiones,
812 4345 921 4399 quo
951 4331 1230 4386 videretur
1251 4332 1467 4402 plenam
1505 4352 1604 4405 pro
1627 4336 1708 4391 eis
1746 4337 1973 4392 reddere

400 4417 689 4475 rationem.
724 4420 912 4490 itaque
937 4421 1140 4494 Cyrillo
1181 4424 1512 4493 suscipiente
1558 4436 1615 4481 ct
1649 4426 1972 4481 defendente

2103 587 2248 639 theca
2281 594 2537 640 tmemate
2564 602 2787 645 ccxxvu.

2165 677 2253 733 68.
2288 676 2572 742 Quomodo
2622 680 2770 733 enim
2808 683 3095 735 credemus
3140 681 3211 736 ab
3252 682 3478 753 Cyrillo,
3527 686 3673 753 quod

2096 767 2286 822 scribit
2316 767 2459 822 idem
2495 768 2802 830 Liberatus,
2835 769 3114 825 laudatum
3142 772 3511 838 Theodorum,
3530 778 3675 846 ejus-

2095 872 2201 926 que
2242 859 2446 928 scripta
2491 859 2745 928 probata,-
2776 876 2902 915 cum
2970 861 3108 916 adeo
3148 863 3465 920 adversatus
3509 868 3674 919 fuerit

2094 945 2368 1011 Nestorio,
2403 961 2570 1017 quem
2598 962 2726 1004 suos
2755 950 2824 1003 ab
2862 950 2980 1019 ipso
3003 950 3293 1005 Theodoro
3317 952 3563 1007 hausisse
3587 968 3675 1007 er-

2094 1052 2248 1092 rores
2277 1039 2507 1108 ipsemet
2530 1047 2765 1095 testatur
2784 1040 3013 1111 epistola
3057 1041 3124 1095 ad
3157 1042 3419 1097 Joannem
3455 1044 3670 1112 episco-

2094 1144 2225 1199 pum
2276 1131 2698 1187 Antiochenum.
2752 1153 2771 1185 ι
2819 1134 3220 1204 Conﬁngentes,
3270 1154 3289 1186 ›
3338 1135 3434 1200 ait,
3481 1155 3499 1187 ι
3549 1152 3671 1206 quae

2093 1221 2330 1275 Nestorii
2378 1230 2506 1277 sunt
2553 1223 2755 1288 odisse,
2804 1224 2913 1278 alio
2951 1226 3149 1279 iterum
3199 1238 3263 1279 ea
3314 1225 3669 1283 introducunt

2094 1311 2277 1375 modo,
2309 1328 2428 1382 qua:
2454 1314 2726 1368 Theodori
2755 1324 2883 1369 sunt
2913 1315 3194 1380 mirantes,
3215 1325 3271 1369 et
3302 1326 3450 1370 certe
3482 1334 3666 1387 mqua-

2092 1403 2222 1468 lem,
2256 1420 2427 1475 magis
2455 1422 2586 1462 vero
2615 1409 2788 1463 multo
2814 1410 3053 1479 pejorem
3086 1410 3337 1464 morbum
3376 1413 3669 1481 impietatis

2094 1494 2368 1550 habentia.
2398 1497 2511 1553 Nec
2546 1500 2697 1559 enim
2733 1501 3055 1555 Theodorus
3094 1503 3329 1556 Nestorii
3367 1504 3469 1557 fuit
3498 1506 3663 1559 disci-

2091 1586 2274 1656 pulus,
2307 1588 2401 1642 sed
2433 1590 2534 1643 iste
2564 1590 2730 1655 illius,
2761 1599 2817 1645 et
2844 1591 2996 1645 velut
3016 1606 3126 1644 uno
3150 1592 3449 1662 loquuntur
3478 1611 3591 1658 ore,
3611 1605 3666 1649 ct

2091 1693 2261 1732 unum
2288 1680 2444 1734 mala).
2468 1680 2731 1736 doctrinae
2766 1697 2833 1736 ex
2868 1697 2969 1736 suo
3008 1681 3173 1736 corde
3204 1692 3465 1737 evomunt
3497 1700 3664 1739 vene-

2090 1785 2243 1823 num.
2271 1770 2329 1825 ln
2352 1770 2597 1842 Epistola
2622 1773 2693 1826 ad
2721 1773 3055 1827 Theodosium
3075 1774 3464 1844 imperatorem,
3490 1775 3665 1829 Theo-

2020 1848 2285 1917 Bdorum
2334 1862 2800 1933 Mopsuestenum,
2856 1871 2912 1917 et
2968 1864 3266 1919 Diodorum
3316 1866 3696 1931 Tarsensem,_

2084 1954 2285 2007 asserit
2312 1960 2498 2022 patres
2530 1953 2826 2024 impietatis
2863 1953 3029 2008 fuisse
3054 1955 3323 2020 Nestorio,
3356 1956 3666 2010 immaniter

2082 2043 2491 2114 blasphemasse
2542 2055 2732 2099 contra
2788 2045 3068 2101 Christum
3119 2047 3365 2102 omnium
3414 2056 3661 2102 nostrum

2083 2132 2439 2197 Salvatorem,
2464 2134 2768 2189 nescientes
2792 2134 2963 2204 ipsius
2995 2136 3335 2206 mysterium,
3364 2157 3382 2188 ›
3408 2146 3514 2193 etc.
3538 2138 3664 2196 iltec

2082 2224 2265 2277 omnia
2297 2224 2608 2277 referuntur
2636 2224 2924 2279 collatione
2966 2226 2999 2280 5
3046 2227 3264 2281 concilii
3293 2244 3325 2282 v
3360 2230 3660 2283 meumeni-

2082 2314 2152 2367 ci.
2183 2314 2426 2383 Denique
2457 2315 2647 2369 ambos
2669 2316 2914 2386 ejusdem
2944 2315 3215 2371 haereseos
3247 2328 3497 2373 auctores
3528 2320 3663 2373 fuis-

2082 2418 2140 2457 se
2204 2402 2444 2457 ostendit
2491 2403 2545 2456 in
2578 2404 2913 2474 expositione
2939 2407 3168 2476 symboli
3208 2407 3413 2461 Nicmni
3454 2408 3555 2461 sub
3594 2409 3659 2461 ﬁ-

2082 2511 2225 2550 nem.
2268 2495 2371 2551 Ubi
2397 2504 2452 2549 et
2477 2495 2727 2550 meminit
2748 2495 2991 2565 epistola:
3019 2497 3195 2551 Procli
3220 2496 3285 2551 ad
3308 2497 3571 2553 Armenes
3592 2501 3658 2554 de
3716 2550 3723 2563 ,

2079 2603 2144 2642 ea
2190 2602 2249 2641 re
2302 2587 2561 2658 scripttc:
2617 2606 2636 2639 ς
2686 2588 2811 2643 Haec.
2849 2590 3016 2643 sentit
3053 2590 3361 2653 nobiscum,
3402 2611 3421 2642 ι
3460 2592 3655 2661 inquit,

2088 2696 2106 2729 ι
2144 2678 2550 2733 amantissimus
2578 2676 2783 2732 Christi
2817 2688 3151 2735 sanctorum'
3178 2680 3399 2734 Patrum
3435 2682 3655 2746 chorus,

2077 2778 2135 2824 et
2161 2769 2388 2823 Proelus
2412 2769 2547 2838 ipse,
2577 2768 2672 2838 qui
2701 2784 2849 2824 nunc
2875 2778 3074 2824 sanctae
3093 2769 3656 2841 Constantinopolita-

2078 2875 2163 2915 nae
2218 2860 2476 2915 Ecclesia:
2515 2861 2772 2915 thronum
2831 2861 3061 2915 adornat
3116 2861 3558 2932 religiosissimus
3601 2873 3659 2918 et

2079 2950 2454 3020 pientissimus
2479 2951 2640 3005 Pater
2670 2959 2726 3004 et
2747 2952 3122 3022 cocpiscopus.
3163 2952 3393 3022 Scripsit
3425 2954 3569 3007 enim
3602 2963 3658 3008 et

2081 3044 2196 3115 ipse
2221 3044 2288 3098 ad
2308 3043 2606 3098 orientales
2626 3042 2902 3113 piissimos
2924 3044 3209 3113 episcopos
3230 3044 3287 3098 in
3308 3045 3426 3099 batc
3450 3047 3615 3100 verba
3640 3088 3651 3099 .

2020 3181 2041 3200 ,
2086 3155 2104 3187 ι
2151 3136 2219 3189 Et
2248 3136 2563 3190 incarnatus
2583 3134 2805 3203 quidem
2831 3142 2933 3195 est,
2966 3154 2983 3185 ι
3012 3144 3118 3188 etc.
3148 3136 3337 3190 Exstat
3365 3153 3428 3191 ea
3456 3138 3656 3206 cpisto-

2026 3217 2042 3237 ³
2079 3227 2126 3279 la
2161 3226 2214 3279 in
2259 3224 2596 3279 Bibliotheca
2641 3225 2863 3278 Patrum
2913 3224 3101 3277 Latine
3139 3241 3292 3280 versa
3338 3242 3365 3279 a
3401 3227 3655 3297 Dionysio

2078 3321 2303 3389 Exigua,
2357 3318 2645 3374 occasione
2703 3317 2946 3389 ejusdem
2993 3318 3378 3372 controversim
3437 3335 3656 3376 rursum

2078 3417 2320 3477 tempore
2354 3423 2454 3461 suo
2480 3406 2754 3460 suscitatm
2786 3415 3009 3476 propter
3040 3406 3142 3460 tria
3167 3407 3404 3476 capitula
3437 3411 3655 3465 concilii

2075 3496 2556 3560 Chalcedonensis,
2576 3512 2699 3565 quae
2722 3496 2939 3551 tandem
2969 3498 3211 3553 Ecclesia
3241 3499 3487 3563 rescidit,
3516 3517 3657 3568 quo-

2077 3605 2199 3643 rum
2234 3604 2404 3642 unum
2435 3596 2554 3643 erat
2580 3588 2646 3642 dc
2677 3588 2922 3658 ejusdem
2947 3588 3217 3643 Theodori
3246 3590 3483 3660 scriptis.
3516 3592 3654 3646 Suc-

2077 3689 2317 3735 ccsscrat
2379 3695 2543 3749 porro
2595 3677 2921 3733 Maximiano
2974 3679 3232 3734 defuncto
3290 3681 3343 3735 S.
3405 3681 3652 3748 Preclus,

2075 3769 2280 3838 Aspare
2307 3778 2358 3824 et
2385 3768 2694 3823 Areobinda
2728 3785 2895 3832 coss.,
2936 3785 3023 3823 an.
3050 3769 3191 3824 Chr.
3222 3771 3346 3835 454,
3392 3772 3459 3825 ad
3499 3774 3657 3842 cujus

2076 3862 2242 3915 vitam
2279 3875 2403 3915 xxiv
2439 3860 2659 3916 Octobr.
2687 3859 2841 3929 plura
2887 3858 2953 3914 de
2993 3861 3093 3915 hac
3136 3862 3507 3917 controversia
3566 3863 3655 3917 di-

2077 3957 2289 4003 centur.

2146 4061 2234 4116 69.
2276 4062 2587 4133 Apostolica
2619 4063 2942 4118 auctoritate
2979 4063 3235 4135 Cyrillum
3271 4066 3535 4120 restitisse
3560 4066 3654 4120 Ju-

2074 4152 2251 4206 venali
2278 4153 2537 4223 episcopo
2571 4153 3062 4224 Hierosolymitano
3101 4153 3390 4222 primatum
3415 4154 3653 4207 Palwsti-

2075 4258 2157 4296 πω
2186 4242 2461 4296 affectanti
2483 4242 2597 4313 (qui
2620 4252 2675 4297 et
2700 4242 2916 4296 tandem
2939 4242 3016 4295 illi
3049 4242 3164 4295 sedi
3189 4240 3439 4306 collatus)
3464 4241 3653 4294 scribit

2076 4333 2131 4389 S.
2166 4332 2277 4388 Leo
2311 4350 2450 4404 papa
2476 4335 2637 4404 epist.
2662 4335 2750 4395 6‘2,
2783 4335 2864 4388 Ad
2892 4333 3182 4386 Maximum
3211 4335 3506 4403 episcopum
3538 4334 3651 4388 Au-

2076 4425 2363 4477 tiorltcnum
2398 4440 2416 4477 :
2452 4443 2469 4474 ι
2525 4423 2585 4476 In
2626 4422 2900 4492 Ephesina
2947 4421 3173 4492 synodo,
3210 4442 3227 4473 ι
3264 4422 3462 4492 inquit,
3504 4444 3521 4473 ι
3553 4425 3652 4479 Ju-

402 4505 565 4562 ndem
589 4509 936 4565 orientalium
970 4512 1378 4581 episcoporum,
1405 4524 1462 4569 οι
1486 4532 1584 4569 sua
1622 4516 1859 4585 capitula
1883 4533 1975 4572 εκ-
2008 4508 2048 4562 D
2077 4513 2284 4566 venalis
2309 4512 2599 4581 episcopus
2621 4512 2688 4565 ad
2718 4511 3076 4566 obtinendum
3106 4512 3406 4567 Palmstina:
3434 4515 3654 4582 provin-

394 4608 654 4669 ponente,
689 4616 794 4671 pax
811 4610 869 4656 et
893 4602 1074 4658 unitas
1110 4604 1376 4661 Ecclesiis
1420 4606 1629 4660 reddita
1657 4619 1759 4662 est.
1783 4608 1840 4662 ln
1868 4625 1975 4678 qua

394 4703 529 4759 pace
582 4692 851 4760 gaudente
905 4693 1169 4759 Ecclesia,
1220 4695 1475 4750 inimicus
1529 4698 1699 4766 pacis,
1747 4699 1976 4755 mmulus

396 4781 642 4845 unitatis,
664 4800 771 4837 non
793 4785 1003 4854 quievit
1027 4786 1291 4843 adversus
1312 4804 1432 4843 eam
1460 4804 1680 4844 movere
1706 4806 1830 4845 vasa
1854 4806 1975 4855 sua,

395 4882 452 4926 et
499 4878 933 4944 superseminare
982 4880 1186 4933 zizania
1219 4897 1233 4945 ;
1269 4901 1286 4931 ι
1348 4896 1469 4950 qua:
1526 4892 1748 4952 propter
1806 4882 1975 4937 libros

396 4963 669 5020 Theodori
739 4967 1102 5038 Mopsuesteni
1131 4979 1186 5026 et
1220 4972 1441 5025 Diodori
1476 4971 1759 5029 Tarsensis
1788 4982 1975 5028 exorta

395 5064 544 5110 sunt.
580 5058 676 5123 Ea,
697 5059 825 5129 quia
856 5060 923 5114 ad
947 5060 1003 5115 S.
1022 5061 1286 5132 Cyrillum
1315 5065 1406 5118 vix
1427 5065 1682 5129 attinent,
1718 5065 1823 5121 hoc
1854 5068 1974 5123 loco

393 5150 731 5215 omittimus;
760 5155 1060 5221 pnesertim
1083 5156 1229 5226 quod
1257 5157 1349 5212 illa
1376 5157 1615 5212 Liberali
1637 5157 1849 5213 diaconi
1882 5159 1974 5214 Hi-

391 5241 562 5295 storia
608 5241 755 5296 haud
804 5259 1191 5316 usquequaque
1244 5247 1406 5302 ﬁdem
1459 5258 1753 5313 mereatur,
1789 5249 1881 5319 qui
1916 5258 1971 5303 et

394 5330 497 5383 tria
536 5330 791 5400 capitula,
828 5332 895 5387 de
919 5334 1137 5403 scriptis
1162 5337 1549 5406 MOpsucstcni,
1589 5338 1695 5392 lba:
1717 5339 1966 5408 epistola,

389 5438 455 5475 ac
477 5422 804 5477 Theodoreti
836 5435 1025 5479 contra
1052 5426 1311 5498 Cyrillum
1338 5430 1766 5490 commentariis,
1794 5446 1825 5483 a
1857 5430 1968 5484 Ro-

392 5526 556 5564 mano
597 5512 762 5565 etiam
812 5514 1069 5582 pontiﬁce
1117 5518 1227 5585 jam
1278 5516 1554 5581 damnata,
1614 5518 1970 5587 pervicaciter

389 5615 517 5654 eum
541 5602 663 5657 aliis
695 5603 963 5659 Africanis
991 5607 1189 5661 tuenda
1211 5609 1533 5678 susceperit,
1564 5618 1725 5678 atque
1752 5610 1969 5665 incaute

389 5707 456 5745 ex
497 5693 725 5762 epistola
755 5709 784 5747 a
814 5696 1070 5764 quopiam
1117 5698 1438 5752 Nestoriano
1481 5700 1582 5753 sub
1620 5700 1837 5753 nomine
1864 5699 1968 5770 Cy-

391 5781 497 5835 rilli
527 5783 593 5837 ad
614 5784 879 5841 Joannem
920 5785 1317 5843 Antiochcuum
1347 5790 1605 5851 conﬁcta,
1637 5801 1757 5855 Quae
1785 5800 1967 5844 narrat

2078 4603 2176 4657 cia:
2204 4603 2570 4673 principatum
2596 4618 2654 4657 se
2684 4601 2916 4657 credidit
2941 4617 3096 4671 posse
3132 4601 3399 4666 suﬁicere,
3426 4613 3483 4656 et
3509 4604 3654 4658 iuso-

2076 4693 2251 4749 lentes
2273 4709 2437 4749 ausus
2466 4710 2564 4764 per
2586 4693 2956 4748 commentitia
2985 4693 3185 4763 scripta
3224 4692 3437 4748 ﬁrmare
3466 4713 3479 4747 :
3505 4696 3650 4764 quod

2076 4794 2278 4839 sancta:
2306 4784 2583 4838 metnoriaa
2612 4782 2846 4855 Cyrillus
2875 4784 3273 4839 Alexandrinus
3298 4785 3493 4839 merito
3521 4802 3650 4855 per-

2077 4871 2417 4938 horrescens,
2445 4874 2664 4943 scriptis
2691 4873 2806 4929 suis
2834 4875 2988 4938 mihi,
3021 4876 3167 4945 quod
3198 4876 3455 4945 praedicta
3493 4879 3649 4948 cupi-

2076 4966 2217 5023 ditas
2249 4981 2381 5021 ausa
2419 4966 2509 5032 sit,
2540 4966 2838 5037 judicavit;
2869 4978 2925 5023 et
2954 4969 3184 5023 sollicita
3222 4985 3383 5038 prece
3416 4971 3648 5025 multum

2074 5059 2358 5130 poposcit,
2404 5065 2466 5113 ut
2508 5059 2698 5115 nullus
2732 5059 2960 5116 ‘illieitis
3011 5062 3299 5116 conatibus
3340 5061 3651 5130 prmbcatur

2071 5166 2345 5207 assensus.
2381 5170 2399 5198 |

2142 5242 2227 5299 70.
2254 5243 2440 5315 Cyrilli
2473 5244 2723 5300 doctrina
2757 5260 2788 5299 a
2828 5244 3031 5299 sanctis
3055 5242 3308 5297 Patribus
3336 5254 3651 5299 reverenter

2072 5345 2325 5406 suscepta
2369 5351 2434 5389 ac
2460 5334 2679 5389 laudata
2716 5345 2818 5389 est.
2847 5335 3071 5403 Magnus
3099 5333 3444 5404 Euthymius,
3488 5345 3547 5389 ut
3582 5352 3652 5389 xx

2070 5426 2312 5481 Januarii
2359 5426 2414 5479 in
2456 5426 2576 5496 ejus
2602 5426 2726 5482 Vita
2762 5424 2981 5487 dicitur,
3030 5438 3183 5477 num.
3226 5425 3315 5488 75,
3346 5424 3651 5479 calumnias

2071 5525 2257 5570 contra
2287 5517 2552 5586 synodum
2595 5516 3093 5571 Chalcedonensem
3144 5516 3516 5578 aversabatur,
3546 5515 3649 5570 hac

2072 5605 2214 5660 inter
2249 5606 2382 5661 alias
2414 5606 2645 5660 adducta
2672 5606 2883 5659 ratione
2913 5623 2925 5658 :
2960 5626 2977 5656 ς
3010 5604 3270 5677 Cyrillum
3306 5604 3648 5660 Alexandriae

2070 5698 2385 5766 episcopum
2424 5697 2664 5768 synodus
2692 5698 2795 5751 sibi
2831 5696 3096 5768 adjungit,
3141 5709 3398 5766 tanquam
3441 5696 3533 5764 qui
3576 5696 3648 5748 sit

2069 5788 2313 5855 ejusdem
2342 5789 2657 5845 sententi-m2
2696 5799 2751 5844 et
2782 5800 2942 5844 rectae
2976 5791 3258 5844 sententia‘
3299 5788 3499 5869 fatetur
3526 5802 3646 5840 esse
