4076 6306
104 2318 111 2339 r

104 2412 113 2463 Ῠ

100 2466 111 2503 ³

100 2508 111 2539 i

100 2548 109 2613 ξ

99 2620 107 2663 ξ

98 2678 107 2747 ἶ

316 385 379 442 ⁴¹
1552 398 1831 456 nomn
1869 398 1886 452 ι

2002 396 2335 457 FABRICIO.
3497 410 3567 463 42

309 510 560 567 consulet
584 508 1004 566 Tillemontium
1034 518 1191 567 temo
1214 509 1335 568 XIV
1363 511 1743 568 Memorian
1771 513 1891 567 hist.
1924 515 1970 573 Α
1996 510 2430 568 Alexandrinum
2446 513 2763 571 Carmelitis
2790 516 3023 572 ridicule
3045 534 3399 575 accensuere.
3431 520 3567 576 Vide

305 598 517 665 eodem;
551 600 637 656 Io.
674 598 1004 655 Gamerium
1023 599 1093 654 ad
1124 607 1256 655 tom.
1286 601 1331 655 ll
1360 600 1514 656 Marii
1546 601 1890 667 Mercatoris;

308 691 595 745 Petavium
617 690 673 745 in
691 690 1053 760 Dogmatibus
1068 691 1392 762 theologicis
1413 693 1481 748 de
1496 693 1890 760 incarnatione,

308 790 363 836 ct
399 782 743 838 Ludovicum
786 783 1080 839 Dulcinum
1106 783 1166 838 in
1194 783 1432 839 Historia
1466 784 1891 853 Nestorianismi,

302 871 512 927 Gallice
541 873 693 928 edita
720 874 1075 930 Roterodami
1112 875 1270 942 1698,
1303 875 1357 930 in
1385 876 1440 931 4.
1471 874 1622 932 Obiit
1646 875 1889 948 Cyrillus

306 964 372 1018 Α.
404 964 465 1020 C.
497 967 625 1029 4.14,
655 967 727 1020 27
768 966 898 1021 Jun.
928 966 1063 1037 Ejus
1090 967 1410 1023 memoriam
1432 967 1624 1023 Latina
1647 969 1890 1025 celebrat

304 1056 553 1110 Ecclesia
584 1055 655 1110 28
699 1056 924 1112 Ianuar.
966 1055 1059 1128 (ad
1092 1072 1257 1127 quem
1303 1057 1451 1113 diem
1498 1059 1772 1115 videndus
1830 1061 1887 1115 in

305 1146 450 1202 Actis
481 1146 800 1204 Sanctorum
827 1134 1212 1204 Bollandusde
1235 1149 1439 1222 Cyrillo
1464 1152 1687 1222 copiose
1709 1151 1886 1207 disse-

306 1237 485 1305 rens),
522 1247 578 1294 et
601 1238 790 1294 Graeca
810 1238 843 1292 9
862 1237 1012 1295 Iunii
1035 1245 1091 1293 et
1120 1238 1187 1293 18
1212 1239 1464 1306 Januar.,
1487 1240 1597 1295 τῶν
1624 1243 1684 1295 ἐν
1713 1241 1890 1311 ἁγίοις

305 1330 574 1400 Πατέρων
626 1330 783 1401 ἡμῶν
841 1328 936 1383 καὶ
980 1330 1427 1401 ἀρχιεπισκόπων
1485 1332 1888 1403 Ἀλεξανδρείας

319 1422 638 1477 Ἀθανασίου
672 1423 765 1476 καὶ
802 1421 1094 1491 Κυρίλλου.
1126 1420 1397 1488 Quoniam
1426 1422 1624 1494 dogma
1655 1424 1890 1479 catholi-

304 1523 433 1564 cum
473 1509 541 1563 de
572 1509 956 1564 incarnatione
975 1510 1141 1564 Verbi
1171 1518 1322 1564 tanta
1346 1510 1517 1564 animi
1537 1512 1891 1567 contentione

299 1603 561 1666 asseruit,
582 1602 816 1672 perinde
844 1603 1061 1658 alienus
1075 1603 1149 1657 ab
1172 1602 1439 1674 Eutychis
1457 1619 1624 1673 quam
1644 1619 1675 1658 a
1696 1604 1892 1660 Nesto-

302 1694 377 1747 rii
402 1694 712 1755 erroribus,
733 1693 863 1750 hinc
895 1693 1128 1763 γνώμων
1144 1694 1244 1763 τῆς
1267 1694 1569 1765 ἀκριϐείας,
1591 1697 1890 1750 accuratio-

297 1788 387 1840 πει
425 1786 633 1858 regula,
666 1786 872 1841 dicitur
911 1787 982 1840 ab
1013 1786 1245 1857 Eulogio
1280 1786 1429 1857 apud
1458 1787 1717 1842 Photium
1762 1786 1886 1843 cod.

298 1892 430 1941 xxx,
468 1893 524 1947 p.
559 1877 689 1943 452,
719 1880 819 1949 τῆς
852 1877 1139 1947 ἀκριϐείας
1163 1878 1508 1943 διδάσκαλος,
1524 1878 1705 1934 doctor
1735 1897 1892 1934 accu-

299 1969 625 2041 ratissimus,
661 1986 716 2040 p.
745 1970 871 2034 454,
896 1978 954 2024 et
983 1970 1185 2040 Θερμὸς
1203 1971 1302 2040 τῆς
1317 1970 1601 2041 ἀκριϐείας
1626 1971 1723 2026 καὶ
1761 1970 1892 2044 ἁλη-

296 2059 455 2123 (ista;
476 2062 735 2131 ἐραστής,
756 2061 987 2131 fervidus
1006 2063 1361 2118 accurationis
1372 2065 1713 2134 veritatisque
1734 2081 1889 2119 auta-

299 2161 408 2218 tor,
440 2169 495 2223 p.
536 2154 660 2207 441.
708 2153 867 2220 Quod
912 2170 1048 2208 vero
1075 2154 1236 2225 φύσιν
1270 2171 1434 2209 unam
1470 2155 1548 2227 (a)
1580 2156 1637 2211 in
1667 2156 1891 2215 Christo

297 2255 429 2318 post
454 2246 712 2302 unionem
744 2246 1111 2318 ὑποπατικὴν
1149 2262 1274 2302 esse
1318 2247 1559 2318 scripsit,
1595 2248 1733 2303 locis
1765 2263 1890 2304 sex-

295 2339 480 2393 centis
506 2340 643 2394 satis
664 2339 1085 2404 demonstravit,
1115 2340 1277 2410 longe
1300 2340 1414 2394 alio
1442 2355 1611 2396 sensu
1638 2356 1701 2396 se
1724 2341 1890 2396 intel-

297 2427 498 2498 ligere,
538 2445 705 2500 quam
738 2429 1018 2500 Eutyches
1049 2428 1251 2484 deinde
1279 2439 1367 2484 est
1404 2430 1681 2500 opinatus,
1724 2440 1890 2502 atque

189 2530 217 2536 ’
296 2527 516 2577 naturas
544 2521 815 2577 vocabulo
838 2538 942 2592 pro
977 2521 1277 2575 ὑποστάσει
1297 2537 1420 2577 esse
1447 2521 1704 2578 abusum.

825 2676 905 2737 II.
955 2673 1088 2735 Alii
1119 2674 1368 2752 Cyrilli.

366 2812 633 2885 Cyrillus,
657 2813 974 2868 Adanorum
1005 2811 1215 2868 Ciliciae
1237 2813 1428 2883 prima:
1448 2813 1761 2884 episcopus,
1791 2812 1889 2886 qui

300 2906 549 2965 interfuit
563 2907 782 2979 synodo
806 2906 1171 2961 Orientalium
1190 2916 1313 2976 post
1334 2906 1627 2962 concilium
1652 2907 1887 2976 Ephesi-

295 3013 455 3053 rum.
484 2998 569 3055 Ad
601 3015 729 3055 eum
752 2999 984 3069 epistola
1004 2997 1346 3065 Thcodoriti,
1376 2999 1432 3053 in
1463 2998 1721 3055 Auctario
1746 2997 1886 3053 Car—

297 3089 551 3156 neriano,
585 3106 710 3160 pag.
749 3090 872 3144 679.

1994 601 2276 659 Labbeum
2304 616 2438 661 tom.
2476 606 2496 660 l
2530 604 2607 660 De
2646 604 2703 662 S.
2740 606 2833 673 E.,
2874 625 2928 678 p.
2957 609 3083 665 246.
3118 609 3458 683 [Cantabrig.
3510 612 3568 667 iu

1989 696 2118 752 cod.
2148 697 2276 753 coll.
2307 697 2722 765 Caio-Gonvil.,
2759 716 2816 754 n.
2844 700 2998 767 1206,
3032 701 3151 757 Cat.
3173 703 3336 759 codd.
3377 702 3569 775 ουνεηὲ

1992 786 2164 857 presb.
2199 803 2358 842 eram.
2380 787 2572 844 Montis
2599 788 2834 846 Carmet.
2857 790 2994 846 Visio
3019 808 3064 847 s.
3100 793 3461 867 Vaticinium.)

2061 876 2322 950 Cyrinus,
2347 880 2782 952 cathegumenus
2810 883 3128 938 monasterii
3148 884 3244 941 SS.
3267 895 3569 960 martyrum

1993 968 2178 1036 Probi,
2205 971 2441 1028 Tarachi
2480 984 2537 1029 et
2559 973 2879 1041 Andronici,
2915 977 3013 1047 qui
3048 977 3299 1033 interfuit
3331 981 3571 1036 concilio

1990 1062 2602 1137 Constantinopolitano
2626 1082 2727 1138 pro
2751 1069 2904 1124 cultu
2932 1069 3253 1141 imaginum,
3283 1073 3431 1143 quod
3465 1075 3571 1130 sub

1992 1152 2147 1208 Alex.
2177 1153 2459 1212 Comneuo
2487 1156 2738 1213 habitum
2771 1165 2857 1214 est
2878 1158 2935 1214 in
2963 1159 3208 1215 triclinio
3236 1161 3568 1218 Blacherna-

1992 1258 2138 1299 rum.

2062 1333 2329 1408 {Cyrillus
2377 1337 2572 1407 Chius,
2612 1341 2678 1397 ν.
2726 1340 2836 1397 vol.
2870 1340 2941 1407 Χ,
2988 1357 3044 1412 p.
3095 1342 3219 1397 501.
3248 1343 3511 1399 Diversus
3539 1359 3571 1398 a

1989 1427 2198 1501 Cyrillo
2227 1431 2346 1497 Cio,
2367 1433 2628 1504 episcopo
2650 1435 2947 1505 provinciae
2990 1437 3277 1508 Bithyniae,
3308 1438 3402 1508 qui
3434 1453 3569 1493 con-

1992 1520 2123 1576 cilio
2138 1524 2362 1580 Nicmno
2379 1526 2726 1597 subscripsit.
2753 1527 3008 1599 Vallem.
3034 1528 3235 1583 Valesii
3259 1529 3566 1585 Emenduu.

1992 1612 2092 1668 lib.
2115 1630 2176 1679 ll,
2212 1632 2334 1686 pag.
2354 1616 2442 1672 49.
2476 1616 2673 1690 ΗΑιιι..]
2702 1606 2709 1613 ’

2059 1707 2792 1782 Cj'rillustronographus.
2812 1712 2876 1768 ν.
2893 1714 3002 1768 vol.
3018 1714 3131 1778 VII,
3150 1731 3205 1786 p.
3224 1715 3456 1788 472sqq.
3476 1716 3569 1789 11.]

2061 1802 2291 1874 Cyrilli,
2348 1801 2938 1876 Constantinopolitani
2999 1799 3363 1877 patriarchae,
3415 1807 3570 1864 fuere

1995 1902 2122 1957 tres,
2153 1909 2300 1948 unus
2340 1892 2579 1966 Cyrillus
2609 1894 2703 1950 hic
2737 1894 2979 1962 Contari,
3008 1896 3077 1951 de
3109 1913 3221 1967 quo
3249 1898 3414 1967 paulo
3442 1908 3571 1957 ante

1992 1983 2050 2038 in
2079 1984 2430 2050 Berrhoensi,
2457 1986 2596 2042 alter
2623 1984 2863 2058 Cyrillus
2894 1988 3138 2055 Lucaris,
3168 1991 3237 2046 de
3264 2008 3375 2061 quo
3397 2008 3523 2048 mox
3552 2012 3567 2049 :

1988 2082 2047 2128 et
2064 2074 2257 2131 tertius
2275 2075 2512 2148 Cyrillus
2528 2078 2738 2142 Σπανὸς
2756 2082 2784 2133 ὁ
2796 2079 3063 2152 Τορνόὸου
3079 2082 3147 2137 ab
3164 2097 3214 2137 a.
3238 2083 3509 2139 1652-165
3514 2085 3567 2139 6.

1991 2165 2151 2221 Faue.
2185 2166 2298 2222 Sub
2319 2168 2539 2224 nomine
2552 2168 2766 2242 Cyrilli,
2785 2172 3112 2243 patriarcha!
3126 2173 3309 2238 CPol.,
3333 2176 3574 2231 circum-

1990 2252 2169 2307 fertur
2220 2253 2458 2311 Censura
2504 2261 2878 2329 confrssionis,
2923 2260 3050 2315 fidei
3102 2261 3455 2321 Calvinianze.
3506 2268 3566 2321 V.

1990 2346 2151 2416 plura
2188 2347 2246 2401 in
2283 2349 2394 2402 vol.
2424 2348 2494 2414 Χ,
2530 2366 2584 2420 p.
2626 2351 2750 2412 416.
2790 2367 2844 2406 n.
2892 2352 2947 2417 9,
2979 2360 3091 2408 vet.
3132 2355 3222 2409 ed.
3266 2385 3338 2396 -—-
3377 2356 3565 2428 Cyrill.

1989 2437 2232 2493 Tomobi
2267 2440 2579 2510 patriarcha
2623 2441 2789 2497 fuisse
2818 2443 3024 2498 dicitur
3059 2460 3112 2500 a.
3148 2446 3305 2513 1651,
3332 2448 3453 2505 dies
3478 2466 3566 2515 xx,

1990 2530 2277 2585 restitutus
2306 2547 2359 2585 a.
2394 2531 2552 2597 1654,
2588 2531 2706 2587 dies
2737 2549 2844 2587 xxv.
2868 2533 3035 2590 HARL.

2058 2621 2319 2696 [Cyrillus
2345 2623 2669 2697 Cyzicenus,
2706 2627 2866 2697 cujus
2889 2626 2988 2682 lib.
3027 2629 3089 2682 de
3116 2628 3174 2685 S.
3206 2629 3475 2688 Blandula
3519 2646 3570 2690 ct

1988 2713 2173 2786 ﬁgulo,
2205 2724 2290 2771 est
2312 2714 2490 2772 Oxon.
2527 2718 2581 2771 in
2607 2717 2729 2772 cod.
2761 2718 2983 2774 Barocc.
3026 2718 3192 2787 XXV,
3227 2738 3280 2793 p.
3310 2724 3564 2781 275.1nc.

1989 2808 2055 2861 Ti
2079 2808 2139 2860 τὸ
2172 2807 2315 2879 ἱερὸν
2349 2808 2526 2860 τοῦτο.
2562 2807 2757 2880 Πλιυη]

2056 2897 2296 2969 Cyrillus
2335 2899 2599 2963 Dalmata,
2633 2898 2696 2953 A.
2739 2899 2800 2953 C.
2830 2899 2957 2967 865,
2990 2900 3334 2959 Moravorum
3377 2904 3569 2962 Slavo-

1990 3004 2222 3059 rumque
2248 2992 2530 3060 apostolus
2557 3000 2611 3045 et
2639 2991 3021 3063 Bulgarorum,
3050 3010 3161 3049 una
3197 3011 3322 3050 cum
3358 2996 3526 3054 fratre
3550 3041 3565 3063 ,

1989 3080 2287 3146 Methodio,
2313 3082 2381 3136 de
2408 3098 2519 3153 quo
2559 3092 2762 3153 praater
2796 3084 3117 3155 scriptores,
3155 3086 3253 3141 lib.
3284 3104 3335 3153 v,
3366 3104 3485 3159 cap.
3524 3106 3563 3155 ι,

374 3180 580 3236 Manlio
629 3182 757 3251 ejus
808 3181 865 3235 in
923 3179 1188 3253 synodico
1252 3180 1518 3236 adversus
1564 3182 1885 3252 tragmdigm
1913 3187 1956 3246 ο
1991 3173 2193 3243 §XXX
2227 3173 2357 3245 [V0].
2395 3175 2526 3238 V11,
2570 3191 2688 3245 pag.
2732 3175 2838 3229 272
2874 3175 2985 3248 sq.]
3024 3177 3241 3243 citatos,
3283 3180 3567 3237 adeundus

297 3268 516 3335 lrenaei,
549 3287 673 3342 cap.
702 3273 755 3337 7,
806 3271 894 3336 15,
939 3271 1027 3337 28,
1072 3271 1193 3336 150,
1240 3271 1361 3326 161.
1398 3268 1486 3343 [ν.
1513 3272 1623 3327 vol.
1658 3272 1797 3340 VIII,
1829 3289 1882 3344 p.

295 3362 488 3418 500et
513 3362 665 3436 502.]

373 3453 632 3525 Cyrillus,
684 3454 976 3526 episcopus
1020 3454 1171 3521 Afer,
1220 3461 1447 3527 martyr,
1487 3453 1557 3511 de
1610 3471 1721 3527 quo
1752 3456 1886 3511 Acta

300 3539 550 3596 Sanctor.
583 3543 616 3597 8
644 3544 845 3608 Martii,
890 3552 1021 3598 tom.
1058 3545 1102 3609 I,
1134 3560 1189 3614 p.
1221 3544 1344 3599 757.

372 3633 588 3704 Cyrilli,
644 3634 997 3690 Alexandrini
1035 3634 1380 3705 patriarchae,
1432 3643 1556 3705 post
1610 3634 1885 3690 celebrem

309 3722 489 3788 illum,
521 3723 589 3778 de
621 3739 731 3792 quo
756 3724 1063 3790 dixi,fuere
1095 3725 1427 3794 complures,
1455 3739 1599 3779 unus
1624 3724 1695 3779 ab
1727 3724 1792 3778 A.
1819 3724 1882 3780 C.

303 3814 445 3868 1078
473 3814 542 3869 ad
589 3814 746 3879 1092,
789 3815 933 3870 alter
982 3815 1131 3869 ﬁlius
1173 3813 1398 3869 Laklaki
1428 3815 1497 3868 ab
1541 3829 1592 3868 a.
1630 3814 1768 3869 1255
1815 3813 1884 3868 ad

303 3906 482 3972 1245;
520 3906 718 3960 tertius
755 3904 990 3976 Cyrillus
1021 3905 1282 3969 Lucaris,
1312 3905 1410 3974 qui
1436 3903 1635 3959 deinde
1674 3904 1741 3959 ad
1783 3920 1885 3975 pa-

301 3997 669 4052 triarchatum
688 3996 1357 4066 Constantinopolitanum
1371 3996 1623 4067 pervenit
1648 4011 1699 4050 a.
1722 3995 1879 4052 1621.

372 4086 660 4159 [Cyrillus,
694 4086 1073 4141 Antiochenus
1102 4085 1431 4155 patriarcha.
1468 4083 1661 4157 IiAltL.]

370 4175 637 4250 [Cyrinus
664 4177 1037 4242 Caesariensis,
1078 4193 1124 4231 s.
1170 4177 1375 4241 senior,
1406 4192 1568 4246 quem
1602 4177 1672 4231 ab
1708 4177 1883 4232 altero

294 4266 526 4339 Cyrillo,
558 4266 1079 4338 Hierosolymitano,
1108 4264 1257 4320 haud
1297 4265 1578 4320 diversum
1604 4280 1747 4331 esse,
1785 4282 1882 4321 su-

299 4360 548 4428 spicatur
578 4357 810 4413 Touttée
849 4358 906 4412 in
948 4357 1086 4411 diss.
1114 4357 1413 4428 Cyrilliana
1458 4373 1475 4411 ι
1506 4357 1729 4428 praeﬁxa
1763 4360 1885 4430 ejus

302 4449 459 4506 editt.
508 4447 650 4518 Opp.
699 4448 890 4519 Cyrilli
944 4448 1379 4519 Hierosolymit.,
1409 4462 1518 4517 p.1
1563 4455 1622 4502 et
1678 4464 1729 4513 ι,
1784 4449 1881 4505 ubi

302 4546 492 4610 plures
510 4546 803 4594 enumerat
825 4538 1076 4610 Cyrillos.
1107 4537 1298 4611 Haut..]

369 4628 633 4702 Cyrillus,
672 4628 947 4686 Armeniae
996 4630 1306 4700 episcopus,
1355 4628 1640 4683 ordinatus
1680 4629 1749 4683 ab
1779 4628 1889 4685 Ειιά

301 4721 506 4777 stathio
540 4719 869 4775 Sebasteno.
899 4720 1038 4775 Vide
1064 4721 1122 4775 S.
1169 4718 1359 4774 Basilii
1381 4718 1545 4787 epist.
1581 4717 1651 4774 58
1674 4727 1730 4773 et
1761 4719 1884 4773 187.

365 4811 609 4881 Cyrillus
619 4810 871 4875 Contari,
892 4811 1272 4875 Berrhoensis,
1287 4810 1600 4881 patriarcha
1612 4809 1886 4865 Constan-

305 4902 718 4973 tiuopolitauus,
746 4901 937 4972 Cyrilli
968 4901 1197 4956 Lucaris
1226 4902 1480 4965 aemulus,
1515 4901 1886 4971 strangulatus

302 4992 469 5061 (anno
494 5001 622 5063 post
659 4987 811 5061 eum)
838 4993 995 5048 1659.
1042 4993 1203 5047 Faun.
1235 5023 1304 5032 ——
1333 4991 1491 5047 Conf.
1513 4991 1599 5046 Jo.
1624 4990 1883 5063 Aymonii

298 5085 428 5142 libr.
456 5085 762 5141 Honumens
791 5086 1156 5155 authentiques
1187 5099 1309 5154 pag.
1344 5083 1442 5136 511
1480 5088 1561 5153 sq.
1590 5082 1759 5137 Hann.

362 5180 608 5252 Cyrillus
635 5179 956 5243 Carmelita,
981 5178 1128 5233 circa
1158 5177 1222 5231 A.
1240 5176 1302 5230 C.
1331 5176 1489 5240 1224,
1517 5176 1585 5230 de
1617 5189 1727 5246 quo
1750 5176 1885 5230 Acta

300 5270 547 5329 Sanctor.
592 5273 626 5327 6
657 5271 863 5334 Martii,
906 5279 1038 5325 tom.
1077 5268 1118 5333 l,
1151 5283 1274 5338 pag.
1304 5266 1409 5321 498
1432 5281 1576 5337 seq.,
1623 5264 1719 5320 ubi
1765 5264 1885 5320 Vita

295 5364 497 5433 scripta
525 5380 558 5418 a
586 5364 796 5420 Joanne
826 5361 1235 5433 Palaeonydoro.
1264 5359 1365 5414 Hic
1391 5366 1473 5413 est
1498 5356 1710 5413 ordinis
1737 5355 1876 5412 Car-

297 5452 524 5507 melitici
568 5452 769 5507 tertius
807 5450 959 5522 prior
1010 5448 1302 5519 generalis,
1354 5446 1579 5501 natione
1626 5444 1873 5509 Graecus,

294 5544 382 5609 qui
418 5543 486 5598 ad
510 5542 857 5598 Joachimum
874 5541 1129 5596 abbatem
1162 5538 1403 5608 scripsit.
1428 5536 1585 5594 Unde
1613 5550 1877 5606 quorum-

300 5637 415 5689 dam
459 5641 676 5706 stupor,
730 5634 833 5704 qui
869 5629 1424 5701 Hierosolymitanum
1473 5628 1742 5701 Cyrillum
1785 5627 1875 5682 vel

1988 3264 2112 3320 Joh.
2146 3265 2442 3320 Weichard
2483 3264 2741 3320 Valvasor
2782 3274 2839 3320 et
2884 3266 3147 3322 Erasmus
3183 3269 3461 3326 Francisci
3509 3272 3567 3327 in

1987 3365 2141 3428 parte
2181 3355 2422 3412 secunda
2462 3356 2665 3427 operis,
2713 3357 3038 3412 Germanice
3067 3357 3204 3414 editi
3241 3377 3255 3413 :
3291 3360 3435 3415 Ehre
3477 3362 3567 3418 des

1987 3449 2368 3521 Hcrzogtlmms
2409 3449 2594 3513 Crrzin,
2634 3448 2733 3503 lib.
2773 3466 2848 3515 γι,
2880 3465 3000 3519 cap.
3040 3450 3092 3515 1,
3134 3450 3229 3506 ubi
3264 3452 3332 3507 dc
3365 3453 3568 3510 litteris

1986 3539 2318 3606 Slavonicis,
2345 3557 2377 3595 a
2399 3540 2605 3612 Cyrillo
2626 3549 2680 3595 ct
2711 3541 2988 3596 Mclhodio
3019 3545 3274 3613 repertis.

2058 3630 2316 3704 [Cyrinus
2336 3633 2630 3699 Diaconos,
2653 3633 2811 3703 cujus
2834 3634 3159 3706 martyrium
3182 3635 3240 3690 in
3263 3636 3402 3693 Vitis
3424 3637 3565 3693 San-

1986 3730 2200 3779 ctorum
2223 3739 2296 3778 m.
2324 3724 2449 3778 Maii
2477 3724 2678 3795 legitur
2704 3724 2894 3779 incod.
2916 3724 3138 3782 Barocc.
3165 3726 3342 3786 Oxon.
3361 3728 3563 3796 ρους,

1985 3831 2040 3886 ρ.
2075 3815 2195 3870 159.
2229 3814 2323 3888 ιι]

2055 3903 2293 3976 Cyrillus
2343 3903 2781 3971 Grammaticus,
2838 3904 3100 3961 Glossarii
3159 3906 3564 3965 Caeco-Latini

1983 4002 2199 4059 auctor,
2248 3994 2316 4049 de
2351 4010 2462 4065 quo
2503 3995 2658 4050 alibi.
2707 3996 2867 4051 FABR.
2906 3998 3075 4052 -—De
3102 3997 3304 4055 Lexico
3335 3999 3563 4067 biblico,

1983 4085 2131 4154 quod
2172 4084 2275 4140 sub
2316 4087 2539 4141 nomine
2591 4086 2757 4141 modo
2815 4085 3024 4158 Cyrilli,
3079 4089 3243 4144 modo
3293 4089 3564 4156 Philonis,

1983 4177 2147 4231 modo
2175 4175 2434 4247 Origenis
2480 4186 2756 4248 superest,
2787 4179 2852 4235 ν.
2906 4179 3004 4234 lib.
3043 4196 3115 4245 Iv,
3154 4195 3273 4251 cap.
3314 4180 3405 4243 57,
3448 4181 3560 4238 v01.

1982 4267 2072 4333 VI,
2102 4283 2157 4338 p.
2194 4268 2296 4322 199
2321 4283 2428 4338 sq.,
2459 4276 2515 4323 et
2537 4270 2644 4323 vol.
2674 4268 2765 4336 IV,
2794 4284 2848 4341 p.
2884 4270 3009 4335 470,
3049 4269 3119 4325 de
3142 4270 3343 4343 Cyrillo
3364 4270 3561 4328 Gram-

1982 4360 2183 4415 matice
2206 4360 2350 4414 inter
2376 4368 2566 4430 poetas
2578 4361 2979 4431 epigrammat.;
3015 4361 3077 4415 it.
3108 4362 3217 4417 vol.
3241 4363 3330 4427 Vl,
3347 4379 3401 4434 p.
3421 4364 3518 4421 521
3542 4385 3559 4433 ;

1983 4448 2051 4503 de
2080 4448 2292 4520 Cyrilli,
2330 4449 2415 4503 vel
2451 4450 2636 4519 potius
2670 4450 2755 4505 Jo.
2793 4448 3104 4519 Philoponi.
3154 4450 3371 4507 Collect.
3419 4471 3559 4512 vocc.

1916 4522 1962 4579 D
1986 4532 2419 4602 discrepantium,
2460 4539 2592 4596 etc.,
2622 4531 2712 4586 adi
2744 4532 2908 4602 paulo
2935 4542 3061 4602 post
3109 4541 3243 4589 sect.
3293 4551 3368 4602 lx,
3400 4537 3470 4592 ad
3500 4555 3559 4594 n.

1986 4622 2108 4678 172.
2136 4621 2305 4678 Haut.

2050 4713 2290 4785 Cyrillus
2345 4710 2800 4783 Heliopolitanus‘,
2842 4709 2945 4766 sub
2985 4711 3203 4768 Iuliano
3235 4716 3556 4788 martyrium

1982 4819 2198 4874 passus,
2229 4805 2427 4876 dequo
2455 4801 2829 4859 Theodoritus
2849 4818 2931 4870 ιιι,
2951 4805 3005 4870 7,
3036 4798 3311 4873 Historias,
3346 4815 3403 4863 et
3435 4809 3560 4865 Sui-

1982 4898 2081 4953 das
2105 4898 2161 4952 in
2187 4897 2504 4966 Κύριλλος.

2050 4988 2890 5063 Cyrillus'Hierosolymitanus,
2927 4988 3134 5060 dequo
3185 4989 3300 5044 dixi
3349 4990 3446 5044 lib.
3502 5009 3554 5055 γ,

1982 5094 2104 5150 cap.
2132 5080 2218 5134 14.
2238 5080 2399 5135 Nunc
2417 5088 2630 5135 tantum
2660 5080 2824 5145 addo,
2852 5079 3131 5135 diversum
3152 5080 3222 5134 ab
3248 5080 3353 5133 hoc
3380 5079 3556 5136 videri

1980 5168 2267 5241 Cyrillum,
2305 5168 2395 5223 cui
2426 5169 2795 5241 Hieronymus
2841 5168 2967 5223 ﬁdei
3016 5182 3129 5221 sure
3156 5165 3557 5221 confessionem

1981 5261 2285 5321 tradidisse,
2301 5261 2495 5316 scribit
2519 5261 2752 5331 epistola
2777 5260 2866 5314 77.
2903 5259 3041 5314 Vide
3069 5257 3386 5312 Tillemont.
3420 5264 3555 5312 tom.

1978 5352 2111 5419 XII,
2157 5368 2211 5423 p.
2262 5351 2387 5407 624.
2440 5352 2601 5407 FABR.
2648 5381 2720 5392 ——
2768 5349 2850 5404 Ab
2892 5347 3094 5419 Cyrillo
3144 5346 3554 5418 Hierosolymit.

1982 5443 2170 5498 differt
2199 5443 2341 5497 alius
2385 5442 2633 5514 ejusdem
2663 5439 2862 5501 aetatis,
2897 5437 3143 5508 ejusdem
3178 5436 3370 5509 Cyrilli
3404 5451 3556 5493 com-

1982 5534 2206 5606 petitor,
2239 5543 2298 5590 et
2325 5546 2453 5605 post
2483 5533 2649 5603 hujus
2700 5529 3207 5587 cxauetorationem
3241 5529 3389 5585 sedis
3423 5530 3554 5584 llic-

1984 5625 2385 5697 rosolymitanze
2457 5623 2705 5687 invasor;
2764 5619 2828 5675 V.
2886 5619 3117 5677 Touttée
3171 5622 3310 5676 Diss.
3367 5620 3552 5692 Cyrill.

370 5776 435 5826 .’a‘
484 5771 735 5842 Epistula
789 5769 861 5842 Δ2,
909 5767 994 5842 ad
1036 5767 1393 5842 Succensum.
1443 5766 1803 5837 Conferqum
1837 5776 1940 5834 pro
1976 5761 2181 5832 Cyrillo
2218 5762 2478 5832 Eplu'aim
2526 5759 2901 5815 Antiochenus
2947 5759 3089 5830 apud
3133 5758 3387 5813 Pholium
3429 5757 3554 5814 cod.

299 5856 495 5911 oculs,
526 5836 584 5900 et
606 5839 871 5908 Eulogius
894 5838 1045 5893 Alex.
1071 5836 1191 5890 eod.
1221 5852 1409 5890 ccxxx.

617 5938 893 5998 PATROL.
944 5933 1057 5993 Gn.
1101 5930 1363 5994 LXVIII.

3128 5915 3164 5975 2
