4076 6306
513 379 584 435 ιζ’»
1740 371 2024 428 ΝΟΤΙἸΊΑ
2064 371 2105 428 Ε

2210 369 2530 427 FABRICIO.
3706 403 3710 406 .
3785 347 3865 404 διδ

513 475 744 554 Iaudat.,
778 503 898 559 esp.
926 489 978 552 l,
1010 487 1038 557 ᾗ
1068 487 1111 542 lI
1135 527 1150 552 ,
1188 500 1240 556 p.
1293 502 1340 550 ι,
1368 484 1640 556 imprimis
1674 500 1794 556 cap.
1830 487 1884 551 8,
1919 501 1974 539 ιι.
2003 483 2092 548 48,
2125 487 2168 546 Α
2195 483 2314 539 Cat.
2367 481 2518 536 codd.
2551 479 2642 536 Cr.
2686 477 2873 541 Laur.,
2909 477 2949 539 I,
2982 490 3036 546 p.
3069 471 3192 535 505,
3225 481 3283 526 et
3309 466 3750 559 Montfaueon.
3789 462 3864 559 in

513 596 634 652 pag.
675 595 836 634 vam
864 593 982 648 sqq.
1019 576 1184 632 Ihm.

581 671 820 743 Cyrillus
833 668 1208 742 iurisperitus,
1233 681 1394 736 quem
1419 666 1562 722 inter
1577 665 1896 721 scholiastas
1915 667 2094 720 Bam-

511 761 700 816 λικῶν
725 752 1046 815 memorabo
1079 756 1244 823 infra,
1281 757 1425 811 libro
1455 771 1527 811 vi.

579 853 838 926 Cyrillus,
877 853 1046 907 lauraa
1083 849 1142 908 S.
1187 849 1343 906 Saba:
1373 849 1685 921 presbyter,
1743 847 1840 918 qui
1875 847 2097 918 scripsit

512 945 832 1000 Encomiam
876 941 935 998 8.
985 942 1256 1012 Theognii,
1292 949 1486 996 ascetae
1515 947 1572 996 et
1613 939 1857 1010 episcopi
1905 937 2090 1010 Cypri.

515 1035 754 1106 Incipit:
789 1034 1040 1101 Θεόγνιος
1062 1035 1090 1086 ὁ
1120 1031 1496 1102 πανεύφημος.

581 1125 842 1198 [Cyrillus
886 1123 1157 1188 Lesbius,
1204 1123 1518 1194 patriarcha
1566 1120 1874 1185 CPoIitan.,
1929 1135 2093 1190 quem

511 1217 596 1272 sui
627 1215 892 1286 aequalem
917 1213 1228 1270 Demetrius
1261 1212 1564 1284 Procopius
1583 1212 1662 1266 De
1692 1212 1912 1266 eruditis
1943 1211 2094 1268 Grae-

511 1310 606 1373 eis,
634 1308 816 1362 virum
851 1305 1235 1361 doctissimum
1275 1312 1333 1360 et
1366 1303 1636 1376 imprimis
1682 1303 1836 1374 pium
1885 1301 2092 1358 laudat.

512 1403 575 1458 V.
612 1400 826 1456 Fabric.
859 1398 971 1454 vol.
994 1391 1089 1462 XI,
1119 1413 1242 1468 pag.
1266 1396 1390 1462 790,
1429 1397 1458 1466 §
1483 1396 1668 1452 LXIV.
1701 1393 1896 1466 Hann]

576 1491 818 1564 Cyrillus
892 1487 1162 1552 Lucaris,
1227 1502 1296 1542 ex
1347 1485 1720 1541 Alexandrino
1782 1481 2095 1555 patriarcha

508 1579 1174 1650 Constantinopolitanus,
1224 1576 1598 1647 strangulatus
1629 1590 1774 1630 anno
1823 1573 1996 1640 i658;
2026 1571 2096 1628 de

507 1692 622 1746 quo
643 1673 900 1731 consules
920 1671 1126 1726 librum
1156 1686 1170 1724 :
1205 1668 1428 1739 Defense
1453 1667 1516 1720 de
1549 1665 1601 1720 la
1633 1666 1926 1738 perpétuité
1948 1665 2012 1718 de
2043 1663 2096 1717 la

513 1765 607 1836 foi,
631 1762 806 1818 Paris.
833 1759 996 1823 1709,
1015 1757 1105 1823 12,
1136 1765 1193 1812 et
1217 1757 1500 1810 Memorias
1527 1755 1818 1810 litterarias
1842 1751 2095 1808 Treoolti-

2195 572 2481 636 Analectis,
2541 585 2595 640 p.
2657 569 2746 634 67,
2798 577 2962 638 atque
3015 565 3073 620 in
3124 562 3310 617 Diario
3355 557 3522 624 Ital.,
3597 571 3672 627 p.
3743 554 3856 608 52.

2196 665 2521 823 HA(liglr‘i'illus,
2551 748 2904 804 Trevirorum
2944 745 3235 817 episcopus
3259 743 3408 798 circa
3448 740 3526 796 Α.
3575 737 3657 794 C.
3699 734 3856 798 158,

2194 839 2263 896 de
2291 855 2403 910 quo
2431 839 2565 894 Acta
2597 837 2842 894 Sanctor.
2877 837 2944 892 19
2973 835 3118 901 Maii,
3151 844 3192 890 t.
3222 833 3312 897 IV,
3342 848 3400 902 p.
3435 829 3547 885 551
3568 869 3586 883 .

2234 993 2338 1052 ΙΙΙ.
2382 987 2611 1069 Cyrilli
2639 1005 2893 1068 operum
2921 984 3104 1048 codd.
3133 1001 3278 1044 mss.
3317 989 3373 1042 et
3407 976 3802 1042 editione}.

2269 1134 2355 1207 [V.
2387 1133 2672 1189 Fabricius
2697 1130 2775 1186 De
2797 1131 3042 1202 scriptor.
3084 1129 3148 1182 de
3182 1127 3335 1182 verit.
3371 1123 3534 1196 relig.
3579 1121 3848 1188 Christ.,

2195 1241 2316 1296 cap.
2341 1225 2398 1291 2,
2430 1223 2458 1296 §
2484 1223 2674 1289 XXVI,
2705 1238 2761 1294 p.
2797 1222 2917 1276 104.
2951 1218 3154 1292 Henna]

2267 1315 2535 1387 [Primum
2579 1311 2876 1367 nonnullos
2930 1308 3092 1364 codd.
3153 1309 3410 1387 (quorum
3455 1316 3688 1373 magna
3743 1299 3846 1364 vis

2194 1378 2320 1478 est)
2357 1403 2544 1477 Cyrilli
2589 1401 2744 1458 Alex.
2797 1398 3144 1464 memorabo;
3192 1378 3445 1452 notitiam
3475 1393 3843 1450 multorum

2196 1498 2428 1554 aliorum
2459 1495 2576 1551 suis
2605 1494 2744 1550 locis
2774 1493 3034 1548 inseram.
3373 1504 3376 1508 ·

2268 1586 2582 1644 Secundum
2614 1582 2854 1640 Matthxi
2892 1581 3056 1637 Notit.
3105 1579 3256 1635 codd.
3299 1579 3392 1636 Cr.
3453 1576 3836 1646 Mosquens.,

2197 1695 2252 1751 p.
2279 1679 2342 1733 21
2377 1688 2435 1734 et
2458 1677 2550 1743 22,
2579 1676 2634 1731 in
2661 1675 2782 1732 cod.
2817 1674 2958 1740 XIII,
2993 1673 3294 1744 fragmenta
3335 1669 3712 1742 plura.-—-—P.
3754 1665 3836 1723 28

2197 1787 2304 1840 sq.,
2340 1769 2398 1825 in
2429 1768 2552 1825 cod.
2583 1766 2727 1832 XIX,
2757 1767 2812 1821 in
2851 1775 3042 1821 catena
3081 1765 3304 1820 Patrum
3345 1761 3401 1817 in
3442 1760 3718 1817 Genesin
3771 1771 3838 1815 et.

513 1823 610 1909 nos
643 1852 772 1908 anni
804 1849 974 1914 1710,
1004 1865 1062 1920 p.
1107 1847 1210 1904 626
1251 1862 1366 1916 seq.
1421 1845 1528 1902 Sed
1571 1853 1632 1915 et
1673 1845 2094 1916 IIottingerum,

2488 1823 2560 1900 -έ-
2576 1860 2639 1914 Ρ.
2663 1823 2733 1914 55
2757 1865 2814 1914 et
2839 1857 2928 1922 56,
2954 1857 3012 1911 iu
3033 1854 3156 1910 cod.
3186 1853 3352 1910 XXIV
3381 1869 3428 1908 s.
3458 1861 3683 1908 catena
3713 1850 3828 1908 Pa-

513 1943 709 1997 Thom.
729 1939 1005 1996 Smithum
1023 1937 1294 2007 aliosque,
1312 1937 1508 1992 citatos
1523 1951 1554 1990 a
1579 1950 1666 1991 me
1693 1935 1792 1990 lib.
1811 1951 1864 2000 v,
1895 1949 2014 2004 cap.
2037 1935 2092 2000 5,

511 2050 567 2105 p.
589 2030 692 2088 740
708 2030 922 2104 [primat
933 2028 1066 2084 edit.
1085 2029 1196 2084 vol.
1214 2026 1327 2100 VI].
1347 2026 1640 2082 Finem—In
1655 2025 1792 2082 bibl.
1813 2024 2097 2080 Leidensis

511 2125 710 2189 Catal.,
730 2139 787 2194 p.
817 2121 943 2186 526,
973 2137 1032 2174 ιι.
1055 2119 1146 2182 26,
1164 2119 1310 2173 inter
1329 2117 1491 2173 codd.
1516 2125 1896 2172 memorantur
1907 2113 2096 2187 Cyrilli

511 2213 838 2286 patriarchae
861 2226 988 2281 epp.
1013 2209 1154 2274 XIV,
1185 2207 1253 2264 ad
1282 2205 1474 2262 David.
1511 2206 1581 2262 de
1625 2205 1867 2260 Willem.
1897 2234 1966 2244 ——
1987 2203 2095 2260 Co-

513 2306 602 2376 pia
628 2305 992 2376 epistolarum
1016 2299 1228 2372 Cyrilli,
1265 2299 1594 2370 patriarchae
1618 2296 1807 2360 CPoI.,
1843 2294 1910 2350 ad
1933 2309 2095 2350 sena-

513 2387 684 2462 tores,
714 2395 990 2458 doctores,
1041 2389 1346 2456 ministros,
1385 2397 1521 2454 etc.,
1551 2387 1900 2444 Genevenscs
1923 2403 1940 2452 ;
1964 2386 2096 2441 item

512 2477 579 2542 ad
607 2485 898 2542 Diodatum
917 2490 973 2538 et
1001 2481 1130 2536 Ant.
1161 2479 1375 2550 Leger;
1419 2476 1710 2534 Confessio
1731 2475 2099 2546 fideipropria

511 2577 700 2650 Cyrilli
734 2591 900 2631 manu
928 2556 1263 2642 conscripta,
1297 2583 1488 2624 mense
1513 2567 1738 2624 Ianuar.
1765 2581 1816 2620 a.
1845 2566 2002 2620 1651.
2029 2594 2100 2605 --

513 2671 644 2739 Pag.
677 2667 802 2732 542,
837 2682 896 2721 ιι.
928 2664 1018 2729 67,
1049 2663 1362 2718 Graecorum
1399 2659 1694 2724 confessio,
1731 2673 1762 2713 a
1799 2657 2004 2730 Cyrillo
2043 2656 2100 2712 in

521 2757 768 2828 margine
803 2753 1007 2826 passim
1031 2751 1341 2807 emendata.
1363 2769 1435 2790 —'-
1456 2749 1516 2804 In
1547 2748 1668 2804 Cat.
1691 2749 1842 2804 codd.
1867 2747 2096 2820 Angliaz,

513 2858 646 2912 etc.,
689 2855 822 2902 tom.
861 2845 930 2909 II,
981 2860 1038 2914 p.
1075 2843 1166 2908 57,
1201 2858 1260 2897 ιι.
1304 2840 1462 2906 1505,
1507 2840 1655 2895 inter
1689 2839 1850 2894 codd.
1881 2837 2101 2894 comitis

516 2937 786 3008 Dcnbigh.
841 2934 1088 2990 Relation
1140 2935 1202 3004 of
1235 2933 1319 2988 the
1387 2932 1645 3004 practices
1689 2929 1750 3000 of
1787 2932 1870 2984 the
1905 2927 2099 2985 Jcsuits

519 3033 730 3104 against
763 3026 1016 3099 Cyrillus,
1047 3025 1320 3097 patriarch
1347 3017 1410 3096 of
1429 3021 1590 3088 CPle,
1611 3021 1720 3076 and
1747 3021 1832 3075 the
1855 3035 2012 3075 cause
2045 3019 2107 3092 of

519 3121 653 3175 their
683 3117 1034 3172 banishment.
1066 3115 1234 3170 lIssL.

583 3208 824 3283 Cyrillus
850 3207 1073 3280 Martyr,
1097 3203 1450 3262 Cretensium
1473 3203 1792 3274 episcopus,
1825 3203 1987 3274 cujus
2018 3201 2105 3257 Vi-

519 3313 658 3369 tam,
684 3303 756 3358 ab
775 3301 1064 3372 Anonymo
1079 3297 1330 3354 Cretensi
1359 3295 1640 3366 scriptam,
1658 3293 1854 3350 habuit
1874 3293 2108 3348 Allatius

518 3393 626 3448 hoc
665 3383 864 3449 initio:
905 3391 995 3454 Ὠς
1041 3387 1108 3443 ἂν
1141 3387 1216 3460 μὴ
1249 3387 1343 3441 τὸν
1372 3387 1536 3456 λόγον,
1579 3385 1924 3458 ἀνάρμοστον
1970 3383 2108 3455 πρὸς

523 3482 624 3550 τὴν
655 3481 910 3552 διήγησιν
942 3477 1220 3548 ἐσόμενον.
1254 3474 1342 3548 [ν.
1373 3475 1486 3530 vol.
1523 3473 1618 3540 IX,
1655 3489 1712 3544 p.
1751 3473 1820 3528 70
1846 3481 1960 3528 vet.
1989 3471 2106 3544 ed.]

593 3569 851 3644 [Cyrinus
869 3555 1112 3624 Medicus
1133 3566 1340 3637 (V.vol.
1365 3563 1507 3631 XIII,
1536 3580 1591 3636 p.
1615 3564 1760 3636 154).
1791 3564 1966 3628 Alius,
1993 3579 2110 3618 me-

526 3661 782 3734 tropolita
817 3659 1092 3726 Nicaenus,
1146 3673 1196 3713 a.
1243 3657 1398 3714 1675.
1451 3655 1517 3711 V.
1567 3656 1676 3711 vol.
1728 3655 1866 3722 VIII,
1913 3671 1966 3726 p.
2015 3653 2104 3710 91.

589 3864 874 3940 (Cyrinus,
902 3861 1203 3934 episcopus
1241 3859 1552 3916 Satalorum
1583 3859 1670 3914 vel
1712 3873 1883 3928 prope
1927 3857 2110 3914 Satala

523 3960 583 4014 in
627 3955 917 4020 Armenia,
972 3954 1131 4025 cujus
1175 3951 1428 4007 meminit
1482 3949 1718 4006 Basilius
1769 3950 1929 4020 epist.
1976 3949 2107 4015 187,

512 4047 580 4124 ἰι.
620 4048 747 4114 202,
777 4055 839 4103 et
873 4044 1060 4101 forsan
1092 4043 1259 4100 etiam
1297 4041 1461 4113 epist.
1496 4041 1586 4107 58,
1629 4056 1684 4112 p.
1717 4040 1805 4096 86.
1842 4040 2006 4095 Plura
2040 4039 2110 4096 de

523 4154 593 4196 eo
637 4135 936 4209 disputavit
977 4133 1209 4190 'I‘outtée
1263 4133 1320 4188 in
1353 4131 1538 4188 diss.|
1581 4129 1876 4202 Cyrilliana
1920 4130 2106 4196 citata,

525 4245 581 4302 p.
627 4245 644 4284 ι
674 4235 732 4284 et
755 4243 816 4293 ιι,
841 4225 942 4282 ubi
979 4238 1201 4296 quoque
1231 4221 1470 4295 Cyrillus
1498 4220 1845 4286 Gartinensis,
1881 4229 1938 4277 et
1968 4220 2112 4277 alius

527 4319 752 4374 incertae
785 4315 843 4370 in
869 4313 1046 4386 Syria,
1075 4321 1140 4369 ut
1167 4311 1409 4376 videtur,
1437 4309 1586 4367 sedis
1612 4309 1903 4382 episcopus
1928 4325 1978 4366 a.
2006 4309 2110 4367 579

525 4411 612 4466 vel
640 4408 746 4464 580
772 4407 1151 4464 nominantur.
1183 4402 1382 4477 Hann]

2197 1962 2346 2009 trum
2388 1953 2446 2007 in
2493 1951 2710 2016 Isaiam,
2739 1959 2796 2006 et
2825 1965 2880 2020 p.
2913 1947 3002 2012 56,
3035 1947 3090 2003 in
3115 1945 3241 2002 cod.
3281 1945 3424 2001 XXV
3469 1959 3521 2000 s.
3582 1944 3833 2000 diversa

2196 2057 2228 2098 a
2247 2043 2528 2114 superiore
2551 2051 2744 2097 catena
2773 2040 2830 2096 in
2858 2039 3072 2096 Isaiam.

2249 2131 2326 2189 'In
2354 2134 2489 2190 hihi.
2519 2131 2890 2189 Escorialensi
2922 2131 3091 2202 regia,
3122 2137 3260 2186 teste
3289 2129 3496 2184 Pluern
3527 2127 3591 2182 in
3635 2125 3824 2182 Itine-

2196 2227 2342 2280 rario
2368 2241 2462 2298 per
2487 2225 2737 2296 Hispan.,
2775 2239 2830 2295 p.
2871 2222 2974 2278 165
2997 2238 3082 2293 sq.
3121 2221 3270 2294 (coll.
3311 2220 3628 2275 Montfauc.
3665 2217 3818 2273 Bibl.

2195 2315 2320 2371 bibl.
2349 2332 2502 2382 mss.,
2536 2315 2578 2380 I,
2609 2330 2666 2386 p.
2696 2313 2802 2370 618
2827 2311 2960 2384 sq.),
2990 2321 3121 2368 sunt
3158 2310 3311 2366 varia
3354 2309 3657 2379 multaque
3703 2303 3820 2380 Cy-

2198 2406 2306 2460 rilli
2327 2403 2467 2475 Opp.
2493 2403 2608 2458 Hoc
2628 2403 2752 2457 loco
2769 2409 2980 2456 tantum
3002 2397 3297 2454 memorari
3325 2396 3494 2452 liceat
3525 2415 3540 2449 .
3571 2393 3620 2449 I.
3648 2393 3820 2448 Lexi-

2199 2517 2295 2554 con
2327 2497 2654 2571 particulare
2675 2513 2740 2552 ea:
2773 2494 2963 2568 Cyrilli
2993 2493 3128 2565 Opp.
3157 2509 3275 2548 cum
3314 2489 3642 2545 dictionibus
3669 2489 3817 2544 divi-

2201 2609 2285 2648 na:
2330 2590 2622 2663 Scriptura:
2666 2605 2760 2662 per
2789 2587 2986 2643 Anton.
3027 2584 3418 2657 philosophum;
3447 2581 3508 2636 2.
3547 2579 3820 2638 Callectio

2200 2681 2490 2736 dictionum
2513 2695 2577 2733 ea:
2605 2679 2768 2733 variis
2809 2675 2954 2731 libris
2981 2674 3039 2729 V.
3071 2692 3135 2730 ac
3160 2673 3228 2728 N.
3269 2673 3402 2727 Test.
3439 2689 3540 2726 nec
3567 2688 3680 2726 non
3712 2688 3812 2726 ex-

2201 2781 2366 2829 terna:
2411 2773 2718 2842 scripturw;
2770 2769 2824 2823 5.
2867 2765 3020 2832 Quod
3066 2781 3172 2820 non
3227 2771 3467 2834 oporteat
3519 2764 3815 2832 deﬁnitam

2200 2863 2360 2933 fidem
2403 2880 2435 2917 α
2481 2860 2582 2917 SS.
2628 2859 2742 2916 PP.
2795 2861 2854 2914 in
2906 2857 3125 2912 Nicrena
3169 2855 3368 2928 synodo
3433 2871 3811 2921 commovere;

2201 2956 2255 3011 4.
2272 2953 2460 3028 Cyrilli
2486 2952 2592 3024 (vel
2609 2951 2747 3006 forte
2769 2945 3016 3020 alterius)
3033 2949 3088 3004 in
3106 2947 3349 3013 Genesin,
3369 2946 3452 3001 uel
3462 2947 3548 3002 De
3567 2949 3810 3004 historiis

2202 3047 2389 3102 veteris
2431 3043 2720 3114 Scriptura:
2756 3059 2876 3097 cum
2900 3039 3111 3113 ευπορεὶ
3145 3037 3462 3111 particulari
3491 3039 3559 3093 de
3597 3039 3806 3095 theolo-

2128 3157 2172 3217 ρ
2204 3136 2291 3206 gia
2321 3143 2372 3189 et
2401 3135 2467 3188 de
2499 3131 2718 3188 historia
2752 3132 2950 3197 veteri;
2995 3130 3048 3185 5.
3081 3145 3146 3184 ex
3181 3129 3344 3195 libro,
3395 3129 3560 3200 cujus
3601 3130 3807 3187 inscri-

2206 3226 2324 3297 ptio
2356 3234 2442 3281 est
2473 3242 2485 3278 :
2526 3223 2919 3278 Demonstratio
2949 3238 3044 3293 per
3074 3237 3138 3276 ea
3183 3238 3301 3292 qius
3326 3222 3625 3292 antiquitus
3655 3223 3803 3294 facta

2205 3327 2348 3382 sunt,
2385 3317 2560 3372 divina
2589 3314 2808 3370 oracula
2852 3313 2950 3370 SS.
2999 3315 3224 3380 vatibus,
3261 3316 3623 3386 palriarchis,
3653 3325 3801 3381 etc.;

2207 3407 2262 3463 6.
2285 3406 2360 3461 De
2379 3405 2690 3460 adoratione
2713 3412 2764 3458 et
2795 3388 2938 3458 cultu
2959 3403 3014 3456 in
3035 3401 3237 3474 Spiritu
3269 3413 3451 3458 sancto
3486 3413 3542 3458 et
3578 3405 3802 3460 veritate

2209 3499 2279 3554 ad
2330 3495 2642 3552 Palladium
2691 3493 2811 3549 libri
2849 3493 3017 3560 XVII,
3069 3511 3162 3565 per
3205 3494 3402 3566 dialogi
3451 3495 3693 3558 modum,
3749 3503 3801 3549 et

2209 3589 2566 3661 apologoticus
2592 3603 2688 3660 pro
2722 3585 2825 3642 ΧΠ
2853 3603 3034 3658 capp.;
3063 3587 3115 3641 7.
3151 3587 3219 3642 In
3251 3588 3556 3641 ascensione
3583 3588 3800 3644 Domini

2207 3691 2257 3738 et
2286 3683 2349 3737 de
2379 3683 2594 3752 mystico
2635 3679 2860 3751 prandio
2897 3695 2960 3733 ac
2993 3677 3248 3744 lavacro;
3279 3679 3332 3733 8.
3367 3678 3702 3736 Acclamatio
3729 3682 3798 3735 ad

2207 3771 2394 3842 imper.
2430 3770 2792 3834 Theodosium,
2843 3776 2895 3823 et
2941 3785 3005 3823 ea:
3051 3768 3492 3840 confutationibus
3549 3772 3794 3828 adversus

2205 3859 2482 3915 lulianum
2501 3859 2836 3930 Apostatam,
2853 3857 3104 3912 sectiones
3127 3855 3194 3921 Χ,
3219 3855 3340 3911 libri
3359 3853 3416 3910 11
3430 3873 3448 3921 ;
3472 3856 3526 3912 9.
3561 3857 3790 3913 Demon-

2209 3953 2395 4006 stratio
2438 3951 2501 4004 de
2533 3949 2862 4021 processione
2900 3946 3130 4019 Spiritus
3171 3949 3379 4014 sancti;
3417 3947 3505 4003 10.
3547 3949 3789 4022 Epistola

2209 4042 2464 4096 canonica
2507 4041 2578 4096 ad
2619 4039 2904 4094 Dominum
2952 4036 3301 4110 (Domuum?)
3347 4047 3398 4094 et
3430 4041 3695 4114 episcopos
3733 4043 3788 4096 in

2210 4133 2396 4204 Libya.

2278 4223 2617 4280 Vindobona:
2651 4221 2707 4277 in
2742 4223 2880 4278 bibl.
2920 4221 3189 4287 Caesarea,
3221 4223 3548 4280 voluminib.
3576 4225 3668 4291 III,
3697 4225 3783 4290 IV,

2208 4317 2276 4382 V,
2305 4315 2374 4372 VI
2407 4323 2466 4372 et
2496 4314 2633 4380 VIII,
2675 4313 2766 4370 ed.
2801 4313 3059 4369 Lambec.
3099 4313 3326 4380 Comm,
3366 4317 3624 4386 permulti
3669 4333 3777 4372 ser-

2208 4413 2412 4463 vantur
2439 4404 2600 4461 codd.
2639 4405 2695 4460 in
2733 4405 2938 4475 quibus
2983 4413 3113 4460 sunt
3159 4405 3312 4460 varia
3355 4404 3542 4476 Cyrilli
3589 4407 3782 4477 scripta

590 4499 839 4573 Cyrinus
884 4497 1400 4574 ScythOpolitanus,
1449 4493 1756 4552 monachus
1805 4491 1862 4550 S.
1917 4491 2109 4548 Laum
2138 4492 2186 4552 Β
2213 4509 2310 4554 aut
2331 4506 2609 4568 excerpta.
2634 4497 2749 4553 Hoc
2769 4499 2891 4553 loco
2913 4496 3147 4553 sulliciat
3163 4498 3528 4568 quorumdam
3555 4499 3740 4554 notitia
3765 4515 3780 4552 :

523 4589 1055 4662 “ierosolymitanai,
1092 4587 1188 4659 qui
1229 4586 1413 4642 medio
1457 4593 1613 4642 sexto
1660 4593 1788 4655 post
1831 4583 2112 4640 Christum

527 4692 716 4739 natum
766 4680 970 4737 saeculo
1017 4677 1224 4744 ﬂoruit,
1277 4687 1335 4734 et
1391 4676 1574 4732 varias
1603 4673 1756 4730 Vitas
1798 4681 2112 4729 sanctorum

527 4771 716 4829 Graece
743 4770 985 4842 scripsit,
1018 4769 1088 4825 de
1117 4784 1229 4839 quo
1255 4769 1434 4824 dicam
1464 4767 1606 4824 infra
1645 4779 1746 4821 suo
1776 4764 1919 4820 loco.
1951 4763 2110 4820 Fara.

528 4861 775 4927 —Infra,
801 4861 913 4916 vol.
937 4859 1006 4925 X,
1035 4874 1091 4930 p.
1125 4857 1228 4913 155
1253 4873 1336 4928 sq.
1372 4867 1486 4913 vet.
1515 4856 1767 4914 ed.—In
1793 4853 1917 4910 cod.
1947 4853 2112 4910 Arab.

529 4953 795 5011 Vaticano
829 4951 943 5008 Vita
988 4949 1260 5021 Euthymii
1291 4957 1345 5002 et
1383 4947 1537 5004 Sabe
1564 4949 1844 5015 abbatum,-
1887 4947 1948 5002 In
1986 4945 2112 5003 cod.

530 5043 628 5102 Gr.
671 5043 826 5102 CCLI
861 5041 1100 5101 Vindob.
1146 5047 1233 5096 est
1261 5039 1627 5112 fragmentum
1656 5054 1726 5094 ex
1763 5039 2117 5110 Euthymiaca

531 5136 753 5193 historia
793 5135 864 5194 de
893 5134 1068 5191 rebus
1111 5132 1282 5204 gestis
1323 5130 1380 5185 S.
1415 5130 1718 5202 Euthymii,
1757 5130 1973 5187 abbatis
2010 5131 2116 5186 Pa-

532 5228 753 5294 laestini,
783 5227 988 5285 mortui
1029 5226 1096 5282 A.
1134 5224 1196 5282 C.
1231 5223 1356 5290 472,
1385 5237 1550 5293 quam
1576 5221 1834 5276 Lambec.
1865 5221 1923 5276 in
1958 5219 2117 5277 Com-

535 5331 791 5387 ruentam,
825 5323 914 5387 V.,
943 5326 1000 5392 ιι.
1047 5319 1152 5375 529
1177 5333 1324 5389 sqq.,
1354 5324 1472 5370 not.
1508 5315 1563 5380 l,
1592 5313 1960 5384 conscriptam
1994 5327 2117 5369 esse

536 5411 767 5484 putabat
794 5426 826 5466 a
853 5409 1058 5483 Cyrillo
1085 5407 1388 5474 monacho;
1413 5415 1470 5462 at
1495 5403 1754 5461 refutavit
1781 5403 1929 5459 illam
1953 5403 2118 5458 Lam-

537 5501 683 5558 becii
715 5499 1029 5572 opinionem
1061 5509 1118 5555 et
1147 5496 1423 5554 Kollarius
1456 5495 1512 5550 in
1543 5503 1660 5551 not.
1691 5493 1755 5549 B.
1785 5493 1856 5549 ad
1883 5493 2118 5549 Lambe-

537 5593 612 5651 cii
646 5593 753 5649 loc.
783 5593 905 5658 cit.,
936 5599 1103 5662 atque
1131 5588 1200 5645 ad
1237 5589 1348 5648 vol.
1372 5586 1514 5652 VIII,
1555 5601 1612 5658 p.
1648 5585 1753 5642 565
1777 5600 1886 5656 sq.,
1917 5583 2014 5640 ubi
2055 5599 2121 5640 ac

537 5703 594 5760 p.
621 5687 727 5743 645
759 5700 878 5758 sqq.
918 5683 1178 5741 Lambec.
1213 5697 1371 5738 suam
1415 5679 1640 5751 repetiit
1681 5679 2032 5745 sententiam,
2063 5687 2122 5736 et

538 5777 823 5838 Fabricius
861 5775 970 5834 vol.
1007 5774 1076 5842 X,
1117 5789 1176 5846 p.
1216 5773 1319 5830 156
1361 5787 1468 5843 sq.,
1499 5787 1556 5828 ιι.
1597 5773 1653 5828 4.
1694 5771 1834 5828 Add.
1883 5769 2114 5828 Bandin.

2213 4589 2339 4646 cod.
2375 4589 2556 4654 LVIII,
2589 4605 2646 4644 ιι.
2684 4588 2740 4654 2,
2771 4589 2880 4644 vol.
2924 4588 3014 4653 III,
3052 4604 3108 4658 p.
3141 4588 3246 4644 255
3276 4605 3358 4660 sq.
3401 4590 3624 4656 Kollar.,
3651 4589 3778 4646 Sen-

2217 4683 2394 4737 tentia:
2438 4679 2631 4752 Cyrilli
2672 4679 2827 4735 Alex.
2859 4687 2913 4732 et
2946 4679 3176 4734 aliorum
3215 4681 3278 4734 de
3322 4697 3445 4736 vero
3483 4681 3647 4736 Deum
3685 4682 3780 4738 ad-

2216 4771 2407 4826 orandi
2425 4771 2578 4824 modo
2596 4771 2651 4824 in
2671 4770 2862 4840 spiritu
2891 4778 2940 4823 et
2969 4771 3346 4826 veritam—In
3366 4773 3478 4827 vol.
3499 4773 3583 4840 IV,
3609 4789 3661 4844 p.
3679 4773 3776 4828 255

2216 4877 2361 4932 sqq.,
2395 4861 2522 4916 cod.
2571 4860 2802 4926 CXLVI,
2849 4877 2907 4916 ιι.
2956 4861 3013 4928 2,
3063 4861 3150 4927 15,
3181 4863 3245 4916 21
3297 4874 3354 4920 et
3398 4865 3488 4929 55,
3537 4873 3776 4936 excerpta

2217 4953 2376 5024 plura
2401 4967 2468 5006 ex
2495 4950 2685 5024 Cyrilli
2728 4951 3180 5022 Expositionibus
3223 4953 3278 5008 in
3307 4955 3372 5008 V.
3423 4954 3648 5010 T.—N.
3693 4954 3773 5017 17,

2216 5043 2342 5116 Cyr.
2373 5040 2524 5096 Orat.
2569 5043 2626 5096 in
2662 5041 2851 5113 festum
2889 5042 3468 5111 Puriﬁcationis.—P.
3501 5045 3618 5110 565,
3651 5055 3773 5108 etc.,

2217 5133 2521 5205 fragmenta
2568 5131 2626 5186 in
2672 5131 2833 5187 codd.
2886 5131 3115 5196 CLXIV,
3146 5150 3203 5188 ιι.
3234 5133 3298 5192 6.
3347 5133 3582 5201 CLXVI,
3611 5151 3666 5189 ιι.
3709 5134 3770 5196 1,

2217 5223 2449 5282 CLXVII
2487 5233 2544 5279 et
2579 5223 2867 5286 CLXVIII;
2901 5223 3276 5292 CLXXXVIII,
3307 5243 3363 5281 ιι.
3392 5227 3482 5293 22,
3509 5238 3563 5283 et
3599 5227 3650 5282 in
3677 5226 3772 5280 hoc

2219 5331 2439 5390 quoque
2469 5315 2615 5382 cod.,
2649 5332 2708 5371 n.
2743 5317 2829 5381 12,
2861 5315 3048 5388 Cyrilli
3087 5327 3138 5372 et
3176 5317 3232 5374 S.
3267 5319 3538 5375 Anastasii
3571 5318 3768 5374 Sinaita'

2219 5408 2471 5479 expositio
2521 5408 2917 5479 compendiaria
2952 5410 3273 5466 orthodoxa!
3297 5411 3442 5479 ﬁdei,
3482 5410 3548 5466 de
3589 5424 3686 5480 qua
3707 5407 3765 5462 V.

2218 5497 2385 5568 paqu
2411 5503 2569 5568 post,
2609 5496 2637 5568 ᾗ
2663 5495 2758 5552 IX.
2779 5527 2850 5537 ——
2885 5497 2948 5552 In
2973 5498 3082 5553 vol.
3111 5499 3156 5555 V
3179 5501 3330 5556 varia
3370 5515 3558 5572 opusc.
3593 5497 3764 5568 impri-

2220 5588 2326 5644 mis
2357 5597 2616 5659 excerpta
2651 5597 2708 5642 et
2734 5587 2985 5659 fragmm.
3019 5587 3075 5644 in
3109 5589 3232 5644 cod.
3266 5587 3536 5654 CCXLlV,
3565 5604 3618 5642 ιι.
3642 5587 3766 5642 4.-

2219 5680 2281 5737 In
2314 5679 2436 5736 cod.
2472 5677 2748 5745 CCXLVI,
2801 5695 2856 5734 ιι.
2909 5681 2998 5745 11,
3031 5696 3100 5736 ex
3147 5681 3291 5736 libro
3339 5698 3374 5737 ιι
3413 5681 3488 5736 De
3533 5675 3760 5746 sacriﬁcio

2221 5771 2532 5846 agni—In
2573 5769 2697 5830 cod.
2745 5769 3040 5840 CCXLVII,
3073 5787 3132 5827 ιι.
3175 5771 3264 5840 50,
3294 5779 3351 5827 et
3388 5772 3515 5829 cod.
3549 5765 3760 5832 XXXIII,
