4076 6306
333 370 410 428 .35
1579 356 1863 412 NOTITIA
1897 355 1994 412 EX
2031 354 2368 412 FABRICIO.
3533 365 3601 415 46

334 501 398 542 ιι.
433 484 489 549 4,
521 481 580 537 in
610 479 726 535 vol.
765 476 904 543 VIII,
946 475 1250 547 Disputatio
1286 490 1406 528 cum
1444 472 1717 539 Nestorio;
1758 487 1924 543 quam
1952 485 1997 540 Α
2027 470 2203 526 tertia:
2235 467 2450 542 synodi,
2498 467 2593 524 Gr.
2614 468 2756 524 -—In
2785 476 2918 525 tom.
2965 470 3031 536 II,
3065 486 3122 526 ιι.
3157 470 3247 537 56,
3281 486 3370 542 ep.
3418 481 3602 527 contra

332 574 539 632 Kollar.
570 571 641 627 ad
671 571 782 625 vol.
816 569 882 634 V,
913 583 968 638 p.
1003 566 1128 632 269,
1154 580 1275 621 esse
1301 565 1371 620 ab
1397 565 1505 620 alio
1544 564 1741 619 factam
1769 573 1926 635 putat

331 681 405 721 ex
449 663 643 737 Cyrilli
693 657 1225 716 Antirrhetico.—-In
1270 656 1394 711 cod.
1437 655 1754 719 CCXLVIII,
1787 671 1843 708 ιι.
1891 654 1926 708 5

335 757 568 828 (spuria.
596 753 662 809 ν.
696 752 925 813 Kollar.,
947 765 1004 819 p.
1026 746 1153 812 287,
1186 747 1327 817 not.)
1356 747 1564 818 Disput.
1585 764 1704 801 cum
1725 745 1925 801 Judwis

332 846 401 899 de
437 844 749 899 adoratione
783 848 985 894 sancta:
1019 838 1187 891 crucis
1222 846 1270 891 et
1295 854 1575 891 sacrarum
1607 837 1922 907 imaginum.

336 936 487 990 -—In
514 934 639 989 eod.
684 931 836 996 CCL,
871 946 928 984 ιι.
966 928 1052 994 10,
1083 943 1152 982 ex
1188 927 1413 999 Dialogo
1448 928 1518 981 ad
1553 927 1823 981 Hcrmiam
1860 928 1926 980 de

336 1024 775 1083 consubstantiali
801 1023 1080 1087 Trinitate,
1099 1020 1294 1092 fragm.
1320 1020 1522 1075 Kollar.
1545 1035 1600 1090 p.
1650 1019 1925 1075 514.—In

333 1120 463 1176 cod.
496 1115 869 1180 CCLXXXIII,
904 1130 962 1168 ιι.
997 1113 1052 1178 2,
1084 1113 1289 1183 p.474,
1323 1111 1536 1167 Comm.
1572 1121 1829 1180 excerpta
1856 1126 1925 1165 ex

332 1213 531 1286 Cyrilli
561 1210 853 1282 Opp.——In
895 1209 1006 1263 vol.
1058 1207 1141 1272 Vl,
1178 1215 1321 1277 part.
1369 1222 1408 1271 ι,
1453 1222 1510 1276 p.
1536 1205 1625 1270 97,
1669 1204 1793 1259 cod.
1827 1203 1921 1268 XI,

339 1320 401 1360 ιι.
456 1304 545 1369 16,
588 1303 780 1373 fragm.
831 1316 901 1356 ex
948 1298 1140 1370 Cyrilli
1184 1298 1322 1368 Opp.
1371 1297 1434 1351 de
1485 1306 1718 1367 tempore
1755 1312 1925 1351 same

336 1409 502 1447 carne
530 1391 721 1447 Christi
730 1406 895 1461 ;-—p.
934 1389 1037 1443 150
1069 1405 1151 1460 sq.
1186 1389 1242 1442 in
1272 1388 1395 1443 cod.
1424 1388 1612 1454 XVIII,
1646 1405 1703 1443 ιι.
1739 1390 1774 1445 4
1804 1388 1922 1463 (ubi

338 1482 404 1539 γ.
458 1491 574 1538 not.
596 1479 832 1552 Kollar.)
882 1480 1187 1551 fragmenta
1239 1479 1503 1534 canonica
1545 1495 1613 1534 ex
1652 1481 1807 1551 epist.
1855 1480 1925 1535 ad

337 1574 601 1628 Damnum
617 1583 671 1628 et
696 1588 779 1643 ep.
801 1571 869 1625 ad
887 1572 1149 1642 episcopos
1171 1569 1344 1641 Libya:
1360 1578 1409 1623 et
1424 1568 1797 1641 Pentapoleos,
1814 1578 1920 1627 etc.

334 1665 508 1738 (conf.
544 1662 822 1719 Theodori
850 1662 1190 1718 Balsamonis
1219 1660 1356 1732 Opp.
1386 1660 1481 1717 Gr.
1521 1670 1579 1717 et
1606 1660 1723 1716 Lat.
1747 1662 1921 1717 Paris.

332 1758 506 1823 edita,
529 1773 585 1829 p.
618 1756 754 1811 1076
782 1763 837 1811 et
858 1753 1175 1825 p.1080.—
1203 1752 1486 1809 Sententia:
1509 1751 1695 1824 Cyrilli
1718 1761 1767 1807 et
1793 1753 1928 1809 alio-

2026 565 2430 630 Theodoretum;
2460 579 2518 617 ιι.
2552 561 2677 627 980,
2709 563 2766 617 in
2805 563 2928 618 cod.
2961 563 3391 620 Sarisburiensis
3422 566 3603 620 eccle-

2022 655 2140 722 siae,
2173 656 2251 710 De
2283 656 2615 727 processione
2636 654 2864 725 Spiritus
2890 658 3079 710 sancti.
3113 656 3263 711 —N.
3293 656 3434 711 5455
3464 656 3601 712 bibl.

2023 748 2291 812 Norl‘olc.,
2335 746 2458 818 Cyr.
2505 746 2576 800 ad
2615 745 2951 811 Nestorium;
2980 763 3037 800 ιι.
3088 746 3226 801 5959
3274 747 3410 803 bibl.
3446 747 3602 813 Gale,

2024 841 2297 896 Anastasii
2327 849 2375 893 et
2404 838 2591 911 Cyrilli
2623 839 2895 911 Expositio
2921 840 3089 893 brevis
3111 839 3238 907 fidei
3268 838 3603 894 Christiana'.

2095 932 2340 998 Dublini,
2372 948 2426 986 ιι.
2453 931 2576 996 726,
2609 930 2907 1002 Explicatio
2933 929 3121 1002 Cyrilli
3147 947 3306 1001 super
3336 932 3607 986 circumci-

2023 1025 2169 1078 sione
2197 1023 2412 1089 Christi,
2429 1031 2564 1076 —et
2587 1022 2650 1076 de
2674 1024 2969 1093 portatione
2995 1038 3089 1092 per
3108 1020 3424 1076 Simeonem.

2097 1113 2280 1169 Leidae
2310 1114 2454 1169 inter
2473 1112 2635 1169 codd.
2663 1112 2931 1177 Vulcanii,
2963 1110 3140 1167 Catal.
3169 1111 3315 1178 bibl.,
3340 1128 3396 1183 p.
3427 1112 3532 1168 544
3551 1120 3609 1168 et

2026 1203 2150 1270 545,
2178 1206 2339 1276 plura
2379 1205 2569 1278 Cyrilli
2600 1219 2787 1274 opera,
2811 1218 2847 1259 a
2878 1202 3146 1260 Vulcania
3186 1203 3272 1258 vel
3305 1203 3604 1275 descripta,

2026 1297 2111 1351 vel
2140 1295 2335 1353 Latine
2368 1311 2548 1361 versa,
2574 1297 2663 1351 vel
2701 1296 2991 1351 illustrata.
3019 1294 3080 1350 P.
3117 1294 3242 1361 546,
3280 1310 3339 1351 ιι.
3374 1294 3465 1361 52,
3500 1295 3607 1369 Cy-

2026 1386 2138 1442 rilli
2175 1386 2418 1459 dialogus
2450 1387 2518 1442 ad
2551 1387 2873 1451 Hermum,
2906 1386 3449 1460 philosophum—1’.
3480 1384 3606 1453 547,

2026 1494 2084 1534 ιι.
2126 1479 2216 1544 62,
2250 1479 2361 1534 ὰιιο
2389 1476 2690 1544 Sermones,
2723 1486 2780 1533 et
2820 1479 2890 1533 ad
2919 1476 3196 1532 Hermiam
3224 1478 3605 1549 presbyterum.

2026 1599 2097 1609 —
2132 1569 2193 1625 P.
2224 1568 2362 1634 548,
2411 1584 2468 1623 ιι.
2533 1568 2604 1623 92
2648 1569 2713 1633 Ε,
2768 1584 2942 1623 sermo
2986 1568 3200 1638 fest.—
3236 1568 3387 1624 Inter
3441 1569 3605 1625 codd.

2028 1659 2300 1725 VossiatL,
2324 1676 2379 1730 p.
2406 1659 2532 1723 581,
2555 1676 2611 1715 ιι.
2641 1660 2730 1724 54,
2758 1660 3022 1730 rescripta
3044 1658 3117 1715 ad
3143 1660 3437 1716 concilium
3464 1661 3603 1717 Afri-

2028 1768 2249 1818 canum,
2281 1752 2377 1807 ubi
2414 1751 2732 1807 authentica
2758 1752 2965 1806 Nicaeni
3003 1751 3222 1807 concilii
3250 1752 3511 1807 translata
3539 1754 3610 1809 de

334 1867 477 1903 rum.
499 1849 563 1904 V.
590 1848 803 1904 Reiser.
826 1847 946 1904 Ind.
974 1847 1123 1901 codd.
1147 1847 1395 1918 August.,
1419 1862 1473 1916 p.
1497 1846 1596 1912 22;
1622 1846 1724 1912 ib.,
1748 1862 1804 1918 p.
1829 1846 1918 1912 25,
1957 1843 1995 1898 Β
2022 1840 2211 1898 Graeco
2231 1857 2331 1915 per
2351 1842 2736 1897 Innocentium
2759 1841 3161 1913 presbyterum,
3192 1843 3457 1899 etc.—P.
3479 1843 3606 1907 401,

336 1941 639 2017 Explicatio
659 1942 936 2013 parabole
959 1941 1085 1995 Luc.
1122 1955 1229 1994 ιιι-ι.

408 2033 656 2090 Venetiis
687 2034 831 2089 inter
866 2032 1027 2088 codd.
1068 2032 1179 2089 Jul.
1222 2030 1520 2088 Iustiniani
1553 2029 1742 2102 Cyrilli
1788 2030 1921 2102 Epi-

334 2126 488 2182 stola:
512 2125 755 2196 festalcs;
787 2126 841 2180 in
863 2126 979 2180 alio
1010 2125 1133 2181 cod.
1162 2124 1338 2195 ejusd.
1364 2123 1693 2190 Thesaurus;
1727 2125 1782 2178 in
1813 2124 1923 2178 alio

336 2217 569 2272 bomilite
587 2218 647 2270 in
676 2216 919 2282 Genesin,
940 2225 1079 2271 teste
1108 2214 1475 2270 Montl'aucon.
1502 2214 1559 2269 in
1588 2213 1741 2268 Diar.
1768 2213 1922 2278 Ital.,

340 2324 397 2378 p.
429 2306 946 2363 454.—Bandinius
984 2307 1039 2361 in
1069 2305 1188 2362 Cat.
1220 2305 1369 2359 codd.
1413 2305 1507 2361 Gr.
1544 2304 1799 2359 Laurent.
1835 2321 1922 2359 re-

341 2401 559 2455 censuit
576 2401 739 2472 plura
764 2408 1020 2470 excerpta
1043 2415 1112 2454 ex
1131 2398 1299 2453 variis
1319 2397 1506 2469 Cyrilli
1525 2396 1664 2467 Opp.
1686 2398 1740 2451 in
1761 2397 1920 2452 codd.

343 2492 604 2547 Laurent.
628 2492 789 2546 obvia
817 2501 855 2547 t.
877 2492 919 2556 I,
944 2507 999 2563 p.
1031 2492 1120 2555 47,
1144 2506 1202 2544 n.
1234 2488 1405 2553 XXX,
1430 2487 1602 2543 XXXI
1627 2498 1683 2542 et
1705 2487 1922 2551 XXXII,

341 2599 399 2655 p.
436 2583 567 2650 468;
599 2582 714 2649 xu,
750 2600 806 2653 p.
842 2582 973 2650 ns;
1016 2582 1080 2647 ν,
1110 2598 1165 2652 p.
1210 2581 1341 2646 119;
1371 2579 1440 2645 Χ,
1472 2596 1528 2650 p.
1566 2580 1697 2646 415;
1732 2579 1921 2645 xxvr,

344 2692 402 2746 p.
434 2674 561 2741 600;
597 2675 653 2729 in
688 2684 820 2729 tom.
864 2675 930 2740 II,
965 2673 1088 2729 cod.
1128 2673 1221 2738 XI,
1257 2672 1283 2744 §
1323 2672 1388 2736 II,
1420 2681 1551 2726 tom.
1582 2671 1672 2736 III,
1702 2686 1756 2740 p.
1798 2670 1921 2736 524,

345 2767 463 2823 XX.
497 2768 750 2824 Citantur
787 2768 907 2822 loca
946 2776 1080 2822 tom.
1116 2766 1159 2831 I,
1195 2781 1250 2835 p.
1282 2765 1349 2820 99
1382 2772 1439 2819 et
1468 2764 1572 2819 456
1604 2763 1659 2817 in
1695 2762 1925 2834 Exposi-

343 2862 484 2914 tione
510 2876 786 2914 sacrorum
809 2867 1139 2930 prmeeptor.,
1171 2872 1225 2927 p.
1255 2856 1388 2921 255;
1419 2855 1476 2909 in
1504 2852 1785 2924 Florilegio
1803 2870 1925 2907 sen-

344 2953 587 3017 tentiar.,
628 2967 685 3022 p.
718 2950 843 3014 547,
887 2965 920 3004 a
960 2949 1049 3005 Jo.
1095 2947 1479 3003 Cantacuzeno
1520 2953 1707 2999 contra
1754 2943 1926 2999 Pala-

346 3060 490 3096 mam
518 3058 537 3097 :
568 3059 624 3113 p.
647 3041 771 3105 558,
808 3041 864 3095 in
906 3056 1072 3111 opere
1112 3038 1367 3109 anonymi
1408 3046 1602 3092 contra
1638 3035 1925 3100 eumdem;

344 3142 406 3189 et
434 3149 489 3203 p.
516 3133 641 3198 452,
666 3133 721 3188 in
755 3132 1019 3186 Thesauro
1046 3130 1251 3184 orthod.
1280 3128 1422 3197 ﬁdei.
1442 3127 1739 3200 -—-Intcgra
1762 3125 1925 3198 Opp.,

2027 1949 2086 1988 ιι.
2136 1936 2199 2000 4,
2259 1934 2447 2008 Cyrilli
2492 1932 2728 1989 collectio
2768 1937 3154 1990 sententiarum
3204 1944 3394 1992 contra
3425 1939 3609 1991 Πνευ-

2021 2027 2425 2099 ματομάχους.

2076 2122 2274 2200 ‘Paris.
2307 2121 2364 2176 in
2410 2121 2548 2177 bibl.
2595 2122 2750 2195 pub].
2796 2119 2970 2177 multa
3017 2130 3378 2177 numerantur
3420 2120 3610 2194 Cyriili

2029 2212 2252 2282 scripta,
2287 2228 2454 2267 manu
2482 2219 2704 2268 exarata
2731 2230 2745 2266 :
2772 2212 2865 2267 hic
2909 2221 3121 2268 tantum
3161 2212 3459 2267 nominabo
3498 2212 3609 2268 Ex-

2030 2312 2216 2372 cerpta
2239 2302 2295 2355 in
2327 2302 2489 2357 codd.
2525 2302 2938 2359 DCCCLXXXII
2968 2314 3026 2359 et
3049 2304 3610 2361 MMMIX.——Secun-

2031 2392 2162 2447 dum
2197 2392 2375 2449 Catal.
2410 2393 2588 2447 Paris.
2619 2393 2741 2448 bibl.
2771 2410 2920 2458 mss.,
2948 2394 3056 2448 vol.
3088 2394 3132 2458 1,
3166 2409 3222 2463 p.
3260 2393 3361 2447 107
3392 2404 3450 2448 et
3483 2394 3607 2459 108,

2028 2500 2096 2539 ac
2149 2484 2273 2549 117,
2303 2492 2433 2539 sunt
2463 2483 2607 2539 inter
2640 2483 2804 2539 codd.
2853 2483 3122 2539 Arabicos
3164 2484 3379 2554 aliquot
3418 2483 3611 2557 Cyrilli

2032 2574 2289 2630 bomiliaz.
2750 2560 2757 2565 1

2102 2667 2348 2723 Venetiis
2380 2666 2437 2722 in
2484 2666 2620 2722 bibl.
2660 2666 2827 2724 Marc.
2862 2667 2990 2724 cod.
3029 2664 3239 2735 CXXII,
3273 2666 3397 2741 Cyr.
3426 2676 3613 2724 contra

2030 2760 2618 2831 Anthropomorphitas.
2653 2759 2773 2816 Vid.
2815 2756 3001 2816 notam
3049 2761 3105 2815 in
3148 2760 3267 2817 Cat.
3318 2761 3468 2816 codd.
3516 2761 3610 2818 Gr.

2032 2851 2225 2916 Marc,
2254 2867 2309 2921 p.
2353 2850 2595 2905 70.——In
2624 2850 2748 2906 cod.
2774 2851 3131 2908 CDXXXVIII
3173 2853 3613 2911 anathematismi

2034 2941 2246 3012 aliquot
2274 2939 2438 3014 (Cat.,
2491 2956 2548 3010 p.
2599 2940 2748 3011 215).
2800 2941 2882 2995 Ex
2929 2956 3163 2996 numero
3212 2944 3615 3011 permultorum

2036 3033 2198 3089 codd.
2231 3048 2372 3103 quos
2391 3031 2762 3087 Montfaucon.
2793 3032 2850 3086 in
2878 3031 3015 3086 Bibl.
3042 3032 3334 3087 bibliothee.
3361 3051 3487 3089 mss.
3523 3049 3615 3090 re-

2036 3124 2161 3190 fert,
2195 3139 2495 3194 paucorum
2527 3132 2738 3179 tantum
2774 3124 3013 3195 injiciam
3044 3124 3401 3179 mentionem.

346 3226 406 3281 in
435 3193 604 3281 codd.
628 3193 798 3279 Laur.
829 3230 1065 3287 servata,
1098 3221 1213 3277 suis
1237 3193 1373 3283 locis
1401 3193 1787 3302 indicabimus.
1809 3193 1927 3273 l‘io-
1956 3193 2001 3252 (ἶ
2105 3193 2292 3271 Roma:
2320 3215 2378 3269 in
2410 3214 2547 3270 bibl.
2580 3193 2841 3269 Ottobon.
2872 3213 3061 3286 Cyrilli
3088 3213 3262 3269 Oratt.
3306 3215 3369 3285 (I,
3415 3230 3470 3285 p.
3511 3214 3616 3269 185

346 3318 549 3375 tandus
577 3326 662 3371 est
683 3329 902 3385 quoque
925 3313 1046 3368 cod.
1071 3314 1113 3378 1.,
1137 3329 1193 3366 ιι.
1219 3311 1274 3376 2,
1305 3312 1445 3383 plut.
1469 3313 1522 3377 7,
1554 3311 1668 3366 sive
1687 3311 1932 3365 Edictum

345 3410 684 3483 imperatoris
705 3407 1018 3471 Iustiniani,
1042 3404 1329 3488 continens
1348 3403 1748 3460 confessionem
1769 3412 1933 3457 rectae

350 3500 500 3566 ﬁdei,
540 3509 673 3564 etc.,
714 3498 771 3551 in
803 3513 913 3567 qua
946 3494 1311 3558 Justinianus,
1358 3508 1413 3562 p.
1456 3491 1582 3557 295,
1617 3490 1782 3545 all‘ert
1812 3490 1933 3545 loca

352 3592 540 3664 Cyrilli
565 3591 717 3645 Alex.
740 3605 808 3643 ex
833 3588 995 3657 epist.
1022 3587 1048 3640 1
1087 3594 1142 3641 et
1171 3585 1206 3639 2
1232 3585 1301 3639 ad
1330 3583 1657 3647 Successum,
1683 3590 1814 3647 etc.,
1846 3589 1932 3635 at-

354 3699 465 3754 que
488 3699 545 3736 ιι.
572 3682 625 3747 5,
649 3678 937 3750 Exemplar
975 3675 1226 3748 epistola,
1246 3675 1309 3729 ab
1329 3676 1458 3745 imp.
1483 3673 1786 3728 Iustiniano
1815 3688 1935 3743 per-

351 3777 582 3845 scriptae,
618 3773 867 3827 adversus
893 3766 1203 3833 nonnullos,
1230 3767 1450 3836 impium
1481 3763 1825 3829 Theodorum,
1853 3771 1934 3816 at-

350 3884 450 3939 que
483 3867 671 3937 iniqua
715 3864 830 3935 ejus
861 3862 1132 3931 dogmata,
1179 3865 1228 3911 et
1257 3855 1533 3927 epistolam
1572 3853 1680 3910 Ibat
1714 3854 1930 3918 dictam,

352 3977 446 4014 nec
488 3974 594 4012 non
638 3954 933 4010 Theodoriti
974 3950 1135 4005 libros
1175 3956 1359 4001 contra
1401 3944 1715 4000 catholicam
1752 3944 1930 4014 ﬁdem,

350 4051 557 4121 scriptis
602 4051 1019 4118 propugnantes,
1063 4053 1229 4110 quam
1274 4038 1491 4106 longam
1531 4036 1694 4107 epist.
1730 4034 1931 4090 Bandi-

350 4143 478 4197 nius
502 4141 559 4195 in
581 4148 688 4195 cat.
717 4148 850 4193 tom.
880 4136 923 4201 I,
951 4151 1005 4206 p.
1039 4132 1139 4188 166
1174 4147 1318 4202 sqq.,
1348 4131 1559 4201 primus
1591 4129 1776 4185 Graece
1807 4143 1932 4182 cum

355 4233 546 4289 Latina
574 4230 828 4286 versione
855 4224 1130 4297 evulgavit
1168 4241 1183 4276 :
1220 4223 1274 4276 in
1309 4238 1417 4292 qua
1454 4221 1712 4292 frequens
1745 4218 1933 4291 Cyrilli

352 4326 581 4397 ejusque
617 4337 850 4393 cperam
885 4314 1251 4391 quorumdam
1285 4312 1347 4367 ﬁt
1372 4312 1598 4380 mentio,
1627 4320 1723 4368 aut
1752 4310 1800 4368 is
1833 4311 1932 4367 de-

352 4417 622 4472 Ienditur.

422 4527 740 4585 Secundum
776 4524 956 4581 Catal.
987 4523 1144 4577 codd-
1171 4520 1379 4593 Anglia:
1406 4530 1454 4574 et
1491 4519 1706 4574 Hibera.
1747 4515 1804 4569 in
1832 4529 1928 4568 va-
1963 4525 2007 4580 ι)

353 4623 451 4679 riis
478 4620 761 4683 bibliotb.,
793 4617 1065 4688 praecipue
1102 4614 1418 4676 Bodleiana,
1448 4610 1636 4681 Cyrilli
1674 4607 1812 4677 Opp.
1845 4614 1941 4661 aut

351 4723 539 4785 partes
550 4712 769 4766 illorum
787 4722 1164 4777 saepenumero
1184 4712 1428 4760 exstant:
1447 4702 1537 4755 hic
1551 4700 1759 4768 aliquot
1776 4696 1935 4752 codd.

355 4801 410 4856 in
421 4801 626 4871 quibus
636 4799 919 4868 particulae
937 4796 1309 4865 reperiuntur,
1326 4800 1535 4846 tantum
1547 4786 1935 4844 excitabimus:

354 4908 411 4947 ιι.
445 4893 514 4947 85
546 4892 686 4946 bibl.
716 4887 951 4952 Bodlei.,
995 4888 1053 4941 in
1098 4886 1220 4941 cod.
1256 4884 1478 4938 Barocc.
1524 4879 1784 4942 LXXXV,
1831 4880 1940 4947 epi-

354 4982 492 5038 stola
512 4983 582 5036 ad
603 4980 935 5037 Gennadium
956 4990 1013 5033 et
1034 4986 1290 5045 excerpta
1307 4990 1374 5029 ex
1391 4973 1638 5043 epistolis
1656 4977 1710 5026 et
1732 4986 1800 5026 ex
1826 4985 1941 5025 ser-

354 5089 515 5129 mone
548 5071 817 5144 quodam;
837 5084 976 5122 —n.
1013 5066 1139 5131 272,
1171 5065 1384 5136 Disput.
1417 5064 1555 5116 inter
1588 5058 1847 5131 Cyrillum
1889 5067 1940 5112 et

351 5166 688 5228 Nestorium;
725 5179 784 5217 ιι.
814 5161 939 5224 688,
976 5157 1299 5223 Qucestiones
1339 5163 1388 5209 et
1423 5154 1747 5222 responsion.
1792 5164 1937 5220 qum-

353 5259 477 5313 dam
504 5258 570 5312 de
597 5257 701 5326 fide
729 5262 929 5309 sancta:
960 5250 1231 5305 Trinitatis
1244 5264 1398 5314 ;—n.
1436 5246 1596 5309 2500,
1627 5244 1940 5301 Encomium

349 5350 412 5406 Β.
440 5349 700 5421 Virginis;
730 5362 786 5401 ιι.
817 5344 978 5408 2877,
1015 5342 1087 5396 De
1106 5340 1450 5411 imaginibus;
1479 5355 1536 5392 ιι.
1566 5335 1724 5399 5060,
1748 5333 1939 5404 Capita

348 5441 554 5512 aliquot
581 5435 888 5509 synodalia;
916 5450 973 5487 ιι.
1005 5432 1165 5494 5275,
1203 5438 1343 5485 orat.
1377 5428 1456 5482 De
1486 5425 1651 5482 XXIV
1671 5423 1937 5496 presbyte-

346 5534 418 5587 ris
456 5534 549 5604 qui
596 5532 656 5585 in
694 5526 822 5582 cwlo
865 5531 1022 5603 sunt,
1084 5537 1318 5594 quorum
1353 5519 1575 5575 nomina
1620 5516 1939 5571 scribuntur

343 5624 572 5698 Coptiee
608 5632 887 5691 :quorum
934 5612 1383 5670 commemoratio
1414 5610 1532 5665 ﬁeri
1563 5610 1703 5664 solet
1744 5607 1832 5662 die
1869 5606 1939 5662 24

341 5714 553 5771 mensis
581 5711 780 5775 ﬂatur,
814 5703 1077 5767 Arabice;
1108 5717 1163 5755 ιι.
1190 5700 1348 5763 5597,
1379 5702 1434 5753 in
1474 5698 1804 5770 Symeonem.

410 5800 736 5870 Cantabrig.
769 5814 826 5852 ιι.
857 5796 979 5860 514,
1010 5792 1199 5863 Cyriili
1226 5801 1281 5847 et
1312 5791 1539 5845 aliorum
1574 5806 1698 5859 epp.
1731 5805 1774 5843 s.
1815 5797 1934 5843 acta

2031 3305 2121 3378 Α).
2170 3305 2417 3361 Vatican.
2470 3304 2605 3359 bibl.
2654 3313 2712 3360 et
2762 3302 2850 3358 bis
2900 3303 2958 3357 in
2995 3302 3343 3357 Ambrosian.
3392 3302 3611 3357 Mediol.

2031 3395 2207 3466 Opera
2239 3393 2301 3466 (I,
2333 3408 2389 3464 p.
2420 3391 2521 3448 199
2547 3392 2612 3457 Α,
2639 3407 2695 3462 p.
2728 3391 2833 3446 495
2857 3390 2922 3455 E,
2949 3405 3005 3461 p.
3036 3388 3141 3445 512
3174 3388 3260 3459 Β).

2101 3485 2347 3549 Basileaz,
2388 3480 2574 3554 Cyrill.
2613 3480 2766 3536 Alesi.
2806 3481 2863 3534 in
2910 3479 3155 3534 Exodum
3204 3486 3253 3532 et
3298 3477 3615 3541 Leuiticum;

2033 3578 2337 3634 Theodoret.
2372 3575 2497 3648 Cyri
2539 3584 2725 3629 contra
2755 3572 3035 3645 Cyrillum,
3075 3579 3132 3627 et
3168 3569 3355 3643 Cyrilli
3395 3570 3615 3640 epistola

2033 3679 2216 3725 contra
2229 3668 2634 3732 Theodoretum;
2648 3664 2770 3737 Cyr.
2790 3664 3218 3720 anathematismi
3228 3662 3349 3728 XII,
3361 3670 3419 3716 et
3429 3672 3616 3717 contra

2032 3761 2627 3833 Anthmpomorphitas;
2659 3765 2717 3813 et
2752 3758 2807 3812 in
2838 3756 2948 3811 alio
2980 3755 3102 3811 cod.
3124 3753 3313 3825 Cyrilli
3341 3753 3612 3823 quaedam,

2031 3860 2090 3909 et
2115 3852 2365 3922 epistola,
2391 3858 2497 3906 etc.
2540 3849 2604 3923 (I,
2639 3864 2693 3918 p.
2726 3846 2827 3902 609
2849 3846 2911 3911 Β,
2947 3861 3001 3916 p.
3038 3844 3141 3901 610
3165 3843 3253 3916 Α).
3276 3874 3349 3883 -
3374 3843 3432 3898 In
3475 3843 3612 3899 bibl.

2033 3938 2092 3995 S.
2122 3938 2415 4002 Vincentii,
2442 3952 2608 4008 opera
2633 3936 2721 4009 (Il,
2752 3932 2807 4006 p.
2842 3934 2980 3990 1194
3008 3933 3254 4006 D).—In
3284 3933 3419 3989 bibl.
3446 3934 3614 3989 Pelli—

2033 4030 2185 4094 serii,
2208 4030 2265 4083 in
2288 4028 2509 4084 Esaiam
2547 4027 2633 4099 (II,
2670 4043 2724 4098 p.
2761 4026 2900 4082 1198
2935 4025 3176 4097 E).—In
3209 4024 3343 4080 bibl.
3381 4023 3616 4080 abbatia:

2035 4122 2091 4177 S.
2134 4119 2465 4176 Theoderici
2509 4134 2679 4190 prope
2710 4118 2929 4185 Remos,
2971 4116 3216 4173 Homilice
3241 4117 3298 4171 in
3336 4114 3500 4171 Leuit.
3529 4116 3617 4171 bis

2035 4213 2201 4287 (Il,p.
2232 4211 2454 4277 125115;,
2486 4220 2543 4266 et
2578 4210 2715 4264 1254
2748 4209 2833 4280 Β).

2106 4305 2347 4365 Floreat.
2382 4303 2438 4358 in
2472 4302 2606 4357 bibl.
2637 4300 2694 4357 S.
2726 4300 2892 4355 Marci
2919 4299 3189 4354 Dominic.
3228 4296 3334 4353 tria
3359 4297 3615 4354 Commo-

2033 4395 2235 4449 nitoria
2254 4401 2310 4449 et
2332 4391 2584 4463 Epistolis
2599 4390 2716 4444 dua:
2740 4390 2808 4442 ad
2836 4388 3108 4453 Acacium,
3131 4386 3322 4441 Latine
3351 4386 3413 4457 (1,
3437 4387 3617 4456 p.419

2035 4484 2078 4538 D
2110 4482 2279 4554 E—).
2311 4482 2450 4537 Add.
2489 4479 2766 4536 Zachariae
2810 4478 2920 4533 Iter
2967 4477 3193 4532 litterar.
3236 4493 3330 4550 per
3373 4476 3616 4543 Italiam,

2037 4574 2232 4628 Venet.
2252 4570 2406 4635 1762,
2426 4571 2479 4635 4,
2505 4585 2558 4640 p.
2582 4569 2670 4634 51,
2693 4575 2750 4623 et
2771 4568 2839 4623 de
2861 4568 2967 4623 alio
2993 4567 3140 4633 cod.,
3163 4584 3218 4639 p.
3242 4568 3329 4624 55.
3353 4568 3457 4624 Sed
3476 4566 3614 4623 bbe!

2033 4667 2144 4739 jam
2177 4664 2310 4721 satis
2335 4674 2421 4719 est
2452 4663 2509 4717 in
2530 4661 2812 4733 pmsenti!
2840 4660 3034 4732 litat.)

2566 4819 2771 4874 Latina:
2818 4820 3088 4874 editiones.

2108 4956 2270 5012 Basil.
2312 4954 2468 5019 1524,
2500 4954 2619 5019 101.,
2651 4953 2793 5024 apud
2827 4952 3213 5013 Cratandrum,
3248 4951 3304 5005 in
3348 4965 3456 5019 qua
3498 4949 3620 5004 edi-

2039 5049 2187 5103 tione
2238 5055 2449 5102 tantum
2498 5052 2716 5101 exstant
2767 5043 3158 5099 Commentarii
3220 5044 3277 5095 in
3322 5041 3617 5102 Joannem,

2037 5141 2093 5194 in
2128 5140 2412 5194 Leuiticum
2442 5137 2559 5209 (qui
2587 5136 2840 5206 Origenis
2872 5134 3021 5203 sunt)
3052 5142 3109 5189 et
3140 5133 3463 5195 Thesaurus;
3497 5147 3619 5201 qute

2036 5230 2248 5301 singula
2294 5229 2587 5299 separatim
2627 5227 2952 5298 prodierunt
2982 5227 3153 5281 Paris.
3206 5216 3340 5279 1520
3376 5234 3433 5280 et
3458 5225 3616 5289 1521,

2037 5324 2132 5379 fol.
2181 5321 2565 5378 Ἐλιιιι.--Ηεεο
2605 5321 2740 5375 edit.
2786 5319 2950 5373 Basil.
3002 5333 3051 5371 a.
3091 5317 3247 5381 1524,
3286 5317 3423 5373 nihil
3468 5318 3618 5372 aliud

2038 5418 2286 5473 continet
2329 5429 2493 5485 quam
2539 5429 2661 5483 quae
2705 5420 2872 5479 antea
2918 5409 3142 5464 Parisiis
3185 5411 3414 5464 scorsim
3469 5408 3619 5464 edita

2037 5516 2216 5572 erant,
2266 5514 2561 5561 annotante
2610 5501 2985 5556 Lambacbero
3037 5500 3092 5554 in
3145 5495 3281 5555 Bibl.
3329 5501 3614 5556 Vindobon.

2038 5603 2222 5665 civica,
2246 5616 2302 5670 p.
2329 5598 2419 5662 98,
2452 5603 2592 5659 not.,
2620 5594 2795 5677 quip.
2827 5594 2895 5649 99
2923 5601 3189 5648 memorat
3217 5602 3328 5648 tres
3348 5593 3635 5657 editiones;

2039 5691 2399 5763 quorumdam
2425 5705 2552 5759 Opp.
2569 5687 2777 5758 Cyrilli.
2801 5687 2869 5742 At
2890 5687 2943 5740 in
2967 5687 3104 5742 bibl.
3123 5685 3277 5741 acad.
3298 5683 3619 5752 Erlangensi

2037 5791 2122 5840 est
2166 5782 2421 5838 volumen
2453 5778 2654 5850 grande
2687 5778 2741 5832 in
2785 5777 2919 5833 min.
2962 5776 3114 5840 folio,
3147 5774 3293 5845 quod
3328 5781 3620 5842 sequentes
