4076 6306
449 345 520 393 ω
1691 342 1971 394 meum
2008 342 2103 396 sx
2145 343 2482 400 nummo.

3665 345 3764 400 48

454 455 726 508 editiones
758 451 1284 522 cum-peculiaribus
1320 453 1664 525 singulorum
1687 470 1814 526 opp.
1839 457 2038 512 inscri-
2069 467 2112 524 Α
2142 464 2294 533 ginas
2317 463 2447 518 liber
2475 479 2632 528 unus,
2653 461 2736 516 Jo.
2773 461 3194 534 OEcolampadio
3221 464 3526 534 interprete.
3559 463 3754 518 ΙΙΑιιι..

455 543 738 615 ptionibus
765 545 1184 614 comprehendit
1218 563 1228 597 :
1263 561 1319 599 n.
1348 547 1396 599 1.
1431 545 1574 616 Opus
1605 548 1810 617 insigne
1833 545 2042 618 Cyrilli,

2219 553 2386 609 Basil.
2435 554 2594 619 1546,
2655 553 2774 620 fol.,
2819 554 2964 624 apud
3015 553 3368 625 llervagium,
3413 555 3482 611 1V
3535 555 3754 618 tomis,

453 634 756 706 patriarcha
780 632 934 688 Alex.
964 635 1020 688 in
1065 634 1418 706 Evangelium
1446 637 1672 692 Joannis
1702 653 1720 692 :
1759 657 1793 692 a
1825 638 2046 710 Georgio
2149 646 2246 702 sed
2279 648 2373 717 qui
2393 662 2502 701 uno
2533 647 2929 718 comprehendi
2961 647 3238 702 volumine
3263 655 3512 716 possunt.
3544 647 3605 701 In
3626 649 3758 703 hac

453 723 802 794 Trapezuntio
827 725 1154 781 traductum.
1172 727 1415 784 Jodocus
1435 727 1787 784 Clichtoveus
1809 729 1863 784 in
1879 730 2040 802 epist.

452 821 886 892 nuncupatoria,
936 821 1142 892 scripta
1191 821 1364 876 Paris.
1419 821 1558 878 1508
1581 862 1596 888 ,
1635 821 1786 878 dolet
1826 831 2044 878 exstare

448 915 619 969 etiam
654 915 710 969 in
734 913 914 969 tribus
941 913 1152 968 Latinis
1183 923 1241 970 et
1265 915 1482 970 duobus
1508 915 1713 972 Graecis
1742 916 1905 971 codd.
1936 917 2042 972 Va-

453 1005 686 1061 tican.-e
723 1004 1019 1060 duodecim
1059 1004 1220 1060 libris
1251 1007 1772 1062 commentariorum
1804 1015 2043 1078 quatuor

450 1098 715 1154 duntaxat
763 1097 972 1167 primos
1011 1105 1069 1152 et
1117 1097 1342 1152 totidem
1390 1105 1728 1168 postremos;
1779 1108 1905 1168 post
1945 1098 2038 1154 fol.

454 1188 558 1243 168
586 1204 616 1243 a
651 1203 795 1264 nova
827 1203 984 1258 pagg.
1023 1187 1165 1243 serie
1198 1189 1221 1242 l
1246 1219 1314 1228 ——
1338 1189 1404 1244 l9
1430 1189 1678 1261 adjectus
1707 1198 1791 1246 est
1811 1207 1842 1245 a
1860 1189 2042 1246 Clicli-

452 1290 614 1336 toveo
644 1279 1014 1351 explanationi
1067 1279 1254 1352 Cyrilli
1317 1282 1839 1337 commentariorum
1899 1281 2042 1337 liber

452 1374 680 1442 quintus
707 1391 722 1426 :
757 1380 872 1428 tam
893 1387 948 1442 p.
977 1372 1047 1426 58
1068 1388 1190 1442 sqq.
1217 1372 1438 1428 additus
1461 1383 1547 1428 est
1573 1373 1714 1428 liber
1744 1373 2036 1443 septimus;

454 1475 568 1520 tum
601 1481 658 1534 p.
689 1463 758 1518 52
790 1464 1002 1534 pariter
1033 1463 1177 1542 liber
1210 1473 1458 1530 octavus,
1490 1471 1548 1519 et
1593 1465 1674 1519 sic
1718 1481 1906 1535 porro,
1943 1467 2038 1522 ubi

451 1555 654 1611 defecit
689 1554 880 1626 Cyrilli
921 1561 1122 1610 textus.
1155 1554 1214 1608 ln
1255 1553 1362 1610 ﬁne
1397 1566 1524 1611 ante
1558 1556 1795 1612 indicem
1825 1570 2037 1614 errato-

452 1661 576 1701 ruin
606 1645 940 1700 :——Parisiis
971 1646 1028 1700 in
1055 1645 1260 1716 olﬁcina
1290 1645 1592 1719 Wolfgangi
1638 1647 1852 1720 Hopilii,
1877 1649 2035 1705 1508.

449 1755 520 1778 ιη
552 1737 608 1792 2.
644 1735 830 1808 Cyrilli
875 1739 1240 1792 commentarii
1285 1739 1342 1792 in
1387 1738 1674 1794 Leviticum
1704 1781 1722 1806 ,
1778 1741 2038 1810 sexdecim

2147 737 2415 791 accedunt
2455 736 2574 790 libri
2604 735 2703 790 VII
2745 737 2809 790 de
2862 737 3160 802 Trinitate;
3188 735 3266 790 De
3297 734 3497 808 Spiritu
3523 749 3754 802 sancto,

2145 828 2212 886 de
2249 827 2562 881 adoratione
2588 827 2645 880 in
2676 827 2869 898 spiritu
2916 835 2965 880 et
2995 828 3260 892 veritate;
3302 826 3420 881 libri
3445 827 3494 882 Χ
3541 839 3754 883 contra

2143 918 2464 984 Iulianum;
2519 926 2568 972 et
2607 918 2696 974 III
2743 919 2806 972 de
2863 928 3007 973 recta
3069 919 3176 987 ﬁde
3236 920 3292 972 in
3331 917 3596 974 Christum
3663 920 3758 974 ad

2149 1010 2486 1066 Theodosium
2537 1013 2666 1082 imp.
2721 1021 2770 1065 et
2803 1013 3014 1083 reginas
3044 1010 3142 1083 (a);
3179 1011 3435 1082 Epistolis
3491 1011 3744 1076 XXXIX,

2145 1101 2390 1158 Homin
2433 1103 2498 1169 Χ,
2553 1101 2811 1174 Apologia
2841 1103 2911 1158 ad
2957 1104 3086 1175 imp.
3120 1103 3498 1170 Theodosium;
3531 1102 3745 1158 Decla-

2112 1190 2283 1246 'ratio
2329 1193 2437 1248 XII
2485 1193 2877 1266 capitulorum;
2914 1211 3008 1265 pro
3044 1194 3231 1250 iisdem
3283 1194 3635 1267 apologeticus
3678 1203 3744 1250 et

2145 1279 2274 1334 liber
2303 1285 2372 1336 ad
2415 1282 2740 1354 Euoptium;
2775 1286 3052 1356 Expositio
3091 1284 3327 1358 Symboli
3373 1286 3577 1342 Νίσαινηὶ
3600 1286 3739 1360 [in-

2143 1381 2284 1444 terp.
2314 1375 2399 1430 Jo.
2446 1375 2792 1446 Theophilo;
2829 1373 3040 1430 Scholia
3073 1377 3136 1431 de
3172 1377 3550 1434 Incarnatione
3593 1379 3736 1435 Uni-

2140 1465 2332 1534 geniti:
2366 1463 2660 1536 Sgnodales
2691 1465 2924 1536 epistola:
2955 1464 3080 1531 XII,
3111 1473 3168 1520 et
3200 1465 3464 1536 Dogmata
3493 1467 3738 1521 Nestorii

2141 1571 2173 1609 α
2190 1554 2388 1626 Cyrillo
2403 1557 2715 1626 impugnata
2733 1563 2782 1610 et
2800 1574 2831 1610 a
2848 1555 3046 1628 synodo
3065 1555 3332 1626 Ephesina
3348 1557 3728 1611 condemnata.

2147 1663 2152 1669 ·
2209 1645 2372 1699 Basil.
2421 1644 2880 1714 1566,'fol.,apud
2926 1643 3171 1698 hatredes
3235 1643 3393 1698 Joan.
3445 1643 3726 1714 Hervagii,

2140 1736 2199 1791 in
2243 1753 2352 1808 qua
2382 1737 2625 1792 editione
2673 1737 2902 1807 quintus
2963 1744 3163 1802 tomus,
3199 1737 3314 1791 sive
3354 1735 3546 1806 quinta
3595 1749 3736 1805 pars

453 1831 600 1886 libris
639 1831 844 1902 digesti,
885 1839 1016 1894 etc.,
1057 1830 1216 1885 1514.
1241 1829 1393 1884 —ln
1429 1828 1537 1884 ﬁne
1571 1838 1698 1886 ante
1740 1830 1979 1886 indicem
2021 1849 2034 1886 :
2071 1826 2110 1880 Β
2143 1829 2356 1901 (omnes
2393 1828 2541 1884 enim
2585 1829 2830 1898 quinque
2874 1827 3008 1882 tomi
3065 1837 3178 1882 uno
3223 1827 3504 1882 volumine
3547 1827 3731 1880 conti-

453 1924 676 1980 Parisiis
721 1939 784 1978 επ
815 1923 900 1994 oﬂ'.
945 1921 1166 1977 libraria
1211 1920 1404 1992 Wolfg.
1445 1920 1680 1994 Hopylii,
1714 1939 1766 1976 a.
1799 1922 2040 1978 1514.-

451 2017 522 2073 Ει
555 2016 749 2072 eodem
801 2015 856 2070 in
901 2015 1021 2069 loco
1064 2013 1208 2067 :IIic
1263 2012 1394 2066 liber
1434 2029 1554 2066 cum
1604 2013 1872 2068 nonnullis
1917 2013 2039 2068 aliis

452 2111 686 2181 ejusdem
724 2107 911 2180 Cyrilli
949 2122 1072 2178 opp.
1103 2105 1326 2160 habetur
1355 2103 1580 2160 venalis.
1619 2104 1691 2160 At
1717 2105 1784 2160 de
1815 2115 2039 2161 auctore

450 2199 616 2270 hujus
673 2199 858 2268 operis
905 2198 969 2252 V.
1034 2195 1176 2250 infra
1230 2193 1469 2250 indicem
1524 2209 1756 2265 operum
1809 2211 1931 2265 quae
1981 2195 2035 2249 in

449 2293 868 2350 Graeco—Latina
907 2291 1148 2347 editione
1189 2291 1391 2345 omissa
1422 2297 1572 2355 sunt,
1621 2306 1772 2345 num.
1825 2291 2039 2346 165.-

449 2385 761 2442 Preclarum
787 2401 916 2456 opus
947 2381 1136 2455 Cyrilli
1169 2381 1322 2436 Alex.
1366 2383 1458 2452 qui
1503 2381 1797 2436 Thesaurus
1830 2398 2036 2434 nuncu-

452 2489 634 2549 patur,
667 2475 1061 2549 quatuor-decim
1099 2473 1257 2528 libros
1296 2470 1674 2542 complectens;
1713 2479 1761 2524 et
1804 2471 1868 2523 de
1911 2487 2037 2523 con-

451 2568 905 2623 substantialitate
934 2566 1058 2622 Filii
1087 2573 1136 2617 et
1177 2562 1406 2634 Spiritus
1434 2563 1604 2615 sancti
1634 2579 1751 2615 cum
1785 2560 1894 2614 Deo
1927 2560 2037 2615 Pa-

453 2667 553 2726 tre,
601 2671 784 2714 contra
835 2659 1176 2712 hereticos—
1208 2648 1426 2724 Georgio
1483 2653 1827 2724 Trapezontio
1869 2654 2038 2706 ξηιανς

454 2759 620 2822 prete,
663 2759 770 2804 etc.
813 2745 1282 2803 Venale—ISM.
1321 2743 1432 2815 (hic
1463 2760 1644 2799 anuus
1687 2752 1908 2799 notatus
1955 2755 2041 2800 est

455 2843 509 2896 in
539 2841 720 2896 fronte
751 2839 800 2910 :)
835 2839 1139 2895 Clichtovei
1175 2837 1448 2893 dedicatio
1479 2837 1680 2907 scripta
1709 2844 1794 2890 est
1819 2836 2040 2891 Parisiis

452 2949 504 2994 a.
545 2933 703 2986 1515.
735 2963 806 2972 —-
835 2930 950 2986 Sub
983 2929 1145 2984 linem
1183 2949 1195 2982 :
1251 2929 1508 2992 Parisiis,
1551 2946 1603 2982 a.
1643 2927 1779 2982 1515
1803 2969 1816 2993 ,
1845 2938 2038 2998 quarta

453 3025 538 3078 die
561 3023 732 3094 April.
765 3037 858 3093 per
883 3019 1074 3090 Wolfg.
1122 3018 1430 3090 Hopylium,
1460 3018 1589 3073 etc.'
1613 3019 1807 3073 Postea
1835 3019 2040 3088 prodiit

453 3116 586 3170 edit.
637 3113 948 3170 a-Fabricio
1004 3111 1208 3166 omissa
1255 3121 1312 3166 ct
1362 3125 1485 3164 cum
1519 3109 1760 3165 editione
1788 3126 1851 3184 σθ.
1904 3110 2041 3164 15l6

455 3207 709 3272 confusa;
736 3205 894 3276 cujus
924 3204 1203 3274 exemplar
1230 3211 1314 3258 est
1344 3203 1396 3256 in
1433 3201 1568 3256 bibl.
1601 3201 1754 3256 acad.
1795 3201 2037 3271 Erlang.,

454 3309 509 3354 et
524 3314 552 3352 a
569 3297 938 3352 Lambachero
954 3296 1119 3351 etiam
1137 3296 1174 3348 l.
1199 3310 1272 3358 c.,
1295 3310 1349 3364 p.
1368 3293 1612 3359 98,aliud
1628 3300 1712 3347 est
1729 3308 2036 3348 recensum:

525 3389 644 3442 Divi
683 3386 871 3458 Cyrilli
915 3385 1089 3456 Opera
1127 3388 1183 3438 in
1213 3395 1315 3438 tres
1359 3385 1562 3448 partita
1600 3392 1764 3437 tomos
1792 3384 2042 3455 (seduno

456 3477 885 3548 Comprehensos
901 3474 1202 3544 volumine)
1226 3491 1238 3527 :
1273 3475 1330 3527 in
1355 3473 1543 3545 quibus
1565 3473 1719 3528 habes
1748 3491 1850 3528 non
1871 3492 2042 3546 pauca

458 3581 583 3624 ante
606 3569 705 3622 hac
729 3566 936 3620 Latinis
966 3582 1070 3618 non
1107 3563 1356 3618 exhibita.
1387 3561 1568 3617 Primo
1603 3573 1742 3616 tonio
1771 3565 1949 3618 insunt
1987 3567 2041 3618 in

459 3657 808 3730 Evangelium
819 3657 1044 3712 Joannis
1065 3665 1408 3710 commentor.
1448 3653 1568 3710 libri
1585 3655 1686 3710 XII
1708 3657 1840 3725 (sive
1860 3659 2044 3727 potius

461 3747 596 3811 Vlll,
654 3746 858 3817 quibus
915 3745 1108 3800 Jodoc.
1168 3743 1528 3822 Clichtoveus
1561 3744 1763 3816 adjecit
1807 3755 2044 3815 quatuor

461 3840 838 3908 intermedios)
863 3837 1081 3908 Georgio
1106 3835 1322 3906 Trapez.
1344 3836 1657 3906 interprete;
1677 3836 1742 3890 In
1761 3837 2044 3892 chiticum

462 3933 581 3986 ﬁbri
642 3931 758 3985 XVI
810 3931 1068 4002 (incerto
1137 3927 1477 3998 interprete)
1518 3926 1744 3982 Basilea:
1791 3929 1848 3981 in
1888 3928 2038 3982 ardib.

460 4011 630 4078 Andr.
660 4019 970 4074 Cratandri.
1005 4018 1076 4072 Μ.
1109 4017 1174 4071 D.
1200 4016 1444 4080 XXVIII,
1477 4015 1571 4071 fol.
1605 4017 1668 4071 ln
1703 4025 1853 4071 tomo
1880 4017 1924 4072 ll
1960 4025 2045 4072 est

462 4109 775 4175 Thesaurus,
819 4111 1120 4180 interprete
1175 4107 1238 4164 G.
1267 4108 1650 4179 Trapezontio.
1693 4107 1922 4178 Reliqua
1951 4121 2042 4161 ac-

457 4220 680 4261 cessere
719 4204 772 4258 in
795 4211 926 4258 tom.
955 4202 1006 4256 Il
1027 4210 1086 4258 et
1123 4201 1194 4256 Ill
1220 4200 1453 4256 antehac
1483 4199 1692 4256 inedita
1730 4217 1743 4254 :
1777 4200 1826 4254 1.
1855 4197 2044 4252 Dialo-

462 4313 648 4368 gorum
681 4311 800 4350 cum
835 4294 1052 4348 Hermia
1089 4293 1153 4346 de
1197 4291 1456 4346 'I'rinitate
1491 4291 1614 4346 libri
1642 4290 1761 4356 VII,
1791 4307 1910 4344 cum
1944 4290 2042 4344 ad-

463 4388 674 4456 pendice
701 4393 1160 4456 argumentorum,
1184 4383 1323 4454 quod
1369 4381 1514 4456 Spir.
1565 4380 1624 4436 S.
1666 4383 1734 4436 sit
1759 4380 1924 4446 Deus,
1953 4380 2039 4435 Jo.

2140 1917 2392 1988 nentur),
2448 1919 2853 1972 commentarios
2887 1918 2944 1971 in
2983 1916 3206 1981 Isaiam,
3248 1931 3317 1971 ex
3352 1917 3518 1971 Laur.
3571 1915 3730 1971 Hun-

2139 2011 2278 2066 fredi
2307 2011 2561 2066 versione
2600 2013 2885 2082 complexa
2921 2011 3172 2067 accessit.
3213 2011 3446 2066 Fallitur
3471 2011 3620 2070 Elias
3647 2013 3728 2067 du

2139 2105 2259 2168 Pin,
2289 2104 2384 2174 qui
2413 2104 2555 2159 hanc
2582 2103 2881 2158 editionem
2921 2104 3153 2174 primam
3188 2103 3437 2158 Latinam
3482 2102 3727 2174 Operam

2138 2192 2326 2264 Cyrilli
2361 2209 2482 2250 esse
2525 2194 2719 2249 scribit
2753 2201 2884 2248 tom.
2924 2193 3012 2248 IV.
3039 2192 3370 2249 Bibliotheca
3405 2196 3727 2266 scriptorum

2139 2283 2319 2337 eccles.
2358 2300 2480 2355 pag.
2509 2284 2597 2339 52.

2211 2376 2385 2430 Paris.
2420 2377 2580 2442 1575,
2616 2375 2737 2440 fol.,
2765 2375 2811 2430 ll
2850 2375 3248 2442 voluminibus,
3284 2377 3545 2434 Gcntiano
3581 2377 3726 2432 Iler-

2139 2477 2254 2521 veto
2299 2475 2527 2522 curante
2567 2467 2667 2538 (b),
2702 2482 2824 2536 quae
2846 2467 3018 2522 editio
3051 2484 3082 2522 a
3125 2468 3422 2524 Possevino
3460 2471 3514 2524 in
3542 2469 3728 2540 Appa-

2142 2569 2266 2612 ratu
2309 2575 2464 2613 sacro
2526 2567 2868 2615 recensetur.
2913 2558 3022 2614 Sed
3063 2561 3278 2631 plenior
3311 2561 3592 2631 prioribus
3636 2569 3726 2616 est

2140 2653 2412 2720 posterior
2430 2651 2754 2706 Parisiensis
2785 2667 2836 2706 a.
2867 2653 3026 2718 1605,
3071 2653 3118 2707 ll
3146 2654 3280 2720 vol.,
3319 2669 3482 2723 quam
3529 2669 3724 2725 perse-

2140 2745 2332 2814 quitur
2349 2742 2720 2798 Bellarminus
2739 2742 2817 2796 De
2848 2741 2905 2799 S.
2939 2743 3034 2810 E.;
3065 2743 3120 2798 in
3151 2744 3244 2799 illa
3273 2745 3420 2800 enim
3445 2745 3724 2819 Glaphyro

2141 2837 2196 2890 in
2233 2836 2656 2890 I‘cntateuchum
2697 2853 2765 2892 ex
2801 2837 2868 2891 A.
2915 2836 3129 2892 Schotti
3177 2839 3452 2906 versione,
3499 2849 3557 2896 et
3592 2841 3724 2896 libri

2143 2929 2476 2998 posteriores
2509 2928 2628 2984 XVI
2656 2929 2735 2983 De
2763 2929 3079 2984 adoratione
3106 2931 3160 2984 in
3207 2931 3398 3002 spiritu
3427 2941 3477 2986 et
3501 2935 3725 2988 veritate

2141 3033 2209 3071 ex
2285 3017 2745 3086 interpretatione
2792 3016 3018 3070 Antonii
3065 3015 3286 3087 Agellii,
3343 3032 3414 3072 ne
3466 3018 3571 3074 alia
3609 3019 3722 3090 jam
3808 3021 3818 3030 '

2145 3123 2444 3165 memorem
2453 3149 2468 3171 ,
2509 3123 2814 3163 accessere.

2564 3199 2613 3253 E
2617 3200 2744 3253 ditio
2783 3199 3209 3256 Cresco-Latina.

2210 3291 2380 3347 Unica
2431 3290 2652 3344 Joannis
2703 3289 2942 3356 Auberti,
2980 3291 3362 3346 Laudunensis
3381 3293 3723 3364 presbyteri,

2143 3383 2392 3438 canonici
2423 3389 2480 3435 et
2519 3381 2574 3434 in
2611 3381 2800 3436 schola
2849 3380 3026 3436 Paris.
3079 3381 3462 3436 Laudunensis
3507 3382 3725 3454 collegii

2146 3473 2388 3545 magistri
2428 3482 2591 3542 atque
2629 3471 2948 3542 interpretis
2983 3472 3140 3542 regii,
3183 3473 3357 3528 Paris.
3394 3473 3558 3539 1658,
3600 3473 3722 3540 fol.,

2144 3575 2354 3636 septem
2383 3565 2778 3628 voluminibus,
2811 3579 2974 3633 quam
2993 3572 3115 3634 post
3134 3563 3415 3618 Labbeum
3453 3563 3724 3620 Caveum-

2143 3673 2251 3727 que
2277 3658 2440 3727 paulo
2473 3650 2792 3728 diligentius
2824 3655 2966 3710 infra
2997 3655 3270 3710 recensui.
3315 3656 3476 3727 [Λάιί.
3520 3657 3723 3712 Oudin.

2144 3749 2462 3813 Comment.,
2493 3749 2534 3812 Ι,
2560 3745 3012 3811 001.10124050,
3039 3745 3135 3816 qui
3162 3746 3231 3801 de
3269 3747 3498 3820 singulis
3529 3765 3722 3820 opusc.

2141 3839 2351 3912 judicat
2385 3837 2661 3910 uberius.)

2661 3927 2932 3980 Editiones
2964 3928 3252 3996 promissa'.

2217 4023 2268 4076 1.
2300 4005 2684 4075 Bonaventurre
2725 4017 2983 4071 Vulcanii.
3020 4017 3295 4072 Abraham
3347 4017 3626 4075 Scultetus
3671 4020 3723 4074 in

2145 4112 2456 4168 narratione
2485 4111 2558 4164 De
2613 4111 2721 4165 vita
2765 4125 2884 4173 sua,
2934 4125 3054 4179 pag.
3191 4127 3202 4162 :
3239 4109 3430 4174 Leidaz,
3474 4129 3527 4166 α.
3563 4111 3722 4174 1612,

2145 4204 2376 4258 maxime
2422 4215 2504 4255 me
2532 4200 2858 4255 oblectabam
2895 4200 3129 4269 alloquio
3169 4199 3595 4254 clarissimorum
3644 4203 3724 4254 vi-

2148 4310 2351 4358 rorum,
2387 4303 2435 4346 et
2485 4294 2625 4366 inter
2664 4290 2798 4346 alios
2833 4291 3221 4346 Beneventum:
3261 4290 3524 4355 Vulcanii,
3569 4308 3725 4361 quem

2145 4403 2322 4442 senem
2365 4383 2650 4441 admodum
2673 4383 2819 4438 sella:
2849 4384 3083 4452 a/ﬁatum,
3118 4391 3166 4434 et
3207 4383 3446 4436 manibus
3481 4382 3722 4452 pedibus-

463 4476 887 4580 {IEcqampadio
914 4476 1233 4548 interprete;
1274 4475 1328 4529 2.
1353 4473 1430 4528 De
1469 4475 1779 4529 adoratione
1817 4481 1866 4526 et
1896 4471 2040 4526 cultu

2151 4496 2250 4550 que
2275 4487 2489 4550 captum
2515 4477 2708 4531 inveni.
2740 4475 3066 4530 Promiserat
3111 4473 3203 4526 illc
3234 4475 3453 4544 triginta
3496 4485 3725 4544 quatuor

462 4573 517 4626 in
556 4555 745 4643 spiritu
777 4578 828 4624 et
853 4568 1078 4624 veritate
1130 4567 1374 4638 dialogus
1423 4566 1494 4621 ad
1532 4565 1868 4628 Palladium,
1904 4565 2032 4619 80d.
2076 4555 2121 4610 Ῑ)
2147 4571 2300 4624 annis
2344 4577 2466 4623 ante
2495 4566 2562 4636 (c)
2593 4566 2873 4621 editionem
2897 4565 3134 4618 omnium
3164 4580 3380 4634 operum
3420 4565 3724 4620 Graecorum

377 4668 384 4682 '
462 4663 766 4733 interprete
790 4677 804 4727 ;
827 4661 900 4734 _5.
932 4658 1136 4716 Contra
1159 4657 1442 4712 Iulianum
1472 4658 1790 4716 Apostatam
1829 4671 1926 4726 pro
1953 4671 2038 4708 re-

464 4751 654 4822 ligione
688 4749 993 4805 Christiana
1025 4747 1114 4801 lib.
1147 4746 1213 4812 X;
1241 4747 1275 4800 1-
1299 4745 1377 4800 De
1417 4754 1561 4800 recta
1595 4746 1650 4798 in
1677 4744 1860 4798 Jesum
1894 4743 2044 4800 Chri-

463 4853 604 4897 stum
630 4840 734 4910 ﬁde
763 4840 832 4894 ad
865 4838 1112 4893 Theodos.
1160 4837 1278 4890 libri
1306 4836 1362 4890 II
1381 4853 1398 4900 ;
1426 4837 1478 4891 5.
1520 4836 1598 4890 De
1631 4835 1817 4891 eadem
1861 4835 1930 4888 ad
1956 4851 2042 4888 rc-

538 4953 612 5024 (a)
643 4953 750 5009 Sed
780 4951 954 5024 libros
974 4949 1065 5024 Yll
1096 4949 1442 5024 deAIrinitate
1479 4965 1650 5024 usque
1699 4948 1767 5024 ad
1808 4947 1934 5002 libr.
1970 4947 2042 5003 ad

467 5018 676 5096 reginas
696 5024 816 5096 jam
842 5021 900 5075 in
935 5019 1022 5074 ed.
1057 5035 1108 5074 a.
1161 5018 1558 5096 l5‘28__reperiri
1601 5018 1764 5072 modo
1787 5025 2040 5096 _annota-

467 5087 663 5152 vimus.
693 5087 922 5162 Reliqua
952 5089 1234 5162 opuscula
1248 5087 1460 5162 adjecta
1481 5096 1683 5162 suntet
1720 5088 1946 5162 collecta
1969 5087 2042 5162 _in

468 5175 602 5219 tom.
665 5165 764 5228 ιν,
816 5155 1482 5230 interpreteWolfgango
1530 5155 1912 5230 Mascu_lo__aut
1955 5155 2038 5230 Io.

467 5226 783 5304 QEcolamp.
813 5226 1104 5304 Exemplar
1135 5226 1462 5300 hujusedit.
1496 5233 1580 5280 est
1608 5227 1664 5281 in
1705 5227 1839 5280 bibl.
1883 5226 2038 5280 acad.

468 5301 810 5372 Erla-ngensi.
842 5301 1007 5372 lisse.

538 5373 610 5443 (b)
635 5365 838 5443 Bonav.
870 5371 1187 5443 vulcanius,
1218 5366 1373 5443 praef.
1397 5366 1463 5443 ad
1493 5367 1790 5423 Arrianum
1820 5381 1870 5421 a.
1897 5365 2041 5443 _l575

469 5435 678 5498 editum
703 5461 716 5494 :
745 5441 823 5495 Ne
843 5440 957 5510 quis
981 5455 1063 5510 me
1089 5435 1281 5510 temere
1303 5438 1373 5492 ad
1404 5439 1542 5492 hunc
1576 5445 1844 5510 auctorem
1873 5435 2042 5510 denuo

470 5511 779 5567 vertendum
812 5505 1086 5564 accessisse
1112 5509 1391 5571 existimet,
1418 5524 1540 5561 neve
1559 5508 1677 5577 quis
1713 5522 1792 5577 me
1816 5522 1900 5558 eos
1925 5505 2045 5558 imi-

471 5584 576 5638 tari
603 5581 915 5653 suspicetur,
946 5579 1038 5653 qui
1063 5595 1181 5632 cum
1214 5577 1363 5653 hodie
1387 5576 1578 5632 veteris
1602 5576 1829 5653 alicujus
1867 5583 2047 5653 aucto-

473 5655 544 5706 ris
576 5645 897 5722 post'omnes
945 5645 1175 5722 aliorum
1190 5647 1450 5722 editiones
1482 5645 1888 5722 recognitimtem
1912 5645 2045 5722 pol—

474 5715 715 5788 liceatur,
766 5721 811 5775 si
839 5717 1118 5788 conferas,
1148 5715 1309 5770 nihilo
1351 5715 1715 5788 antplius'cos
1745 5716 2048 5788 praestitisse

475 5785 728 5860 reperias,
756 5806 918 5860 quam
941 5785 1000 5842 is
1032 5787 1122 5860 qui
1162 5794 1283 5840 ante
1341 5787 1605 5841 biennium
1649 5786 1835 5858 Cyrilli
1870 5785 2042 5856 Opera

2147 4661 2356 4734 Cyrilli,
2383 4663 2636 4716 hactenus
2666 4675 2700 4712 α
2749 4657 2927 4712 multis
2971 4655 3345 4709 desiderata-ru.
3399 4655 3550 4709 IIanc
3606 4675 3728 4712 cum

2151 4754 2354 4822 frustra
2382 4756 2636 4808 hactenus
2674 4742 2896 4821 singulis
2938 4749 3316 4820 propemodum
3346 4749 3596 4802 nundinis
3631 4767 3724 4804 ex-

2149 4851 2485 4915 spectassem,
2519 4851 2567 4897 et
2585 4843 2708 4912 jam
2737 4857 2917 4895 coram
2954 4841 3175 4894 homin-is
3219 4848 3428 4894 wtatem
3469 4839 3728 4895 valctudi«

2139 4957 2356 5011 Lutetia:
2391 4956 2572 5011 edidit.
2612 4955 2776 5020 Quem
2807 4955 3014 5024 quidem
3043 4963 3308 5007 auctorem
3333 4970 3452 5006 cum
3490 4969 3727 5008 smnmo-

2139 5043 2262 5098 pere
2299 5037 2608 5098 corruptum
2643 5026 2957 5098 habeamus,
2991 5041 3243 5098 nemoque
3288 5025 3398 5098 sit,
3435 5039 3499 5076 ea;
3547 5027 3728 5078 ortho-

2140 5093 2290 5166 doxis
2327 5093 2702 5166 scriptoribus,
2757 5095 3112 5166 quiimajore
3147 5093 3521 5166 recognitione,
3557 5105 3727 5163 egeat,

2143 5165 2354 5220 nullum
2383 5163 2558 5219 tamen
2591 5166 2655 5219 ab
2694 5181 2752 5218 eo
2771 5163 2876 5235 qui
2905 5179 3022 5217 cum
3051 5163 3308 5235 edendum
3342 5165 3547 5216 curavit
3571 5203 3585 5228 ,
3606 5180 3718 5235 rer-

2143 5237 2264 5291 bum
2301 5237 2642 5290 immutatum
2679 5243 2771 5287 aut
2801 5233 3092 5287 correctum
3133 5233 3400 5294 invenias,
3434 5249 3555 5285 cum
3597 5234 3733 5286 inle-

2150 5308 2253 5360 rim
2290 5306 2334 5359 is
2362 5307 2542 5358 omnia
2573 5307 2838 5375 priorum_
2861 5304 3210 5375 interpretum
3230 5303 3466 5375 __nomina
3489 5303 3726 5375 _suppri-

2151 5385 2283 5446 mat,
2325 5371 2584 5446 totiusque
2621 5375 2790 5446 operis
2821 5371 3030 5426 laudem
3073 5371 3316 5425 inaudita
3356 5371 3591 5441 quadam
3625 5373 3730 5424 im-

2142 5445 2396 5516 pudentia
2415 5445 2510 5498 sibi
2537 5445 2774 5516 vindicet.

2215 5515 2283 5585 (c)
2301 5515 2600 5570 Vulcanius
2625 5510 3212 5585 praelladﬂArriauum,
3241 5509 3450 5585 editum
3472 5527 3523 5585 τι.
3707 5525 3723 5562 :

2144 5581 2382 5656 Seposito
2423 5601 2450 5638 e
2486 5581 2726 5656 mani—bus
2754 5581 2975 5656 Cyrillo,
3003 5581 3087 5634 cui
3121 5581 3384 5640 vertendo,
3416 5589 3464 5632 et
3497 5581 3720 5644 Isidoro,

2145 5652 2228 5709 cui
2253 5655 2564 5726 castigando
2588 5652 2810 5726 longam
2823 5652 2946 5726 jam
2991 5667 3205 5726 operam
3245 5665 3526 5726 navaram,
3554 5657 3718 5726 totum

2148 5743 2228 5781 me
2254 5721 2447 5790 maqna
2478 5726 2642 5780 animi
2665 5721 2945 5777 alacritate
2975 5721 3044 5776 ad
3073 5721 3366 5775 Arrianum
3407 5722 3618 5778 contuli.
