  <div class='ocr_page' id='page_1' title='image "/cluster/home/n/w/nwhite01/storage/ocr_20150623/68/mdp.39015078384438/032.png"; bbox 0 0 4076 6306; ppageno 0'>
   <div class='ocr_carea' id='block_1_1' title="bbox 335 296 1896 387">
    <p class='ocr_par' dir='ltr' id='par_1_1' title="bbox 335 296 1896 360">
     <span class='ocr_line' id='line_1_1' title="bbox 335 296 1896 360; baseline 0.005 -8"><span class='ocrx_word' id='word_1_1' title='bbox 335 296 404 352; x_wconf 76' lang='grc'><strong><em>49</em></strong></span> <span class='ocrx_word' id='word_1_2' title='bbox 1557 308 1682 358; x_wconf 75' lang='lat' dir='ltr'><strong><em>nm</em></strong></span> <span class='ocrx_word' id='word_1_3' title='bbox 1701 314 1834 359; x_wconf 76' lang='grc' dir='ltr'>ιϊιΑ</span> <span class='ocrx_word' id='word_1_4' title='bbox 1875 315 1896 360; x_wconf 86' lang='grc' dir='ltr'><strong><em>ι</em></strong></span> 
     </span>
    </p>
   </div>
   <div class='ocr_carea' id='block_1_2' title="bbox 1998 296 3577 387">
    <p class='ocr_par' dir='ltr' id='par_1_2' title="bbox 2008 301 3577 387">
     <span class='ocr_line' id='line_1_2' title="bbox 2008 301 3577 387; baseline 0.006 -27"><span class='ocrx_word' id='word_1_5' title='bbox 2008 309 2360 387; x_wconf 65' lang='lat' dir='ltr'><strong><em>ranarum.</em></strong></span> <span class='ocrx_word' id='word_1_6' title='bbox 3514 301 3577 355; x_wconf 66' lang='grc' dir='ltr'><strong><em>δῦ</em></strong></span> 
     </span>
    </p>
   </div>
   <div class='ocr_carea' id='block_1_3' title="bbox 337 409 3579 490">
    <p class='ocr_par' dir='ltr' id='par_1_3' title="bbox 337 409 3579 490">
     <span class='ocr_line' id='line_1_3' title="bbox 337 409 3579 490; baseline 0 -26"><span class='ocrx_word' id='word_1_7' title='bbox 337 425 547 480; x_wconf 80' lang='lat' dir='ltr'><strong><em>nemque</em></strong></span> <span class='ocrx_word' id='word_1_8' title='bbox 586 409 852 479; x_wconf 67' lang='lat' dir='ltr'><strong><em>perditam</em></strong></span> <span class='ocrx_word' id='word_1_9' title='bbox 897 411 1284 466; x_wconf 73' lang='lat' dir='ltr'><strong><em>considerarem</em></strong></span> <span class='ocrx_word' id='word_1_10' title='bbox 1311 455 1323 478; x_wconf 89' lang='lat'><strong><em>,</em></strong></span> <span class='ocrx_word' id='word_1_11' title='bbox 1362 416 1486 484; x_wconf 83' lang='lat' dir='ltr'><strong><em>petii</em></strong></span> <span class='ocrx_word' id='word_1_12' title='bbox 1525 415 1590 468; x_wconf 88' lang='lat' dir='ltr'><strong><em>ab</em></strong></span> <span class='ocrx_word' id='word_1_13' title='bbox 1626 433 1684 470; x_wconf 91' lang='lat' dir='ltr'><strong><em>eo</em></strong></span> <span class='ocrx_word' id='word_1_14' title='bbox 1709 426 1766 470; x_wconf 87' lang='lat' dir='ltr'><strong><em>ut</em></strong></span> <span class='ocrx_word' id='word_1_15' title='bbox 1795 417 1896 490; x_wconf 87' lang='lat' dir='ltr'><strong><em>Cy-</em></strong></span> <span class='ocrx_word' id='word_1_16' title='bbox 1923 425 1970 484; x_wconf 75' lang='grc' dir='ltr'><strong>Λ</strong></span> <span class='ocrx_word' id='word_1_17' title='bbox 2000 420 2270 474; x_wconf 87' lang='lat' dir='ltr'><strong><em>omittam.</em></strong></span> <span class='ocrx_word' id='word_1_18' title='bbox 2291 419 2506 474; x_wconf 68' lang='lat' dir='ltr'><strong><em>(litatur</em></strong></span> <span class='ocrx_word' id='word_1_19' title='bbox 2535 420 2637 474; x_wconf 87' lang='lat' dir='ltr'><strong><em>hoc</em></strong></span> <span class='ocrx_word' id='word_1_20' title='bbox 2669 419 2860 490; x_wconf 83' lang='lat' dir='ltr'><strong><em>Cyrilli-</em></strong></span> <span class='ocrx_word' id='word_1_21' title='bbox 2887 433 3026 489; x_wconf 84' lang='lat' dir='ltr'><strong><em>opus</em></strong></span> <span class='ocrx_word' id='word_1_22' title='bbox 3057 417 3125 471; x_wconf 90' lang='lat' dir='ltr'><strong><em>ab</em></strong></span> <span class='ocrx_word' id='word_1_23' title='bbox 3155 414 3369 470; x_wconf 76' lang='lat' dir='ltr'><strong><em>Andron</em></strong></span> <span class='ocrx_word' id='word_1_24' title='bbox 3389 413 3579 467; x_wconf 86' lang='lat' dir='ltr'><strong><em>Samo-</em></strong></span> 
     </span>
    </p>
   </div>
   <div class='ocr_carea' id='block_1_4' title="bbox 333 500 1900 576">
    <p class='ocr_par' dir='ltr' id='par_1_4' title="bbox 333 500 1900 576">
     <span class='ocr_line' id='line_1_4' title="bbox 333 500 1900 576; baseline 0.003 -20"><span class='ocrx_word' id='word_1_25' title='bbox 333 500 510 576; x_wconf 22' lang='lat' dir='ltr'><strong><em>rillu‘m</em></strong></span> <span class='ocrx_word' id='word_1_26' title='bbox 534 501 775 556; x_wconf 68' lang='lat' dir='ltr'><strong><em>Graecum</em></strong></span> <span class='ocrx_word' id='word_1_27' title='bbox 793 501 917 568; x_wconf 75' lang='lat' dir='ltr'><strong><em>ﬁdei</em></strong></span> <span class='ocrx_word' id='word_1_28' title='bbox 941 518 1069 556; x_wconf 68' lang='lat' dir='ltr'><strong><em>mea:</em></strong></span> <span class='ocrx_word' id='word_1_29' title='bbox 1105 504 1402 558; x_wconf 88' lang='lat' dir='ltr'><strong><em>concederet</em></strong></span> <span class='ocrx_word' id='word_1_30' title='bbox 1440 522 1457 559; x_wconf 93' lang='lat'><strong><em>:</em></strong></span> <span class='ocrx_word' id='word_1_31' title='bbox 1495 523 1574 559; x_wconf 88' lang='lat' dir='ltr'><strong><em>me</em></strong></span> <span class='ocrx_word' id='word_1_32' title='bbox 1602 523 1705 560; x_wconf 88' lang='lat' dir='ltr'><strong><em>non</em></strong></span> <span class='ocrx_word' id='word_1_33' title='bbox 1727 506 1900 562; x_wconf 80' lang='lat' dir='ltr'><strong><em>solum</em></strong></span> 
     </span>
    </p>
   </div>
   <div class='ocr_carea' id='block_1_5' title="bbox 331 584 1900 667">
    <p class='ocr_par' dir='ltr' id='par_1_5' title="bbox 331 584 1900 667">
     <span class='ocr_line' id='line_1_5' title="bbox 331 584 1900 667; baseline 0.005 -24"><span class='ocrx_word' id='word_1_34' title='bbox 331 607 544 660; x_wconf 89' lang='lat' dir='ltr'><strong><em>operam</em></strong></span> <span class='ocrx_word' id='word_1_35' title='bbox 581 591 839 644; x_wconf 87' lang='lat' dir='ltr'><strong><em>daturum</em></strong></span> <span class='ocrx_word' id='word_1_36' title='bbox 895 600 952 644; x_wconf 86' lang='lat' dir='ltr'><strong><em>ut</em></strong></span> <span class='ocrx_word' id='word_1_37' title='bbox 999 607 1063 646; x_wconf 77' lang='lat' dir='ltr'><strong><em>ex</em></strong></span> <span class='ocrx_word' id='word_1_38' title='bbox 1112 593 1276 664; x_wconf 85' lang='lat' dir='ltr'><strong><em>ipsius</em></strong></span> <span class='ocrx_word' id='word_1_39' title='bbox 1336 603 1452 648; x_wconf 91' lang='lat' dir='ltr'><strong><em>voto</em></strong></span> <span class='ocrx_word' id='word_1_40' title='bbox 1487 595 1576 650; x_wconf 87' lang='lat' dir='ltr'><strong><em>ille</em></strong></span> <span class='ocrx_word' id='word_1_41' title='bbox 1609 598 1665 650; x_wconf 90' lang='lat' dir='ltr'><strong><em>in</em></strong></span> <span class='ocrx_word' id='word_1_42' title='bbox 1711 584 1900 667; x_wconf 80' lang='lat' dir='ltr'><strong><em>vulgus</em></strong></span> 
     </span>
    </p>
   </div>
   <div class='ocr_carea' id='block_1_6' title="bbox 327 682 1904 757">
    <p class='ocr_par' dir='ltr' id='par_1_6' title="bbox 327 682 1904 757">
     <span class='ocr_line' id='line_1_6' title="bbox 327 682 1904 757; baseline 0.008 -23"><span class='ocrx_word' id='word_1_43' title='bbox 327 683 513 746; x_wconf 70' lang='lat' dir='ltr'><strong><em>exiret,</em></strong></span> <span class='ocrx_word' id='word_1_44' title='bbox 539 683 635 736; x_wconf 86' lang='lat' dir='ltr'><strong><em>sed</em></strong></span> <span class='ocrx_word' id='word_1_45' title='bbox 659 683 820 736; x_wconf 82' lang='lat' dir='ltr'><strong><em>etiam</em></strong></span> <span class='ocrx_word' id='word_1_46' title='bbox 848 682 913 735; x_wconf 89' lang='lat' dir='ltr'><strong><em>de</em></strong></span> <span class='ocrx_word' id='word_1_47' title='bbox 935 683 1121 736; x_wconf 85' lang='lat' dir='ltr'><strong><em>codicis</em></strong></span> <span class='ocrx_word' id='word_1_48' title='bbox 1155 687 1322 754; x_wconf 89' lang='lat' dir='ltr'><strong><em>pretio</em></strong></span> <span class='ocrx_word' id='word_1_49' title='bbox 1348 687 1449 757; x_wconf 87' lang='lat' dir='ltr'><strong><em>ipsi</em></strong></span> <span class='ocrx_word' id='word_1_50' title='bbox 1481 688 1904 757; x_wconf 73' lang='lat' dir='ltr'><strong><em>satisfacturum.</em></strong></span> 
     </span>
    </p>
   </div>
   <div class='ocr_carea' id='block_1_7' title="bbox 325 771 1902 846">
    <p class='ocr_par' dir='ltr' id='par_1_7' title="bbox 325 771 1902 846">
     <span class='ocr_line' id='line_1_7' title="bbox 325 771 1902 846; baseline 0.004 -20"><span class='ocrx_word' id='word_1_51' title='bbox 325 771 397 826; x_wconf 81' lang='lat' dir='ltr'><strong><em>At</em></strong></span> <span class='ocrx_word' id='word_1_52' title='bbox 421 772 532 838; x_wconf 89' lang='lat' dir='ltr'><strong><em>ille,</em></strong></span> <span class='ocrx_word' id='word_1_53' title='bbox 557 775 748 844; x_wconf 83' lang='lat' dir='ltr'><strong><em>gratiis</em></strong></span> <span class='ocrx_word' id='word_1_54' title='bbox 790 787 885 846; x_wconf 86' lang='lat' dir='ltr'><strong><em>pro</em></strong></span> <span class='ocrx_word' id='word_1_55' title='bbox 901 775 1064 844; x_wconf 71' lang='lat' dir='ltr'><strong><em>oﬂicio</em></strong></span> <span class='ocrx_word' id='word_1_56' title='bbox 1091 779 1245 840; x_wconf 87' lang='lat' dir='ltr'><strong><em>actis,</em></strong></span> <span class='ocrx_word' id='word_1_57' title='bbox 1294 785 1502 831; x_wconf 82' lang='lat' dir='ltr'><strong><em>tantum</em></strong></span> <span class='ocrx_word' id='word_1_58' title='bbox 1529 779 1696 832; x_wconf 86' lang='lat' dir='ltr'><strong><em>adhuc</em></strong></span> <span class='ocrx_word' id='word_1_59' title='bbox 1711 780 1902 834; x_wconf 88' lang='lat' dir='ltr'><strong><em>virium</em></strong></span> 
     </span>
    </p>
   </div>
   <div class='ocr_carea' id='block_1_8' title="bbox 325 863 1900 938">
    <p class='ocr_par' dir='ltr' id='par_1_8' title="bbox 325 863 1900 938">
     <span class='ocr_line' id='line_1_8' title="bbox 325 863 1900 938; baseline 0.005 -22"><span class='ocrx_word' id='word_1_60' title='bbox 325 863 425 917; x_wconf 86' lang='lat' dir='ltr'><strong><em>sibi</em></strong></span> <span class='ocrx_word' id='word_1_61' title='bbox 453 879 726 934; x_wconf 75' lang='lat' dir='ltr'><strong><em>superesse</em></strong></span> <span class='ocrx_word' id='word_1_62' title='bbox 767 864 960 930; x_wconf 88' lang='lat' dir='ltr'><strong><em>aiebat,</em></strong></span> <span class='ocrx_word' id='word_1_63' title='bbox 1005 873 1065 918; x_wconf 87' lang='lat' dir='ltr'><strong><em>ut</em></strong></span> <span class='ocrx_word' id='word_1_64' title='bbox 1092 867 1308 937; x_wconf 84' lang='lat' dir='ltr'><strong><em>ipsemet</em></strong></span> <span class='ocrx_word' id='word_1_65' title='bbox 1331 869 1594 938; x_wconf 87' lang='lat' dir='ltr'><strong><em>promisso</em></strong></span> <span class='ocrx_word' id='word_1_66' title='bbox 1637 886 1692 923; x_wconf 86' lang='lat' dir='ltr'><strong><em>se</em></strong></span> <span class='ocrx_word' id='word_1_67' title='bbox 1723 871 1900 924; x_wconf 70' lang='lat' dir='ltr'><strong><em>exsol-</em></strong></span> 
     </span>
    </p>
   </div>
   <div class='ocr_carea' id='block_1_9' title="bbox 325 955 1901 1026">
    <p class='ocr_par' dir='ltr' id='par_1_9' title="bbox 325 955 1901 1026">
     <span class='ocr_line' id='line_1_9' title="bbox 325 955 1901 1026; baseline 0.006 -20"><span class='ocrx_word' id='word_1_68' title='bbox 325 968 446 1006; x_wconf 79' lang='lat' dir='ltr'><strong><em>vere</em></strong></span> <span class='ocrx_word' id='word_1_69' title='bbox 477 962 668 1024; x_wconf 82' lang='lat' dir='ltr'><strong><em>posset.</em></strong></span> <span class='ocrx_word' id='word_1_70' title='bbox 725 955 897 1026; x_wconf 80' lang='lat' dir='ltr'><strong><em>Usque</em></strong></span> <span class='ocrx_word' id='word_1_71' title='bbox 924 955 1054 1010; x_wconf 90' lang='lat' dir='ltr'><strong><em>adeo</em></strong></span> <span class='ocrx_word' id='word_1_72' title='bbox 1101 973 1282 1011; x_wconf 89' lang='lat' dir='ltr'><strong><em>verum</em></strong></span> <span class='ocrx_word' id='word_1_73' title='bbox 1323 968 1419 1023; x_wconf 90' lang='lat' dir='ltr'><strong><em>est,</em></strong></span> <span class='ocrx_word' id='word_1_74' title='bbox 1479 961 1741 1014; x_wconf 88' lang='lat' dir='ltr'><strong><em>neminem</em></strong></span> <span class='ocrx_word' id='word_1_75' title='bbox 1787 977 1901 1015; x_wconf 83' lang='lat' dir='ltr'><strong><em>esse</em></strong></span> 
     </span>
    </p>
   </div>
   <div class='ocr_carea' id='block_1_10' title="bbox 327 1047 1904 1122">
    <p class='ocr_par' dir='ltr' id='par_1_10' title="bbox 327 1047 1904 1122">
     <span class='ocr_line' id='line_1_10' title="bbox 327 1047 1904 1122; baseline 0.006 -26"><span class='ocrx_word' id='word_1_76' title='bbox 327 1053 442 1097; x_wconf 89' lang='lat' dir='ltr'><strong><em>tam</em></strong></span> <span class='ocrx_word' id='word_1_77' title='bbox 462 1060 637 1098; x_wconf 77' lang='lat' dir='ltr'><strong><em>senem</em></strong></span> <span class='ocrx_word' id='word_1_78' title='bbox 663 1047 756 1116; x_wconf 90' lang='lat' dir='ltr'><strong><em>qui</em></strong></span> <span class='ocrx_word' id='word_1_79' title='bbox 782 1063 887 1099; x_wconf 90' lang='lat' dir='ltr'><strong><em>non</em></strong></span> <span class='ocrx_word' id='word_1_80' title='bbox 916 1047 1030 1100; x_wconf 85' lang='lat' dir='ltr'><strong><em>dico</em></strong></span> <span class='ocrx_word' id='word_1_81' title='bbox 1059 1047 1214 1114; x_wconf 87' lang='lat' dir='ltr'><strong><em>diem,</em></strong></span> <span class='ocrx_word' id='word_1_82' title='bbox 1245 1049 1336 1102; x_wconf 88' lang='lat' dir='ltr'><strong><em>sed</em></strong></span> <span class='ocrx_word' id='word_1_83' title='bbox 1379 1065 1544 1104; x_wconf 87' lang='lat' dir='ltr'><strong><em>annos</em></strong></span> <span class='ocrx_word' id='word_1_84' title='bbox 1579 1053 1904 1122; x_wconf 83' lang='lat' dir='ltr'><strong><em>supervivere</em></strong></span> 
     </span>
    </p>
   </div>
   <div class='ocr_carea' id='block_1_11' title="bbox 327 1137 1902 1211">
    <p class='ocr_par' dir='ltr' id='par_1_11' title="bbox 327 1137 1902 1211">
     <span class='ocr_line' id='line_1_11' title="bbox 327 1137 1902 1211; baseline 0.007 -23"><span class='ocrx_word' id='word_1_85' title='bbox 327 1151 479 1206; x_wconf 81' lang='lat' dir='ltr'><strong><em>posse</em></strong></span> <span class='ocrx_word' id='word_1_86' title='bbox 505 1153 561 1190; x_wconf 90' lang='lat' dir='ltr'><strong><em>se</em></strong></span> <span class='ocrx_word' id='word_1_87' title='bbox 589 1137 840 1208; x_wconf 82' lang='lat' dir='ltr'><strong><em>desperet.</em></strong></span> <span class='ocrx_word' id='word_1_88' title='bbox 879 1137 1198 1211; x_wconf 84' lang='lat' dir='ltr'><strong><em>Quanquam</em></strong></span> <span class='ocrx_word' id='word_1_89' title='bbox 1237 1149 1355 1194; x_wconf 89' lang='lat' dir='ltr'><strong><em>erat</em></strong></span> <span class='ocrx_word' id='word_1_90' title='bbox 1384 1158 1487 1194; x_wconf 88' lang='lat' dir='ltr'><strong><em>non</em></strong></span> <span class='ocrx_word' id='word_1_91' title='bbox 1527 1159 1677 1196; x_wconf 88' lang='lat' dir='ltr'><strong><em>nemo</em></strong></span> <span class='ocrx_word' id='word_1_92' title='bbox 1707 1146 1762 1198; x_wconf 86' lang='lat' dir='ltr'><strong><em>in</em></strong></span> <span class='ocrx_word' id='word_1_93' title='bbox 1790 1145 1902 1199; x_wconf 83' lang='lat' dir='ltr'><strong><em>An-</em></strong></span> 
     </span>
    </p>
   </div>
   <div class='ocr_carea' id='block_1_12' title="bbox 327 1225 1902 1305">
    <p class='ocr_par' dir='ltr' id='par_1_12' title="bbox 327 1225 1902 1305">
     <span class='ocr_line' id='line_1_12' title="bbox 327 1225 1902 1305; baseline 0.006 -26"><span class='ocrx_word' id='word_1_94' title='bbox 327 1225 465 1296; x_wconf 84' lang='lat' dir='ltr'><strong><em>glia,</em></strong></span> <span class='ocrx_word' id='word_1_95' title='bbox 493 1229 582 1298; x_wconf 85' lang='lat' dir='ltr'><strong><em>qui</em></strong></span> <span class='ocrx_word' id='word_1_96' title='bbox 617 1228 679 1281; x_wconf 89' lang='lat' dir='ltr'><strong><em>de</em></strong></span> <span class='ocrx_word' id='word_1_97' title='bbox 707 1230 841 1282; x_wconf 82' lang='lat' dir='ltr'><strong><em>tanti</em></strong></span> <span class='ocrx_word' id='word_1_98' title='bbox 883 1229 1118 1282; x_wconf 81' lang='lat' dir='ltr'><strong><em>thesauri</em></strong></span> <span class='ocrx_word' id='word_1_99' title='bbox 1152 1233 1476 1300; x_wconf 85' lang='lat' dir='ltr'><strong><em>possessione</em></strong></span> <span class='ocrx_word' id='word_1_100' title='bbox 1503 1233 1784 1304; x_wconf 75' lang='lat' dir='ltr'><strong><em>magniﬁce</em></strong></span> <span class='ocrx_word' id='word_1_101' title='bbox 1807 1251 1902 1305; x_wconf 91' lang='lat' dir='ltr'><strong><em>po-</em></strong></span> 
     </span>
    </p>
   </div>
   <div class='ocr_carea' id='block_1_13' title="bbox 332 1317 1902 1393">
    <p class='ocr_par' dir='ltr' id='par_1_13' title="bbox 332 1317 1902 1393">
     <span class='ocr_line' id='line_1_13' title="bbox 332 1317 1902 1393; baseline 0.006 -25"><span class='ocrx_word' id='word_1_102' title='bbox 332 1317 440 1369; x_wconf 84' lang='lat' dir='ltr'><strong><em>tius</em></strong></span> <span class='ocrx_word' id='word_1_103' title='bbox 477 1332 532 1370; x_wconf 84' lang='lat' dir='ltr'><strong><em>se</em></strong></span> <span class='ocrx_word' id='word_1_104' title='bbox 547 1317 800 1386; x_wconf 67' lang='lat' dir='ltr'><strong><em>iactasse,</em></strong></span> <span class='ocrx_word' id='word_1_105' title='bbox 835 1335 998 1388; x_wconf 89' lang='lat' dir='ltr'><strong><em>quam</em></strong></span> <span class='ocrx_word' id='word_1_106' title='bbox 1017 1335 1136 1374; x_wconf 89' lang='lat' dir='ltr'><strong><em>vere</em></strong></span> <span class='ocrx_word' id='word_1_107' title='bbox 1168 1319 1456 1390; x_wconf 86' lang='lat' dir='ltr'><strong><em>gloriatum</em></strong></span> <span class='ocrx_word' id='word_1_108' title='bbox 1474 1321 1636 1392; x_wconf 79' lang='lat' dir='ltr'><strong><em>fuisse</em></strong></span> <span class='ocrx_word' id='word_1_109' title='bbox 1669 1324 1902 1393; x_wconf 74' lang='lat' dir='ltr'><strong><em>aﬂ&#39;irma-</em></strong></span> 
     </span>
    </p>
   </div>
   <div class='ocr_carea' id='block_1_14' title="bbox 333 1403 1904 1483">
    <p class='ocr_par' dir='ltr' id='par_1_14' title="bbox 333 1403 1904 1483">
     <span class='ocr_line' id='line_1_14' title="bbox 333 1403 1904 1483; baseline 0.008 -27"><span class='ocrx_word' id='word_1_110' title='bbox 333 1413 436 1458; x_wconf 89' lang='lat' dir='ltr'><strong><em>ret.</em></strong></span> <span class='ocrx_word' id='word_1_111' title='bbox 472 1403 688 1459; x_wconf 87' lang='lat' dir='ltr'><strong><em>Certum</em></strong></span> <span class='ocrx_word' id='word_1_112' title='bbox 730 1413 911 1460; x_wconf 89' lang='lat' dir='ltr'><strong><em>tamen</em></strong></span> <span class='ocrx_word' id='word_1_113' title='bbox 945 1415 1028 1462; x_wconf 89' lang='lat' dir='ltr'><strong><em>est</em></strong></span> <span class='ocrx_word' id='word_1_114' title='bbox 1055 1407 1381 1464; x_wconf 81' lang='lat' dir='ltr'><strong><em>Vulcanium</em></strong></span> <span class='ocrx_word' id='word_1_115' title='bbox 1406 1426 1516 1464; x_wconf 90' lang='lat' dir='ltr'><strong><em>non</em></strong></span> <span class='ocrx_word' id='word_1_116' title='bbox 1555 1411 1720 1466; x_wconf 88' lang='lat' dir='ltr'><strong><em>modo</em></strong></span> <span class='ocrx_word' id='word_1_117' title='bbox 1748 1414 1904 1483; x_wconf 88' lang='lat' dir='ltr'><strong><em>plura</em></strong></span> 
     </span>
    </p>
   </div>
   <div class='ocr_carea' id='block_1_15' title="bbox 328 1494 1904 1571">
    <p class='ocr_par' dir='ltr' id='par_1_15' title="bbox 328 1494 1904 1571">
     <span class='ocr_line' id='line_1_15' title="bbox 328 1494 1904 1571; baseline 0.008 -21"><span class='ocrx_word' id='word_1_118' title='bbox 328 1494 522 1566; x_wconf 84' lang='lat' dir='ltr'><strong><em>Cyrilli</em></strong></span> <span class='ocrx_word' id='word_1_119' title='bbox 557 1495 768 1552; x_wconf 91' lang='lat' dir='ltr'><strong><em>inedita</em></strong></span> <span class='ocrx_word' id='word_1_120' title='bbox 807 1497 994 1554; x_wconf 78' lang='lat' dir='ltr'><strong><em>Graece</em></strong></span> <span class='ocrx_word' id='word_1_121' title='bbox 1036 1501 1365 1571; x_wconf 89' lang='lat' dir='ltr'><strong><em>possedisse,</em></strong></span> <span class='ocrx_word' id='word_1_122' title='bbox 1396 1505 1492 1560; x_wconf 91' lang='lat' dir='ltr'><strong><em>sed</em></strong></span> <span class='ocrx_word' id='word_1_123' title='bbox 1518 1506 1686 1560; x_wconf 89' lang='lat' dir='ltr'><strong><em>etiam</em></strong></span> <span class='ocrx_word' id='word_1_124' title='bbox 1711 1507 1904 1562; x_wconf 83' lang='lat' dir='ltr'><strong><em>Latine</em></strong></span> 
     </span>
    </p>
   </div>
   <div class='ocr_carea' id='block_1_16' title="bbox 327 1587 1905 1666">
    <p class='ocr_par' dir='ltr' id='par_1_16' title="bbox 327 1587 1905 1666">
     <span class='ocr_line' id='line_1_16' title="bbox 327 1587 1905 1666; baseline 0.01 -27"><span class='ocrx_word' id='word_1_125' title='bbox 327 1587 562 1642; x_wconf 72' lang='lat' dir='ltr'><strong><em>vertisse</em></strong></span> <span class='ocrx_word' id='word_1_126' title='bbox 613 1589 762 1644; x_wconf 86' lang='lat' dir='ltr'><strong><em>haud</em></strong></span> <span class='ocrx_word' id='word_1_127' title='bbox 815 1606 1008 1660; x_wconf 88' lang='lat' dir='ltr'><strong><em>pauca,</em></strong></span> <span class='ocrx_word' id='word_1_128' title='bbox 1063 1609 1295 1663; x_wconf 88' lang='lat' dir='ltr'><strong><em>quorum</em></strong></span> <span class='ocrx_word' id='word_1_129' title='bbox 1368 1611 1497 1666; x_wconf 88' lang='lat' dir='ltr'><strong><em>pars</em></strong></span> <span class='ocrx_word' id='word_1_130' title='bbox 1551 1597 1905 1655; x_wconf 66' lang='lat' dir='ltr'><strong><em>bibliotheca:</em></strong></span> 
     </span>
    </p>
   </div>
   <div class='ocr_carea' id='block_1_17' title="bbox 324 1677 1903 1755">
    <p class='ocr_par' dir='ltr' id='par_1_17' title="bbox 324 1677 1903 1755">
     <span class='ocr_line' id='line_1_17' title="bbox 324 1677 1903 1755; baseline 0.009 -25"><span class='ocrx_word' id='word_1_131' title='bbox 324 1677 585 1734; x_wconf 88' lang='lat' dir='ltr'><strong><em>Leidensi</em></strong></span> <span class='ocrx_word' id='word_1_132' title='bbox 613 1681 787 1752; x_wconf 85' lang='lat' dir='ltr'><strong><em>legata</em></strong></span> <span class='ocrx_word' id='word_1_133' title='bbox 811 1681 889 1755; x_wconf 85' lang='lat' dir='ltr'><strong><em>[et</em></strong></span> <span class='ocrx_word' id='word_1_134' title='bbox 921 1683 975 1737; x_wconf 89' lang='lat' dir='ltr'><strong><em>in</em></strong></span> <span class='ocrx_word' id='word_1_135' title='bbox 997 1685 1117 1740; x_wconf 89' lang='lat' dir='ltr'><strong><em>Cat.</em></strong></span> <span class='ocrx_word' id='word_1_136' title='bbox 1139 1685 1262 1740; x_wconf 87' lang='lat' dir='ltr'><strong><em>bibl.</em></strong></span> <span class='ocrx_word' id='word_1_137' title='bbox 1294 1685 1440 1742; x_wconf 85' lang='lat' dir='ltr'><strong><em>Leid.</em></strong></span> <span class='ocrx_word' id='word_1_138' title='bbox 1464 1688 1610 1743; x_wconf 90' lang='lat' dir='ltr'><strong><em>inter</em></strong></span> <span class='ocrx_word' id='word_1_139' title='bbox 1638 1689 1798 1744; x_wconf 84' lang='lat' dir='ltr'><strong><em>codd.</em></strong></span> <span class='ocrx_word' id='word_1_140' title='bbox 1835 1706 1903 1745; x_wconf 84' lang='lat' dir='ltr'><strong><em>ex</em></strong></span> 
     </span>
    </p>
   </div>
   <div class='ocr_carea' id='block_1_18' title="bbox 2003 501 3578 578">
    <p class='ocr_par' dir='ltr' id='par_1_18' title="bbox 2003 501 3578 578">
     <span class='ocr_line' id='line_1_18' title="bbox 2003 501 3578 578; baseline -0.005 -16"><span class='ocrx_word' id='word_1_141' title='bbox 2003 517 2193 562; x_wconf 87' lang='lat' dir='ltr'><strong><em>sateno</em></strong></span> <span class='ocrx_word' id='word_1_142' title='bbox 2249 507 2395 578; x_wconf 89' lang='lat' dir='ltr'><strong><em>apud</em></strong></span> <span class='ocrx_word' id='word_1_143' title='bbox 2439 507 2786 563; x_wconf 82' lang='lat' dir='ltr'><strong><em>Anastasium</em></strong></span> <span class='ocrx_word' id='word_1_144' title='bbox 2836 507 2894 562; x_wconf 88' lang='lat' dir='ltr'><strong><em>in</em></strong></span> <span class='ocrx_word' id='word_1_145' title='bbox 2953 506 3200 578; x_wconf 83' lang='lat' dir='ltr'><strong><em>Hodego,</em></strong></span> <span class='ocrx_word' id='word_1_146' title='bbox 3256 519 3378 574; x_wconf 91' lang='lat' dir='ltr'><strong><em>pag.</em></strong></span> <span class='ocrx_word' id='word_1_147' title='bbox 3437 501 3578 565; x_wconf 79' lang='grc'><strong>512,</strong></span> 
     </span>
    </p>
   </div>
   <div class='ocr_carea' id='block_1_19' title="bbox 2001 595 3578 668">
    <p class='ocr_par' dir='ltr' id='par_1_19' title="bbox 2001 595 3578 668">
     <span class='ocr_line' id='line_1_19' title="bbox 2001 595 3578 668; baseline -0.004 -16"><span class='ocrx_word' id='word_1_148' title='bbox 2001 598 2291 668; x_wconf 69' lang='grc' dir='ltr'>Εριιτωιιιο</span> <span class='ocrx_word' id='word_1_149' title='bbox 2330 599 2676 655; x_wconf 81' lang='lat' dir='ltr'><strong><em>Antiocheno</em></strong></span> <span class='ocrx_word' id='word_1_150' title='bbox 2725 598 2870 668; x_wconf 91' lang='lat' dir='ltr'><strong><em>apud</em></strong></span> <span class='ocrx_word' id='word_1_151' title='bbox 2919 598 3175 652; x_wconf 89' lang='lat' dir='ltr'><strong><em>Photium</em></strong></span> <span class='ocrx_word' id='word_1_152' title='bbox 3211 595 3333 651; x_wconf 90' lang='lat' dir='ltr'><strong><em>cod.</em></strong></span> <span class='ocrx_word' id='word_1_153' title='bbox 3370 609 3578 656; x_wconf 68' lang='lat' dir='ltr'><strong><em>ccxxxx,</em></strong></span> 
     </span>
    </p>
   </div>
   <div class='ocr_carea' id='block_1_20' title="bbox 2000 684 3580 760">
    <p class='ocr_par' dir='ltr' id='par_1_20' title="bbox 2000 684 3580 760">
     <span class='ocr_line' id='line_1_20' title="bbox 2000 684 3580 760; baseline -0.002 -19"><span class='ocrx_word' id='word_1_154' title='bbox 2000 687 2230 744; x_wconf 90' lang='lat' dir='ltr'><strong><em>Leontio</em></strong></span> <span class='ocrx_word' id='word_1_155' title='bbox 2273 688 2400 760; x_wconf 88' lang='lat' dir='ltr'><strong><em>Byz.</em></strong></span> <span class='ocrx_word' id='word_1_156' title='bbox 2453 691 2510 742; x_wconf 90' lang='lat' dir='ltr'><strong><em>in</em></strong></span> <span class='ocrx_word' id='word_1_157' title='bbox 2554 687 2865 760; x_wconf 82' lang='lat' dir='ltr'><strong><em>Eutychen;</em></strong></span> <span class='ocrx_word' id='word_1_158' title='bbox 2904 689 2974 743; x_wconf 86' lang='lat' dir='ltr'><strong><em>ab</em></strong></span> <span class='ocrx_word' id='word_1_159' title='bbox 3030 687 3320 742; x_wconf 78' lang='lat' dir='ltr'><strong><em>Anastasio</em></strong></span> <span class='ocrx_word' id='word_1_160' title='bbox 3372 684 3580 740; x_wconf 87' lang='lat' dir='ltr'><strong><em>Sinaita</em></strong></span> 
     </span>
    </p>
   </div>
   <div class='ocr_carea' id='block_1_21' title="bbox 2002 775 3576 846">
    <p class='ocr_par' dir='ltr' id='par_1_21' title="bbox 2002 775 3576 846">
     <span class='ocr_line' id='line_1_21' title="bbox 2002 775 3576 846; baseline -0.002 -15"><span class='ocrx_word' id='word_1_161' title='bbox 2002 785 2194 846; x_wconf 74' lang='lat' dir='ltr'><strong><em>quzest.</em></strong></span> <span class='ocrx_word' id='word_1_162' title='bbox 2219 777 2308 841; x_wconf 99' lang='grc'><strong><em>20,</em></strong></span> <span class='ocrx_word' id='word_1_163' title='bbox 2329 777 2397 833; x_wconf 85' lang='grc'><strong><em>59</em></strong></span> <span class='ocrx_word' id='word_1_164' title='bbox 2429 786 2485 833; x_wconf 92' lang='lat' dir='ltr'><strong><em>et</em></strong></span> <span class='ocrx_word' id='word_1_165' title='bbox 2516 779 2604 842; x_wconf 80' lang='lat'><strong><em>57;</em></strong></span> <span class='ocrx_word' id='word_1_166' title='bbox 2637 777 2846 832; x_wconf 84' lang='lat' dir='ltr'><strong><em>Joanne</em></strong></span> <span class='ocrx_word' id='word_1_167' title='bbox 2865 777 3200 832; x_wconf 88' lang='lat' dir='ltr'><strong><em>Damasceno</em></strong></span> <span class='ocrx_word' id='word_1_168' title='bbox 3219 775 3296 830; x_wconf 87' lang='lat' dir='ltr'><strong><em>De</em></strong></span> <span class='ocrx_word' id='word_1_169' title='bbox 3319 775 3576 846; x_wconf 86' lang='lat' dir='ltr'><strong><em>Trisagio,</em></strong></span> 
     </span>
    </p>
   </div>
   <div class='ocr_carea' id='block_1_22' title="bbox 2004 866 3576 939">
    <p class='ocr_par' dir='ltr' id='par_1_22' title="bbox 2004 866 3576 939">
     <span class='ocr_line' id='line_1_22' title="bbox 2004 866 3576 939; baseline -0.002 -17"><span class='ocrx_word' id='word_1_170' title='bbox 2004 877 2136 922; x_wconf 92' lang='lat' dir='ltr'><strong><em>tom.</em></strong></span> <span class='ocrx_word' id='word_1_171' title='bbox 2173 868 2194 922; x_wconf 88' lang='grc' dir='ltr'>Ι</span> <span class='ocrx_word' id='word_1_172' title='bbox 2227 867 2393 939; x_wconf 89' lang='lat' dir='ltr'><strong><em>Opp.,</em></strong></span> <span class='ocrx_word' id='word_1_173' title='bbox 2419 883 2474 939; x_wconf 91' lang='lat' dir='ltr'><strong><em>p.</em></strong></span> <span class='ocrx_word' id='word_1_174' title='bbox 2513 867 2638 932; x_wconf 74' lang='grc'><strong>400,</strong></span> <span class='ocrx_word' id='word_1_175' title='bbox 2665 875 2722 922; x_wconf 91' lang='lat' dir='ltr'><strong><em>et</em></strong></span> <span class='ocrx_word' id='word_1_176' title='bbox 2762 867 2821 920; x_wconf 90' lang='lat' dir='ltr'><strong><em>in</em></strong></span> <span class='ocrx_word' id='word_1_177' title='bbox 2849 866 3158 931; x_wconf 88' lang='lat' dir='ltr'><strong><em>Parallelis,</em></strong></span> <span class='ocrx_word' id='word_1_178' title='bbox 3184 874 3316 920; x_wconf 90' lang='lat' dir='ltr'><strong><em>tom.</em></strong></span> <span class='ocrx_word' id='word_1_179' title='bbox 3349 867 3415 930; x_wconf 90' lang='lat' dir='ltr'><strong><em>ll,</em></strong></span> <span class='ocrx_word' id='word_1_180' title='bbox 3457 883 3576 937; x_wconf 86' lang='lat' dir='ltr'><strong><em>pag.</em></strong></span> 
     </span>
    </p>
   </div>
   <div class='ocr_carea' id='block_1_23' title="bbox 2002 957 3576 1022">
    <p class='ocr_par' dir='ltr' id='par_1_23' title="bbox 2002 957 3576 1022">
     <span class='ocr_line' id='line_1_23' title="bbox 2002 957 3576 1022; baseline 0.001 -12"><span class='ocrx_word' id='word_1_181' title='bbox 2002 959 2126 1022; x_wconf 68' lang='grc'><strong>564,</strong></span> <span class='ocrx_word' id='word_1_182' title='bbox 2157 965 2213 1014; x_wconf 91' lang='lat' dir='ltr'><strong><em>et</em></strong></span> <span class='ocrx_word' id='word_1_183' title='bbox 2250 974 2282 1013; x_wconf 89' lang='lat' dir='ltr'><strong><em>a</em></strong></span> <span class='ocrx_word' id='word_1_184' title='bbox 2320 968 2641 1014; x_wconf 88' lang='lat' dir='ltr'><strong><em>catenarum</em></strong></span> <span class='ocrx_word' id='word_1_185' title='bbox 2675 959 2994 1013; x_wconf 85' lang='lat' dir='ltr'><strong><em>auctoribus</em></strong></span> <span class='ocrx_word' id='word_1_186' title='bbox 3034 957 3090 1012; x_wconf 89' lang='lat' dir='ltr'><strong><em>in</em></strong></span> <span class='ocrx_word' id='word_1_187' title='bbox 3123 958 3576 1012; x_wconf 89' lang='lat' dir='ltr'><strong><em>Pentateuchum.</em></strong></span> 
     </span>
    </p>
   </div>
   <div class='ocr_carea' id='block_1_24' title="bbox 2004 1049 3578 1121">
    <p class='ocr_par' dir='ltr' id='par_1_24' title="bbox 2004 1049 3578 1121">
     <span class='ocr_line' id='line_1_24' title="bbox 2004 1049 3578 1121; baseline 0.001 -18"><span class='ocrx_word' id='word_1_188' title='bbox 2004 1049 2247 1104; x_wconf 80' lang='lat' dir='ltr'><strong><em>Meminit</em></strong></span> <span class='ocrx_word' id='word_1_189' title='bbox 2266 1059 2322 1105; x_wconf 90' lang='lat' dir='ltr'><strong><em>et</em></strong></span> <span class='ocrx_word' id='word_1_190' title='bbox 2338 1050 2703 1121; x_wconf 83' lang='lat' dir='ltr'><strong><em>Nieephorus.</em></strong></span> <span class='ocrx_word' id='word_1_191' title='bbox 2725 1067 2833 1115; x_wconf 76' lang='lat' dir='ltr'><strong><em>xw,</em></strong></span> <span class='ocrx_word' id='word_1_192' title='bbox 2850 1051 2937 1116; x_wconf 71' lang='grc'><strong>14,</strong></span> <span class='ocrx_word' id='word_1_193' title='bbox 2961 1065 3024 1106; x_wconf 92' lang='lat' dir='ltr'><strong><em>ac</em></strong></span> <span class='ocrx_word' id='word_1_194' title='bbox 3041 1049 3272 1105; x_wconf 87' lang='lat' dir='ltr'><strong><em>Photius</em></strong></span> <span class='ocrx_word' id='word_1_195' title='bbox 3291 1049 3411 1106; x_wconf 88' lang='lat' dir='ltr'><strong><em>cod.</em></strong></span> <span class='ocrx_word' id='word_1_196' title='bbox 3434 1067 3578 1116; x_wconf 77' lang='lat' dir='ltr'><strong><em>xux;</em></strong></span> 
     </span>
    </p>
   </div>
   <div class='ocr_carea' id='block_1_25' title="bbox 2003 1140 3576 1214">
    <p class='ocr_par' dir='ltr' id='par_1_25' title="bbox 2003 1140 3576 1214">
     <span class='ocr_line' id='line_1_25' title="bbox 2003 1140 3576 1214; baseline -0.001 -18"><span class='ocrx_word' id='word_1_197' title='bbox 2003 1141 2236 1214; x_wconf 80' lang='lat' dir='ltr'><strong><em>Cyrillus</em></strong></span> <span class='ocrx_word' id='word_1_198' title='bbox 2261 1143 2378 1213; x_wconf 90' lang='lat' dir='ltr'><strong><em>ipse</em></strong></span> <span class='ocrx_word' id='word_1_199' title='bbox 2413 1143 2517 1197; x_wconf 88' lang='lat' dir='ltr'><strong><em>sub</em></strong></span> <span class='ocrx_word' id='word_1_200' title='bbox 2544 1143 2762 1198; x_wconf 89' lang='lat' dir='ltr'><strong><em>initium</em></strong></span> <span class='ocrx_word' id='word_1_201' title='bbox 2805 1142 2916 1196; x_wconf 76' lang='grc' dir='ltr'><strong><em>τῶν</em></strong></span> <span class='ocrx_word' id='word_1_202' title='bbox 2957 1141 3277 1214; x_wconf 81' lang='grc' dir='ltr'><strong><em>Γλαφυρῶν,</em></strong></span> <span class='ocrx_word' id='word_1_203' title='bbox 3309 1157 3363 1212; x_wconf 89' lang='lat' dir='ltr'><strong><em>p.</em></strong></span> <span class='ocrx_word' id='word_1_204' title='bbox 3404 1141 3440 1195; x_wconf 86' lang='grc'><strong><em>2</em></strong></span> <span class='ocrx_word' id='word_1_205' title='bbox 3483 1140 3576 1212; x_wconf 91' lang='lat' dir='ltr'><strong><em>(b).</em></strong></span> 
     </span>
    </p>
   </div>
   <div class='ocr_carea' id='block_1_26' title="bbox 2004 1231 3582 1304">
    <p class='ocr_par' dir='ltr' id='par_1_26' title="bbox 2004 1231 3582 1304">
     <span class='ocr_line' id='line_1_26' title="bbox 2004 1231 3582 1304; baseline -0.002 -17"><span class='ocrx_word' id='word_1_206' title='bbox 2004 1232 2064 1287; x_wconf 90' lang='lat' dir='ltr'><strong><em>In</em></strong></span> <span class='ocrx_word' id='word_1_207' title='bbox 2092 1233 2335 1304; x_wconf 86' lang='lat' dir='ltr'><strong><em>antiquis</em></strong></span> <span class='ocrx_word' id='word_1_208' title='bbox 2360 1233 2572 1290; x_wconf 87' lang='lat' dir='ltr'><strong><em>Latinis</em></strong></span> <span class='ocrx_word' id='word_1_209' title='bbox 2597 1233 2934 1289; x_wconf 86' lang='lat' dir='ltr'><strong><em>editionibus</em></strong></span> <span class='ocrx_word' id='word_1_210' title='bbox 2963 1233 3340 1288; x_wconf 87' lang='lat' dir='ltr'><strong><em>tantummodo</em></strong></span> <span class='ocrx_word' id='word_1_211' title='bbox 3372 1231 3582 1302; x_wconf 87' lang='lat' dir='ltr'><strong><em>primus</em></strong></span> 
     </span>
    </p>
   </div>
   <div class='ocr_carea' id='block_1_27' title="bbox 2006 1320 3578 1393">
    <p class='ocr_par' dir='ltr' id='par_1_27' title="bbox 2006 1320 3578 1393">
     <span class='ocr_line' id='line_1_27' title="bbox 2006 1320 3578 1393; baseline -0.001 -19"><span class='ocrx_word' id='word_1_212' title='bbox 2006 1320 2172 1392; x_wconf 85' lang='lat' dir='ltr'><strong><em>hujus</em></strong></span> <span class='ocrx_word' id='word_1_213' title='bbox 2215 1322 2398 1392; x_wconf 90' lang='lat' dir='ltr'><strong><em>operis</em></strong></span> <span class='ocrx_word' id='word_1_214' title='bbox 2424 1323 2568 1377; x_wconf 90' lang='lat' dir='ltr'><strong><em>liber</em></strong></span> <span class='ocrx_word' id='word_1_215' title='bbox 2604 1338 2672 1377; x_wconf 82' lang='lat' dir='ltr'><strong><em>ex</em></strong></span> <span class='ocrx_word' id='word_1_216' title='bbox 2705 1323 2811 1378; x_wconf 89' lang='lat' dir='ltr'><strong><em>alia</em></strong></span> <span class='ocrx_word' id='word_1_217' title='bbox 2855 1323 3310 1393; x_wconf 86' lang='lat' dir='ltr'><strong><em>interpretatione</em></strong></span> <span class='ocrx_word' id='word_1_218' title='bbox 3358 1321 3578 1392; x_wconf 85' lang='lat' dir='ltr'><strong><em>legitur,</em></strong></span> 
     </span>
    </p>
   </div>
   <div class='ocr_carea' id='block_1_28' title="bbox 2007 1411 3576 1484">
    <p class='ocr_par' dir='ltr' id='par_1_28' title="bbox 2007 1411 3576 1484">
     <span class='ocr_line' id='line_1_28' title="bbox 2007 1411 3576 1484; baseline 0.001 -22"><span class='ocrx_word' id='word_1_219' title='bbox 2007 1425 2130 1478; x_wconf 66' lang='lat' dir='ltr'><strong><em>quas</em></strong></span> <span class='ocrx_word' id='word_1_220' title='bbox 2163 1411 2357 1481; x_wconf 88' lang='lat' dir='ltr'><strong><em>incipit</em></strong></span> <span class='ocrx_word' id='word_1_221' title='bbox 2390 1429 2402 1464; x_wconf 92' lang='lat'><strong>:</strong></span> <span class='ocrx_word' id='word_1_222' title='bbox 2439 1411 2898 1484; x_wconf 87' lang='lat' dir='ltr'><strong><em>Supervacaneum</em></strong></span> <span class='ocrx_word' id='word_1_223' title='bbox 2928 1412 3117 1484; x_wconf 84' lang='lat' dir='ltr'><strong><em>Opinor</em></strong></span> <span class='ocrx_word' id='word_1_224' title='bbox 3158 1428 3350 1483; x_wconf 90' lang='lat' dir='ltr'><strong><em>rogare</em></strong></span> <span class='ocrx_word' id='word_1_225' title='bbox 3399 1427 3462 1464; x_wconf 78' lang='lat' dir='ltr'><strong><em>ea:</em></strong></span> <span class='ocrx_word' id='word_1_226' title='bbox 3509 1419 3576 1464; x_wconf 88' lang='lat' dir='ltr'><strong><em>te.</em></strong></span> 
     </span>
    </p>
   </div>
   <div class='ocr_carea' id='block_1_29' title="bbox 2005 1499 3578 1574">
    <p class='ocr_par' dir='ltr' id='par_1_29' title="bbox 2005 1499 3578 1574">
     <span class='ocr_line' id='line_1_29' title="bbox 2005 1499 3578 1574; baseline 0.001 -20"><span class='ocrx_word' id='word_1_227' title='bbox 2005 1499 2192 1555; x_wconf 64' lang='lat' dir='ltr'><strong><em>Grasea</em></strong></span> <span class='ocrx_word' id='word_1_228' title='bbox 2235 1499 2513 1558; x_wconf 83' lang='lat' dir='ltr'><strong><em>Aubertus</em></strong></span> <span class='ocrx_word' id='word_1_229' title='bbox 2569 1504 2910 1574; x_wconf 85' lang='lat' dir='ltr'><strong><em>deprompsit</em></strong></span> <span class='ocrx_word' id='word_1_230' title='bbox 2973 1519 3004 1559; x_wconf 91' lang='lat' dir='ltr'><strong><em>e</em></strong></span> <span class='ocrx_word' id='word_1_231' title='bbox 3061 1502 3251 1558; x_wconf 87' lang='lat' dir='ltr'><strong><em>codice</em></strong></span> <span class='ocrx_word' id='word_1_232' title='bbox 3307 1501 3578 1568; x_wconf 86' lang='lat' dir='ltr'><strong><em>Vulcanii,</em></strong></span> 
     </span>
    </p>
   </div>
   <div class='ocr_carea' id='block_1_30' title="bbox 2006 1589 3581 1663">
    <p class='ocr_par' dir='ltr' id='par_1_30' title="bbox 2006 1589 3581 1663">
     <span class='ocr_line' id='line_1_30' title="bbox 2006 1589 3581 1663; baseline 0.001 -20"><span class='ocrx_word' id='word_1_233' title='bbox 2006 1604 2170 1659; x_wconf 89' lang='lat' dir='ltr'><strong><em>quem</em></strong></span> <span class='ocrx_word' id='word_1_234' title='bbox 2213 1591 2563 1647; x_wconf 62' lang='lat' dir='ltr'><strong><em>bibliothecae</em></strong></span> <span class='ocrx_word' id='word_1_235' title='bbox 2601 1592 2860 1648; x_wconf 88' lang='lat' dir='ltr'><strong><em>Leidensi</em></strong></span> <span class='ocrx_word' id='word_1_236' title='bbox 2891 1592 2982 1648; x_wconf 88' lang='lat' dir='ltr'><strong><em>ille</em></strong></span> <span class='ocrx_word' id='word_1_237' title='bbox 3019 1593 3292 1663; x_wconf 83' lang='lat' dir='ltr'><strong><em>legaverat</em></strong></span> <span class='ocrx_word' id='word_1_238' title='bbox 3315 1589 3408 1661; x_wconf 89' lang='lat' dir='ltr'><strong><em>(c),</em></strong></span> <span class='ocrx_word' id='word_1_239' title='bbox 3429 1599 3484 1644; x_wconf 89' lang='lat' dir='ltr'><strong><em>et</em></strong></span> <span class='ocrx_word' id='word_1_240' title='bbox 3513 1606 3581 1646; x_wconf 82' lang='lat' dir='ltr'><strong><em>ex</em></strong></span> 
     </span>
    </p>
   </div>
   <div class='ocr_carea' id='block_1_31' title="bbox 2009 1679 3582 1757">
    <p class='ocr_par' dir='ltr' id='par_1_31' title="bbox 2009 1679 3582 1757">
     <span class='ocr_line' id='line_1_31' title="bbox 2009 1679 3582 1757; baseline 0.001 -23"><span class='ocrx_word' id='word_1_241' title='bbox 2009 1679 2182 1735; x_wconf 91' lang='lat' dir='ltr'><strong><em>altero</em></strong></span> <span class='ocrx_word' id='word_1_242' title='bbox 2210 1681 2426 1746; x_wconf 66' lang='lat' dir='ltr'><strong><em>llarlmi,</em></strong></span> <span class='ocrx_word' id='word_1_243' title='bbox 2482 1682 2862 1738; x_wconf 80' lang='lat' dir='ltr'><strong><em>Macloviensis</em></strong></span> <span class='ocrx_word' id='word_1_244' title='bbox 2909 1683 3174 1754; x_wconf 86' lang='lat' dir='ltr'><strong><em>episcopi,</em></strong></span> <span class='ocrx_word' id='word_1_245' title='bbox 3227 1682 3386 1757; x_wconf 77' lang='lat' dir='ltr'><strong><em>cujus</em></strong></span> <span class='ocrx_word' id='word_1_246' title='bbox 3419 1679 3582 1736; x_wconf 75' lang='lat' dir='ltr'><strong><em>varize</em></strong></span> 
     </span>
    </p>
   </div>
   <div class='ocr_carea' id='block_1_32' title="bbox 324 1766 3577 1847">
    <p class='ocr_par' dir='ltr' id='par_1_32' title="bbox 324 1766 3577 1847">
     <span class='ocr_line' id='line_1_32' title="bbox 324 1766 3577 1847; baseline 0.008 -25"><span class='ocrx_word' id='word_1_247' title='bbox 324 1769 508 1838; x_wconf 82' lang='lat' dir='ltr'><strong><em>legato</em></strong></span> <span class='ocrx_word' id='word_1_248' title='bbox 569 1771 818 1826; x_wconf 87' lang='lat' dir='ltr'><strong><em>Vulcanii</em></strong></span> <span class='ocrx_word' id='word_1_249' title='bbox 875 1773 1118 1847; x_wconf 86' lang='lat' dir='ltr'><strong><em>laudata]</em></strong></span> <span class='ocrx_word' id='word_1_250' title='bbox 1184 1777 1354 1832; x_wconf 89' lang='lat' dir='ltr'><strong><em>etiam</em></strong></span> <span class='ocrx_word' id='word_1_251' title='bbox 1415 1776 1648 1834; x_wconf 81' lang='lat' dir='ltr'><strong><em>Auberti</em></strong></span> <span class='ocrx_word' id='word_1_252' title='bbox 1707 1781 1900 1836; x_wconf 88' lang='lat' dir='ltr'><strong><em>usibus</em></strong></span> <span class='ocrx_word' id='word_1_253' title='bbox 1932 1766 1973 1821; x_wconf 75' lang='grc' dir='ltr'><strong><em>Β</em></strong></span> <span class='ocrx_word' id='word_1_254' title='bbox 2007 1771 2270 1826; x_wconf 49' lang='lat' dir='ltr'><strong><em>lationes</em></strong></span> <span class='ocrx_word' id='word_1_255' title='bbox 2294 1781 2420 1842; x_wconf 71' lang='grc' dir='ltr'><strong><em>Ροει</em></strong></span> <span class='ocrx_word' id='word_1_256' title='bbox 2447 1782 2605 1828; x_wconf 69' lang='grc' dir='ltr'><strong><em>ηοιίιε</em></strong></span> <span class='ocrx_word' id='word_1_257' title='bbox 2638 1773 2830 1844; x_wconf 66' lang='grc' dir='ltr'><strong><em>Αὲθηίί</em></strong></span> <span class='ocrx_word' id='word_1_258' title='bbox 2874 1773 2931 1828; x_wconf 67' lang='grc' dir='ltr'><strong><em>ίτὶ</em></strong></span> <span class='ocrx_word' id='word_1_259' title='bbox 2961 1773 3107 1828; x_wconf 68' lang='lat' dir='ltr'><strong><em>calce</em></strong></span> <span class='ocrx_word' id='word_1_260' title='bbox 3145 1769 3440 1824; x_wconf 55' lang='lat' dir='ltr'><strong><em>“ﬂuminis</em></strong></span> <span class='ocrx_word' id='word_1_261' title='bbox 3482 1783 3577 1822; x_wconf 72' lang='lat' dir='ltr'><strong><em>oc&#39;</em></strong></span> 
     </span>
    </p>
   </div>
   <div class='ocr_carea' id='block_1_33' title="bbox 320 1859 751 1931">
    <p class='ocr_par' dir='ltr' id='par_1_33' title="bbox 320 1859 751 1931">
     <span class='ocr_line' id='line_1_33' title="bbox 320 1859 751 1931; baseline 0.016 -20"><span class='ocrx_word' id='word_1_262' title='bbox 320 1859 528 1915; x_wconf 85' lang='lat' dir='ltr'><strong><em>deinde</em></strong></span> <span class='ocrx_word' id='word_1_263' title='bbox 553 1864 751 1931; x_wconf 89' lang='lat' dir='ltr'><strong><em>patuit.</em></strong></span> 
     </span>
    </p>
   </div>
   <div class='ocr_carea' id='block_1_34' title="bbox 389 1949 1903 2028">
    <p class='ocr_par' dir='ltr' id='par_1_34' title="bbox 389 1949 1903 2028">
     <span class='ocr_line' id='line_1_34' title="bbox 389 1949 1903 2028; baseline 0.01 -25"><span class='ocrx_word' id='word_1_264' title='bbox 389 1949 443 2004; x_wconf 89' lang='grc'><strong><em>2.</em></strong></span> <span class='ocrx_word' id='word_1_265' title='bbox 490 1951 774 2008; x_wconf 78' lang='lat' dir='ltr'><strong><em>Frontonis</em></strong></span> <span class='ocrx_word' id='word_1_266' title='bbox 798 1955 996 2022; x_wconf 74' lang='lat' dir='ltr'><strong><em>Ducwi,</em></strong></span> <span class='ocrx_word' id='word_1_267' title='bbox 1025 1956 1095 2012; x_wconf 91' lang='lat' dir='ltr'><strong><em>de</em></strong></span> <span class='ocrx_word' id='word_1_268' title='bbox 1117 1973 1228 2028; x_wconf 89' lang='lat' dir='ltr'><strong><em>quo</em></strong></span> <span class='ocrx_word' id='word_1_269' title='bbox 1250 1959 1490 2016; x_wconf 72' lang='lat' dir='ltr'><strong><em>Iacobus</em></strong></span> <span class='ocrx_word' id='word_1_270' title='bbox 1508 1961 1831 2017; x_wconf 87' lang='lat' dir='ltr'><strong><em>Sirmondus</em></strong></span> <span class='ocrx_word' id='word_1_271' title='bbox 1846 1962 1903 2019; x_wconf 92' lang='lat' dir='ltr'><strong><em>in</em></strong></span> 
     </span>
    </p>
   </div>
   <div class='ocr_carea' id='block_1_35' title="bbox 319 2041 1897 2120">
    <p class='ocr_par' dir='ltr' id='par_1_35' title="bbox 319 2041 1897 2120">
     <span class='ocr_line' id='line_1_35' title="bbox 319 2041 1897 2120; baseline 0.01 -27"><span class='ocrx_word' id='word_1_272' title='bbox 319 2041 528 2098; x_wconf 85' lang='lat' dir='ltr'><strong><em>litteris</em></strong></span> <span class='ocrx_word' id='word_1_273' title='bbox 558 2044 626 2098; x_wconf 89' lang='lat' dir='ltr'><strong><em>ad</em></strong></span> <span class='ocrx_word' id='word_1_274' title='bbox 655 2044 1037 2102; x_wconf 81' lang='lat' dir='ltr'><strong><em>Sebastianum</em></strong></span> <span class='ocrx_word' id='word_1_275' title='bbox 1073 2049 1458 2120; x_wconf 83' lang='lat' dir='ltr'><strong><em>Tegnagclium</em></strong></span> <span class='ocrx_word' id='word_1_276' title='bbox 1489 2052 1630 2108; x_wconf 87' lang='lat' dir='ltr'><strong><em>datis</em></strong></span> <span class='ocrx_word' id='word_1_277' title='bbox 1665 2070 1722 2108; x_wconf 88' lang='grc' dir='ltr'><strong><em>ιιι</em></strong></span> <span class='ocrx_word' id='word_1_278' title='bbox 1759 2053 1897 2108; x_wconf 88' lang='grc' dir='ltr'>Νοιι.</span> 
     </span>
    </p>
   </div>
   <div class='ocr_carea' id='block_1_36' title="bbox 315 2127 1902 2198">
    <p class='ocr_par' dir='ltr' id='par_1_36' title="bbox 315 2127 1902 2198">
     <span class='ocr_line' id='line_1_36' title="bbox 315 2127 1902 2198; baseline 0.01 -15"><span class='ocrx_word' id='word_1_279' title='bbox 315 2127 468 2198; x_wconf 76' lang='lat' dir='ltr'><strong><em>Sept.</em></strong></span> <span class='ocrx_word' id='word_1_280' title='bbox 505 2131 636 2187; x_wconf 84' lang='lat' dir='ltr'><strong>l696</strong></span> <span class='ocrx_word' id='word_1_281' title='bbox 665 2133 763 2188; x_wconf 84' lang='lat' dir='ltr'><strong><em>:ln</em></strong></span> <span class='ocrx_word' id='word_1_282' title='bbox 793 2135 1093 2192; x_wconf 81' lang='lat' dir='ltr'><strong><em>bibliotheca</em></strong></span> <span class='ocrx_word' id='word_1_283' title='bbox 1106 2138 1332 2194; x_wconf 85' lang='lat' dir='ltr'><strong><em>Patrum</em></strong></span> <span class='ocrx_word' id='word_1_284' title='bbox 1353 2141 1751 2198; x_wconf 81' lang='lat' dir='ltr'><strong><em>erco-Latina</em></strong></span> <span class='ocrx_word' id='word_1_285' title='bbox 1773 2145 1902 2198; x_wconf 87' lang='lat' dir='ltr'><strong><em>duo-</em></strong></span> 
     </span>
    </p>
   </div>
   <div class='ocr_carea' id='block_1_37' title="bbox 314 2219 1900 2307">
    <p class='ocr_par' dir='ltr' id='par_1_37' title="bbox 314 2219 1900 2307">
     <span class='ocr_line' id='line_1_37' title="bbox 314 2219 1900 2307; baseline 0.012 -35"><span class='ocrx_word' id='word_1_286' title='bbox 314 2219 406 2274; x_wconf 85' lang='lat' dir='ltr'><strong><em>bus</em></strong></span> <span class='ocrx_word' id='word_1_287' title='bbox 421 2221 780 2280; x_wconf 87' lang='lat' dir='ltr'><strong><em>voluminibus</em></strong></span> <span class='ocrx_word' id='word_1_288' title='bbox 799 2235 1167 2299; x_wconf 86' lang='lat' dir='ltr'><strong><em>comprehensa</em></strong></span> <span class='ocrx_word' id='word_1_289' title='bbox 1190 2232 1341 2286; x_wconf 87' lang='lat' dir='ltr'><strong><em>desiit</em></strong></span> <span class='ocrx_word' id='word_1_290' title='bbox 1358 2236 1383 2286; x_wconf 82' lang='grc' dir='ltr'>ὁ</span> <span class='ocrx_word' id='word_1_291' title='bbox 1400 2235 1729 2307; x_wconf 74' lang='grc' dir='ltr'><strong><em>μακαρίτης,</em></strong></span> <span class='ocrx_word' id='word_1_292' title='bbox 1748 2238 1836 2306; x_wconf 86' lang='lat' dir='ltr'><strong><em>qui</em></strong></span> <span class='ocrx_word' id='word_1_293' title='bbox 1851 2244 1900 2290; x_wconf 84' lang='lat' dir='ltr'><strong><em>et</em></strong></span> 
     </span>
    </p>
   </div>
   <div class='ocr_carea' id='block_1_38' title="bbox 315 2310 1896 2394">
    <p class='ocr_par' dir='ltr' id='par_1_38' title="bbox 315 2310 1896 2394">
     <span class='ocr_line' id='line_1_38' title="bbox 315 2310 1896 2394; baseline 0.013 -31"><span class='ocrx_word' id='word_1_294' title='bbox 315 2310 446 2376; x_wconf 88' lang='lat' dir='ltr'><strong><em>alia,</em></strong></span> <span class='ocrx_word' id='word_1_295' title='bbox 459 2321 530 2366; x_wconf 82' lang='lat' dir='ltr'><strong><em>ut</em></strong></span> <span class='ocrx_word' id='word_1_296' title='bbox 544 2317 701 2380; x_wconf 86' lang='lat' dir='ltr'><strong><em>nosti,</em></strong></span> <span class='ocrx_word' id='word_1_297' title='bbox 716 2320 1091 2389; x_wconf 84' lang='lat' dir='ltr'><strong><em>meditabatur,</em></strong></span> <span class='ocrx_word' id='word_1_298' title='bbox 1105 2322 1475 2394; x_wconf 79' lang='lat' dir='ltr'><strong><em>Nicephorum,</em></strong></span> <span class='ocrx_word' id='word_1_299' title='bbox 1503 2327 1896 2393; x_wconf 86' lang='lat' dir='ltr'><strong><em>Theodoretum,</em></strong></span> 
     </span>
    </p>
   </div>
   <div class='ocr_carea' id='block_1_39' title="bbox 313 2399 1898 2487">
    <p class='ocr_par' dir='ltr' id='par_1_39' title="bbox 313 2399 1898 2487">
     <span class='ocr_line' id='line_1_39' title="bbox 313 2399 1898 2487; baseline 0.012 -34"><span class='ocrx_word' id='word_1_300' title='bbox 313 2399 602 2470; x_wconf 79' lang='lat' dir='ltr'><strong><em>Cyrillum,</em></strong></span> <span class='ocrx_word' id='word_1_301' title='bbox 656 2403 810 2460; x_wconf 73' lang='lat' dir='ltr'><strong><em>Aleos.</em></strong></span> <span class='ocrx_word' id='word_1_302' title='bbox 849 2415 897 2466; x_wconf 68' lang='lat' dir='ltr'><strong><em>et</em></strong></span> <span class='ocrx_word' id='word_1_303' title='bbox 926 2407 1086 2463; x_wconf 90' lang='lat' dir='ltr'><strong><em>biblia</em></strong></span> <span class='ocrx_word' id='word_1_304' title='bbox 1119 2410 1548 2468; x_wconf 64' lang='lat' dir='ltr'><strong><em>Greece-Latina.</em></strong></span> <span class='ocrx_word' id='word_1_305' title='bbox 1581 2415 1667 2470; x_wconf 76' lang='lat' dir='ltr'><strong><em>Ea:</em></strong></span> <span class='ocrx_word' id='word_1_306' title='bbox 1710 2419 1898 2487; x_wconf 86' lang='lat' dir='ltr'><strong><em>quibus</em></strong></span> 
     </span>
    </p>
   </div>
   <div class='ocr_carea' id='block_1_40' title="bbox 313 2487 1899 2577">
    <p class='ocr_par' dir='ltr' id='par_1_40' title="bbox 313 2487 1899 2577">
     <span class='ocr_line' id='line_1_40' title="bbox 313 2487 1899 2577; baseline 0.013 -35"><span class='ocrx_word' id='word_1_307' title='bbox 313 2487 672 2566; x_wconf 74' lang='lat' dir='ltr'><strong><em>Nicephorum</em></strong></span> <span class='ocrx_word' id='word_1_308' title='bbox 695 2492 854 2565; x_wconf 84' lang='lat' dir='ltr'><strong><em>plane</em></strong></span> <span class='ocrx_word' id='word_1_309' title='bbox 882 2496 1196 2566; x_wconf 75' lang='lat' dir='ltr'><strong><em>absolverat,</em></strong></span> <span class='ocrx_word' id='word_1_310' title='bbox 1225 2500 1602 2560; x_wconf 85' lang='lat' dir='ltr'><strong><em>Theodoretum</em></strong></span> <span class='ocrx_word' id='word_1_311' title='bbox 1624 2523 1819 2577; x_wconf 86' lang='lat' dir='ltr'><strong><em>magna</em></strong></span> <span class='ocrx_word' id='word_1_312' title='bbox 1835 2523 1899 2562; x_wconf 77' lang='lat' dir='ltr'><strong><em>eo:</em></strong></span> 
     </span>
    </p>
   </div>
   <div class='ocr_carea' id='block_1_41' title="bbox 315 2586 1899 2670">
    <p class='ocr_par' dir='ltr' id='par_1_41' title="bbox 315 2586 1899 2670">
     <span class='ocr_line' id='line_1_41' title="bbox 315 2586 1899 2670; baseline 0.014 -36"><span class='ocrx_word' id='word_1_313' title='bbox 315 2592 465 2651; x_wconf 90' lang='lat' dir='ltr'><strong><em>parte</em></strong></span> <span class='ocrx_word' id='word_1_314' title='bbox 497 2586 792 2654; x_wconf 82' lang='lat' dir='ltr'><strong><em>confectum</em></strong></span> <span class='ocrx_word' id='word_1_315' title='bbox 823 2589 1062 2644; x_wconf 80' lang='lat' dir='ltr'><strong><em>habebat.</em></strong></span> <span class='ocrx_word' id='word_1_316' title='bbox 1101 2592 1252 2657; x_wconf 84' lang='lat' dir='ltr'><strong><em>Quod</em></strong></span> <span class='ocrx_word' id='word_1_317' title='bbox 1283 2595 1480 2662; x_wconf 86' lang='lat' dir='ltr'><strong><em>deerat,</em></strong></span> <span class='ocrx_word' id='word_1_318' title='bbox 1510 2598 1752 2670; x_wconf 87' lang='lat' dir='ltr'><strong><em>supplere</em></strong></span> <span class='ocrx_word' id='word_1_319' title='bbox 1789 2601 1899 2670; x_wconf 87' lang='lat' dir='ltr'><strong><em>ipse</em></strong></span> 
     </span>
    </p>
   </div>
   <div class='ocr_carea' id='block_1_42' title="bbox 315 2673 1898 2760">
    <p class='ocr_par' dir='ltr' id='par_1_42' title="bbox 315 2673 1898 2760">
     <span class='ocr_line' id='line_1_42' title="bbox 315 2673 1898 2760; baseline 0.012 -35"><span class='ocrx_word' id='word_1_320' title='bbox 315 2673 543 2729; x_wconf 86' lang='lat' dir='ltr'><strong><em>institui.</em></strong></span> <span class='ocrx_word' id='word_1_321' title='bbox 575 2675 945 2748; x_wconf 81' lang='lat' dir='ltr'><strong><em>Ad.Cyrillum</em></strong></span> <span class='ocrx_word' id='word_1_322' title='bbox 988 2685 1239 2753; x_wconf 89' lang='lat' dir='ltr'><strong><em>pauciora</em></strong></span> <span class='ocrx_word' id='word_1_323' title='bbox 1283 2685 1602 2756; x_wconf 81' lang='lat' dir='ltr'><strong><em>collegerat,</em></strong></span> <span class='ocrx_word' id='word_1_324' title='bbox 1633 2706 1749 2760; x_wconf 68' lang='lat' dir='ltr'><strong><em>qua:</em></strong></span> <span class='ocrx_word' id='word_1_325' title='bbox 1780 2693 1898 2745; x_wconf 85' lang='lat' dir='ltr'><strong><em>usui</em></strong></span> 
     </span>
    </p>
   </div>
   <div class='ocr_carea' id='block_1_43' title="bbox 317 2770 1898 2848">
    <p class='ocr_par' dir='ltr' id='par_1_43' title="bbox 317 2770 1898 2848">
     <span class='ocr_line' id='line_1_43' title="bbox 317 2770 1898 2848; baseline 0.011 -31"><span class='ocrx_word' id='word_1_326' title='bbox 317 2770 491 2819; x_wconf 87' lang='lat' dir='ltr'><strong><em>tamen</em></strong></span> <span class='ocrx_word' id='word_1_327' title='bbox 521 2783 636 2821; x_wconf 86' lang='lat' dir='ltr'><strong><em>esse</em></strong></span> <span class='ocrx_word' id='word_1_328' title='bbox 656 2770 877 2839; x_wconf 89' lang='lat' dir='ltr'><strong><em>possint,</em></strong></span> <span class='ocrx_word' id='word_1_329' title='bbox 911 2773 957 2826; x_wconf 90' lang='lat' dir='ltr'><strong><em>si</em></strong></span> <span class='ocrx_word' id='word_1_330' title='bbox 975 2774 1091 2842; x_wconf 83' lang='lat' dir='ltr'><strong><em>quis</em></strong></span> <span class='ocrx_word' id='word_1_331' title='bbox 1129 2777 1226 2829; x_wconf 86' lang='lat' dir='ltr'><strong><em>huc</em></strong></span> <span class='ocrx_word' id='word_1_332' title='bbox 1258 2776 1547 2848; x_wconf 86' lang='lat' dir='ltr'><strong><em>aliquando</em></strong></span> <span class='ocrx_word' id='word_1_333' title='bbox 1575 2779 1644 2833; x_wconf 86' lang='lat' dir='ltr'><strong><em>ad</em></strong></span> <span class='ocrx_word' id='word_1_334' title='bbox 1675 2797 1898 2835; x_wconf 78' lang='lat' dir='ltr'><strong><em>canicu-</em></strong></span> 
     </span>
    </p>
   </div>
   <div class='ocr_carea' id='block_1_44' title="bbox 316 2858 1893 2940">
    <p class='ocr_par' dir='ltr' id='par_1_44' title="bbox 316 2858 1893 2940">
     <span class='ocr_line' id='line_1_44' title="bbox 316 2858 1893 2940; baseline 0.011 -33"><span class='ocrx_word' id='word_1_335' title='bbox 316 2869 434 2910; x_wconf 71' lang='grc' dir='ltr'><strong><em>ἀτη</em></strong></span> <span class='ocrx_word' id='word_1_336' title='bbox 459 2858 710 2912; x_wconf 83' lang='lat' dir='ltr'><strong><em>animum</em></strong></span> <span class='ocrx_word' id='word_1_337' title='bbox 741 2859 972 2930; x_wconf 89' lang='lat' dir='ltr'><strong><em>adjiciet.</em></strong></span> <span class='ocrx_word' id='word_1_338' title='bbox 1003 2862 1212 2936; x_wconf 85' lang='lat' dir='ltr'><strong><em>[Cyrilli</em></strong></span> <span class='ocrx_word' id='word_1_339' title='bbox 1255 2865 1432 2937; x_wconf 85' lang='lat' dir='ltr'><strong><em>Opera</em></strong></span> <span class='ocrx_word' id='word_1_340' title='bbox 1456 2868 1544 2922; x_wconf 80' lang='lat' dir='ltr'><strong><em>vix</em></strong></span> <span class='ocrx_word' id='word_1_341' title='bbox 1580 2869 1742 2940; x_wconf 86' lang='lat' dir='ltr'><strong><em>digna</em></strong></span> <span class='ocrx_word' id='word_1_342' title='bbox 1771 2885 1893 2926; x_wconf 90' lang='lat' dir='ltr'><strong><em>esse</em></strong></span> 
     </span>
    </p>
   </div>
   <div class='ocr_carea' id='block_1_45' title="bbox 313 2946 1893 3021">
    <p class='ocr_par' dir='ltr' id='par_1_45' title="bbox 313 2946 1893 3021">
     <span class='ocr_line' id='line_1_45' title="bbox 313 2946 1893 3021; baseline 0.013 -23"><span class='ocrx_word' id='word_1_343' title='bbox 313 2959 433 3015; x_wconf 64' lang='lat' dir='ltr'><strong><em>qum</em></strong></span> <span class='ocrx_word' id='word_1_344' title='bbox 455 2946 736 3018; x_wconf 81' lang='lat' dir='ltr'><strong><em>legantur,</em></strong></span> <span class='ocrx_word' id='word_1_345' title='bbox 769 2951 978 3021; x_wconf 71' lang='lat' dir='ltr'><strong><em>iudicat</em></strong></span> <span class='ocrx_word' id='word_1_346' title='bbox 1012 2954 1088 3009; x_wconf 90' lang='lat' dir='ltr'><strong><em>La</em></strong></span> <span class='ocrx_word' id='word_1_347' title='bbox 1115 2955 1286 3011; x_wconf 86' lang='lat' dir='ltr'><strong><em>Croze</em></strong></span> <span class='ocrx_word' id='word_1_348' title='bbox 1325 2957 1461 3012; x_wconf 83' lang='lat' dir='ltr'><strong><em>Hist.</em></strong></span> <span class='ocrx_word' id='word_1_349' title='bbox 1491 2958 1684 3014; x_wconf 83' lang='lat' dir='ltr'><strong><em>Christ.</em></strong></span> <span class='ocrx_word' id='word_1_350' title='bbox 1707 2959 1893 3018; x_wconf 74' lang='lat' dir='ltr'><strong><em>Indice.</em></strong></span> 
     </span>
    </p>
   </div>
   <div class='ocr_carea' id='block_1_46' title="bbox 313 3035 1895 3116">
    <p class='ocr_par' dir='ltr' id='par_1_46' title="bbox 313 3035 1895 3116">
     <span class='ocr_line' id='line_1_46' title="bbox 313 3035 1895 3116; baseline 0.011 -27"><span class='ocrx_word' id='word_1_351' title='bbox 313 3035 411 3090; x_wconf 85' lang='lat' dir='ltr'><strong><em>lib.</em></strong></span> <span class='ocrx_word' id='word_1_352' title='bbox 440 3053 478 3102; x_wconf 92' lang='lat' dir='ltr'><strong><em>I,</em></strong></span> <span class='ocrx_word' id='word_1_353' title='bbox 498 3053 634 3108; x_wconf 80' lang='lat' dir='ltr'><strong><em>pag.</em></strong></span> <span class='ocrx_word' id='word_1_354' title='bbox 662 3039 747 3094; x_wconf 80' lang='grc'><strong>16.</strong></span> <span class='ocrx_word' id='word_1_355' title='bbox 767 3041 940 3097; x_wconf 79' lang='grc' dir='ltr'><strong><em>Ηεωί.</em></strong></span> <span class='ocrx_word' id='word_1_356' title='bbox 966 3042 1053 3116; x_wconf 82' lang='lat' dir='ltr'><strong><em>[In</em></strong></span> <span class='ocrx_word' id='word_1_357' title='bbox 1071 3043 1256 3101; x_wconf 87' lang='lat' dir='ltr'><strong><em>Bibliis</em></strong></span> <span class='ocrx_word' id='word_1_358' title='bbox 1281 3045 1447 3102; x_wconf 81' lang='lat' dir='ltr'><strong><em>sacris</em></strong></span> <span class='ocrx_word' id='word_1_359' title='bbox 1465 3049 1690 3104; x_wconf 86' lang='lat' dir='ltr'><strong><em>multum</em></strong></span> <span class='ocrx_word' id='word_1_360' title='bbox 1711 3050 1895 3106; x_wconf 82' lang='lat' dir='ltr'><strong><em>eldili-</em></strong></span> 
     </span>
    </p>
   </div>
   <div class='ocr_carea' id='block_1_47' title="bbox 314 3129 1895 3214">
    <p class='ocr_par' dir='ltr' id='par_1_47' title="bbox 314 3129 1895 3214">
     <span class='ocr_line' id='line_1_47' title="bbox 314 3129 1895 3214; baseline 0.011 -35"><span class='ocrx_word' id='word_1_361' title='bbox 314 3137 492 3198; x_wconf 84' lang='lat' dir='ltr'><strong><em>genter</em></strong></span> <span class='ocrx_word' id='word_1_362' title='bbox 525 3129 828 3198; x_wconf 80' lang='lat' dir='ltr'><strong><em>laboraret,</em></strong></span> <span class='ocrx_word' id='word_1_363' title='bbox 847 3149 1114 3206; x_wconf 87' lang='lat' dir='ltr'><strong><em>unumque</em></strong></span> <span class='ocrx_word' id='word_1_364' title='bbox 1127 3137 1220 3191; x_wconf 90' lang='lat' dir='ltr'><strong><em>hoc</em></strong></span> <span class='ocrx_word' id='word_1_365' title='bbox 1238 3155 1366 3209; x_wconf 89' lang='lat' dir='ltr'><strong><em>opus</em></strong></span> <span class='ocrx_word' id='word_1_366' title='bbox 1388 3156 1499 3210; x_wconf 74' lang='lat' dir='ltr'><strong><em>pra:</em></strong></span> <span class='ocrx_word' id='word_1_367' title='bbox 1518 3143 1720 3196; x_wconf 68' lang='lat' dir='ltr'><strong><em>ca’teris</em></strong></span> <span class='ocrx_word' id='word_1_368' title='bbox 1738 3158 1895 3214; x_wconf 88' lang='lat' dir='ltr'><strong><em>urge-</em></strong></span> 
     </span>
    </p>
   </div>
   <div class='ocr_carea' id='block_1_48' title="bbox 315 3216 1898 3303">
    <p class='ocr_par' dir='ltr' id='par_1_48' title="bbox 315 3216 1898 3303">
     <span class='ocr_line' id='line_1_48' title="bbox 315 3216 1898 3303; baseline 0.01 -33"><span class='ocrx_word' id='word_1_369' title='bbox 315 3216 421 3271; x_wconf 90' lang='lat' dir='ltr'><strong><em>bat.</em></strong></span> <span class='ocrx_word' id='word_1_370' title='bbox 444 3217 555 3273; x_wconf 87' lang='lat' dir='ltr'><strong><em>Sed</em></strong></span> <span class='ocrx_word' id='word_1_371' title='bbox 577 3236 760 3274; x_wconf 88' lang='lat' dir='ltr'><strong><em>vereor</em></strong></span> <span class='ocrx_word' id='word_1_372' title='bbox 788 3230 846 3277; x_wconf 88' lang='lat' dir='ltr'><strong><em>ut</em></strong></span> <span class='ocrx_word' id='word_1_373' title='bbox 869 3225 924 3277; x_wconf 88' lang='lat' dir='ltr'><strong><em>in</em></strong></span> <span class='ocrx_word' id='word_1_374' title='bbox 949 3234 1215 3295; x_wconf 88' lang='lat' dir='ltr'><strong><em>posterum</em></strong></span> <span class='ocrx_word' id='word_1_375' title='bbox 1237 3245 1453 3299; x_wconf 83' lang='lat' dir='ltr'><strong><em>sperare</em></strong></span> <span class='ocrx_word' id='word_1_376' title='bbox 1483 3229 1658 3296; x_wconf 88' lang='lat' dir='ltr'><strong><em>liceat,</em></strong></span> <span class='ocrx_word' id='word_1_377' title='bbox 1685 3242 1898 3303; x_wconf 88' lang='lat' dir='ltr'><strong><em>propter</em></strong></span> 
     </span>
    </p>
   </div>
   <div class='ocr_carea' id='block_1_49' title="bbox 317 3309 1895 3392">
    <p class='ocr_par' dir='ltr' id='par_1_49' title="bbox 317 3309 1895 3392">
     <span class='ocr_line' id='line_1_49' title="bbox 317 3309 1895 3392; baseline 0.009 -32"><span class='ocrx_word' id='word_1_378' title='bbox 317 3323 502 3364; x_wconf 86' lang='lat' dir='ltr'><strong><em>novam</em></strong></span> <span class='ocrx_word' id='word_1_379' title='bbox 539 3309 823 3366; x_wconf 87' lang='lat' dir='ltr'><strong><em>editionem</em></strong></span> <span class='ocrx_word' id='word_1_380' title='bbox 865 3312 1346 3383; x_wconf 65' lang='lat' dir='ltr'><strong><em>Graeco-Latinam,</em></strong></span> <span class='ocrx_word' id='word_1_381' title='bbox 1391 3335 1510 3390; x_wconf 81' lang='lat' dir='ltr'><strong><em>quce</em></strong></span> <span class='ocrx_word' id='word_1_382' title='bbox 1543 3321 1624 3374; x_wconf 87' lang='lat' dir='ltr'><strong><em>hic</em></strong></span> <span class='ocrx_word' id='word_1_383' title='bbox 1651 3323 1772 3392; x_wconf 86' lang='lat' dir='ltr'><strong><em>jam</em></strong></span> <span class='ocrx_word' id='word_1_384' title='bbox 1809 3324 1895 3376; x_wconf 89' lang='lat' dir='ltr'><strong><em>in-</em></strong></span> 
     </span>
    </p>
   </div>
   <div class='ocr_carea' id='block_1_50' title="bbox 316 3399 1894 3486">
    <p class='ocr_par' dir='ltr' id='par_1_50' title="bbox 316 3399 1894 3486">
     <span class='ocr_line' id='line_1_50' title="bbox 316 3399 1894 3486; baseline 0.012 -36"><span class='ocrx_word' id='word_1_385' title='bbox 316 3399 500 3454; x_wconf 88' lang='lat' dir='ltr'><strong><em>choata</em></strong></span> <span class='ocrx_word' id='word_1_386' title='bbox 537 3409 639 3464; x_wconf 89' lang='lat' dir='ltr'><strong><em>est,</em></strong></span> <span class='ocrx_word' id='word_1_387' title='bbox 681 3413 923 3467; x_wconf 88' lang='lat' dir='ltr'><strong><em>curante,</em></strong></span> <span class='ocrx_word' id='word_1_388' title='bbox 958 3413 1012 3458; x_wconf 85' lang='lat' dir='ltr'><strong><em>ut</em></strong></span> <span class='ocrx_word' id='word_1_389' title='bbox 1045 3407 1223 3470; x_wconf 88' lang='lat' dir='ltr'><strong><em>audio,</em></strong></span> <span class='ocrx_word' id='word_1_390' title='bbox 1245 3409 1330 3462; x_wconf 77' lang='lat' dir='ltr'><strong><em>Io.</em></strong></span> <span class='ocrx_word' id='word_1_391' title='bbox 1361 3411 1592 3480; x_wconf 80' lang='lat' dir='ltr'><strong><em>Marino,</em></strong></span> <span class='ocrx_word' id='word_1_392' title='bbox 1621 3429 1647 3468; x_wconf 93' lang='lat' dir='ltr'><strong><em>e</em></strong></span> <span class='ocrx_word' id='word_1_393' title='bbox 1670 3431 1894 3486; x_wconf 85' lang='lat' dir='ltr'><strong><em>congre-</em></strong></span> 
     </span>
    </p>
   </div>
   <div class='ocr_carea' id='block_1_51' title="bbox 316 3491 1298 3565">
    <p class='ocr_par' dir='ltr' id='par_1_51' title="bbox 316 3491 1298 3565">
     <span class='ocr_line' id='line_1_51' title="bbox 316 3491 1298 3565; baseline 0.013 -24"><span class='ocrx_word' id='word_1_394' title='bbox 316 3492 526 3560; x_wconf 87' lang='lat' dir='ltr'><strong><em>gatione</em></strong></span> <span class='ocrx_word' id='word_1_395' title='bbox 559 3491 816 3560; x_wconf 88' lang='lat' dir='ltr'><strong><em>Oratorii,</em></strong></span> <span class='ocrx_word' id='word_1_396' title='bbox 847 3499 959 3552; x_wconf 90' lang='lat' dir='ltr'><strong><em>viro</em></strong></span> <span class='ocrx_word' id='word_1_397' title='bbox 988 3499 1159 3565; x_wconf 87' lang='lat' dir='ltr'><strong><em>docto,</em></strong></span> <span class='ocrx_word' id='word_1_398' title='bbox 1191 3511 1298 3557; x_wconf 90' lang='lat' dir='ltr'><strong><em>etc.</em></strong></span> 
     </span>
    </p>
   </div>
   <div class='ocr_carea' id='block_1_52' title="bbox 379 3581 1898 3665">
    <p class='ocr_par' dir='ltr' id='par_1_52' title="bbox 379 3581 1898 3665">
     <span class='ocr_line' id='line_1_52' title="bbox 379 3581 1898 3665; baseline 0.01 -30"><span class='ocrx_word' id='word_1_399' title='bbox 379 3581 432 3636; x_wconf 86' lang='grc'><strong><em>5.</em></strong></span> <span class='ocrx_word' id='word_1_400' title='bbox 471 3581 711 3638; x_wconf 88' lang='lat' dir='ltr'><strong><em>Conradi</em></strong></span> <span class='ocrx_word' id='word_1_401' title='bbox 747 3586 1084 3644; x_wconf 85' lang='lat' dir='ltr'><strong><em>Rittershusii</em></strong></span> <span class='ocrx_word' id='word_1_402' title='bbox 1107 3631 1122 3654; x_wconf 92' lang='lat'><strong><em>,</em></strong></span> <span class='ocrx_word' id='word_1_403' title='bbox 1173 3591 1242 3645; x_wconf 89' lang='lat' dir='ltr'><strong><em>de</em></strong></span> <span class='ocrx_word' id='word_1_404' title='bbox 1275 3609 1385 3661; x_wconf 91' lang='lat' dir='ltr'><strong><em>quo</em></strong></span> <span class='ocrx_word' id='word_1_405' title='bbox 1430 3594 1554 3649; x_wconf 86' lang='lat' dir='ltr'><strong><em>vide</em></strong></span> <span class='ocrx_word' id='word_1_406' title='bbox 1597 3595 1756 3665; x_wconf 84' lang='lat' dir='ltr'><strong><em>epist.</em></strong></span> <span class='ocrx_word' id='word_1_407' title='bbox 1795 3597 1898 3652; x_wconf 92' lang='grc'><strong><em>552</em></strong></span> 
     </span>
    </p>
   </div>
   <div class='ocr_carea' id='block_1_53' title="bbox 319 3671 1896 3747">
    <p class='ocr_par' dir='ltr' id='par_1_53' title="bbox 319 3671 1896 3747">
     <span class='ocr_line' id='line_1_53' title="bbox 319 3671 1896 3747; baseline 0.012 -24"><span class='ocrx_word' id='word_1_408' title='bbox 319 3680 378 3724; x_wconf 87' lang='lat' dir='ltr'><strong><em>et</em></strong></span> <span class='ocrx_word' id='word_1_409' title='bbox 398 3671 502 3726; x_wconf 80' lang='grc'><strong>’555</strong></span> <span class='ocrx_word' id='word_1_410' title='bbox 533 3673 685 3730; x_wconf 81' lang='lat' dir='ltr'><strong><em>inter</em></strong></span> <span class='ocrx_word' id='word_1_411' title='bbox 725 3678 986 3747; x_wconf 85' lang='lat' dir='ltr'><strong><em>epistolas</em></strong></span> <span class='ocrx_word' id='word_1_412' title='bbox 1033 3681 1277 3736; x_wconf 87' lang='lat' dir='ltr'><strong><em>virorum</em></strong></span> <span class='ocrx_word' id='word_1_413' title='bbox 1323 3683 1609 3739; x_wconf 91' lang='lat' dir='ltr'><strong><em>doctorum</em></strong></span> <span class='ocrx_word' id='word_1_414' title='bbox 1651 3687 1718 3740; x_wconf 90' lang='lat' dir='ltr'><strong><em>ad</em></strong></span> <span class='ocrx_word' id='word_1_415' title='bbox 1765 3687 1896 3742; x_wconf 86' lang='lat' dir='ltr'><strong><em>Gol-</em></strong></span> 
     </span>
    </p>
   </div>
   <div class='ocr_carea' id='block_1_54' title="bbox 326 3761 1893 3832">
    <p class='ocr_par' dir='ltr' id='par_1_54' title="bbox 326 3761 1893 3832">
     <span class='ocr_line' id='line_1_54' title="bbox 326 3761 1893 3832; baseline 0.012 -18"><span class='ocrx_word' id='word_1_416' title='bbox 326 3761 562 3829; x_wconf 86' lang='lat' dir='ltr'><strong><em>dastum,</em></strong></span> <span class='ocrx_word' id='word_1_417' title='bbox 597 3766 774 3823; x_wconf 88' lang='lat' dir='ltr'><strong><em>editas</em></strong></span> <span class='ocrx_word' id='word_1_418' title='bbox 791 3785 821 3824; x_wconf 89' lang='lat' dir='ltr'><strong><em>e</em></strong></span> <span class='ocrx_word' id='word_1_419' title='bbox 847 3770 1185 3829; x_wconf 86' lang='lat' dir='ltr'><strong><em>bibliotheca</em></strong></span> <span class='ocrx_word' id='word_1_420' title='bbox 1211 3776 1499 3831; x_wconf 86' lang='lat' dir='ltr'><strong><em>clarissimi</em></strong></span> <span class='ocrx_word' id='word_1_421' title='bbox 1539 3777 1893 3832; x_wconf 86' lang='lat' dir='ltr'><strong><em>Thulemarii.</em></strong></span> 
     </span>
    </p>
   </div>
   <div class='ocr_carea' id='block_1_55' title="bbox 387 3853 1895 3938">
    <p class='ocr_par' dir='ltr' id='par_1_55' title="bbox 387 3853 1895 3938">
     <span class='ocr_line' id='line_1_55' title="bbox 387 3853 1895 3938; baseline 0.009 -30"><span class='ocrx_word' id='word_1_422' title='bbox 387 3853 439 3908; x_wconf 78' lang='grc'><strong><em>4.</em></strong></span> <span class='ocrx_word' id='word_1_423' title='bbox 481 3855 934 3936; x_wconf 78' lang='lat' dir='ltr'><strong><em>Dissertationem</em></strong></span> <span class='ocrx_word' id='word_1_424' title='bbox 973 3863 1042 3918; x_wconf 92' lang='lat' dir='ltr'><strong><em>de</em></strong></span> <span class='ocrx_word' id='word_1_425' title='bbox 1089 3867 1311 3935; x_wconf 88' lang='lat' dir='ltr'><strong><em>scriptis</em></strong></span> <span class='ocrx_word' id='word_1_426' title='bbox 1353 3866 1537 3937; x_wconf 80' lang='lat' dir='ltr'><strong><em>Cyrilli</em></strong></span> <span class='ocrx_word' id='word_1_427' title='bbox 1574 3868 1725 3921; x_wconf 79' lang='lat' dir='ltr'><strong><em>Alex.</em></strong></span> <span class='ocrx_word' id='word_1_428' title='bbox 1767 3885 1895 3938; x_wconf 91' lang='lat' dir='ltr'><strong><em>pro-</em></strong></span> 
     </span>
    </p>
   </div>
   <div class='ocr_carea' id='block_1_56' title="bbox 321 3933 1891 4088">
    <p class='ocr_par' dir='ltr' id='par_1_56' title="bbox 321 3933 1891 4088">
     <span class='ocr_line' id='line_1_56' title="bbox 321 3933 1891 4088; baseline 0.011 -91"><span class='ocrx_word' id='word_1_429' title='bbox 321 3943 466 4088; x_wconf 63' lang='lat' dir='ltr'><strong><em>;irltisit</em></strong></span> <span class='ocrx_word' id='word_1_430' title='bbox 491 3933 580 4001; x_wconf 76' lang='lat' dir='ltr'><strong><em>Io.</em></strong></span> <span class='ocrx_word' id='word_1_431' title='bbox 635 3946 933 4008; x_wconf 88' lang='lat' dir='ltr'><strong><em>Garnerius</em></strong></span> <span class='ocrx_word' id='word_1_432' title='bbox 975 3953 1043 4008; x_wconf 88' lang='lat' dir='ltr'><strong><em>ad</em></strong></span> <span class='ocrx_word' id='word_1_433' title='bbox 1077 3933 1308 4010; x_wconf 81' lang='lat' dir='ltr'><strong><em>Marium</em></strong></span> <span class='ocrx_word' id='word_1_434' title='bbox 1350 3933 1727 4025; x_wconf 74' lang='lat' dir='ltr'><strong><em>lllcreatorem,</em></strong></span> <span class='ocrx_word' id='word_1_435' title='bbox 1763 3933 1891 4015; x_wconf 78' lang='lat' dir='ltr'><strong><em>tom.</em></strong></span> 
     </span>
     <span class='ocr_line' id='line_1_57' title="bbox 373 4037 590 4088; baseline 0 0"><span class='ocrx_word' id='word_1_436' title='bbox 373 4075 386 4088; x_wconf 93' lang='lat'><strong><em>.</em></strong></span> <span class='ocrx_word' id='word_1_437' title='bbox 423 4051 476 4088; x_wconf 84' lang='grc' dir='ltr'><strong><em>ι).</em></strong></span> <span class='ocrx_word' id='word_1_438' title='bbox 499 4037 590 4088; x_wconf 76' lang='grc'><strong><em>15.</em></strong></span> 
     </span>
    </p>
   </div>
   <div class='ocr_carea' id='block_1_57' title="bbox 373 4037 590 4105">
    <p class='ocr_par' dir='ltr' id='par_1_57' title="bbox 373 4037 590 4105">
     <span class='ocr_line' id='line_1_58' title="bbox 373 4037 590 4105; baseline 0 -15"><span class='ocrx_word' id='word_1_439' title='bbox 373 4075 386 4099; x_wconf 90' lang='grc'><strong><em>,</em></strong></span> <span class='ocrx_word' id='word_1_440' title='bbox 422 4051 476 4105; x_wconf 90' lang='lat' dir='ltr'><strong><em>p.</em></strong></span> <span class='ocrx_word' id='word_1_441' title='bbox 499 4037 590 4091; x_wconf 76' lang='grc'><strong><em>15.</em></strong></span> 
     </span>
    </p>
   </div>
   <div class='ocr_carea' id='block_1_58' title="bbox 353 4125 1858 4195">
    <p class='ocr_par' dir='ltr' id='par_1_58' title="bbox 353 4125 1858 4195">
     <span class='ocr_line' id='line_1_59' title="bbox 353 4125 1858 4195; baseline 0.011 -17"><span class='ocrx_word' id='word_1_442' title='bbox 353 4125 439 4179; x_wconf 80' lang='lat' dir='ltr'><strong><em>IV.</em></strong></span> <span class='ocrx_word' id='word_1_443' title='bbox 475 4127 537 4180; x_wconf 89' lang='lat' dir='ltr'><strong><em>In</em></strong></span> <span class='ocrx_word' id='word_1_444' title='bbox 567 4129 796 4187; x_wconf 88' lang='lat' dir='ltr'><strong><em>editione</em></strong></span> <span class='ocrx_word' id='word_1_445' title='bbox 823 4130 1230 4190; x_wconf 68' lang='lat' dir='ltr'><strong><em>Cresco-Latina</em></strong></span> <span class='ocrx_word' id='word_1_446' title='bbox 1261 4133 1438 4192; x_wconf 89' lang='lat' dir='ltr'><strong><em>Paris.</em></strong></span> <span class='ocrx_word' id='word_1_447' title='bbox 1482 4140 1816 4192; x_wconf 86' lang='lat' dir='ltr'><strong><em>continentur</em></strong></span> <span class='ocrx_word' id='word_1_448' title='bbox 1838 4159 1858 4195; x_wconf 91' lang='lat'><strong><em>:</em></strong></span> 
     </span>
    </p>
   </div>
   <div class='ocr_carea' id='block_1_59' title="bbox 387 4213 1896 4302">
    <p class='ocr_par' dir='ltr' id='par_1_59' title="bbox 387 4213 1896 4302">
     <span class='ocr_line' id='line_1_60' title="bbox 387 4213 1896 4302; baseline 0.01 -34"><span class='ocrx_word' id='word_1_449' title='bbox 387 4213 558 4270; x_wconf 90' lang='lat' dir='ltr'><strong><em>Tomo</em></strong></span> <span class='ocrx_word' id='word_1_450' title='bbox 585 4216 633 4271; x_wconf 87' lang='grc' dir='ltr'><strong><em>Ι.</em></strong></span> <span class='ocrx_word' id='word_1_451' title='bbox 651 4247 720 4257; x_wconf 70' lang='grc' dir='ltr'><strong><em>-ν-</em></strong></span> <span class='ocrx_word' id='word_1_452' title='bbox 738 4225 809 4274; x_wconf 84' lang='grc' dir='ltr'><strong><em>α⁹.</em></strong></span> <span class='ocrx_word' id='word_1_453' title='bbox 840 4222 976 4290; x_wconf 79' lang='grc' dir='ltr'>Περὶ</span> <span class='ocrx_word' id='word_1_454' title='bbox 996 4223 1093 4292; x_wconf 79' lang='grc' dir='ltr'><strong><em>τῆς</em></strong></span> <span class='ocrx_word' id='word_1_455' title='bbox 1115 4224 1172 4275; x_wconf 82' lang='grc' dir='ltr'>ἐν</span> <span class='ocrx_word' id='word_1_456' title='bbox 1207 4225 1477 4296; x_wconf 82' lang='grc' dir='ltr'><strong><em>πνεύματι</em></strong></span> <span class='ocrx_word' id='word_1_457' title='bbox 1530 4229 1623 4280; x_wconf 76' lang='grc' dir='ltr'><strong><em>καὶ</em></strong></span> <span class='ocrx_word' id='word_1_458' title='bbox 1669 4229 1896 4302; x_wconf 77' lang='grc' dir='ltr'><strong><em>ἀληθείᾳ</em></strong></span> 
     </span>
    </p>
   </div>
   <div class='ocr_carea' id='block_1_60' title="bbox 317 4309 1893 4384">
    <p class='ocr_par' dir='ltr' id='par_1_60' title="bbox 317 4309 1893 4384">
     <span class='ocr_line' id='line_1_61' title="bbox 317 4309 1893 4384; baseline 0.012 -28"><span class='ocrx_word' id='word_1_459' title='bbox 317 4309 742 4378; x_wconf 78' lang='grc' dir='ltr'><strong><em>προσκυνήσεως</em></strong></span> <span class='ocrx_word' id='word_1_460' title='bbox 763 4311 856 4363; x_wconf 75' lang='grc' dir='ltr'><strong><em>καὶ</em></strong></span> <span class='ocrx_word' id='word_1_461' title='bbox 896 4310 1168 4384; x_wconf 64' lang='grc' dir='ltr'><strong><em>λατρείας,</em></strong></span> <span class='ocrx_word' id='word_1_462' title='bbox 1202 4315 1278 4368; x_wconf 90' lang='lat' dir='ltr'><strong><em>De</em></strong></span> <span class='ocrx_word' id='word_1_463' title='bbox 1305 4316 1611 4372; x_wconf 77' lang='lat' dir='ltr'><strong><em>adcretione</em></strong></span> <span class='ocrx_word' id='word_1_464' title='bbox 1653 4329 1702 4373; x_wconf 90' lang='lat' dir='ltr'><strong><em>et</em></strong></span> <span class='ocrx_word' id='word_1_465' title='bbox 1749 4321 1893 4375; x_wconf 86' lang='lat' dir='ltr'><strong><em>cultu</em></strong></span> 
     </span>
    </p>
   </div>
   <div class='ocr_carea' id='block_1_61' title="bbox 2005 1859 3576 1934">
    <p class='ocr_par' dir='ltr' id='par_1_61' title="bbox 2005 1859 3576 1934">
     <span class='ocr_line' id='line_1_62' title="bbox 2005 1859 3576 1934; baseline -0.004 -15"><span class='ocrx_word' id='word_1_466' title='bbox 2005 1873 2254 1920; x_wconf 87' lang='lat' dir='ltr'><strong><em>currunt.</em></strong></span> <span class='ocrx_word' id='word_1_467' title='bbox 2294 1864 2453 1920; x_wconf 70' lang='lat' dir='ltr'><strong><em>FABR.</em></strong></span> <span class='ocrx_word' id='word_1_468' title='bbox 2486 1896 2557 1904; x_wconf 96' lang='lat'><strong>—</strong></span> <span class='ocrx_word' id='word_1_469' title='bbox 2599 1863 2751 1918; x_wconf 86' lang='lat' dir='ltr'><strong><em>Libri</em></strong></span> <span class='ocrx_word' id='word_1_470' title='bbox 2789 1865 3000 1934; x_wconf 89' lang='lat' dir='ltr'><strong><em>priores</em></strong></span> <span class='ocrx_word' id='word_1_471' title='bbox 3040 1869 3254 1916; x_wconf 81' lang='lat' dir='ltr'><strong><em>exstant</em></strong></span> <span class='ocrx_word' id='word_1_472' title='bbox 3313 1859 3487 1914; x_wconf 76' lang='lat' dir='ltr'><strong><em>Oxon.</em></strong></span> <span class='ocrx_word' id='word_1_473' title='bbox 3522 1859 3576 1912; x_wconf 90' lang='lat' dir='ltr'><strong><em>in</em></strong></span> 
     </span>
    </p>
   </div>
   <div class='ocr_carea' id='block_1_62' title="bbox 2004 1951 3577 2012">
    <p class='ocr_par' dir='ltr' id='par_1_62' title="bbox 2004 1951 3577 2012">
     <span class='ocr_line' id='line_1_63' title="bbox 2004 1951 3577 2012; baseline -0.004 -2"><span class='ocrx_word' id='word_1_474' title='bbox 2004 1955 2126 2010; x_wconf 91' lang='lat' dir='ltr'><strong><em>cod.</em></strong></span> <span class='ocrx_word' id='word_1_475' title='bbox 2152 1955 2372 2011; x_wconf 89' lang='lat' dir='ltr'><strong><em>Barocc.</em></strong></span> <span class='ocrx_word' id='word_1_476' title='bbox 2397 1973 2453 2012; x_wconf 82' lang='grc' dir='ltr'><strong><em>ιι.</em></strong></span> <span class='ocrx_word' id='word_1_477' title='bbox 2483 1956 2583 2011; x_wconf 79' lang='grc'><strong><em>291</em></strong></span> <span class='ocrx_word' id='word_1_478' title='bbox 2611 1955 2783 2011; x_wconf 88' lang='lat' dir='ltr'><strong><em>Catal.</em></strong></span> <span class='ocrx_word' id='word_1_479' title='bbox 2819 1987 2890 1994; x_wconf 98' lang='lat'><strong>—</strong></span> <span class='ocrx_word' id='word_1_480' title='bbox 2925 1954 2986 2009; x_wconf 92' lang='lat' dir='ltr'><strong><em>In</em></strong></span> <span class='ocrx_word' id='word_1_481' title='bbox 3013 1953 3177 2010; x_wconf 88' lang='lat' dir='ltr'><strong><em>codd.</em></strong></span> <span class='ocrx_word' id='word_1_482' title='bbox 3214 1952 3390 2008; x_wconf 88' lang='lat' dir='ltr'><strong><em>Vatic.</em></strong></span> <span class='ocrx_word' id='word_1_483' title='bbox 3433 1951 3577 2006; x_wconf 90' lang='lat' dir='ltr'><strong><em>etde</em></strong></span> 
     </span>
    </p>
   </div>
   <div class='ocr_carea' id='block_1_63' title="bbox 2003 2043 3576 2118">
    <p class='ocr_par' dir='ltr' id='par_1_63' title="bbox 2003 2043 3576 2118">
     <span class='ocr_line' id='line_1_64' title="bbox 2003 2043 3576 2118; baseline -0.004 -17"><span class='ocrx_word' id='word_1_484' title='bbox 2003 2045 2218 2118; x_wconf 83' lang='lat' dir='ltr'><strong><em>Harlay,</em></strong></span> <span class='ocrx_word' id='word_1_485' title='bbox 2276 2047 2654 2103; x_wconf 79' lang='lat' dir='ltr'><strong><em>Macloviensis</em></strong></span> <span class='ocrx_word' id='word_1_486' title='bbox 2703 2047 2762 2102; x_wconf 90' lang='lat' dir='ltr'><strong><em>in</em></strong></span> <span class='ocrx_word' id='word_1_487' title='bbox 2810 2046 2982 2102; x_wconf 87' lang='lat' dir='ltr'><strong><em>Gallia</em></strong></span> <span class='ocrx_word' id='word_1_488' title='bbox 3021 2043 3282 2116; x_wconf 76' lang='lat' dir='ltr'><strong><em>episcopi.</em></strong></span> <span class='ocrx_word' id='word_1_489' title='bbox 3333 2075 3401 2084; x_wconf 90' lang='lat'><strong><em>—</em></strong></span> <span class='ocrx_word' id='word_1_490' title='bbox 3430 2043 3576 2098; x_wconf 87' lang='lat' dir='ltr'><strong><em>Num</em></strong></span> 
     </span>
    </p>
   </div>
   <div class='ocr_carea' id='block_1_64' title="bbox 2003 2136 3575 2212">
    <p class='ocr_par' dir='ltr' id='par_1_64' title="bbox 2003 2136 3575 2212">
     <span class='ocr_line' id='line_1_65' title="bbox 2003 2136 3575 2212; baseline -0.003 -19"><span class='ocrx_word' id='word_1_491' title='bbox 2003 2153 2140 2209; x_wconf 87' lang='lat' dir='ltr'><strong><em>opus</em></strong></span> <span class='ocrx_word' id='word_1_492' title='bbox 2166 2140 2240 2196; x_wconf 91' lang='lat' dir='ltr'><strong><em>sit</em></strong></span> <span class='ocrx_word' id='word_1_493' title='bbox 2270 2139 2454 2212; x_wconf 87' lang='lat' dir='ltr'><strong><em>Cyrilli</em></strong></span> <span class='ocrx_word' id='word_1_494' title='bbox 2477 2140 2792 2212; x_wconf 83' lang='lat' dir='ltr'><strong><em>genuinum,</em></strong></span> <span class='ocrx_word' id='word_1_495' title='bbox 2830 2138 3090 2209; x_wconf 89' lang='lat' dir='ltr'><strong><em>disputat,</em></strong></span> <span class='ocrx_word' id='word_1_496' title='bbox 3119 2145 3176 2192; x_wconf 90' lang='lat' dir='ltr'><strong><em>et</em></strong></span> <span class='ocrx_word' id='word_1_497' title='bbox 3196 2143 3386 2192; x_wconf 80' lang='lat' dir='ltr'><strong><em>centra</em></strong></span> <span class='ocrx_word' id='word_1_498' title='bbox 3409 2136 3575 2190; x_wconf 71' lang='lat' dir='ltr'><strong><em>[live-</em></strong></span> 
     </span>
    </p>
   </div>
   <div class='ocr_carea' id='block_1_65' title="bbox 2003 2227 3571 2303">
    <p class='ocr_par' dir='ltr' id='par_1_65' title="bbox 2003 2227 3571 2303">
     <span class='ocr_line' id='line_1_66' title="bbox 2003 2227 3571 2303; baseline -0.003 -19"><span class='ocrx_word' id='word_1_499' title='bbox 2003 2237 2118 2284; x_wconf 88' lang='lat' dir='ltr'><strong><em>tum</em></strong></span> <span class='ocrx_word' id='word_1_500' title='bbox 2141 2231 2338 2285; x_wconf 88' lang='lat' dir='ltr'><strong><em>asserit</em></strong></span> <span class='ocrx_word' id='word_1_501' title='bbox 2363 2229 2565 2303; x_wconf 77' lang='lat' dir='ltr'><strong><em>Cyrillo</em></strong></span> <span class='ocrx_word' id='word_1_502' title='bbox 2589 2230 2792 2286; x_wconf 91' lang='lat' dir='ltr'><strong><em>Oudin.</em></strong></span> <span class='ocrx_word' id='word_1_503' title='bbox 2827 2231 2866 2285; x_wconf 91' lang='lat' dir='ltr'><strong><em>l.</em></strong></span> <span class='ocrx_word' id='word_1_504' title='bbox 2900 2246 2974 2295; x_wconf 92' lang='lat' dir='ltr'><strong><em>c.,</em></strong></span> <span class='ocrx_word' id='word_1_505' title='bbox 3010 2247 3065 2300; x_wconf 92' lang='lat' dir='ltr'><strong><em>p.</em></strong></span> <span class='ocrx_word' id='word_1_506' title='bbox 3099 2229 3237 2284; x_wconf 86' lang='grc'><strong>1015</strong></span> <span class='ocrx_word' id='word_1_507' title='bbox 3265 2245 3382 2298; x_wconf 89' lang='lat' dir='ltr'><strong><em>sqq.</em></strong></span> <span class='ocrx_word' id='word_1_508' title='bbox 3404 2227 3571 2282; x_wconf 69' lang='lat' dir='ltr'><strong><em>IIARL.</em></strong></span> 
     </span>
    </p>
   </div>
   <div class='ocr_carea' id='block_1_66' title="bbox 2073 2319 3573 2390">
    <p class='ocr_par' dir='ltr' id='par_1_66' title="bbox 2073 2319 3573 2390">
     <span class='ocr_line' id='line_1_67' title="bbox 2073 2319 3573 2390; baseline 0.001 -17"><span class='ocrx_word' id='word_1_509' title='bbox 2073 2319 2140 2389; x_wconf 79' lang='grc' dir='ltr'><strong><em>β’.</em></strong></span> <span class='ocrx_word' id='word_1_510' title='bbox 2171 2320 2433 2390; x_wconf 78' lang='grc' dir='ltr'>Γλαφυρά</span> <span class='ocrx_word' id='word_1_511' title='bbox 2489 2320 2603 2376; x_wconf 88' lang='lat' dir='ltr'><strong><em>sive</em></strong></span> <span class='ocrx_word' id='word_1_512' title='bbox 2650 2323 2781 2374; x_wconf 91' lang='lat' dir='ltr'><strong><em>scita</em></strong></span> <span class='ocrx_word' id='word_1_513' title='bbox 2829 2321 3210 2374; x_wconf 89' lang='lat' dir='ltr'><strong><em>commentaria</em></strong></span> <span class='ocrx_word' id='word_1_514' title='bbox 3263 2319 3573 2388; x_wconf 76' lang='lat' dir='ltr'><strong><em>(allegorica</em></strong></span> 
     </span>
    </p>
   </div>
   <div class='ocr_carea' id='block_1_67' title="bbox 2001 2409 3574 2481">
    <p class='ocr_par' dir='ltr' id='par_1_67' title="bbox 2001 2409 3574 2481">
     <span class='ocr_line' id='line_1_68' title="bbox 2001 2409 3574 2481; baseline 0 -19"><span class='ocrx_word' id='word_1_515' title='bbox 2001 2423 2250 2479; x_wconf 86' lang='lat' dir='ltr'><strong><em>magnam</em></strong></span> <span class='ocrx_word' id='word_1_516' title='bbox 2283 2417 2496 2481; x_wconf 91' lang='lat' dir='ltr'><strong><em>partem</em></strong></span> <span class='ocrx_word' id='word_1_517' title='bbox 2525 2418 2580 2464; x_wconf 88' lang='lat' dir='ltr'><strong><em>et</em></strong></span> <span class='ocrx_word' id='word_1_518' title='bbox 2601 2410 2915 2481; x_wconf 82' lang='lat' dir='ltr'><strong><em>anagogica)</em></strong></span> <span class='ocrx_word' id='word_1_519' title='bbox 2946 2412 3000 2464; x_wconf 81' lang='lat' dir='ltr'><strong><em>in</em></strong></span> <span class='ocrx_word' id='word_1_520' title='bbox 3032 2410 3146 2463; x_wconf 90' lang='lat' dir='ltr'><strong><em>loca</em></strong></span> <span class='ocrx_word' id='word_1_521' title='bbox 3161 2409 3351 2462; x_wconf 76' lang='lat' dir='ltr'><strong><em>selecto</em></strong></span> <span class='ocrx_word' id='word_1_522' title='bbox 3381 2409 3574 2462; x_wconf 84' lang='lat' dir='ltr'><strong><em>Penta-</em></strong></span> 
     </span>
    </p>
   </div>
   <div class='ocr_carea' id='block_1_68' title="bbox 2001 2497 3572 2570">
    <p class='ocr_par' dir='ltr' id='par_1_68' title="bbox 2001 2497 3572 2570">
     <span class='ocr_line' id='line_1_69' title="bbox 2001 2497 3572 2570; baseline 0.001 -18"><span class='ocrx_word' id='word_1_523' title='bbox 2001 2499 2208 2563; x_wconf 87' lang='lat' dir='ltr'><strong><em>teuchi,</em></strong></span> <span class='ocrx_word' id='word_1_524' title='bbox 2265 2499 2420 2554; x_wconf 87' lang='lat' dir='ltr'><strong><em>Tomi</em></strong></span> <span class='ocrx_word' id='word_1_525' title='bbox 2465 2508 2618 2570; x_wconf 89' lang='lat' dir='ltr'><strong><em>parte</em></strong></span> <span class='ocrx_word' id='word_1_526' title='bbox 2665 2517 2741 2564; x_wconf 90' lang='grc' dir='ltr'>ιι,</span> <span class='ocrx_word' id='word_1_527' title='bbox 2788 2516 2844 2570; x_wconf 92' lang='lat' dir='ltr'><strong><em>p.</em></strong></span> <span class='ocrx_word' id='word_1_528' title='bbox 2891 2500 3070 2554; x_wconf 75' lang='grc'><strong>1-455.</strong></span> <span class='ocrx_word' id='word_1_529' title='bbox 3135 2498 3272 2554; x_wconf 88' lang='lat' dir='ltr'><strong><em>Cum</em></strong></span> <span class='ocrx_word' id='word_1_530' title='bbox 3321 2497 3572 2553; x_wconf 84' lang='lat' dir='ltr'><strong><em>versione</em></strong></span> 
     </span>
    </p>
   </div>
   <div class='ocr_carea' id='block_1_69' title="bbox 2001 2588 3574 2655">
    <p class='ocr_par' dir='ltr' id='par_1_69' title="bbox 2001 2588 3574 2655">
     <span class='ocr_line' id='line_1_70' title="bbox 2001 2588 3574 2655; baseline -0.001 -11"><span class='ocrx_word' id='word_1_531' title='bbox 2001 2588 2233 2645; x_wconf 72' lang='lat' dir='ltr'><strong><em>Andrese</em></strong></span> <span class='ocrx_word' id='word_1_532' title='bbox 2253 2591 2486 2650; x_wconf 87' lang='lat' dir='ltr'><strong><em>Schotti.</em></strong></span> <span class='ocrx_word' id='word_1_533' title='bbox 2525 2590 2580 2646; x_wconf 90' lang='lat' dir='ltr'><strong><em>S.</em></strong></span> <span class='ocrx_word' id='word_1_534' title='bbox 2622 2591 2670 2646; x_wconf 87' lang='lat' dir='ltr'><strong><em>J.</em></strong></span> <span class='ocrx_word' id='word_1_535' title='bbox 2713 2591 2773 2645; x_wconf 90' lang='lat' dir='ltr'><strong><em>In</em></strong></span> <span class='ocrx_word' id='word_1_536' title='bbox 2797 2590 3034 2646; x_wconf 88' lang='lat' dir='ltr'><strong><em>Genesin</em></strong></span> <span class='ocrx_word' id='word_1_537' title='bbox 3075 2590 3173 2644; x_wconf 90' lang='lat' dir='ltr'><strong><em>lib.</em></strong></span> <span class='ocrx_word' id='word_1_538' title='bbox 3206 2590 3318 2655; x_wconf 84' lang='lat' dir='ltr'><strong><em>Vll,</em></strong></span> <span class='ocrx_word' id='word_1_539' title='bbox 3351 2589 3404 2644; x_wconf 92' lang='lat' dir='ltr'><strong><em>in</em></strong></span> <span class='ocrx_word' id='word_1_540' title='bbox 3433 2590 3574 2643; x_wconf 80' lang='lat' dir='ltr'><strong><em>Exo-</em></strong></span> 
     </span>
    </p>
   </div>
   <div class='ocr_carea' id='block_1_70' title="bbox 1999 2679 3572 2747">
    <p class='ocr_par' dir='ltr' id='par_1_70' title="bbox 1999 2679 3572 2747">
     <span class='ocr_line' id='line_1_71' title="bbox 1999 2679 3572 2747; baseline 0 -11"><span class='ocrx_word' id='word_1_541' title='bbox 1999 2681 2129 2736; x_wconf 90' lang='lat' dir='ltr'><strong><em>dum</em></strong></span> <span class='ocrx_word' id='word_1_542' title='bbox 2157 2681 2260 2736; x_wconf 86' lang='lat' dir='ltr'><strong><em>lib.</em></strong></span> <span class='ocrx_word' id='word_1_543' title='bbox 2295 2682 2388 2747; x_wconf 86' lang='grc' dir='ltr'><strong><em>ΠΙ,</em></strong></span> <span class='ocrx_word' id='word_1_544' title='bbox 2433 2682 2488 2736; x_wconf 92' lang='lat' dir='ltr'><strong><em>in</em></strong></span> <span class='ocrx_word' id='word_1_545' title='bbox 2522 2682 2830 2737; x_wconf 87' lang='lat' dir='ltr'><strong><em>Leviticum</em></strong></span> <span class='ocrx_word' id='word_1_546' title='bbox 2876 2681 2918 2746; x_wconf 89' lang='lat' dir='ltr'><strong><em>l,</em></strong></span> <span class='ocrx_word' id='word_1_547' title='bbox 2966 2681 3024 2736; x_wconf 92' lang='lat' dir='ltr'><strong><em>in</em></strong></span> <span class='ocrx_word' id='word_1_548' title='bbox 3054 2681 3326 2736; x_wconf 86' lang='lat' dir='ltr'><strong><em>Numeros</em></strong></span> <span class='ocrx_word' id='word_1_549' title='bbox 3351 2681 3393 2745; x_wconf 95' lang='lat' dir='ltr'><strong><em>I,</em></strong></span> <span class='ocrx_word' id='word_1_550' title='bbox 3427 2689 3484 2735; x_wconf 88' lang='lat' dir='ltr'><strong><em>et</em></strong></span> <span class='ocrx_word' id='word_1_551' title='bbox 3512 2679 3572 2736; x_wconf 88' lang='lat' dir='ltr'><strong><em>in</em></strong></span> 
     </span>
    </p>
   </div>
   <div class='ocr_carea' id='block_1_71' title="bbox 1998 2771 3573 2844">
    <p class='ocr_par' dir='ltr' id='par_1_71' title="bbox 1998 2771 3573 2844">
     <span class='ocr_line' id='line_1_72' title="bbox 1998 2771 3573 2844; baseline -0.001 -16"><span class='ocrx_word' id='word_1_552' title='bbox 1998 2773 2484 2828; x_wconf 88' lang='lat' dir='ltr'><strong><em>Deutcronomium</em></strong></span> <span class='ocrx_word' id='word_1_553' title='bbox 2515 2773 2557 2828; x_wconf 87' lang='grc' dir='ltr'><strong><em>Ι.</em></strong></span> <span class='ocrx_word' id='word_1_554' title='bbox 2592 2774 2706 2828; x_wconf 85' lang='lat' dir='ltr'><strong><em>Hoc</em></strong></span> <span class='ocrx_word' id='word_1_555' title='bbox 2733 2789 2874 2844; x_wconf 89' lang='lat' dir='ltr'><strong><em>opus</em></strong></span> <span class='ocrx_word' id='word_1_556' title='bbox 2901 2789 2931 2828; x_wconf 88' lang='lat' dir='ltr'><strong><em>a</em></strong></span> <span class='ocrx_word' id='word_1_557' title='bbox 2956 2773 3236 2828; x_wconf 84' lang='lat' dir='ltr'><strong><em>veteribus</em></strong></span> <span class='ocrx_word' id='word_1_558' title='bbox 3259 2771 3573 2842; x_wconf 83' lang='lat' dir='ltr'><strong><em>frequenter</em></strong></span> 
     </span>
    </p>
   </div>
   <div class='ocr_carea' id='block_1_72' title="bbox 1997 2863 3572 2936">
    <p class='ocr_par' dir='ltr' id='par_1_72' title="bbox 1997 2863 3572 2936">
     <span class='ocr_line' id='line_1_73' title="bbox 1997 2863 3572 2936; baseline 0.002 -19"><span class='ocrx_word' id='word_1_559' title='bbox 1997 2863 2249 2919; x_wconf 86' lang='lat' dir='ltr'><strong><em>laudatur</em></strong></span> <span class='ocrx_word' id='word_1_560' title='bbox 2282 2863 2380 2936; x_wconf 79' lang='grc' dir='ltr'><strong><em>(ά).</em></strong></span> <span class='ocrx_word' id='word_1_561' title='bbox 2408 2865 2599 2921; x_wconf 89' lang='lat' dir='ltr'><strong><em>Latine</em></strong></span> <span class='ocrx_word' id='word_1_562' title='bbox 2619 2867 2854 2936; x_wconf 88' lang='lat' dir='ltr'><strong><em>primum</em></strong></span> <span class='ocrx_word' id='word_1_563' title='bbox 2877 2865 3056 2920; x_wconf 88' lang='lat' dir='ltr'><strong><em>lucem</em></strong></span> <span class='ocrx_word' id='word_1_564' title='bbox 3085 2865 3224 2920; x_wconf 88' lang='lat' dir='ltr'><strong><em>vidit</em></strong></span> <span class='ocrx_word' id='word_1_565' title='bbox 3251 2880 3318 2918; x_wconf 79' lang='lat' dir='ltr'><strong><em>ex</em></strong></span> <span class='ocrx_word' id='word_1_566' title='bbox 3342 2865 3572 2920; x_wconf 65' lang='lat' dir='ltr'><strong><em>Andreas</em></strong></span> 
     </span>
    </p>
   </div>
   <div class='ocr_carea' id='block_1_73' title="bbox 1998 2953 3568 3026">
    <p class='ocr_par' dir='ltr' id='par_1_73' title="bbox 1998 2953 3568 3026">
     <span class='ocr_line' id='line_1_74' title="bbox 1998 2953 3568 3026; baseline -0.001 -16"><span class='ocrx_word' id='word_1_567' title='bbox 1998 2953 2209 3010; x_wconf 87' lang='lat' dir='ltr'><strong><em>Schotti</em></strong></span> <span class='ocrx_word' id='word_1_568' title='bbox 2253 2956 2505 3010; x_wconf 88' lang='lat' dir='ltr'><strong><em>versione</em></strong></span> <span class='ocrx_word' id='word_1_569' title='bbox 2556 2957 2610 3010; x_wconf 89' lang='lat' dir='ltr'><strong><em>in</em></strong></span> <span class='ocrx_word' id='word_1_570' title='bbox 2658 2956 2848 3010; x_wconf 88' lang='lat' dir='ltr'><strong><em>Latina</em></strong></span> <span class='ocrx_word' id='word_1_571' title='bbox 2887 2954 3127 3025; x_wconf 87' lang='lat' dir='ltr'><strong><em>Operum</em></strong></span> <span class='ocrx_word' id='word_1_572' title='bbox 3179 2955 3366 3026; x_wconf 84' lang='lat' dir='ltr'><strong><em>Cyrilli</em></strong></span> <span class='ocrx_word' id='word_1_573' title='bbox 3413 2955 3568 3010; x_wconf 86' lang='lat' dir='ltr'><strong><em>Pari-</em></strong></span> 
     </span>
    </p>
   </div>
   <div class='ocr_carea' id='block_1_74' title="bbox 1999 3046 3570 3118">
    <p class='ocr_par' dir='ltr' id='par_1_74' title="bbox 1999 3046 3570 3118">
     <span class='ocr_line' id='line_1_75' title="bbox 1999 3046 3570 3118; baseline 0 -16"><span class='ocrx_word' id='word_1_574' title='bbox 1999 3047 2166 3102; x_wconf 87' lang='lat' dir='ltr'><strong><em>siensi</em></strong></span> <span class='ocrx_word' id='word_1_575' title='bbox 2195 3049 2323 3102; x_wconf 88' lang='lat' dir='ltr'><strong><em>anni</em></strong></span> <span class='ocrx_word' id='word_1_576' title='bbox 2359 3049 2516 3103; x_wconf 82' lang='grc'><strong>1605.</strong></span> <span class='ocrx_word' id='word_1_577' title='bbox 2560 3048 2768 3103; x_wconf 87' lang='lat' dir='ltr'><strong><em>Deinde</em></strong></span> <span class='ocrx_word' id='word_1_578' title='bbox 2813 3063 2938 3103; x_wconf 90' lang='lat' dir='ltr'><strong><em>cum</em></strong></span> <span class='ocrx_word' id='word_1_579' title='bbox 2993 3048 3342 3103; x_wconf 87' lang='lat' dir='ltr'><strong><em>sermonibus</em></strong></span> <span class='ocrx_word' id='word_1_580' title='bbox 3381 3046 3570 3118; x_wconf 83' lang='lat' dir='ltr'><strong><em>Cyrilli</em></strong></span> 
     </span>
    </p>
   </div>
   <div class='ocr_carea' id='block_1_75' title="bbox 1999 3135 3571 3207">
    <p class='ocr_par' dir='ltr' id='par_1_75' title="bbox 1999 3135 3571 3207">
     <span class='ocr_line' id='line_1_76' title="bbox 1999 3135 3571 3207; baseline 0.001 -16"><span class='ocrx_word' id='word_1_581' title='bbox 1999 3137 2348 3207; x_wconf 86' lang='lat' dir='ltr'><strong><em>paschalibus</em></strong></span> <span class='ocrx_word' id='word_1_582' title='bbox 2391 3137 2460 3192; x_wconf 88' lang='lat' dir='ltr'><strong><em>ab</em></strong></span> <span class='ocrx_word' id='word_1_583' title='bbox 2499 3137 2693 3192; x_wconf 89' lang='lat' dir='ltr'><strong><em>eodem</em></strong></span> <span class='ocrx_word' id='word_1_584' title='bbox 2749 3138 2976 3193; x_wconf 89' lang='lat' dir='ltr'><strong><em>Schotto</em></strong></span> <span class='ocrx_word' id='word_1_585' title='bbox 3029 3137 3216 3193; x_wconf 64' lang='lat' dir='ltr'><strong><em>Graace</em></strong></span> <span class='ocrx_word' id='word_1_586' title='bbox 3272 3147 3327 3192; x_wconf 89' lang='lat' dir='ltr'><strong><em>et</em></strong></span> <span class='ocrx_word' id='word_1_587' title='bbox 3379 3135 3571 3193; x_wconf 86' lang='lat' dir='ltr'><strong><em>Latine</em></strong></span> 
     </span>
    </p>
   </div>
   <div class='ocr_carea' id='block_1_76' title="bbox 1998 3227 3568 3297">
    <p class='ocr_par' dir='ltr' id='par_1_76' title="bbox 1998 3227 3568 3297">
     <span class='ocr_line' id='line_1_77' title="bbox 1998 3227 3568 3297; baseline 0.002 -17"><span class='ocrx_word' id='word_1_588' title='bbox 1998 3227 2335 3297; x_wconf 86' lang='lat' dir='ltr'><strong><em>publicatum</em></strong></span> <span class='ocrx_word' id='word_1_589' title='bbox 2378 3235 2462 3282; x_wconf 90' lang='lat' dir='ltr'><strong><em>est</em></strong></span> <span class='ocrx_word' id='word_1_590' title='bbox 2503 3228 2770 3296; x_wconf 85' lang='lat' dir='ltr'><strong><em>Antuerp.</em></strong></span> <span class='ocrx_word' id='word_1_591' title='bbox 2796 3227 2953 3292; x_wconf 90' lang='grc'><strong>1618,</strong></span> <span class='ocrx_word' id='word_1_592' title='bbox 2994 3227 3089 3281; x_wconf 79' lang='lat' dir='ltr'><strong><em>fol.</em></strong></span> <span class='ocrx_word' id='word_1_593' title='bbox 3133 3227 3413 3282; x_wconf 81' lang='lat' dir='ltr'><strong><em>Aubertus</em></strong></span> <span class='ocrx_word' id='word_1_594' title='bbox 3444 3243 3568 3283; x_wconf 87' lang='lat' dir='ltr'><strong><em>eum</em></strong></span> 
     </span>
    </p>
   </div>
   <div class='ocr_carea' id='block_1_77' title="bbox 1997 3317 3569 3381">
    <p class='ocr_par' dir='ltr' id='par_1_77' title="bbox 1997 3317 3569 3381">
     <span class='ocr_line' id='line_1_78' title="bbox 1997 3317 3569 3381; baseline -0.001 -9"><span class='ocrx_word' id='word_1_595' title='bbox 1997 3319 2210 3374; x_wconf 90' lang='lat' dir='ltr'><strong><em>Schotti</em></strong></span> <span class='ocrx_word' id='word_1_596' title='bbox 2254 3318 2498 3373; x_wconf 88' lang='lat' dir='ltr'><strong><em>editione</em></strong></span> <span class='ocrx_word' id='word_1_597' title='bbox 2543 3317 2790 3373; x_wconf 90' lang='lat' dir='ltr'><strong><em>codicem</em></strong></span> <span class='ocrx_word' id='word_1_598' title='bbox 2825 3317 3022 3374; x_wconf 64' lang='lat' dir='ltr'><strong><em>llarlaai</em></strong></span> <span class='ocrx_word' id='word_1_599' title='bbox 3072 3317 3325 3381; x_wconf 87' lang='lat' dir='ltr'><strong><em>contulit,</em></strong></span> <span class='ocrx_word' id='word_1_600' title='bbox 3375 3317 3569 3372; x_wconf 87' lang='lat' dir='ltr'><strong><em>lectio-</em></strong></span> 
     </span>
    </p>
   </div>
   <div class='ocr_carea' id='block_1_78' title="bbox 1996 3407 3566 3478">
    <p class='ocr_par' dir='ltr' id='par_1_78' title="bbox 1996 3407 3566 3478">
     <span class='ocr_line' id='line_1_79' title="bbox 1996 3407 3566 3478; baseline -0.001 -17"><span class='ocrx_word' id='word_1_601' title='bbox 1996 3425 2237 3478; x_wconf 88' lang='lat' dir='ltr'><strong><em>numque</em></strong></span> <span class='ocrx_word' id='word_1_602' title='bbox 2267 3408 2561 3464; x_wconf 88' lang='lat' dir='ltr'><strong><em>varietates</em></strong></span> <span class='ocrx_word' id='word_1_603' title='bbox 2596 3408 2652 3462; x_wconf 90' lang='lat' dir='ltr'><strong><em>in</em></strong></span> <span class='ocrx_word' id='word_1_604' title='bbox 2682 3417 2929 3462; x_wconf 82' lang='lat' dir='ltr'><strong><em>extremo</em></strong></span> <span class='ocrx_word' id='word_1_605' title='bbox 2961 3407 3238 3463; x_wconf 88' lang='lat' dir='ltr'><strong><em>volumine</em></strong></span> <span class='ocrx_word' id='word_1_606' title='bbox 3269 3407 3566 3461; x_wconf 86' lang='lat' dir='ltr'><strong><em>annotavit.</em></strong></span> 
     </span>
    </p>
   </div>
   <div class='ocr_carea' id='block_1_79' title="bbox 1997 3498 3568 3570">
    <p class='ocr_par' dir='ltr' id='par_1_79' title="bbox 1997 3498 3568 3570">
     <span class='ocr_line' id='line_1_80' title="bbox 1997 3498 3568 3570; baseline -0.001 -16"><span class='ocrx_word' id='word_1_607' title='bbox 1997 3499 2076 3554; x_wconf 77' lang='lat' dir='ltr'><strong><em>Ex</em></strong></span> <span class='ocrx_word' id='word_1_608' title='bbox 2105 3500 2402 3570; x_wconf 85' lang='lat' dir='ltr'><strong><em>Nicephori</em></strong></span> <span class='ocrx_word' id='word_1_609' title='bbox 2448 3517 2559 3563; x_wconf 69' lang='lat' dir='ltr'><strong><em>xxv,</em></strong></span> <span class='ocrx_word' id='word_1_610' title='bbox 2613 3499 2700 3564; x_wconf 77' lang='lat' dir='ltr'><strong><em>M,</em></strong></span> <span class='ocrx_word' id='word_1_611' title='bbox 2752 3499 3072 3568; x_wconf 86' lang='lat' dir='ltr'><strong><em>suspiceris,</em></strong></span> <span class='ocrx_word' id='word_1_612' title='bbox 3111 3498 3376 3570; x_wconf 86' lang='lat' dir='ltr'><strong><em>Cyrillum</em></strong></span> <span class='ocrx_word' id='word_1_613' title='bbox 3421 3499 3568 3568; x_wconf 84' lang='lat' dir='ltr'><strong><em>ejus-</em></strong></span> 
     </span>
    </p>
   </div>
   <div class='ocr_carea' id='block_1_80' title="bbox 1995 3589 3570 3660">
    <p class='ocr_par' dir='ltr' id='par_1_80' title="bbox 1995 3589 3570 3660">
     <span class='ocr_line' id='line_1_81' title="bbox 1995 3589 3570 3660; baseline -0.002 -16"><span class='ocrx_word' id='word_1_614' title='bbox 1995 3591 2143 3644; x_wconf 91' lang='lat' dir='ltr'><strong><em>modi</em></strong></span> <span class='ocrx_word' id='word_1_615' title='bbox 2178 3591 2467 3658; x_wconf 62' lang='grc' dir='ltr'><strong><em>Γλαρυρὰ</em></strong></span> <span class='ocrx_word' id='word_1_616' title='bbox 2495 3590 2869 3660; x_wconf 87' lang='lat' dir='ltr'><strong><em>composuisse</em></strong></span> <span class='ocrx_word' id='word_1_617' title='bbox 2913 3605 3023 3644; x_wconf 90' lang='lat' dir='ltr'><strong><em>non</em></strong></span> <span class='ocrx_word' id='word_1_618' title='bbox 3052 3597 3259 3644; x_wconf 86' lang='lat' dir='ltr'><strong><em>tantum</em></strong></span> <span class='ocrx_word' id='word_1_619' title='bbox 3290 3590 3344 3644; x_wconf 90' lang='lat' dir='ltr'><strong><em>in</em></strong></span> <span class='ocrx_word' id='word_1_620' title='bbox 3378 3589 3570 3642; x_wconf 84' lang='lat' dir='ltr'><strong><em>Penta-</em></strong></span> 
     </span>
    </p>
   </div>
   <div class='ocr_carea' id='block_1_81' title="bbox 1998 3679 3567 3746">
    <p class='ocr_par' dir='ltr' id='par_1_81' title="bbox 1998 3679 3567 3746">
     <span class='ocr_line' id='line_1_82' title="bbox 1998 3679 3567 3746; baseline -0.001 -12"><span class='ocrx_word' id='word_1_621' title='bbox 1998 3681 2279 3746; x_wconf 88' lang='lat' dir='ltr'><strong><em>teucbum,</em></strong></span> <span class='ocrx_word' id='word_1_622' title='bbox 2328 3680 2424 3736; x_wconf 90' lang='lat' dir='ltr'><strong><em>sed</em></strong></span> <span class='ocrx_word' id='word_1_623' title='bbox 2469 3680 2523 3734; x_wconf 91' lang='lat' dir='ltr'><strong><em>in</em></strong></span> <span class='ocrx_word' id='word_1_624' title='bbox 2559 3681 2732 3734; x_wconf 89' lang='lat' dir='ltr'><strong><em>libros</em></strong></span> <span class='ocrx_word' id='word_1_625' title='bbox 2765 3679 3052 3734; x_wconf 83' lang='lat' dir='ltr'><strong><em>universos</em></strong></span> <span class='ocrx_word' id='word_1_626' title='bbox 3106 3679 3324 3734; x_wconf 82' lang='lat' dir='ltr'><strong><em>Veteris</em></strong></span> <span class='ocrx_word' id='word_1_627' title='bbox 3377 3679 3567 3734; x_wconf 85' lang='lat' dir='ltr'><strong><em>Testa-</em></strong></span> 
     </span>
    </p>
   </div>
   <div class='ocr_carea' id='block_1_82' title="bbox 1996 3770 3571 3842">
    <p class='ocr_par' dir='ltr' id='par_1_82' title="bbox 1996 3770 3571 3842">
     <span class='ocr_line' id='line_1_83' title="bbox 1996 3770 3571 3842; baseline -0.003 -15"><span class='ocrx_word' id='word_1_628' title='bbox 1996 3773 2164 3828; x_wconf 84' lang='lat' dir='ltr'><strong><em>menti</em></strong></span> <span class='ocrx_word' id='word_1_629' title='bbox 2189 3771 2280 3842; x_wconf 73' lang='grc' dir='ltr'><strong><em>(ε),</em></strong></span> <span class='ocrx_word' id='word_1_630' title='bbox 2307 3772 2388 3826; x_wconf 78' lang='grc' dir='ltr'><strong><em>Τὰ</em></strong></span> <span class='ocrx_word' id='word_1_631' title='bbox 2427 3771 2716 3840; x_wconf 65' lang='grc' dir='ltr'><strong><em>Γλαφυρὰ</em></strong></span> <span class='ocrx_word' id='word_1_632' title='bbox 2741 3770 2809 3824; x_wconf 81' lang='grc' dir='ltr'><strong><em>τὰ</em></strong></span> <span class='ocrx_word' id='word_1_633' title='bbox 2836 3771 2936 3840; x_wconf 80' lang='grc' dir='ltr'><strong><em>τῆς</em></strong></span> <span class='ocrx_word' id='word_1_634' title='bbox 2967 3771 3206 3834; x_wconf 78' lang='grc' dir='ltr'>Παλαιᾶς</span> <span class='ocrx_word' id='word_1_635' title='bbox 3229 3770 3448 3841; x_wconf 77' lang='grc' dir='ltr'><strong><em>Γραφῆς</em></strong></span> <span class='ocrx_word' id='word_1_636' title='bbox 3478 3788 3571 3822; x_wconf 85' lang='grc' dir='ltr'><strong><em>τυ-</em></strong></span> 
     </span>
    </p>
   </div>
   <div class='ocr_carea' id='block_1_83' title="bbox 1996 3862 3570 3936">
    <p class='ocr_par' dir='ltr' id='par_1_83' title="bbox 1996 3862 3570 3936">
     <span class='ocr_line' id='line_1_84' title="bbox 1996 3862 3570 3936; baseline -0.003 -18"><span class='ocrx_word' id='word_1_637' title='bbox 1996 3865 2169 3928; x_wconf 82' lang='grc' dir='ltr'><strong><em>πικῶς</em></strong></span> <span class='ocrx_word' id='word_1_638' title='bbox 2183 3864 2442 3936; x_wconf 80' lang='grc' dir='ltr'><strong><em>εἰρημένα</em></strong></span> <span class='ocrx_word' id='word_1_639' title='bbox 2463 3864 2542 3927; x_wconf 79' lang='grc' dir='ltr'><strong><em>εἰς</em></strong></span> <span class='ocrx_word' id='word_1_640' title='bbox 2561 3863 2794 3932; x_wconf 79' lang='grc' dir='ltr'><strong><em>Χριστὸν</em></strong></span> <span class='ocrx_word' id='word_1_641' title='bbox 2815 3865 2908 3916; x_wconf 74' lang='grc' dir='ltr'><strong><em>καὶ</em></strong></span> <span class='ocrx_word' id='word_1_642' title='bbox 2927 3864 3022 3934; x_wconf 77' lang='grc' dir='ltr'><strong><em>τὴν</em></strong></span> <span class='ocrx_word' id='word_1_643' title='bbox 3044 3863 3164 3916; x_wconf 79' lang='grc' dir='ltr'><strong>καθ’</strong></span> <span class='ocrx_word' id='word_1_644' title='bbox 3183 3864 3329 3934; x_wconf 73' lang='grc' dir='ltr'><strong><em>ἡμᾶς</em></strong></span> <span class='ocrx_word' id='word_1_645' title='bbox 3343 3862 3570 3934; x_wconf 76' lang='grc' dir='ltr'><strong><em>Ἐκκλη-</em></strong></span> 
     </span>
    </p>
   </div>
   <div class='ocr_carea' id='block_1_84' title="bbox 1997 3945 3568 4027">
    <p class='ocr_par' dir='ltr' id='par_1_84' title="bbox 1997 3945 3568 4027">
     <span class='ocr_line' id='line_1_85' title="bbox 1997 3945 3568 4027; baseline 0 -19"><span class='ocrx_word' id='word_1_646' title='bbox 1997 3956 2118 4010; x_wconf 80' lang='grc' dir='ltr'><strong><em>σίαν</em></strong></span> <span class='ocrx_word' id='word_1_647' title='bbox 2152 3955 2388 4023; x_wconf 79' lang='grc' dir='ltr'><strong><em>ἀνάγων.</em></strong></span> <span class='ocrx_word' id='word_1_648' title='bbox 2417 3945 2504 4009; x_wconf 75' lang='grc' dir='ltr'><strong>Ἰη</strong></span> <span class='ocrx_word' id='word_1_649' title='bbox 2561 3953 2800 4010; x_wconf 88' lang='lat' dir='ltr'><strong><em>Genesin</em></strong></span> <span class='ocrx_word' id='word_1_650' title='bbox 2843 3954 3115 4027; x_wconf 78' lang='lat' dir='ltr'><strong><em>Glaphyro</em></strong></span> <span class='ocrx_word' id='word_1_651' title='bbox 3177 3953 3364 4026; x_wconf 86' lang='lat' dir='ltr'><strong><em>Cyrilli</em></strong></span> <span class='ocrx_word' id='word_1_652' title='bbox 3398 3955 3568 4009; x_wconf 84' lang='lat' dir='ltr'><strong><em>vertit</em></strong></span> 
     </span>
    </p>
   </div>
   <div class='ocr_carea' id='block_1_85' title="bbox 1994 4045 3567 4111">
    <p class='ocr_par' dir='ltr' id='par_1_85' title="bbox 1994 4045 3567 4111">
     <span class='ocr_line' id='line_1_86' title="bbox 1994 4045 3567 4111; baseline 0.001 -11"><span class='ocrx_word' id='word_1_653' title='bbox 1994 4045 2315 4101; x_wconf 88' lang='lat' dir='ltr'><strong><em>Ambrosius</em></strong></span> <span class='ocrx_word' id='word_1_654' title='bbox 2362 4045 2818 4110; x_wconf 87' lang='lat' dir='ltr'><strong><em>Camaldulensis,</em></strong></span> <span class='ocrx_word' id='word_1_655' title='bbox 2859 4053 2917 4100; x_wconf 88' lang='lat' dir='ltr'><strong><em>et</em></strong></span> <span class='ocrx_word' id='word_1_656' title='bbox 2971 4046 3134 4100; x_wconf 87' lang='lat' dir='ltr'><strong><em>cdere</em></strong></span> <span class='ocrx_word' id='word_1_657' title='bbox 3189 4045 3383 4111; x_wconf 89' lang='lat' dir='ltr'><strong><em>voluit,</em></strong></span> <span class='ocrx_word' id='word_1_658' title='bbox 3429 4055 3567 4101; x_wconf 87' lang='lat' dir='ltr'><strong><em>teste</em></strong></span> 
     </span>
    </p>
   </div>
   <div class='ocr_carea' id='block_1_86' title="bbox 1995 4135 3563 4208">
    <p class='ocr_par' dir='ltr' id='par_1_86' title="bbox 1995 4135 3563 4208">
     <span class='ocr_line' id='line_1_87' title="bbox 1995 4135 3563 4208; baseline 0.001 -17"><span class='ocrx_word' id='word_1_659' title='bbox 1995 4136 2148 4192; x_wconf 78' lang='lat' dir='ltr'><strong><em>Sixto</em></strong></span> <span class='ocrx_word' id='word_1_660' title='bbox 2195 4138 2445 4204; x_wconf 85' lang='lat' dir='ltr'><strong><em>Senensi,</em></strong></span> <span class='ocrx_word' id='word_1_661' title='bbox 2481 4137 2629 4207; x_wconf 89' lang='lat' dir='ltr'><strong><em>quod</em></strong></span> <span class='ocrx_word' id='word_1_662' title='bbox 2677 4135 2876 4202; x_wconf 84' lang='lat' dir='ltr'><strong><em>facere,</em></strong></span> <span class='ocrx_word' id='word_1_663' title='bbox 2917 4137 3106 4192; x_wconf 88' lang='lat' dir='ltr'><strong><em>nescio</em></strong></span> <span class='ocrx_word' id='word_1_664' title='bbox 3133 4153 3238 4208; x_wconf 90' lang='lat' dir='ltr'><strong><em>qua</em></strong></span> <span class='ocrx_word' id='word_1_665' title='bbox 3281 4137 3348 4192; x_wconf 91' lang='lat' dir='ltr'><strong><em>de</em></strong></span> <span class='ocrx_word' id='word_1_666' title='bbox 3377 4153 3563 4202; x_wconf 84' lang='lat' dir='ltr'><strong><em>causa,</em></strong></span> 
     </span>
    </p>
   </div>
   <div class='ocr_carea' id='block_1_87' title="bbox 2001 4226 3562 4298">
    <p class='ocr_par' dir='ltr' id='par_1_87' title="bbox 2001 4226 3562 4298">
     <span class='ocr_line' id='line_1_88' title="bbox 2001 4226 3562 4298; baseline 0.001 -15"><span class='ocrx_word' id='word_1_667' title='bbox 2001 4228 2318 4283; x_wconf 87' lang='lat' dir='ltr'><strong><em>intermisit.</em></strong></span> <span class='ocrx_word' id='word_1_668' title='bbox 2345 4229 2505 4282; x_wconf 74' lang='lat' dir='ltr'><strong><em>FABB.</em></strong></span> <span class='ocrx_word' id='word_1_669' title='bbox 2533 4258 2601 4266; x_wconf 98' lang='lat'><strong>—</strong></span> <span class='ocrx_word' id='word_1_670' title='bbox 2637 4226 2820 4282; x_wconf 79' lang='lat' dir='ltr'><strong><em>Leida:</em></strong></span> <span class='ocrx_word' id='word_1_671' title='bbox 2843 4227 2900 4282; x_wconf 89' lang='lat' dir='ltr'><strong><em>in</em></strong></span> <span class='ocrx_word' id='word_1_672' title='bbox 2931 4228 3066 4282; x_wconf 88' lang='lat' dir='ltr'><strong><em>bibl.</em></strong></span> <span class='ocrx_word' id='word_1_673' title='bbox 3098 4229 3250 4298; x_wconf 89' lang='lat' dir='ltr'><strong><em>publ.</em></strong></span> <span class='ocrx_word' id='word_1_674' title='bbox 3285 4243 3406 4298; x_wconf 85' lang='lat' dir='ltr'><strong><em>pag.</em></strong></span> <span class='ocrx_word' id='word_1_675' title='bbox 3439 4228 3562 4292; x_wconf 66' lang='grc'><strong>545.</strong></span> 
     </span>
    </p>
   </div>
   <div class='ocr_carea' id='block_1_88' title="bbox 1995 4315 3564 4387">
    <p class='ocr_par' dir='ltr' id='par_1_88' title="bbox 1995 4315 3564 4387">
     <span class='ocr_line' id='line_1_89' title="bbox 1995 4315 3564 4387; baseline -0.001 -15"><span class='ocrx_word' id='word_1_676' title='bbox 1995 4333 2053 4372; x_wconf 87' lang='grc' dir='ltr'><strong><em>ιι.</em></strong></span> <span class='ocrx_word' id='word_1_677' title='bbox 2102 4318 2190 4382; x_wconf 89' lang='grc'><strong><em>15,</em></strong></span> <span class='ocrx_word' id='word_1_678' title='bbox 2221 4317 2360 4372; x_wconf 86' lang='lat' dir='ltr'><strong><em>inter</em></strong></span> <span class='ocrx_word' id='word_1_679' title='bbox 2405 4315 2657 4371; x_wconf 86' lang='lat' dir='ltr'><strong><em>Vulcanii</em></strong></span> <span class='ocrx_word' id='word_1_680' title='bbox 2697 4316 2856 4371; x_wconf 86' lang='lat' dir='ltr'><strong><em>codd.</em></strong></span> <span class='ocrx_word' id='word_1_681' title='bbox 2901 4315 3090 4387; x_wconf 85' lang='lat' dir='ltr'><strong><em>Cyrilli</em></strong></span> <span class='ocrx_word' id='word_1_682' title='bbox 3123 4317 3426 4371; x_wconf 85' lang='lat' dir='ltr'><strong><em>Dissertatt.</em></strong></span> <span class='ocrx_word' id='word_1_683' title='bbox 3473 4335 3564 4372; x_wconf 81' lang='lat' dir='ltr'><strong><em>ar-</em></strong></span> 
     </span>
    </p>
   </div>
   <div class='ocr_carea' id='block_1_89' title="bbox 317 4397 3564 4479">
    <p class='ocr_par' dir='ltr' id='par_1_89' title="bbox 317 4397 3564 4479">
     <span class='ocr_line' id='line_1_90' title="bbox 317 4397 3564 4479; baseline 0.004 -29"><span class='ocrx_word' id='word_1_684' title='bbox 317 4397 371 4450; x_wconf 92' lang='lat' dir='ltr'><strong><em>in</em></strong></span> <span class='ocrx_word' id='word_1_685' title='bbox 404 4399 597 4468; x_wconf 89' lang='lat' dir='ltr'><strong><em>spiritu</em></strong></span> <span class='ocrx_word' id='word_1_686' title='bbox 629 4409 676 4453; x_wconf 89' lang='lat' dir='ltr'><strong><em>et</em></strong></span> <span class='ocrx_word' id='word_1_687' title='bbox 697 4403 935 4467; x_wconf 87' lang='lat' dir='ltr'><strong><em>veritate,</em></strong></span> <span class='ocrx_word' id='word_1_688' title='bbox 969 4405 1083 4460; x_wconf 89' lang='lat' dir='ltr'><strong><em>sive</em></strong></span> <span class='ocrx_word' id='word_1_689' title='bbox 1115 4406 1182 4460; x_wconf 88' lang='lat' dir='ltr'><strong><em>de</em></strong></span> <span class='ocrx_word' id='word_1_690' title='bbox 1217 4405 1410 4462; x_wconf 75' lang='lat' dir='ltr'><strong><em>ofﬁciis</em></strong></span> <span class='ocrx_word' id='word_1_691' title='bbox 1451 4409 1754 4465; x_wconf 86' lang='lat' dir='ltr'><strong><em>Christiani</em></strong></span> <span class='ocrx_word' id='word_1_692' title='bbox 1783 4413 1884 4466; x_wconf 87' lang='lat' dir='ltr'><strong><em>ho-</em></strong></span> <span class='ocrx_word' id='word_1_693' title='bbox 1923 4425 1964 4479; x_wconf 83' lang='grc' dir='ltr'>ι)</span> <span class='ocrx_word' id='word_1_694' title='bbox 1996 4427 2143 4467; x_wconf 73' lang='lat' dir='ltr'><strong><em>canae</em></strong></span> <span class='ocrx_word' id='word_1_695' title='bbox 2167 4411 2222 4466; x_wconf 90' lang='lat' dir='ltr'><strong><em>in</em></strong></span> <span class='ocrx_word' id='word_1_696' title='bbox 2249 4409 2507 4473; x_wconf 87' lang='lat' dir='ltr'><strong><em>Genesin,</em></strong></span> <span class='ocrx_word' id='word_1_697' title='bbox 2552 4408 2766 4462; x_wconf 91' lang='lat' dir='ltr'><strong><em>Latine.</em></strong></span> <span class='ocrx_word' id='word_1_698' title='bbox 2815 4407 2992 4460; x_wconf 84' lang='lat' dir='ltr'><strong><em>Nieol.</em></strong></span> <span class='ocrx_word' id='word_1_699' title='bbox 3040 4407 3384 4472; x_wconf 83' lang='lat' dir='ltr'><strong><em>Drumczius,</em></strong></span> <span class='ocrx_word' id='word_1_700' title='bbox 3425 4409 3564 4464; x_wconf 88' lang='lat' dir='ltr'><strong><em>Bru-</em></strong></span> 
     </span>
    </p>
   </div>
   <div class='ocr_carea' id='block_1_90' title="bbox 317 4487 1888 4571">
    <p class='ocr_par' dir='ltr' id='par_1_90' title="bbox 317 4487 1888 4571">
     <span class='ocr_line' id='line_1_91' title="bbox 317 4487 1888 4571; baseline 0.01 -31"><span class='ocrx_word' id='word_1_701' title='bbox 317 4487 480 4543; x_wconf 90' lang='lat' dir='ltr'><strong><em>minis</em></strong></span> <span class='ocrx_word' id='word_1_702' title='bbox 499 4506 635 4561; x_wconf 87' lang='lat' dir='ltr'><strong><em>erga</em></strong></span> <span class='ocrx_word' id='word_1_703' title='bbox 665 4491 859 4556; x_wconf 90' lang='lat' dir='ltr'><strong><em>Deum,</em></strong></span> <span class='ocrx_word' id='word_1_704' title='bbox 891 4494 1016 4548; x_wconf 90' lang='lat' dir='ltr'><strong><em>libri</em></strong></span> <span class='ocrx_word' id='word_1_705' title='bbox 1041 4495 1207 4560; x_wconf 78' lang='lat' dir='ltr'><strong><em>XVII,</em></strong></span> <span class='ocrx_word' id='word_1_706' title='bbox 1241 4497 1443 4570; x_wconf 83' lang='lat' dir='ltr'><strong><em>dialogi</em></strong></span> <span class='ocrx_word' id='word_1_707' title='bbox 1469 4515 1623 4554; x_wconf 89' lang='lat' dir='ltr'><strong><em>more</em></strong></span> <span class='ocrx_word' id='word_1_708' title='bbox 1671 4501 1888 4571; x_wconf 88' lang='lat' dir='ltr'><strong><em>scripti,</em></strong></span> 
     </span>
    </p>
   </div>
   <div class='ocr_carea' id='block_1_91' title="bbox 318 4575 1892 4658">
    <p class='ocr_par' dir='ltr' id='par_1_91' title="bbox 318 4575 1892 4658">
     <span class='ocr_line' id='line_1_92' title="bbox 318 4575 1892 4658; baseline 0.011 -29"><span class='ocrx_word' id='word_1_709' title='bbox 318 4575 373 4631; x_wconf 91' lang='lat' dir='ltr'><strong><em>in</em></strong></span> <span class='ocrx_word' id='word_1_710' title='bbox 388 4580 592 4648; x_wconf 87' lang='lat' dir='ltr'><strong><em>quibus</em></strong></span> <span class='ocrx_word' id='word_1_711' title='bbox 617 4581 894 4638; x_wconf 85' lang='lat' dir='ltr'><strong><em>Palladius</em></strong></span> <span class='ocrx_word' id='word_1_712' title='bbox 927 4593 985 4639; x_wconf 91' lang='lat' dir='ltr'><strong><em>et</em></strong></span> <span class='ocrx_word' id='word_1_713' title='bbox 1020 4586 1258 4657; x_wconf 87' lang='lat' dir='ltr'><strong><em>Cyrillus</em></strong></span> <span class='ocrx_word' id='word_1_714' title='bbox 1299 4590 1706 4658; x_wconf 87' lang='lat' dir='ltr'><strong><em>colloquuntur.</em></strong></span> <span class='ocrx_word' id='word_1_715' title='bbox 1734 4591 1794 4645; x_wconf 88' lang='lat' dir='ltr'><strong><em>P.</em></strong></span> <span class='ocrx_word' id='word_1_716' title='bbox 1831 4593 1892 4646; x_wconf 93' lang='grc'><strong>1-</strong></span> 
     </span>
    </p>
   </div>
   <div class='ocr_carea' id='block_1_92' title="bbox 317 4668 1891 4747">
    <p class='ocr_par' dir='ltr' id='par_1_92' title="bbox 317 4668 1891 4747">
     <span class='ocr_line' id='line_1_93' title="bbox 317 4668 1891 4747; baseline 0.008 -26"><span class='ocrx_word' id='word_1_717' title='bbox 317 4668 436 4722; x_wconf 85' lang='grc'><strong>651.</strong></span> <span class='ocrx_word' id='word_1_718' title='bbox 462 4668 602 4724; x_wconf 89' lang='lat' dir='ltr'><strong><em>Cum</em></strong></span> <span class='ocrx_word' id='word_1_719' title='bbox 635 4671 890 4726; x_wconf 89' lang='lat' dir='ltr'><strong><em>versione</em></strong></span> <span class='ocrx_word' id='word_1_720' title='bbox 920 4671 1142 4730; x_wconf 82' lang='lat' dir='ltr'><strong><em>Antonii</em></strong></span> <span class='ocrx_word' id='word_1_721' title='bbox 1169 4675 1364 4746; x_wconf 82' lang='lat' dir='ltr'><strong><em>Agellii</em></strong></span> <span class='ocrx_word' id='word_1_722' title='bbox 1402 4675 1501 4747; x_wconf 87' lang='lat' dir='ltr'><strong><em>(a),</em></strong></span> <span class='ocrx_word' id='word_1_723' title='bbox 1523 4678 1891 4747; x_wconf 85' lang='lat' dir='ltr'><strong><em>Neapolitani,</em></strong></span> 
     </span>
    </p>
   </div>
   <div class='ocr_carea' id='block_1_93' title="bbox 319 4762 1891 4840">
    <p class='ocr_par' dir='ltr' id='par_1_93' title="bbox 319 4762 1891 4840">
     <span class='ocr_line' id='line_1_94' title="bbox 319 4762 1891 4840; baseline 0.007 -28"><span class='ocrx_word' id='word_1_724' title='bbox 319 4762 757 4832; x_wconf 77' lang='lat' dir='ltr'><strong><em>congregationis</em></strong></span> <span class='ocrx_word' id='word_1_725' title='bbox 797 4763 1137 4820; x_wconf 88' lang='lat' dir='ltr'><strong><em>Clericorum</em></strong></span> <span class='ocrx_word' id='word_1_726' title='bbox 1170 4767 1522 4838; x_wconf 79' lang='lat' dir='ltr'><strong><em>Regularium</em></strong></span> <span class='ocrx_word' id='word_1_727' title='bbox 1561 4769 1891 4840; x_wconf 80' lang='lat' dir='ltr'><strong><em>presbyteri,</em></strong></span> 
     </span>
    </p>
   </div>
   <div class='ocr_carea' id='block_1_94' title="bbox 319 4853 1893 4926">
    <p class='ocr_par' dir='ltr' id='par_1_94' title="bbox 319 4853 1893 4926">
     <span class='ocr_line' id='line_1_95' title="bbox 319 4853 1893 4926; baseline 0.008 -22"><span class='ocrx_word' id='word_1_728' title='bbox 319 4865 438 4920; x_wconf 63' lang='lat' dir='ltr'><strong><em>qua:</em></strong></span> <span class='ocrx_word' id='word_1_729' title='bbox 479 4853 722 4924; x_wconf 89' lang='lat' dir='ltr'><strong><em>primum</em></strong></span> <span class='ocrx_word' id='word_1_730' title='bbox 761 4855 1036 4926; x_wconf 82' lang='lat' dir='ltr'><strong><em>Lugduni,</em></strong></span> <span class='ocrx_word' id='word_1_731' title='bbox 1077 4859 1174 4912; x_wconf 89' lang='lat' dir='ltr'><strong><em>sed</em></strong></span> <span class='ocrx_word' id='word_1_732' title='bbox 1213 4859 1397 4914; x_wconf 88' lang='lat' dir='ltr'><strong><em>minus</em></strong></span> <span class='ocrx_word' id='word_1_733' title='bbox 1435 4860 1724 4916; x_wconf 89' lang='lat' dir='ltr'><strong><em>emendate</em></strong></span> <span class='ocrx_word' id='word_1_734' title='bbox 1758 4861 1893 4916; x_wconf 84' lang='grc'><strong>1587</strong></span> 
     </span>
    </p>
   </div>
   <div class='ocr_carea' id='block_1_95' title="bbox 321 4940 1892 5016">
    <p class='ocr_par' dir='ltr' id='par_1_95' title="bbox 321 4940 1892 5016">
     <span class='ocr_line' id='line_1_96' title="bbox 321 4940 1892 5016; baseline 0.01 -22"><span class='ocrx_word' id='word_1_735' title='bbox 321 4940 376 4994; x_wconf 90' lang='lat' dir='ltr'><strong><em>in</em></strong></span> <span class='ocrx_word' id='word_1_736' title='bbox 403 4943 454 5008; x_wconf 69' lang='grc'><strong>4,</strong></span> <span class='ocrx_word' id='word_1_737' title='bbox 485 4945 687 5000; x_wconf 88' lang='lat' dir='ltr'><strong><em>deinde</em></strong></span> <span class='ocrx_word' id='word_1_738' title='bbox 735 4950 1048 5004; x_wconf 88' lang='lat' dir='ltr'><strong><em>accuratius</em></strong></span> <span class='ocrx_word' id='word_1_739' title='bbox 1082 4951 1288 5014; x_wconf 67' lang='lat' dir='ltr'><strong><em>Romm,</em></strong></span> <span class='ocrx_word' id='word_1_740' title='bbox 1332 4951 1490 5016; x_wconf 87' lang='grc'><strong>1588,</strong></span> <span class='ocrx_word' id='word_1_741' title='bbox 1524 4951 1642 5016; x_wconf 84' lang='lat' dir='ltr'><strong><em>fol.,</em></strong></span> <span class='ocrx_word' id='word_1_742' title='bbox 1691 4967 1892 5008; x_wconf 85' lang='lat' dir='ltr'><strong><em>excusa</em></strong></span> 
     </span>
    </p>
   </div>
   <div class='ocr_carea' id='block_1_96' title="bbox 323 5029 1892 5100">
    <p class='ocr_par' dir='ltr' id='par_1_96' title="bbox 323 5029 1892 5100">
     <span class='ocr_line' id='line_1_97' title="bbox 323 5029 1892 5100; baseline 0.008 -12"><span class='ocrx_word' id='word_1_743' title='bbox 323 5037 514 5100; x_wconf 81' lang='lat' dir='ltr'><strong><em>fuerat,</em></strong></span> <span class='ocrx_word' id='word_1_744' title='bbox 546 5046 608 5092; x_wconf 86' lang='lat' dir='ltr'><strong><em>ut</em></strong></span> <span class='ocrx_word' id='word_1_745' title='bbox 639 5038 887 5093; x_wconf 88' lang='lat' dir='ltr'><strong><em>Latinam</em></strong></span> <span class='ocrx_word' id='word_1_746' title='bbox 931 5029 1230 5096; x_wconf 85' lang='lat' dir='ltr'><strong><em>editionem</em></strong></span> <span class='ocrx_word' id='word_1_747' title='bbox 1281 5041 1542 5096; x_wconf 79' lang='lat' dir='ltr'><strong><em>Venetam</em></strong></span> <span class='ocrx_word' id='word_1_748' title='bbox 1589 5045 1717 5098; x_wconf 89' lang='lat' dir='ltr'><strong><em>anni</em></strong></span> <span class='ocrx_word' id='word_1_749' title='bbox 1755 5043 1892 5100; x_wconf 72' lang='grc'><strong>1604</strong></span> 
     </span>
    </p>
   </div>
   <div class='ocr_carea' id='block_1_97' title="bbox 321 5148 1886 5270">
    <p class='ocr_par' dir='ltr' id='par_1_97' title="bbox 321 5148 1886 5270">
     <span class='ocr_line' id='line_1_98' title="bbox 321 5148 1886 5270; baseline 0.006 -70"><span class='ocrx_word' id='word_1_750' title='bbox 321 5215 351 5230; x_wconf 75' lang='lat'>_</span> <span class='ocrx_word' id='word_1_751' title='bbox 389 5148 470 5270; x_wconf 48' lang='lat' dir='ltr'><strong><em>ia)</em></strong></span> <span class='ocrx_word' id='word_1_752' title='bbox 516 5148 729 5205; x_wconf 87' lang='lat' dir='ltr'><strong><em>Laudat</em></strong></span> <span class='ocrx_word' id='word_1_753' title='bbox 775 5151 922 5206; x_wconf 89' lang='lat' dir='ltr'><strong><em>hunc</em></strong></span> <span class='ocrx_word' id='word_1_754' title='bbox 951 5151 1221 5223; x_wconf 66' lang='lat' dir='ltr'><strong><em>Asellium</em></strong></span> <span class='ocrx_word' id='word_1_755' title='bbox 1263 5153 1460 5208; x_wconf 87' lang='lat' dir='ltr'><strong><em>Petrus</em></strong></span> <span class='ocrx_word' id='word_1_756' title='bbox 1513 5153 1779 5221; x_wconf 84' lang='lat' dir='ltr'><strong><em>Morinos,</em></strong></span> <span class='ocrx_word' id='word_1_757' title='bbox 1829 5171 1886 5226; x_wconf 92' lang='lat' dir='ltr'><strong><em>p.</em></strong></span> 
     </span>
     <span class='ocr_line' id='line_1_99' title="bbox 321 5216 645 5270; baseline 0 0"><span class='ocrx_word' id='word_1_758' title='bbox 321 5216 387 5270; x_wconf 59' lang='lat' dir='ltr'><strong><em>ob</em></strong></span> <span class='ocrx_word' id='word_1_759' title='bbox 459 5233 645 5270; x_wconf 83' lang='lat' dir='ltr'><strong><em>unuse.</em></strong></span> 
     </span>
    </p>
   </div>
   <div class='ocr_carea' id='block_1_98' title="bbox 321 5232 645 5274">
    <p class='ocr_par' dir='ltr' id='par_1_98' title="bbox 321 5232 645 5274">
     <span class='ocr_line' id='line_1_100' title="bbox 321 5232 645 5274; baseline 0.015 -5"><span class='ocrx_word' id='word_1_760' title='bbox 321 5232 422 5272; x_wconf 68' lang='lat' dir='ltr'><strong>ON</strong></span> <span class='ocrx_word' id='word_1_761' title='bbox 459 5233 645 5274; x_wconf 82' lang='lat' dir='ltr'><strong><em>ODUSC.</em></strong></span> 
     </span>
    </p>
   </div>
   <div class='ocr_carea' id='block_1_99' title="bbox 391 5286 1894 5358">
    <p class='ocr_par' dir='ltr' id='par_1_99' title="bbox 391 5286 1894 5358">
     <span class='ocr_line' id='line_1_101' title="bbox 391 5286 1894 5358; baseline 0.007 -20"><span class='ocrx_word' id='word_1_762' title='bbox 391 5286 462 5356; x_wconf 87' lang='lat' dir='ltr'><strong><em>(b)</em></strong></span> <span class='ocrx_word' id='word_1_763' title='bbox 484 5286 723 5358; x_wconf 58' lang='lat' dir='ltr'><strong><em>.Agellius</em></strong></span> <span class='ocrx_word' id='word_1_764' title='bbox 747 5291 803 5344; x_wconf 92' lang='lat' dir='ltr'><strong><em>in</em></strong></span> <span class='ocrx_word' id='word_1_765' title='bbox 839 5291 1104 5346; x_wconf 87' lang='lat' dir='ltr'><strong><em>admonit.</em></strong></span> <span class='ocrx_word' id='word_1_766' title='bbox 1143 5292 1212 5346; x_wconf 88' lang='lat' dir='ltr'><strong><em>ad</em></strong></span> <span class='ocrx_word' id='word_1_767' title='bbox 1249 5293 1510 5348; x_wconf 84' lang='lat' dir='ltr'><strong><em>lectorem</em></strong></span> <span class='ocrx_word' id='word_1_768' title='bbox 1537 5311 1559 5349; x_wconf 90' lang='lat'><strong><em>.:</em></strong></span> <span class='ocrx_word' id='word_1_769' title='bbox 1585 5293 1692 5348; x_wconf 86' lang='lat' dir='ltr'><strong><em>Hos</em></strong></span> <span class='ocrx_word' id='word_1_770' title='bbox 1737 5293 1894 5348; x_wconf 88' lang='lat' dir='ltr'><strong><em>libros</em></strong></span> 
     </span>
    </p>
   </div>
   <div class='ocr_carea' id='block_1_100' title="bbox 320 5357 1896 5432">
    <p class='ocr_par' dir='ltr' id='par_1_100' title="bbox 320 5357 1896 5432">
     <span class='ocr_line' id='line_1_102' title="bbox 320 5357 1896 5432; baseline 0.005 -24"><span class='ocrx_word' id='word_1_771' title='bbox 320 5369 438 5409; x_wconf 86' lang='lat' dir='ltr'><strong><em>cum</em></strong></span> <span class='ocrx_word' id='word_1_772' title='bbox 479 5357 796 5432; x_wconf 83' lang='lat' dir='ltr'><strong><em>Lugdunum</em></strong></span> <span class='ocrx_word' id='word_1_773' title='bbox 831 5362 1206 5432; x_wconf 79' lang='lat' dir='ltr'><strong><em>impr-intendas</em></strong></span> <span class='ocrx_word' id='word_1_774' title='bbox 1251 5365 1524 5427; x_wconf 85' lang='lat' dir='ltr'><strong><em>misissem,</em></strong></span> <span class='ocrx_word' id='word_1_775' title='bbox 1577 5363 1707 5418; x_wconf 89' lang='lat' dir='ltr'><strong><em>adeo</em></strong></span> <span class='ocrx_word' id='word_1_776' title='bbox 1755 5362 1896 5417; x_wconf 86' lang='lat' dir='ltr'><strong><em>male</em></strong></span> 
     </span>
    </p>
   </div>
   <div class='ocr_carea' id='block_1_101' title="bbox 322 5429 1894 5502">
    <p class='ocr_par' dir='ltr' id='par_1_101' title="bbox 322 5429 1894 5502">
     <span class='ocr_line' id='line_1_103' title="bbox 322 5429 1894 5502; baseline 0.006 -26"><span class='ocrx_word' id='word_1_777' title='bbox 322 5439 426 5502; x_wconf 74' lang='lat' dir='ltr'><strong><em>non</em></strong></span> <span class='ocrx_word' id='word_1_778' title='bbox 455 5429 609 5502; x_wconf 76' lang='lat' dir='ltr'><strong><em>modo</em></strong></span> <span class='ocrx_word' id='word_1_779' title='bbox 634 5429 980 5502; x_wconf 63' lang='lat' dir='ltr'><strong><em>imprimen&#39;tis</em></strong></span> <span class='ocrx_word' id='word_1_780' title='bbox 1009 5431 1346 5502; x_wconf 84' lang='lat' dir='ltr'><strong><em>negligentia,</em></strong></span> <span class='ocrx_word' id='word_1_781' title='bbox 1385 5449 1566 5487; x_wconf 86' lang='lat' dir='ltr'><strong><em>verum</em></strong></span> <span class='ocrx_word' id='word_1_782' title='bbox 1597 5434 1755 5488; x_wconf 86' lang='lat' dir='ltr'><strong><em>etiam</em></strong></span> <span class='ocrx_word' id='word_1_783' title='bbox 1774 5450 1894 5486; x_wconf 87' lang='lat' dir='ltr'><strong><em>cor-</em></strong></span> 
     </span>
    </p>
   </div>
   <div class='ocr_carea' id='block_1_102' title="bbox 322 5494 1892 5571">
    <p class='ocr_par' dir='ltr' id='par_1_102' title="bbox 322 5494 1892 5571">
     <span class='ocr_line' id='line_1_104' title="bbox 322 5494 1892 5571; baseline 0.006 -26"><span class='ocrx_word' id='word_1_784' title='bbox 322 5494 536 5571; x_wconf 79' lang='lat' dir='ltr'><strong><em>rigentis</em></strong></span> <span class='ocrx_word' id='word_1_785' title='bbox 563 5494 722 5568; x_wconf 76' lang='lat' dir='ltr'><strong><em>culpd</em></strong></span> <span class='ocrx_word' id='word_1_786' title='bbox 759 5503 954 5571; x_wconf 81' lang='lat' dir='ltr'><strong><em>accepti</em></strong></span> <span class='ocrx_word' id='word_1_787' title='bbox 989 5494 1224 5571; x_wconf 56' lang='lat' dir='ltr'><strong><em>fueram,</em></strong></span> <span class='ocrx_word' id='word_1_788' title='bbox 1260 5494 1647 5556; x_wconf 41' lang='lat' dir='ltr'><strong><em>ut&#39;innumeris</em></strong></span> <span class='ocrx_word' id='word_1_789' title='bbox 1693 5504 1892 5556; x_wconf 83' lang='lat' dir='ltr'><strong><em>mendis</em></strong></span> 
     </span>
    </p>
   </div>
   <div class='ocr_carea' id='block_1_103' title="bbox 323 5566 1894 5642">
    <p class='ocr_par' dir='ltr' id='par_1_103' title="bbox 323 5566 1894 5642">
     <span class='ocr_line' id='line_1_105' title="bbox 323 5566 1894 5642; baseline 0.006 -27"><span class='ocrx_word' id='word_1_790' title='bbox 323 5566 492 5642; x_wconf 82' lang='lat' dir='ltr'><strong><em>plcni,_</em></strong></span> <span class='ocrx_word' id='word_1_791' title='bbox 518 5573 590 5642; x_wconf 86' lang='lat' dir='ltr'><strong><em>e_t_,</em></strong></span> <span class='ocrx_word' id='word_1_792' title='bbox 634 5566 944 5642; x_wconf 73' lang='lat' dir='ltr'><strong><em>qttod__milii</em></strong></span> <span class='ocrx_word' id='word_1_793' title='bbox 987 5566 1254 5642; x_wconf 81' lang='lat' dir='ltr'><strong><em>molestius</em></strong></span> <span class='ocrx_word' id='word_1_794' title='bbox 1287 5572 1406 5642; x_wconf 78' lang='lat' dir='ltr'><strong><em>fuit,</em></strong></span> <span class='ocrx_word' id='word_1_795' title='bbox 1444 5571 1894 5626; x_wconf 87' lang='lat' dir='ltr'><strong><em>annotatiuuculis</em></strong></span> 
     </span>
    </p>
   </div>
   <div class='ocr_carea' id='block_1_104' title="bbox 326 5635 1894 5712">
    <p class='ocr_par' dir='ltr' id='par_1_104' title="bbox 326 5635 1894 5712">
     <span class='ocr_line' id='line_1_106' title="bbox 326 5635 1894 5712; baseline 0.007 -30"><span class='ocrx_word' id='word_1_796' title='bbox 326 5635 653 5712; x_wconf 76' lang='lat' dir='ltr'><strong><em>marginibus</em></strong></span> <span class='ocrx_word' id='word_1_797' title='bbox 683 5637 876 5712; x_wconf 76' lang='lat' dir='ltr'><strong><em>addit-is</em></strong></span> <span class='ocrx_word' id='word_1_798' title='bbox 927 5641 1148 5709; x_wconf 88' lang='lat' dir='ltr'><strong><em>respersi</em></strong></span> <span class='ocrx_word' id='word_1_799' title='bbox 1188 5635 1550 5712; x_wconf 78' lang='lat' dir='ltr'><strong><em>essént,quas</em></strong></span> <span class='ocrx_word' id='word_1_800' title='bbox 1589 5659 1754 5712; x_wconf 85' lang='lat' dir='ltr'><strong><em>neque</em></strong></span> <span class='ocrx_word' id='word_1_801' title='bbox 1801 5657 1894 5712; x_wconf 85' lang='lat' dir='ltr'><strong><em>ego</em></strong></span> 
     </span>
    </p>
   </div>
   <div class='ocr_carea' id='block_1_105' title="bbox 326 5708 1890 5783">
    <p class='ocr_par' dir='ltr' id='par_1_105' title="bbox 326 5708 1890 5783">
     <span class='ocr_line' id='line_1_107' title="bbox 326 5708 1890 5783; baseline 0.008 -32"><span class='ocrx_word' id='word_1_802' title='bbox 326 5708 590 5767; x_wconf 79' lang='lat' dir='ltr'><strong><em>miseram,</em></strong></span> <span class='ocrx_word' id='word_1_803' title='bbox 626 5720 790 5774; x_wconf 84' lang='lat' dir='ltr'><strong><em>neque</em></strong></span> <span class='ocrx_word' id='word_1_804' title='bbox 817 5708 1036 5775; x_wconf 77' lang='lat' dir='ltr'><strong><em>feceram</em></strong></span> <span class='ocrx_word' id='word_1_805' title='bbox 1073 5726 1088 5760; x_wconf 91' lang='lat'><em>:</em></span> <span class='ocrx_word' id='word_1_806' title='bbox 1129 5719 1174 5762; x_wconf 87' lang='lat' dir='ltr'><strong><em>et</em></strong></span> <span class='ocrx_word' id='word_1_807' title='bbox 1203 5712 1276 5764; x_wconf 87' lang='lat' dir='ltr'><strong><em>ita</em></strong></span> <span class='ocrx_word' id='word_1_808' title='bbox 1322 5708 1510 5783; x_wconf 77' lang='lat' dir='ltr'><strong><em>inepta:</em></strong></span> <span class='ocrx_word' id='word_1_809' title='bbox 1561 5720 1610 5765; x_wconf 87' lang='lat' dir='ltr'><strong><em>et</em></strong></span> <span class='ocrx_word' id='word_1_810' title='bbox 1650 5708 1890 5765; x_wconf 78' lang='lat' dir='ltr'><strong><em>absuer</em></strong></span> 
     </span>
    </p>
   </div>
   <div class='ocr_carea' id='block_1_106' title="bbox 1989 4497 3562 4574">
    <p class='ocr_par' dir='ltr' id='par_1_106' title="bbox 1989 4497 3562 4574">
     <span class='ocr_line' id='line_1_108' title="bbox 1989 4497 3562 4574; baseline -0.002 -17"><span class='ocrx_word' id='word_1_811' title='bbox 1989 4502 2192 4574; x_wconf 83' lang='lat' dir='ltr'><strong><em>gensis,</em></strong></span> <span class='ocrx_word' id='word_1_812' title='bbox 2223 4500 2469 4554; x_wconf 89' lang='lat' dir='ltr'><strong><em>Latinam</em></strong></span> <span class='ocrx_word' id='word_1_813' title='bbox 2487 4499 2796 4553; x_wconf 85' lang='lat' dir='ltr'><strong><em>versionem</em></strong></span> <span class='ocrx_word' id='word_1_814' title='bbox 2823 4497 3022 4568; x_wconf 85' lang='lat' dir='ltr'><strong><em>adjecit</em></strong></span> <span class='ocrx_word' id='word_1_815' title='bbox 3041 4506 3099 4552; x_wconf 91' lang='lat' dir='ltr'><strong><em>et</em></strong></span> <span class='ocrx_word' id='word_1_816' title='bbox 3129 4508 3396 4554; x_wconf 87' lang='lat' dir='ltr'><strong><em>annotatt.</em></strong></span> <span class='ocrx_word' id='word_1_817' title='bbox 3423 4501 3562 4556; x_wconf 88' lang='lat' dir='ltr'><strong><em>Ibid.</em></strong></span> 
     </span>
    </p>
   </div>
   <div class='ocr_carea' id='block_1_107' title="bbox 1990 4587 3566 4663">
    <p class='ocr_par' dir='ltr' id='par_1_107' title="bbox 1990 4587 3566 4663">
     <span class='ocr_line' id='line_1_109' title="bbox 1990 4587 3566 4663; baseline -0.001 -17"><span class='ocrx_word' id='word_1_818' title='bbox 1990 4609 2110 4663; x_wconf 84' lang='lat' dir='ltr'><strong><em>pag.</em></strong></span> <span class='ocrx_word' id='word_1_819' title='bbox 2148 4590 2270 4654; x_wconf 72' lang='grc'><strong>402,</strong></span> <span class='ocrx_word' id='word_1_820' title='bbox 2303 4607 2360 4644; x_wconf 87' lang='grc' dir='ltr'><strong><em>ιι.</em></strong></span> <span class='ocrx_word' id='word_1_821' title='bbox 2389 4589 2444 4654; x_wconf 91' lang='lat'><strong><em>9,</em></strong></span> <span class='ocrx_word' id='word_1_822' title='bbox 2479 4587 2584 4642; x_wconf 88' lang='lat' dir='ltr'><strong><em>loci</em></strong></span> <span class='ocrx_word' id='word_1_823' title='bbox 2624 4603 2792 4643; x_wconf 69' lang='lat' dir='ltr'><strong><em>sacrae</em></strong></span> <span class='ocrx_word' id='word_1_824' title='bbox 2826 4587 3102 4659; x_wconf 70' lang='lat' dir='ltr'><strong><em>Scripurze</em></strong></span> <span class='ocrx_word' id='word_1_825' title='bbox 3129 4589 3223 4660; x_wconf 90' lang='lat' dir='ltr'><strong><em>qui</em></strong></span> <span class='ocrx_word' id='word_1_826' title='bbox 3255 4605 3566 4645; x_wconf 86' lang='lat' dir='ltr'><strong><em>memoran-</em></strong></span> 
     </span>
    </p>
   </div>
   <div class='ocr_carea' id='block_1_108' title="bbox 1993 4679 3584 4753">
    <p class='ocr_par' dir='ltr' id='par_1_108' title="bbox 1993 4679 3584 4753">
     <span class='ocr_line' id='line_1_110' title="bbox 1993 4679 3584 4753; baseline -0.003 -14"><span class='ocrx_word' id='word_1_827' title='bbox 1993 4691 2082 4739; x_wconf 83' lang='lat' dir='ltr'><strong><em>tur</em></strong></span> <span class='ocrx_word' id='word_1_828' title='bbox 2134 4699 2165 4738; x_wconf 92' lang='lat' dir='ltr'><strong><em>a</em></strong></span> <span class='ocrx_word' id='word_1_829' title='bbox 2217 4681 2420 4753; x_wconf 84' lang='lat' dir='ltr'><strong><em>Cyrillo</em></strong></span> <span class='ocrx_word' id='word_1_830' title='bbox 2464 4681 2698 4750; x_wconf 87' lang='lat' dir='ltr'><strong><em>aliisque</em></strong></span> <span class='ocrx_word' id='word_1_831' title='bbox 2753 4679 3008 4734; x_wconf 88' lang='lat' dir='ltr'><strong><em>Patribus</em></strong></span> <span class='ocrx_word' id='word_1_832' title='bbox 3043 4679 3135 4735; x_wconf 88' lang='lat' dir='ltr'><strong><em>Gr.</em></strong></span> <span class='ocrx_word' id='word_1_833' title='bbox 3183 4711 3255 4719; x_wconf 96' lang='lat'><strong>—</strong></span> <span class='ocrx_word' id='word_1_834' title='bbox 3303 4680 3584 4736; x_wconf 76' lang='lat' dir='ltr'><strong><em>Monachii.</em></strong></span> 
     </span>
    </p>
   </div>
   <div class='ocr_carea' id='block_1_109' title="bbox 1992 4769 3563 4843">
    <p class='ocr_par' dir='ltr' id='par_1_109' title="bbox 1992 4769 3563 4843">
     <span class='ocr_line' id='line_1_111' title="bbox 1992 4769 3563 4843; baseline -0.002 -15"><span class='ocrx_word' id='word_1_835' title='bbox 1992 4774 2051 4829; x_wconf 90' lang='lat' dir='ltr'><strong><em>in</em></strong></span> <span class='ocrx_word' id='word_1_836' title='bbox 2106 4773 2242 4829; x_wconf 90' lang='lat' dir='ltr'><strong><em>bibl.</em></strong></span> <span class='ocrx_word' id='word_1_837' title='bbox 2282 4773 2506 4828; x_wconf 85' lang='lat' dir='ltr'><strong><em>elector.</em></strong></span> <span class='ocrx_word' id='word_1_838' title='bbox 2557 4771 2681 4826; x_wconf 90' lang='lat' dir='ltr'><strong><em>cod.</em></strong></span> <span class='ocrx_word' id='word_1_839' title='bbox 2736 4770 2942 4836; x_wconf 81' lang='lat' dir='ltr'><strong><em>XVIII,</em></strong></span> <span class='ocrx_word' id='word_1_840' title='bbox 3001 4769 3124 4843; x_wconf 90' lang='lat' dir='ltr'><strong><em>Cyr.</em></strong></span> <span class='ocrx_word' id='word_1_841' title='bbox 3163 4771 3316 4826; x_wconf 73' lang='lat' dir='ltr'><strong><em>Alex.</em></strong></span> <span class='ocrx_word' id='word_1_842' title='bbox 3369 4772 3424 4826; x_wconf 91' lang='lat' dir='ltr'><strong><em>in</em></strong></span> <span class='ocrx_word' id='word_1_843' title='bbox 3461 4773 3563 4828; x_wconf 75' lang='lat' dir='ltr'><strong><em>Ce-</em></strong></span> 
     </span>
    </p>
   </div>
   <div class='ocr_carea' id='block_1_110' title="bbox 1999 4863 3560 4932">
    <p class='ocr_par' dir='ltr' id='par_1_110' title="bbox 1999 4863 3560 4932">
     <span class='ocr_line' id='line_1_112' title="bbox 1999 4863 3560 4932; baseline -0.002 -11"><span class='ocrx_word' id='word_1_844' title='bbox 1999 4868 2183 4932; x_wconf 87' lang='lat' dir='ltr'><strong><em>nesin,</em></strong></span> <span class='ocrx_word' id='word_1_845' title='bbox 2230 4865 2511 4929; x_wconf 73' lang='lat' dir='ltr'><strong><em>Exodum,</em></strong></span> <span class='ocrx_word' id='word_1_846' title='bbox 2547 4863 2848 4928; x_wconf 84' lang='lat' dir='ltr'><strong><em>Leviticum,</em></strong></span> <span class='ocrx_word' id='word_1_847' title='bbox 2891 4863 3148 4918; x_wconf 88' lang='lat' dir='ltr'><strong><em>Numeros</em></strong></span> <span class='ocrx_word' id='word_1_848' title='bbox 3173 4905 3188 4928; x_wconf 94' lang='lat'><strong><em>,</em></strong></span> <span class='ocrx_word' id='word_1_849' title='bbox 3235 4864 3560 4919; x_wconf 82' lang='lat' dir='ltr'><strong><em>Deuterono-</em></strong></span> 
     </span>
    </p>
   </div>
   <div class='ocr_carea' id='block_1_111' title="bbox 1997 4953 3562 5039">
    <p class='ocr_par' dir='ltr' id='par_1_111' title="bbox 1997 4953 3562 5039">
     <span class='ocr_line' id='line_1_113' title="bbox 1997 4953 3562 5039; baseline -0.001 -28"><span class='ocrx_word' id='word_1_850' title='bbox 1997 4959 2184 5012; x_wconf 90' lang='lat' dir='ltr'><strong><em>mium.</em></strong></span> <span class='ocrx_word' id='word_1_851' title='bbox 2217 4955 2275 5009; x_wconf 83' lang='lat' dir='ltr'><strong><em>V.</em></strong></span> <span class='ocrx_word' id='word_1_852' title='bbox 2309 4953 2428 5009; x_wconf 87' lang='lat' dir='ltr'><strong><em>Cat.</em></strong></span> <span class='ocrx_word' id='word_1_853' title='bbox 2464 4954 2610 5007; x_wconf 84' lang='lat' dir='ltr'><strong><em>codd.</em></strong></span> <span class='ocrx_word' id='word_1_854' title='bbox 2644 4953 2866 5018; x_wconf 84' lang='lat' dir='ltr'><strong><em>anar.,</em></strong></span> <span class='ocrx_word' id='word_1_855' title='bbox 2896 4970 2951 5024; x_wconf 91' lang='lat' dir='ltr'><strong><em>p.</em></strong></span> <span class='ocrx_word' id='word_1_856' title='bbox 2988 4955 3482 5010; x_wconf 68' lang='lat' dir='ltr'><strong><em>5.—Vindobonee</em></strong></span> <span class='ocrx_word' id='word_1_857' title='bbox 3509 4955 3562 5039; x_wconf 83' lang='lat' dir='ltr'><strong><em>in</em></strong></span> 
     </span>
    </p>
   </div>
   <div class='ocr_carea' id='block_1_112' title="bbox 1995 5042 3558 5108">
    <p class='ocr_par' dir='ltr' id='par_1_112' title="bbox 1995 5042 3558 5108">
     <span class='ocr_line' id='line_1_114' title="bbox 1995 5042 3558 5108; baseline -0.003 -7"><span class='ocrx_word' id='word_1_858' title='bbox 1995 5046 2131 5101; x_wconf 91' lang='lat' dir='ltr'><strong><em>bibl.</em></strong></span> <span class='ocrx_word' id='word_1_859' title='bbox 2165 5043 2414 5098; x_wconf 65' lang='lat' dir='ltr'><strong><em>Caesarea</em></strong></span> <span class='ocrx_word' id='word_1_860' title='bbox 2449 5042 2570 5097; x_wconf 86' lang='lat' dir='ltr'><strong><em>cod.</em></strong></span> <span class='ocrx_word' id='word_1_861' title='bbox 2609 5042 2762 5108; x_wconf 85' lang='lat' dir='ltr'><strong><em>LVII,</em></strong></span> <span class='ocrx_word' id='word_1_862' title='bbox 2792 5059 2848 5096; x_wconf 90' lang='grc' dir='ltr'><strong><em>ιι.</em></strong></span> <span class='ocrx_word' id='word_1_863' title='bbox 2883 5043 3139 5098; x_wconf 71' lang='grc'><strong>104-107.</strong></span> <span class='ocrx_word' id='word_1_864' title='bbox 3167 5043 3475 5098; x_wconf 88' lang='lat' dir='ltr'><strong><em>Comment.</em></strong></span> <span class='ocrx_word' id='word_1_865' title='bbox 3503 5045 3558 5097; x_wconf 87' lang='lat' dir='ltr'><strong><em>in</em></strong></span> 
     </span>
    </p>
   </div>
   <div class='ocr_carea' id='block_1_113' title="bbox 1995 5152 3560 5222">
    <p class='ocr_par' dir='ltr' id='par_1_113' title="bbox 1995 5152 3560 5222">
     <span class='ocr_line' id='line_1_115' title="bbox 1995 5152 3560 5222; baseline -0.001 -12"><span class='ocrx_word' id='word_1_866' title='bbox 1995 5163 2167 5217; x_wconf 88' lang='lat' dir='ltr'><strong><em>erant,</em></strong></span> <span class='ocrx_word' id='word_1_867' title='bbox 2202 5163 2260 5207; x_wconf 88' lang='lat' dir='ltr'><strong><em>ut</em></strong></span> <span class='ocrx_word' id='word_1_868' title='bbox 2303 5153 2494 5206; x_wconf 88' lang='lat' dir='ltr'><strong><em>alicubi</em></strong></span> <span class='ocrx_word' id='word_1_869' title='bbox 2535 5169 2598 5205; x_wconf 87' lang='lat' dir='ltr'><strong><em>ne</em></strong></span> <span class='ocrx_word' id='word_1_870' title='bbox 2645 5153 2872 5206; x_wconf 86' lang='lat' dir='ltr'><strong><em>auctoris</em></strong></span> <span class='ocrx_word' id='word_1_871' title='bbox 2913 5152 3122 5222; x_wconf 87' lang='lat' dir='ltr'><strong><em>quidem</em></strong></span> <span class='ocrx_word' id='word_1_872' title='bbox 3157 5153 3475 5208; x_wconf 85' lang='lat' dir='ltr'><strong><em>sanctissimi</em></strong></span> <span class='ocrx_word' id='word_1_873' title='bbox 3513 5163 3560 5209; x_wconf 88' lang='lat' dir='ltr'><strong><em>et</em></strong></span> 
     </span>
    </p>
   </div>
   <div class='ocr_carea' id='block_1_114' title="bbox 1995 5223 3015 5292">
    <p class='ocr_par' dir='ltr' id='par_1_114' title="bbox 1995 5223 3015 5292">
     <span class='ocr_line' id='line_1_116' title="bbox 1995 5223 3015 5292; baseline -0.004 -14"><span class='ocrx_word' id='word_1_874' title='bbox 1995 5225 2332 5292; x_wconf 84' lang='lat' dir='ltr'><strong><em>eruditissimi</em></strong></span> <span class='ocrx_word' id='word_1_875' title='bbox 2360 5223 2458 5292; x_wconf 85' lang='lat' dir='ltr'><strong><em>viri</em></strong></span> <span class='ocrx_word' id='word_1_876' title='bbox 2489 5223 2687 5292; x_wconf 77' lang='lat' dir='ltr'><strong><em>nomini</em></strong></span> <span class='ocrx_word' id='word_1_877' title='bbox 2721 5229 3015 5292; x_wconf 68' lang='lat' dir='ltr'><strong><em>parcerent.</em></strong></span> 
     </span>
    </p>
   </div>
   <div class='ocr_carea' id='block_1_115' title="bbox 1993 5288 3556 5419">
    <p class='ocr_par' dir='ltr' id='par_1_115' title="bbox 1993 5288 3556 5419">
     <span class='ocr_line' id='line_1_117' title="bbox 2064 5288 3556 5416; baseline 0 -70"><span class='ocrx_word' id='word_1_878' title='bbox 2064 5293 2133 5416; x_wconf 59' lang='lat' dir='ltr'><strong><em>gs)</em></strong></span> <span class='ocrx_word' id='word_1_879' title='bbox 2157 5294 2219 5348; x_wconf 91' lang='lat' dir='ltr'><strong><em>V.</em></strong></span> <span class='ocrx_word' id='word_1_880' title='bbox 2253 5291 2372 5347; x_wconf 87' lang='lat' dir='ltr'><strong><em>Cat.</em></strong></span> <span class='ocrx_word' id='word_1_881' title='bbox 2397 5291 2518 5344; x_wconf 88' lang='lat' dir='ltr'><strong><em>bibl.</em></strong></span> <span class='ocrx_word' id='word_1_882' title='bbox 2549 5288 2798 5360; x_wconf 62' lang='lat' dir='ltr'><strong><em>Leid.,&#39;p.</em></strong></span> <span class='ocrx_word' id='word_1_883' title='bbox 2827 5291 2950 5355; x_wconf 70' lang='grc'><strong>544,</strong></span> <span class='ocrx_word' id='word_1_884' title='bbox 2983 5306 3039 5344; x_wconf 86' lang='grc' dir='ltr'><strong><em>ιι.</em></strong></span> <span class='ocrx_word' id='word_1_885' title='bbox 3075 5288 3141 5343; x_wconf 86' lang='grc'><strong><em>10</em></strong></span> <span class='ocrx_word' id='word_1_886' title='bbox 3161 5298 3218 5344; x_wconf 88' lang='lat' dir='ltr'><strong><em>et</em></strong></span> <span class='ocrx_word' id='word_1_887' title='bbox 3238 5289 3326 5357; x_wconf 89' lang='grc'><strong><em>11,</em></strong></span> <span class='ocrx_word' id='word_1_888' title='bbox 3347 5300 3404 5348; x_wconf 85' lang='lat' dir='ltr'><strong><em>et</em></strong></span> <span class='ocrx_word' id='word_1_889' title='bbox 3435 5308 3556 5366; x_wconf 79' lang='lat' dir='ltr'><strong><em>pag,</em></strong></span> 
     </span>
     <span class='ocr_line' id='line_1_118' title="bbox 1993 5361 2706 5419; baseline -0.008 0"><span class='ocrx_word' id='word_1_890' title='bbox 1993 5365 2061 5419; x_wconf 76' lang='grc'><strong>54</strong></span> <span class='ocrx_word' id='word_1_891' title='bbox 2085 5363 2118 5419; x_wconf 89' lang='grc'><strong><em>“.</em></strong></span> <span class='ocrx_word' id='word_1_892' title='bbox 2138 5379 2192 5416; x_wconf 93' lang='grc' dir='ltr'><strong><em>ιι.</em></strong></span> <span class='ocrx_word' id='word_1_893' title='bbox 2224 5363 2294 5417; x_wconf 82' lang='grc'><strong><em>25</em></strong></span> <span class='ocrx_word' id='word_1_894' title='bbox 2315 5377 2380 5416; x_wconf 90' lang='lat' dir='ltr'><strong><em>ac</em></strong></span> <span class='ocrx_word' id='word_1_895' title='bbox 2409 5361 2497 5416; x_wconf 83' lang='grc'><strong>26.</strong></span> <span class='ocrx_word' id='word_1_896' title='bbox 2541 5361 2706 5414; x_wconf 74' lang='grc' dir='ltr'>ΗΑιιι..</span> 
     </span>
    </p>
   </div>
   <div class='ocr_carea' id='block_1_116' title="bbox 2103 5377 2706 5426">
    <p class='ocr_par' dir='ltr' id='par_1_116' title="bbox 2103 5377 2706 5426">
     <span class='ocr_line' id='line_1_119' title="bbox 2103 5377 2706 5426; baseline -0.005 -10"><span class='ocrx_word' id='word_1_897' title='bbox 2103 5403 2118 5426; x_wconf 82' lang='grc'><strong><em>,</em></strong></span> <span class='ocrx_word' id='word_1_898' title='bbox 2138 5379 2192 5416; x_wconf 88' lang='lat' dir='ltr'><strong><em>ll.</em></strong></span> <span class='ocrx_word' id='word_1_899' title='bbox 2224 5377 2294 5417; x_wconf 67' lang='grc'><strong><em>23)</em></strong></span> <span class='ocrx_word' id='word_1_900' title='bbox 2315 5377 2380 5416; x_wconf 91' lang='lat' dir='ltr'><strong><em>ac</em></strong></span> <span class='ocrx_word' id='word_1_901' title='bbox 2409 5377 2497 5416; x_wconf 72' lang='grc' dir='ltr'><strong><em>ΖΟ.</em></strong></span> <span class='ocrx_word' id='word_1_902' title='bbox 2541 5377 2706 5414; x_wconf 76' lang='lat' dir='ltr'><strong><em>HARL.</em></strong></span> 
     </span>
    </p>
   </div>
   <div class='ocr_carea' id='block_1_117' title="bbox 2086 5427 3224 5503">
    <p class='ocr_par' dir='ltr' id='par_1_117' title="bbox 2086 5427 3224 5503">
     <span class='ocr_line' id='line_1_120' title="bbox 2086 5427 3224 5503; baseline -0.003 -17"><span class='ocrx_word' id='word_1_903' title='bbox 2086 5433 2140 5503; x_wconf 79' lang='grc' dir='ltr'><strong><em>ά)</em></strong></span> <span class='ocrx_word' id='word_1_904' title='bbox 2177 5432 2318 5503; x_wconf 72' lang='lat' dir='ltr'><strong><em>Vide</em></strong></span> <span class='ocrx_word' id='word_1_905' title='bbox 2341 5431 2654 5503; x_wconf 75' lang='lat' dir='ltr'><strong><em>Tillemont.</em></strong></span> <span class='ocrx_word' id='word_1_906' title='bbox 2685 5439 2815 5482; x_wconf 91' lang='lat' dir='ltr'><strong><em>tom.</em></strong></span> <span class='ocrx_word' id='word_1_907' title='bbox 2846 5427 2988 5503; x_wconf 64' lang='lat' dir='ltr'><strong><em>XIV,</em></strong></span> <span class='ocrx_word' id='word_1_908' title='bbox 3021 5443 3072 5503; x_wconf 85' lang='lat' dir='ltr'><strong><em>p.</em></strong></span> <span class='ocrx_word' id='word_1_909' title='bbox 3103 5429 3224 5484; x_wconf 86' lang='grc'><strong>672.</strong></span> 
     </span>
    </p>
   </div>
   <div class='ocr_carea' id='block_1_118' title="bbox 2085 5497 3558 5570">
    <p class='ocr_par' dir='ltr' id='par_1_118' title="bbox 2085 5497 3558 5570">
     <span class='ocr_line' id='line_1_121' title="bbox 2085 5497 3558 5570; baseline 0.001 -16"><span class='ocrx_word' id='word_1_910' title='bbox 2085 5497 2130 5570; x_wconf 79' lang='lat' dir='ltr'><strong><em>ej</em></strong></span> <span class='ocrx_word' id='word_1_911' title='bbox 2161 5501 2542 5562; x_wconf 87' lang='lat' dir='ltr'><strong><em>Cassiodorus,</em></strong></span> <span class='ocrx_word' id='word_1_912' title='bbox 2569 5499 2622 5552; x_wconf 90' lang='lat' dir='ltr'><strong><em>in</em></strong></span> <span class='ocrx_word' id='word_1_913' title='bbox 2643 5497 2908 5570; x_wconf 58' lang='lat' dir='ltr'><strong><em>protemio</em></strong></span> <span class='ocrx_word' id='word_1_914' title='bbox 2927 5497 3235 5553; x_wconf 85' lang='lat' dir='ltr'><strong><em>Divinarum</em></strong></span> <span class='ocrx_word' id='word_1_915' title='bbox 3262 5501 3558 5564; x_wconf 81' lang='lat' dir='ltr'><strong><em>lectionum.</em></strong></span> 
     </span>
    </p>
   </div>
   <div class='ocr_carea' id='block_1_119' title="bbox 1989 5567 3570 5642">
    <p class='ocr_par' dir='ltr' id='par_1_119' title="bbox 1989 5567 3570 5642">
     <span class='ocr_line' id='line_1_122' title="bbox 1989 5567 3570 5642; baseline 0 -16"><span class='ocrx_word' id='word_1_916' title='bbox 1989 5567 2254 5642; x_wconf 79' lang='lat' dir='ltr'><strong><em>Cyrillum</em></strong></span> <span class='ocrx_word' id='word_1_917' title='bbox 2274 5571 2726 5642; x_wconf 34' lang='lat' dir='ltr'><strong><em>refertinter‘eos</em></strong></span> <span class='ocrx_word' id='word_1_918' title='bbox 2753 5567 2845 5642; x_wconf 62' lang='lat' dir='ltr'><strong><em>qui</em></strong></span> <span class='ocrx_word' id='word_1_919' title='bbox 2869 5575 3034 5620; x_wconf 89' lang='lat' dir='ltr'><strong><em>totam</em></strong></span> <span class='ocrx_word' id='word_1_920' title='bbox 3074 5574 3284 5624; x_wconf 79' lang='lat' dir='ltr'><strong><em>sacram</em></strong></span> <span class='ocrx_word' id='word_1_921' title='bbox 3315 5571 3570 5642; x_wconf 60' lang='grc' dir='ltr'><strong><em>ξεί-ἱρω-⁴</em></strong></span> 
     </span>
    </p>
   </div>
   <div class='ocr_carea' id='block_1_120' title="bbox 1993 5637 3556 5712">
    <p class='ocr_par' dir='ltr' id='par_1_120' title="bbox 1993 5637 3556 5712">
     <span class='ocr_line' id='line_1_123' title="bbox 1993 5637 3556 5712; baseline 0.002 -19"><span class='ocrx_word' id='word_1_922' title='bbox 1993 5637 2107 5694; x_wconf 76' lang='lat' dir='ltr'><strong><em>ram</em></strong></span> <span class='ocrx_word' id='word_1_923' title='bbox 2135 5660 2166 5696; x_wconf 71' lang='grc' dir='ltr'>ει</span> <span class='ocrx_word' id='word_1_924' title='bbox 2206 5641 2474 5712; x_wconf 86' lang='lat' dir='ltr'><strong><em>principio</em></strong></span> <span class='ocrx_word' id='word_1_925' title='bbox 2501 5639 2566 5693; x_wconf 83' lang='lat' dir='ltr'><strong><em>ad</em></strong></span> <span class='ocrx_word' id='word_1_926' title='bbox 2596 5638 2755 5692; x_wconf 84' lang='lat' dir='ltr'><strong><em>linem</em></strong></span> <span class='ocrx_word' id='word_1_927' title='bbox 2799 5637 2987 5692; x_wconf 77' lang='lat' dir='ltr'><strong><em>Graeco</em></strong></span> <span class='ocrx_word' id='word_1_928' title='bbox 3025 5653 3274 5698; x_wconf 87' lang='lat' dir='ltr'><strong><em>sermone</em></strong></span> <span class='ocrx_word' id='word_1_929' title='bbox 3311 5637 3556 5699; x_wconf 68' lang='lat' dir='ltr'><strong><em>declara-</em></strong></span> 
     </span>
    </p>
   </div>
   <div class='ocr_carea' id='block_1_121' title="bbox 1993 5719 2140 5765">
    <p class='ocr_par' dir='ltr' id='par_1_121' title="bbox 1993 5719 2140 5765">
     <span class='ocr_line' id='line_1_124' title="bbox 1993 5719 2140 5765; baseline 0.007 -1"><span class='ocrx_word' id='word_1_930' title='bbox 1993 5719 2140 5765; x_wconf 86' lang='lat' dir='ltr'><strong><em>runt.</em></strong></span> 
     </span>
    </p>
   </div>
  </div>
