4076 6306
463 314 528 374 ει
1688 316 1970 373 ΝΟΤΙΤΙΑ
2007 318 2101 375 EX
2141 317 2478 375 FABRICIO.
2881 320 2898 333 '
3667 311 3738 363 δε

464 428 716 493 Genesiu,
750 427 878 485 libri
907 429 996 494 III,
1043 430 1097 484 in
1143 429 1413 495 Exedunt,
1482 428 1696 485 divisus
1743 430 1799 485 in
1840 430 1886 486 V
1906 446 2028 486 ser-
2068 437 2112 494 Α
2141 429 2402 503 auspiciis
2430 430 2597 486 Marci
2620 428 2850 493 Velseri,
2881 426 2977 499 qui
3001 426 3058 481 in
3086 422 3316 497 epistola
3346 421 3422 494 (a)
3447 420 3515 476 ad
3537 420 3740 477 Vulca-

464 536 683 587 mones;
722 522 778 575 in
806 520 1083 587 Numeros,
1130 521 1344 577 divisus
1396 520 1453 575 in
1492 521 1537 578 V
1578 535 1769 587 serm.,
1801 523 1856 576 in
1893 520 2040 575 Deu-

462 621 654 676 teron.,
686 612 741 665 in
768 612 993 667 totidem
1021 627 1261 667 sermon.
1293 612 1525 667 divisus.
1562 613 1626 668 V.
1662 611 1921 667 Lambec.
1949 612 2040 678 111,

464 717 586 773 pag.
623 701 728 757 249
779 718 861 773 sq.
910 734 981 743 —
1006 702 1066 757 In
1096 702 1234 757 bibl.
1276 702 1514 767 Bodlei.,
1545 703 1669 759 eod.
1707 702 2041 768 Cromwell.,

463 811 518 849 n.
548 795 673 861 291,
728 794 871 860 Cat.,
900 795 1087 868 Cyrill.
1133 798 1189 850 in
1228 798 1448 868 quaesita
1498 805 1549 851 et
1582 796 1741 852 dubia
1790 795 1848 852 S.
1898 794 2040 851 Scri-

463 898 675 959 ptum;
707 887 805 944 sed
832 888 1114 944 confector
1148 887 1268 943 Cat.
1304 888 1455 942 codd.
1488 888 1715 960 Angliw,
1752 897 1884 954 ete.,
1916 888 1957 953 I,
1986 902 2041 958 p.

463 980 552 1044 Η,
615 980 819 1035 addit:
866 999 885 1031 ι
913 980 1173 1036 Continet
1224 991 1406 1037 autem
1465 998 1656 1037 revera
1683 980 2043 1046 Theodoreti,

464 1069 634 1139 episc.
683 1068 834 1142 Cyri,
899 1068 1221 1135 Qttwstiones
1268 1072 1325 1123 in
1374 1070 1625 1127 Genesin.
1674 1089 1693 1120 ι
1750 1069 1929 1139 Atque
1985 1069 2044 1122 in

464 1156 586 1213 cod.
614 1158 853 1215 Florent.
885 1158 1145 1215 Laurent.
1185 1159 1329 1224 XIX,
1361 1175 1419 1214 ιι.
1457 1159 1542 1222 10,
1575 1159 1715 1229 plut.
1760 1158 1813 1222 6,
1861 1158 2045 1212 Theo-

465 1248 641 1305 doreti
670 1248 1079 1316 Quaestionibus
1124 1250 1181 1305 in
1223 1252 1345 1307 loca
1392 1251 1561 1306 dubia
1591 1250 1649 1306 S.
1704 1250 1760 1306 S.
1814 1251 2048 1305 interse-

467 1349 666 1395 runtur
692 1349 928 1411 quatuor
956 1340 1143 1413 Cyrilli
1170 1357 1369 1397 comm.
1395 1342 1451 1397 in
1475 1342 1747 1397 Numeros
1767 1341 2044 1411 fragmm.,

466 1432 792 1488 observante
812 1433 1041 1488 Bandin.
1065 1433 1121 1488 in
1155 1432 1274 1489 Cat.
1305 1434 1456 1489 codd.
1488 1434 1580 1491 Gr.
1607 1434 1885 1497 Laurent.,
1912 1433 1955 1498 I,
1987 1448 2044 1503 p.

466 1523 569 1578 157
600 1539 682 1594 sq.
714 1553 787 1564 ——
815 1522 990 1582 Oxon.
1026 1522 1084 1579 in
1106 1523 1245 1578 bibl.
1271 1524 1487 1595 collegii
1515 1523 1940 1587 Lincolniensis,
1984 1538 2045 1576 ιι.

466 1613 604 1669 1540
633 1613 776 1679 Cat.,
808 1613 937 1686 Cyr.
964 1631 1095 1687 opus
1136 1630 1295 1685 super
1339 1613 1584 1670 Genesin.
1612 1644 1683 1655 —
1714 1613 1961 1669 Venetiis
1989 1612 2049 1667 in

467 1707 627 1763 codd.
668 1705 882 1761 DXXIII
914 1706 1051 1761 bibl.
1079 1705 1270 1771 hlaro,
1300 1704 1427 1777 Cyr.
1463 1720 1591 1776 pars
1627 1705 1816 1777 operis
1848 1706 2048 1762 inscri-

2152 527 2305 582 nium
2326 567 2341 591 ,
2371 542 2422 580 a.
2454 524 2583 580 1601
2630 524 2776 586 data,
2816 522 2952 593 Ego,
2994 537 3060 575 ue
3090 520 3311 598 nescias,
3345 516 3546 585 inquit,
3595 517 3737 570 inter

2151 620 2348 691 primos
2382 616 2572 689 Cyrilli
2607 623 2875 670 amatores
2916 629 3106 667 nomen
3148 609 3439 682 proﬁteor:
3478 609 3628 678 cujus
3658 611 3736 662 rei

2151 706 2272 764 hinc
2315 710 2676 780 conjecturam
2704 707 2886 778 capias
2935 705 3074 769 licet,
3121 703 3259 774 quod
3310 702 3479 755 amico
3526 700 3736 754 cuidam

2152 817 2288 865 meo,
2324 801 2523 854 homini
2555 799 2733 856 Crmce
2766 806 2814 850 et
2849 796 3042 852 Latine
3075 795 3315 865 apprime
3350 792 3521 857 docto,
3551 799 3738 845 auctor

2152 892 2250 961 fui,
2269 889 2707 944 commentarium
2732 888 2786 941 in
2810 885 2916 941 XII
2948 886 3227 956 praphetas
3260 882 3515 947 uertendi,
3540 883 3584 934 is
3613 896 3740 933 vero

2153 990 2319 1035 totum
2338 997 2557 1053 pensum
2574 980 2695 1050 jam
2713 977 2949 1041 absolvit,
2972 987 3020 1031 et
3043 992 3181 1030 nunc
3196 974 3428 1029 maxime
3455 973 3736 1027 editionem

2153 1074 2403 1128 adornat.
2450 1073 2743 1144 Prophetas
2775 1073 3004 1126 minores
3041 1070 3218 1124 decem
3251 1084 3315 1122 ex
3343 1066 3504 1122 Boica
3547 1064 3737 1119 biblio-

2154 1167 2301 1221 theca
2327 1165 2623 1230 habuimus,
2652 1164 2879 1235 rcliquos
2904 1163 3033 1217 duos
3062 1178 3125 1215 ea:
3150 1160 3425 1216 Vaticano.
3457 1157 3742 1212 Aubertus

2151 1266 2350 1329 negat,
2372 1257 2477 1312 sibi
2505 1256 2674 1311 alium
2701 1255 2949 1312 codicem
2995 1269 3101 1309 ms.
3124 1261 3322 1323 praeter
3347 1250 3579 1321 Rontani
3617 1249 3742 1304 edi-

2153 1349 2359 1404 tionem
2389 1348 2458 1404 ad
2488 1362 2684 1403 manus
2712 1346 2906 1411 fuisse,
2954 1344 3063 1399 nisi
3101 1342 3249 1414 quod
3279 1342 3350 1397 ad
3397 1340 3739 1411 Sophoniam

2153 1455 2287 1495 usus
2313 1448 2398 1495 est
2428 1437 2812 1509 antiquissimo
2845 1434 3195 1491 bibliothecae
3224 1429 3407 1502 Regia
3434 1428 3619 1484 Paris.
3643 1427 3734 1483 Ci-

2155 1538 2303 1586 tatur
2326 1531 2396 1585 ab
2422 1502 2720 1601 Ephraimo
2751 1537 2915 1599 atque
2953 1525 3187 1580 Leontio
3221 1523 3350 1595 Byz.
3388 1522 3449 1576 In
3471 1520 3559 1575 his
3589 1535 3741 1573 eom-

2154 1623 2461 1690 mentariis,
2490 1621 2955 1694 quemadmodum
2982 1628 3041 1674 et
3061 1618 3117 1672 in
3144 1616 3254 1671 illis
3292 1628 3430 1685 quos
3462 1613 3518 1668 in
3542 1612 3743 1667 Isaiam

2155 1715 2482 1786 composuit,
2504 1714 2731 1785 propius
2752 1710 3041 1767 litteralem
3065 1723 3307 1772 sensum,
3328 1721 3493 1776 quam
3516 1704 3571 1758 in
3605 1702 3739 1760 Gla-

468 1798 545 1869 pti
578 1798 646 1852 τὰ
671 1795 985 1867 Γλαερυρά.
1013 1797 1077 1852 V.
1116 1794 1236 1852 Cat.
1272 1796 1422 1850 codd.
1447 1795 1749 1861 Gallam,
1769 1813 1825 1868 p.
1859 1796 2060 1852 282.—

2164 1808 2361 1880 phyris,
2384 1806 2623 1878 Cyrillus
2647 1803 3017 1876 persequitur.
3054 1801 3214 1856 FABR.
3248 1830 3319 1840 —
3342 1795 3567 1861 Oudin.,
3591 1796 3629 1850 l.
3662 1811 3743 1860 c.,

468 1888 606 1943 Ibid.
658 1888 713 1943 in
755 1887 879 1944 cod.
913 1887 1161 1954 Naniano
1198 1886 1439 1951 LXXIX,
1486 1885 1612 1958 Cyr.
1654 1886 1949 1960 Glaphyra.
1983 1888 2047 1944 ν.

2152 1899 2257 1954 col.
2290 1898 2426 1953 1024
2448 1913 2555 1967 sq.,
2584 1896 2733 1951 hunc
2769 1909 2988 1965 quoque
3011 1900 3371 1948 eommentar.
3394 1886 3742 1958 suppositum

469 1979 585 2035 Cat.
626 1979 776 2035 codd.
820 1979 914 2037 Gr.
942 1979 1111 2044 Nam,
1139 1994 1198 2050 p.
1235 1977 1360 2034 160.
1386 1978 1593 2035 Eadem
1625 1978 1682 2035 in
1716 1979 1839 2035 cod.
1876 1979 2049 2036 Vatic.

2164 1990 2354 2064 Cyrillo
2396 1990 2602 2055 fetum,
2628 1997 2683 2044 et
2714 1986 2961 2059 ejusdem
2998 1983 3243 2039 hominis
3283 1982 3378 2052 qui
3423 1995 3627 2036 comm.
3682 1978 3746 2032 in

470 2069 642 2125 Haec.

540 2162 693 2217 Tono
726 2161 791 2217 Il.
841 2193 910 2202 —
932 2161 1003 2230 Υ.
1051 2162 1118 2218 In
1157 2163 1361 2219 Isaiam
1386 2165 1698 2236 prophetam
1723 2176 2049 2219 commenta-

470 2255 671 2309 riorum
716 2253 837 2309 libri
881 2254 939 2321 V,
981 2271 1215 2326 quorum
1249 2256 1449 2328 singuli
1482 2257 1703 2322 iterum,
1736 2257 1948 2327 primus
1998 2256 2053 2312 in

470 2345 657 2414 λόγους
715 2362 832 2413 sex,
880 2347 1157 2405 secundus
1192 2351 1249 2405 in
1286 2352 1486 2420 τόμους
1532 2350 1802 2421 quinque,
1856 2350 2057 2406 tertius

471 2431 660 2487 Itidem
703 2433 758 2488 in
796 2434 994 2506 τόμους
1034 2436 1286 2502 totidem,
1325 2446 1558 2508 quartus
1597 2438 1656 2492 in
1698 2438 1967 2509 quinque,
2000 2447 2057 2493 et

471 2524 695 2593 quintus
716 2524 771 2579 in
795 2539 890 2581 sex
922 2526 1115 2595 λόγους
1160 2528 1506 2584 dividuntur.
1536 2528 1807 2600 Adjuncta
1839 2538 1926 2584 est
1948 2530 2056 2584 La-

471 2614 585 2671 tina
622 2617 803 2672 versio
832 2617 1112 2673 Laurentii
1146 2618 1410 2674 Hunlredi
1435 2665 1448 2684 ,
1484 2619 1674 2690 Angli,
1714 2635 1879 2690 quam
1910 2614 2056 2675 anno

473 2707 610 2762 I562
639 2707 876 2762 dicatam
902 2708 1256 2774 Elisabethze,
1285 2710 1492 2781 Angliae
1522 2710 1746 2781 reginae,
1773 2720 1830 2766 et
1850 2710 1907 2765 in
1932 2710 2055 2765 edi-

472 2801 623 2855 tione
653 2799 898 2870 Operum
935 2799 1128 2872 Cyrilli
1156 2802 1349 2858 Latina
1392 2802 1560 2858 Basil.
1596 2802 1756 2867 1566,
1791 2801 1911 2869 lol.,
1940 2802 2057 2873 pri-

475 2907 625 2946 mum
662 2891 896 2958 editam,
933 2892 1215 2949 Aubertus
1240 2894 1577 2966 recognovit,
1620 2893 1923 2964 Graecaque
1958 2910 2062 2964 pu-

475 2984 698 3040 blicavit
740 3000 808 3040 ex
851 2985 1041 3041 codice
1071 2986 1334 3046 Vaticano
1373 2994 1448 3050 et,
1501 2987 1596 3058 qui
1648 2986 1789 3043 duos
1845 2987 2060 3058 priores

476 3084 688 3132 tantum
714 3077 1052 3140 continebat,
1101 3078 1290 3149 Regio.
1331 3076 1546 3133 Citatur
1575 3093 1606 3132 a
1639 3078 1921 3143 Facundo,
1961 3094 2014 3132 ιι
2039 3118 2054 3143 ,

477 3170 530 3233 7,
582 3184 687 3225 nec
735 3184 847 3225 non
885 3185 917 3224 a
975 3143 1211 3225 Leontio
1252 3170 1383 3241 Byz.
1417 3180 1602 3225 contra
1654 3171 1948 3243 Eutychen,
2003 3143 2127 3227 etC

478 3258 779 3329 Ephraimo
814 3257 1161 3314 Antiocheno
1186 3257 1328 3329 apud
1368 3258 1624 3313 Photium
1670 3259 1794 3315 eod.
1846 3276 2058 3316 ccxxxx.

479 3348 639 3405 FABB.
680 3377 752 3387 —
802 3346 864 3402 In
906 3345 1045 3401 bibl.
1085 3346 1379 3414 Escorial.,
1430 3345 1555 3419 Cyr.
1606 3349 1661 3401 in
1686 3347 1760 3402 ιγ
1780 3349 2063 3419 prophetas

479 3440 733 3511 majores,
766 3446 825 3494 et
845 3437 972 3508 Cyr.
1014 3438 1361 3507 aliorumque
1409 3446 1668 3508 excerpta
1705 3438 1975 3509 expositio
2008 3439 2066 3494 in

482 3532 696 3596 Isaiam,
729 3538 867 3586 teste
904 3529 1106 3584 Pluero
1152 3529 1209 3584 in
1244 3530 1373 3585 Itin.
1421 3546 1513 3600 per
1554 3530 1732 3602 Hisp.,
1758 3546 1813 3601 p.
1847 3531 1970 3586 164.
1996 3562 2067 3571 -

481 3622 656 3679 Oxon.
680 3623 738 3678 in
771 3621 907 3677 bibl.
942 3619 1259 3688 Bodleiana,
1292 3639 1351 3677 n.
1391 3622 1495 3679 652
1535 3621 1738 3687 Catal.,
1773 3620 2065 3678 Comment.

488 3717 544 3770 in
564 3714 799 3781 Isaiam;
823 3714 967 3770 idem
997 3714 1052 3770 in
1079 3714 1207 3770 cod.
1224 3721 1461 3769 monast.
1486 3713 1931 3769 Benedictin.bis
1945 3713 2069 3769 Flo-

489 3807 701 3871 rentiae,
738 3814 878 3863 teste
905 3805 1203 3862 Montl‘auc.
1246 3806 1303 3861 in
1332 3804 1489 3860 Diar.
1510 3804 1666 3870 Μαι,
1697 3821 1751 3876 p.
1788 3805 1912 3869 565,
1938 3805 2067 3859 etin

487 3897 626 3954 Bibl.
660 3898 895 3954 biblioth.
946 3914 1097 3962 mss.,
1133 3899 1179 3963 l,
1206 3913 1261 3968 p.
1297 3897 1402 3952 414
1434 3898 1499 3952 E.
1539 3926 1610 3937 —
1648 3896 1800 3951 Idem
1840 3897 1895 3951 in
1940 3895 2065 3951 cod.

488 3990 804 4046 Vindobon.
852 3989 1153 4055 LXXVIII,
1195 3989 1456 4060 Opinante
1500 3989 1812 4053 Lambecio,
1871 3988 1961 4051 III,
2011 4003 2066 4058 p.

488 4083 595 4140 455
623 4098 739 4155 sq.;
763 4081 862 4138 sed
884 4081 1087 4138 Kollar.
1112 4096 1212 4152 pro
1241 4080 1429 4151 spurio
1461 4095 1588 4135 eum
1621 4080 1826 4145 habet;
1860 4079 1925 4133 V.
1953 4079 2073 4150 ejus

489 4183 679 4230 not.—
700 4172 850 4229 Idem
897 4178 956 4228 et
991 4170 1048 4226 in
1086 4185 1209 4241 cap.
1253 4186 1268 4224 I
1308 4168 1624 4239 Sophonize,
1651 4167 1826 4223 Paris.
1855 4167 1910 4221 in
1945 4166 2070 4222 cod.

489 4262 906 4328 DCCCXXXVI,
940 4278 993 4316 n.
1031 4261 1057 4315 1
1098 4268 1156 4316 et
1178 4259 1235 4324 9.,
1276 4259 1415 4314 bibl.
1444 4258 1602 4329 publ.
1630 4254 2070 4320 -—Oudin.l.c.,

492 4356 599 4412 col.
641 4350 794 4418 l023,
829 4350 1110 4423 opinatur,
1168 4349 1319 4404 hunc
1375 4346 1433 4402 in
1469 4344 1666 4400 Isaiam
1713 4351 2071 4399 commentar.

494 4461 616 4502 esse
641 4443 967 4504 racentioris
996 4439 1370 4508 auetoris,qui
1395 4438 1557 4509 longe
1587 4442 1712 4508 post
1730 4434 1993 4507 Cyrillum
2018 4433 2075 4488 in

494 4536 610 4593 otio
630 4534 852 4598 vixerit,
879 4542 936 4591 et
959 4532 1229 4611 plurimos
1251 4538 1377 4588 ante
1406 4545 1467 4587 se
1494 4529 1668 4601 hujus
1691 4527 1824 4584 libri
1854 4526 2070 4583 habue-

489 4629 571 4706 rit
590 4634 1067 4685 commentatores.
1088 4623 1256 4683 ΗΑιιι..

564 4720 717 4776 Touo
727 4719 816 4775 III.
829 4748 898 4759 —
908 4718 970 4772 δ’.
989 4716 1054 4773 In
1063 4715 1136 4772 X1
1139 4716 1167 4771 1
1177 4718 1458 4788 prophetas
1472 4716 1699 4770 minores
1711 4710 2077 4768 commentarii

497 4825 625 4868 cum
652 4809 903 4865 versione
918 4807 1106 4863 Jacobi
1139 4805 1390 4870 Pontani,
1415 4806 1472 4862 S.
1495 4804 1569 4871 1.,
1601 4804 1697 4875 qui
1717 4803 1820 4859 hos
1850 4802 2061 4873 primus

494 4903 684 4960 Graece
704 4910 761 4957 et
780 4900 973 4956 Latine
998 4897 1573 4969 edideratlngolstadii
1595 4913 1647 4953 a.
1669 4895 1805 4952 I605
1825 4893 1898 4968 [a.
1918 4894 2074 4957 I607,

496 5008 585 5065 ap.
610 4992 990 5063 Ilamberger.,
1012 4996 1069 5045 et
1093 4986 1285 5044 inCat.
1314 4986 1436 5042 bibl.
1461 4986 1725 5053 Leidens.,
1742 5003 1797 5057 p.
1825 4983 1938 5059 37],
1957 4984 2077 5050 fol.,

569 5133 648 5209 (α)
675 5131 886 5209 Xelseri
922 5128 1121 5209 Opera.
1150 5145 1205 5201 ι)-
1240 5129 1363 5209 9.5;!-
1808 5197 1820 5208 .

572 5196 645 5285 (ὁ)
676 5204 791 5260 Hoc
810 5218 952 5285 opus
970 5196 1045 5256 ex
1063 5196 1283 5285 Georgii
1298 5196 1932 5285 Irapezuntiivv’ersione

499 5266 770 5331 chto'veus
801 5266 985 5345 primo
1020 5287 1090 5327 ex
1123 5266 1247 5325 eod.
1297 5266 1546 5324 Romano
1595 5266 1773 5323 edidit
1811 5283 1863 5321 a.
1904 5266 2065 5332 1508,

499 5343 699 5425 Panis,
727 5359 816 5425 εν·
849 5341 1017 5425 Henr.-
1045 5337 1455 5425 S‘ePi‘Pmnlﬁl'
1491 5336 2075 5425 “emisti-.39

498 5430 555 5485 p.
581 5405 956 5482 99,7et'supra
986 5405 1249 5494 in_n6tit.
1284 5409 1446 5465 editt.
1494 5407 1683 5492 Latin,
1725 5406 1936 5463 Deinde
1961 5405 2076 5487 Cli-

501 5484 1032 5563 εειηθγτιεοοεῑιρνιι
1057 5481 1192 5563 Illud
1219 5496 1275 5563 ει.
1300 5478 1456 5563 15ᾷο,
1487 5476 2079 5563 adjectislquatuorli:

501 5548 996 5635 bris_inte_rmédiis,
1009 5551 1103 5621 qui
1113 5550 1593 5635 desiderabantur,
1600 5562 1673 5635 ex
1692 5548 2081 5635 Chrxso’stormo

500 5631 557 5679 et
583 5622 707 5679 aliis
732 5614 991 5678 Patribus
1014 5614 1211 5676 éccles.
1244 5636 1274 5675 a
1311 5635 1372 5676 se
1399 5618 1666 5675 collectis.
1695 5614 1852 5674 Conl'.
1881 5616 1951 5672 de
1978 5614 2076 5670 Ge.

502 5691 1015 5820 ﬂveri-itione
1052 5690 1186 5747 Ζειιί
1223 5689 1445 5746 Dissert.
1496 5688 1794 5756 Vossiame,
1833 5697 1964 5743 tom.
2010 5685 2076 5749 II,

502 5779 623 5837 pag.
650 5778 699 5819 δ.
735 5778 899 5820 usus.

2153 2080 2350 2136 Isaiam
2381 2077 2747 2140 contexuerit,
2781 2075 3092 2137 existimat,
3119 2071 3372 2143 pluribus
3397 2065 3750 2139 argumentis

2153 2171 2353 2225 victus.
2383 2168 2584 2240 Cyrillo
2612 2182 2745 2222 vero
2772 2164 3039 2220 tribuitur
3057 2163 3113 2217 in
3130 2160 3292 2233 codd.
3321 2159 3515 2213 Bavar.
3545 2155 3662 2210 XVI
3686 2163 3745 2209 et

2155 2261 2318 2317 XVII.
2336 2261 2402 2316 V.
2427 2259 2546 2316 Cat.
2566 2259 2717 2313 codd.
2741 2257 2833 2313 Gr.
2856 2255 3012 2320 Bav.,
3037 2270 3094 2324 p.
3124 2253 3180 2308 5.
3198 2252 3343 2305 ——In
3371 2249 3551 2304 tribus
3578 2246 3745 2302 codd.

2155 2350 2444 2415 Eseorial.,
2478 2357 2620 2405 teste
2664 2347 2866 2403 Pluero
2902 2345 2941 2399 1.
2974 2359 3024 2399 c.
3076 2357 3201 2413 pag.
3237 2340 3361 2394 164.
3394 2369 3464 2378 -
3493 2337 3740 2392 Floreat.

2160 2443 2218 2498 in
2253 2441 2379 2497 cod.
2413 2441 2673 2495 Laurent.
2710 2436 2975 2501 XXXVII,
3013 2453 3069 2490 n.
3102 2433 3189 2497 12,
3230 2432 3368 2501 plut.
3402 2430 3489 2494 69,
3517 2428 3637 2482 loca
3674 2442 3746 2481 ex

2157 2533 2255 2588 XII
2277 2533 2480 2588 minor.
2513 2531 2771 2602 prophet.
2810 2538 2868 2585 et
2908 2528 3178 2599 propheta
3210 2527 3279 2581 ls.
3312 2538 3438 2580 cum
3467 2518 3656 2592 Cyrilli
3689 2526 3749 2573 et

2156 2627 2390 2682 aliorum
2414 2623 2875 2696 expositionibus,
2901 2622 3080 2676 indice
3102 2617 3335 2674 Bandin.
3358 2615 3415 2670 in
3442 2612 3560 2670 Cat.
3590 2610 3745 2665 codd.

2157 2717 2414 2772 Laurent.
2434 2715 2550 2779 Gr.,
2580 2714 2647 2778 Il,
2682 2712 2787 2767 col.
2820 2711 2944 2766 652.
2979 2709 3146 2764 Hann.
3352 2712 3357 2717 '

2229 2807 2557 2864 TouolV.——
2573 2807 2635 2859 ε’.
2664 2803 2730 2859 In
2751 2800 3101 2872 Evangelium
3123 2797 3180 2853 S.
3203 2796 3427 2852 Joannis
3459 2793 3579 2848 libri
3605 2790 3731 2855 XII,

2158 2916 2284 2956 cum
2310 2914 2450 2954 nova
2478 2897 2733 2953 versione
2754 2895 2838 2952 Jo.
2859 2892 3110 2948 Auberti.
3148 2891 3210 2946 In
3242 2887 3458 2943 Latinis
3480 2884 3746 2941 editioni-

2161 2992 2268 3047 bus
2313 2990 2420 3045 hoc
2456 3004 2598 3059 Opus
2643 2994 2822 3043 exstat
2861 2999 2930 3040 ex
2979 2980 3436 3053 interpretatione
3488 2973 3743 3046 Gregorii

2159 3082 2531 3155 Trapezuntii,
2549 3095 2671 3153 quae
2688 3078 2969 3151 prodierat
2987 3075 3278 3146 separatim
3301 3071 3474 3128 Paris.
3494 3069 3630 3125 1520
3647 3068 3746 3139 (b),

2162 3176 2258 3232 fol.
2285 3174 2392 3231 Sed
2419 3190 2531 3229 non
2563 3172 2727 3227 modo
2757 3184 2975 3241 magna,
3004 3176 3067 3222 ut
3097 3165 3328 3228 solebat,
3364 3161 3587 3218 licentia
3608 3160 3748 3215 Tra-

2162 3268 2461 3340 pezuntius
2501 3266 2559 3321 in
2615 3264 2720 3320 hac
2767 3263 3023 3319 versione
3075 3274 3213 3315 usus
3258 3266 3364 3322 est,
3411 3254 3509 3310 sed
3551 3253 3749 3319 libros,

2164 3358 2404 3427 quintum
2429 3397 2444 3421 ,
2487 3363 2734 3419 sextum,
2778 3353 3063 3423 septimum
3105 3358 3164 3404 et
3197 3357 3463 3410 octavum,
3506 3358 3647 3413 quos
3692 3341 3751 3395 in

2163 3447 2368 3504 Graecis
2394 3446 2680 3502 codicibus
2705 3460 2818 3499 non
2845 3442 3071 3513 reperit,
3094 3440 3256 3511 plane
3273 3436 3481 3493 omisit.
3507 3432 3751 3499 Quatuor

2164 3538 2463 3593 intermedii
2506 3536 2656 3601 libri,
2700 3535 2882 3605 inquit
2929 3532 3171 3589 Jodocus
3214 3529 3607 3591 Cliclitoveus,
3655 3540 3753 3578 nec

2166 3630 2310 3703 apud
2330 3629 2564 3691 Latinos.
2592 3644 2685 3681 nec
2714 3626 2857 3699 apud
2886 3625 3091 3682 Grrecos
3116 3623 3178 3678 ab
3204 3622 3273 3677 iis
3298 3621 3388 3691 qui
3425 3635 3565 3679 eam,
3584 3633 3750 3688 quam

2167 3729 2401 3793 potuere,
2434 3718 2769 3790 vigilantiam
2798 3716 3153 3772 adhibuerunt
3172 3755 3187 3780 ,
3219 3712 3415 3784 reperti
3438 3717 3581 3764 sunt.
3609 3705 3750 3761 Nam

2167 3823 2217 3869 et
2252 3814 2309 3867 in
2343 3810 2443 3866 illa
2472 3812 2667 3881 insigni
2698 3809 2880 3864 Roma:
2919 3806 3193 3880 pontiﬁcia
3237 3803 3547 3859 bibliotheca
3589 3798 3748 3870 quin-

2167 3904 2333 3974 quies,
2368 3910 2449 3957 ter
2480 3901 2689 3973 quidem
2716 3899 2903 3954 Latine
2950 3896 3054 3970 (de
3102 3890 3454 3965 Trapezuntii
3494 3888 3749 3944 versione

2168 3993 2466 4065 intellige),
2486 4003 2535 4047 et
2569 3993 2644 4047 bis
2671 3992 2850 4049 Graece
2878 3988 3156 4059 conscripti
3186 3987 3445 4046 visuntur,
3474 3989 3523 4035 et
3557 3980 3748 4048 ubique

2168 4094 2219 4141 et
2243 4086 2435 4142 eisdem
2461 4087 2518 4140 in
2547 4085 2670 4140 locis
2693 4084 2867 4138 trunci
2896 4099 2958 4136 ac
3001 4079 3196 4135 mutili.
3227 4078 3416 4147 Itaque
3435 4074 3547 4137 hic,
3581 4084 3749 4142 quem

2170 4174 2306 4241 dixi,
2336 4174 2714 4238 Clichtoveus,
2756 4170 3190 4243 NeOportuensis
3209 4209 3225 4234 ,
3254 4168 3432 4222 libros
3463 4164 3587 4219 illos
3615 4176 3752 4233 qua-

2173 4276 2300 4322 tuor
2319 4280 2389 4321 ex
2420 4280 2522 4321 suo
2550 4263 2771 4335 ingenio
2817 4260 3126 4333 supplevit,
3156 4256 3519 4329 Augustinum
3552 4254 3607 4307 in
3636 4252 3743 4323 ple-

2174 4357 2360 4427 risque
2374 4364 2617 4420 seeutus,
2641 4361 2703 4409 ut
2717 4362 2967 4409 notatum
3000 4348 3281 4406 Richardo
3296 4343 3506 4401 Simoni
3526 4352 3659 4397 tom.
3679 4338 3750 4427 Ill

2106 4468 2150 4526 ο
2177 4426 2425 4499 Historias
2471 4443 2666 4498 critici:
2690 4440 2825 4497 Novi
2868 4440 3029 4504 Test.,
3082 4453 3207 4509 pag.
3243 4434 3345 4491 529
3379 4442 3441 4526 et
3638 4426 3749 4526 sed

2177 4534 2442 4605 quoniam
2468 4532 2771 4590 Clichtovei
2806 4532 3247 4603 supplementum
3287 4542 3319 4581 a
3361 4522 3548 4597 Cyrilli
3578 4520 3752 4591 ipsius

2175 4640 2342 4697 Opere
2365 4626 2423 4681 in
2437 4624 2610 4681 titulis
2628 4623 2895 4679 librorum
2919 4620 3163 4692 quidem,
3188 4618 3285 4674 sed
3310 4632 3419 4671 non
3436 4615 3750 4669 charactere

2179 4725 2435 4789 typorum
2465 4714 2553 4770 vel
2582 4714 2691 4769 alia
2717 4722 2847 4767 nota
2876 4727 2974 4782 per
3022 4709 3267 4782 singulas
3310 4706 3538 4779 paginas
3584 4715 3752 4772 agno—

2179 4805 2405 4869 scenda,
2432 4801 2698 4873 distingui
2727 4801 2862 4857 satis
2880 4799 3113 4871 contigit
3131 4840 3146 4864 ,
3178 4799 3309 4852 hinc
3343 4796 3547 4851 factum
3571 4801 3655 4847 est
3692 4798 3753 4845 ut

2180 4894 2342 4951 multi
2391 4892 2462 4965 (ε)
2503 4891 2713 4948 incauti
2758 4906 2857 4961 pro
2897 4887 3210 4961 Cyrillianis
3255 4885 3545 4942 laudarent
3582 4880 3753 4936 verba

2181 4981 2513 5047 Clichtovei,
2545 4988 2709 5051 atque
2734 4978 2843 5054 illis
2872 4977 2940 5032 ad
2973 4974 3301 5031 stabilienda
3330 4987 3449 5036 sua,
3483 4985 3605 5041 quae
3640 4966 3755 5022 vel-

2250 5122 2321 5196 (c)
2377 5122 2499 5205 Non
2542 5117 2820 5198 assentior
2848 5114 3172 5197 TheOphilo.
3205 5109 3528 5193 Itaynaudo,
3559 5109 3655 5174 qui
3697 5109 3754 5159 in

2174 5192 2569 5249 Erotemattbus
2597 5191 2660 5245 de
2697 5189 2843 5242 bonis
2873 5194 2924 5239 et
2950 5185 3105 5258 malis
3137 5183 3300 5244 libris,
3328 5194 3451 5258 pag.
3492 5179 3552 5231 I7
3559 5179 3593 5258 fl‘
3613 5191 3753 5258 ser-1:,

2174 5245 2426 5328 allii-mat,
2446 5245 2871 5317 Feuardentium
2895 5255 3165 5329 meditato
3180 5245 3534 5329 supposuisse
3554 5245 3757 5329 Cyrillo

2184 5314 2691 5390 ciibiidiéi'iérba
2714 5368 2728 5393 ,
2768 5341 2890 5401 quae
2917 5326 2996 5401 ibi
3040 5322 3229 5401 laudat
3251 5314 3371 5401 pro
3409 5314 3758 5401 immaculata

2186 5385 2520 5473 gingiuis
2538 5385 2919 5473 conceptione.
2948 5394 3087 5450 Nam
3107 5385 3402 5473 facile_'hoc
3429 5400 3541 5473 non
3560 5385 3759 5473 adver-

2188 5454 2669 5541 iénii'b‘éhuhgére
2688 5454 2889 5541 potuit,
2916 5460 3376 5541 quemadmodum
3399 5455 3628 5541 contigit

2186 5524 2838 5601 mensibusetul’anielio,
2869 5524 3007 5606 qu'os
3032 5530 3470 5606 arguit‘ilobert.
3498 5524 3679 5606 Cocus
3703 5524 3761 5578 in

2187 5593 2763 5680 magnesiam
2794 5593 3050 5680 quarum.
3095 5593 3152 5680 ῦς
3182 5600 3396 5680 δεθ.ν..θι
3421 5593 3764 5680 Permitte

2190 5661 2880 5751 t—y'rirquemrEprehendit
2899 5661 3263 5751 Bellarminus
3286 5661 3385 5750 lib:
3404 5682 3440 5722 II
3466 5664 3545 5751 De

2190 5739 2623 5810 charis'tia.c.25.
2641 5746 2845 5803 Eodem
2858 5745 3079 5802 nomine
3105 5742 3272 5797 alium
3285 5739 3552 5807 insignem
3575 5739 3758 5789 virum
