4076 6306
485 253 557 312 $5

1717 255 2000 313 NOTITIA
2030 255 2125 310 EX
2162 256 2497 317 FABRICIO.

3668 238 3755 308 ἔτί

481 371 677 442 probat
697 371 937 428 Joannes
958 370 1240 431 Launoius
1259 334 1419 445 parte.
1442 391 1480 443 ι,
1504 374 1737 447 epistola
1758 376 1785 431 1
1818 383 1876 430 et
1899 373 1954 440 2,
1983 372 2053 430 ad
2084 380 2126 435 Α
2158 375 2292 431 Vide
2326 375 2741 432 Tillemontium
2769 384 2904 431 tom.
2939 375 3079 441 X‘IV,
3110 389 3167 444 p.
3200 372 3303 428 667
3336 378 3393 427 et
3416 369 3537 427 670.
3568 368 3750 426 Octa-

479 463 780 520 Antonium
806 463 1064 530 Faurum,
1095 474 1152 522 et
1183 475 1338 536 parte
1363 483 1417 533 v,
1460 467 1692 538 epistola
1716 466 1771 533 9,
1802 465 1872 524 ad
1911 465 2059 539 Tho-

479 570 627 609 mam
654 554 961 622 Fortinum,
986 572 1095 627 qua
1122 557 1338 629 priores
1365 559 1625 629 epistolas
1645 574 1772 614 suas
1792 558 2057 613 adversus

480 647 825 715 Vincentium
837 647 1255 715 Baronem,sive
1272 649 1590 715 Baronium,
1606 658 1811 715 tuetur,
1827 664 1945 720 cap.
1966 648 2053 704 10.

478 738 681 797 Confer
700 739 926 796 Antonii
945 741 1157 799 Reiseri
1175 743 1349 798 nostri
1364 742 1664 799 Launoium
1685 743 2055 814 confessorem,

479 846 604 904 pag.
638 832 703 887 41
741 848 883 904 seq.,
941 842 999 889 et
1036 833 1309 891 Andream
1348 835 1606 892 Rivetum
1642 836 1743 893 lib.
1779 853 1832 892 ιν
1877 834 2059 891 Critici

380 944 389 953 υ
476 925 638 988 sacri,
681 939 733 980 c.
778 924 886 992 19;
936 924 1024 981 Jo.
1057 926 1388 981 Rainoldum
1419 928 1476 982 in
1509 926 1783 998 Colloquio
1816 944 1933 981 cum
1968 925 2055 981 Io.

476 1008 706 1089 Hardto,
735 1013 959 1083 jesuita,
995 1028 1115 1085 cap.
1150 1015 1202 1079 5,
1236 1031 1292 1086 p.
1323 1015 1428 1073 515
1470 1033 1586 1088 seq.
1618 1018 1780 1072 Faan.
1814 1048 1887 1057 ——
1913 1017 2060 1083 Add,

477 1101 684 1159 Oudin.
720 1105 759 1159 l.
792 1118 845 1159 c.
887 1105 994 1160 col.
1026 1105 1164 1161 1028
1203 1122 1349 1179 sqq.,
1395 1108 1490 1179 qui
1534 1109 1746 1180 judicia
1775 1109 2053 1175 Vulcanii,

475 1192 816 1261 Beliarmini,
852 1195 1031 1251 Riveti
1059 1205 1115 1252 et
1141 1198 1228 1253 El.
1263 1199 1337 1253 du
1371 1199 1494 1265 Pin,
1530 1199 1588 1255 in
1618 1210 1908 1271 utramque
1934 1217 2058 1271 par-

475 1291 587 1340 tem
610 1285 798 1341 multis
829 1286 1015 1342 verbis
1043 1287 1173 1354 lata,
1210 1290 1454 1360 repetiit.
1483 1322 1555 1331 —
1584 1292 1776 1347 Exstat
1800 1308 1932 1347 vero
1955 1292 2058 1365 Cy-

474 1373 583 1428 rilli
607 1375 902 1431 Thesaurus
942 1378 1215 1434 Monachii
1243 1381 1298 1435 in
1330 1381 1452 1436 cod.
1483 1382 1524 1438 C
1554 1382 1689 1438 bibl.
1719 1383 1881 1439 elect.
1913 1383 2052 1456 (Cat.

471 1461 625 1515 codd.
652 1463 769 1528 Gr.,
796 1479 857 1534 p.
882 1465 1011 1538 58.)
1048 1496 1120 1507 -
1153 1469 1407 1526 Vcnetiis
1443 1471 1502 1526 in
1534 1472 1672 1527 bibl.
1717 1473 1882 1530 Marci
1929 1474 2053 1530 cod.

472 1551 663 1609 CXXII
685 1563 743 1611 et
767 1555 1100 1614 CCCCXCII.
1125 1560 1189 1616 V.
1224 1559 1343 1616 Cat.
1374 1563 1527 1618 codd.
1554 1564 1648 1621 Gr.
1676 1565 1869 1631 Mam,
1899 1583 1954 1638 p.
1987 1567 2058 1623 70

472 1651 531 1697 et
555 1644 681 1700 260.
707 1677 780 1692 —-
802 1647 943 1702 Ibid.
974 1649 1030 1705 in
1057 1651 1180 1706 cod.
1202 1651 1517 1711 LXXXVIII
1538 1655 1805 1713 Naniano.
1833 1658 1897 1714 V.
1930 1657 2050 1713 Cat.

473 1735 624 1813 εοάιι.
660 1736 754 1793 Gr.
788 1736 956 1805 Nam,
1005 1757 1063 1811 p.
1112 1743 1216 1797 475
1247 1760 1331 1813 sq.
1369 1709 1442 1785 —;
1471 1709 1652 1801 nisi:
1686 1709 2055 1804 istaista;
2085 1709 2127 1764 Β

473 1810 794 1882 canonicor.
837 1829 1134 1886 Thcsaurus
1159 1874 1176 1897 ,
1220 1832 1524 1906 interprete
1559 1835 1755 1909 Georg.
1798 1838 2053 1910 Trapez.,

475 1925 619 1973 teste
644 1919 1015 1977 Montfancon.
1043 1924 1098 1978 in
1122 1924 1309 1979 Dim-io
1341 1925 1494 1993 Ital.,
1527 1944 1583 1999 p.
1607 1928 1733 1984 592.
1753 1961 1823 1970 -
1853 1930 2058 1986 Eadem

473 2009 658 2063 versio
682 2010 972 2068 Florentia:
996 2014 1050 2069 in
1072 2025 1307 2071 monast.
1347 2018 1760 2075 Dominicanor.
1787 2021 1842 2077 S.
1868 2021 2055 2090 Marci,

475 2098 535 2154 in
558 2099 694 2156 bibl.
714 2113 950 2159 monast.
977 2106 1034 2161 S.
1056 2106 1270 2162 Crucis.
1297 2109 1362 2166 V.
1387 2109 1615 2165 Zachar.
1640 2111 1752 2167 Iter
1778 2112 1943 2169 lilter.
1966 2132 2061 2186 per

473 2188 629 2258 ItaL,
663 2208 721 2264 p.
750 2196 820 2253 47
841 2204 897 2251 et
927 2198 1339 2255 99.—Paris.in
1355 2203 1597 2273 quinque
1611 2204 1772 2260 codd.
1807 2204 1900 2260 Gr.
1918 2206 2054 2264 bibl.

474 2280 630 2351 pub].
651 2313 722 2324 -—
749 2284 810 2341 In
847 2285 1063 2344 duobus
1092 2288 1187 2346 Gr.
1220 2292 1381 2347 codd.
1416 2292 1548 2348 bibl.
1576 2294 2058 2368 Escorial..secun-

476 2370 807 2430 dumPluer.
840 2376 896 2432 in
916 2379 1172 2435 Itinerar.
1207 2398 1303 2452 per
1333 2383 1583 2455 Hispan.,
1645 2401 1702 2457 p.
1731 2386 1853 2442 164.
1886 2387 2054 2443 IIARI...

548 2462 612 2529 ξ’.
647 2465 860 2540 Dialogi
901 2486 1087 2525 novem
1136 2472 1205 2526 ad
1235 2473 1495 2528 eumdem
1538 2475 1896 2532 Nemesinum
1923 2517 1937 2542 ,
1989 2476 2059 2531 ad

474 2570 641 2627 quem
670 2557 1058 2615 Thesaurorum
1083 2561 1288 2616 librum
1317 2562 1487 2627 misit,
1512 2580 1788 2637 quemque
1827 2567 2061 2638 φιλομα-

476 2644 736 2701 θέστατον
767 2649 996 2720 ἀδελφὸν
1018 2653 1280 2723 appellat,
1307 2654 1363 2708 in
1385 2655 1588 2725 quibus
1618 2656 1871 2713 Hermias
1906 2657 1982 2731 (a)
2006 2666 2063 2715 et

474 2735 715 2808 Cyrillus
739 2741 1152 2812 colloquuntur.
1175 2744 1305 2816 Pag.
1333 2745 1596 2802 385-778.
1641 2749 1895 2821 Dialogus
1920 2750 2064 2821 duos

475 2836 782 2897 postremos
818 2829 898 2884 De
934 2833 1304 2889 incarnatione
1351 2835 1621 2908 Unigeniti
1651 2847 1702 2892 et
1733 2818 1873 2910 quod
1922 2818 2060 2896 unus

474 2918 545 2971 sit
579 2915 837 2983 Christus,
870 2935 1009 2989 quos
1036 2932 1283 2991 tempore
1311 2923 1498 2993 aliquo
1527 2925 2057 2996 interjecto'demum

474 3008 1115 3081 prioribussubjunxisse
1136 3011 1373 3084 Cyrillus
1389 3013 1628 3080 videtur,
1648 3015 1859 3086 primus
1871 3016 2057 3073 Grmce

474 3113 607 3154 cum
623 3099 876 3156 versione
892 3102 1108 3158 etnotis
1134 3104 1376 3175 vulgavit
1399 3085 1699 3162 Bonavent.
1731 3108 2056 3176 Vulcanius,
2084 3085 2127 3142 θ’

474 3188 545 3246 ad
561 3191 764 3246 calcem
783 3191 909 3248 libri
937 3201 1121 3248 contra
1134 3193 1714 3268 AnthrOpomorphitas,
1735 3198 1911 3272 Lugd.
1938 3200 2060 3256 Bat.

477 3280 618 3336 1605
641 3322 656 3347 ,
692 3281 750 3337 in
780 3282 816 3338 4
851 3281 948 3356 (ὁ).
978 3285 1040 3340 In
1072 3285 1412 3343 editionibus
1456 3304 1588 3344 vero
1630 3289 1818 3362 Gyrilli
1851 3291 2062 3349 Latinis

475 3379 692 3428 exstant
728 3373 893 3429 modo
926 3383 1138 3446 septem
1184 3376 1385 3448 dialogi
1420 3379 1635 3448 priores
1680 3380 1760 3435 De
1802 3380 2063 3441 Trinitate

476 3469 669 3519 contra
689 3461 922 3518 Arianos
945 3473 1001 3520 et
1023 3464 1462 3534 Macedonianos,
1495 3484 1565 3524 ex
1594 3470 1850 3527 versione
1882 3472 2051 3528 Joan-

476 3551 567 3606 nis
592 3549 1034 3623 (Ecolampadii,
1074 3571 1197 3626 qua:
1232 3556 1472 3628 primum
1512 3556 1694 3630 [1528.
1736 3560 1802 3616 V.
1856 3577 2046 3633 supra,

479 3641 629 3712 5m,
666 3642 722 3697 in
751 3643 917 3699 notit.
951 3645 1134 3712 editt.,
1184 3647 1325 3721 tum]
1373 3665 1425 3704 a.
1485 3649 1623 3705 1546
1666 3650 1848 3708 lucem
1897 3653 2061 3709 vidit.

478 3734 665 3790 Graece
690 3735 775 3791 Jo.
819 3735 1097 3797 Aubertus
1134 3740 1285 3796 dedit
1324 3741 1540 3811 primus
1564 3757 1634 3797 ex
1664 3743 1855 3799 codice
1896 3745 2063 3801 unico

480 3829 814 3898 Augustam:
831 3828 1198 3898 bibliothecae,
1219 3833 1377 3903 cujus
1398 3834 1777 3904 apographum
1806 3834 2063 3893 Matthias

481 3917 791 3989 Ebingerus
810 3920 879 3973 ad
904 3934 1031 3975 eum
1056 3920 1433 3978 transmiserat
1456 3921 1547 3994 (c).
1606 3922 1758 3978 Idem
1777 3923 2059 3982 Aubertus

480 4007 790 4064 versionem
824 4009 1073 4067 Latinam
1100 4012 1353 4067 Vulcanii
1387 4013 1643 4078 servavit,
1670 4028 1735 4068 ac
1752 4030 1852 4084 pro
1879 4014 2061 4071 OEco-

482 4096 827 4170 lampadiana
860 4100 1023 4157 aliam
1050 4118 1248 4159 novam
1278 4143 1296 4169 ,
1325 4103 1412 4159 vel
1452 4103 1639 4174 potius
1670 4103 2060 4176 interpolatam

479 4189 757 4252 exhibuit.
788 4191 1130 4262 Frequenter
1163 4194 1369 4249 citatur
1395 4192 1502 4248 hoc
1524 4208 1665 4263 opus
1694 4210 1726 4249 a
1751 4197 2057 4267 veteribus,

479 4286 541 4341 ut
562 4279 676 4350 jam
718 4279 864 4351 apud
905 4279 1162 4337 Photium
1191 4281 1317 4337 cod.
1348 4296 1490 4347 χιιι,
1532 4281 1635 4335 sub
1665 4281 1828 4338 titulo
1869 4285 2060 4355 Λόγων

479 4369 618 4442 πρὸς
663 4370 939 4442 Ἑρμείαν,
963 4373 1077 4446 jam
1109 4373 1298 4444 Λόγων
1334 4373 1462 4447 περὶ
1480 4371 1581 4444 τῆς
1608 4372 1769 4442 ἁγὲας
1793 4374 2051 4448 Τριάδος.

718 4571 741 4610 :
767 4572 808 4633 _¢
861 4554 1156 4633 Timavus
1198 4556 1447 4633 creditur
1485 4572 1610 4633 esse
1658 4559 2055 4633 imperfectus;
2088 4562 2133 4619 D
2234 4562 2255 4633 (

480 4572 663 4680 ml.
718 4572 808 4651 ἔτι
862 4572 1156 4611 ιηααιιηω
1198 4572 1447 4615 creantur
1485 4572 1610 4642 esse
1658 4572 2055 4630 Imperfectus;

599 4633 670 4699 ta
690 4638 840 4699 enim
869 4625 1111 4681 citantur
1143 4641 1176 4681 a
1204 4625 1285 4699 _S.
1334 4627 1549 4699 Thema
1595 4630 1953 4699 mgopusculo
1980 4630 2058 4685 De

479 4694 745 4770 erroribus
778 4692 1083 4770 Grecorum
1103 4711 1173 4751 ex
1199 4695 1465 4753 Thesauro
1485 4696 1696 4770 Cyrilli,
1722 4692 1855 4769 'quae
1876 4700 1935 4755 in
1957 4700 2065 4756 hoc

481 4763 628 4834 libro
652 4778 765 4834 non
798 4762 1180 4834 inveniuntur.
1216 4784 1236 4816 ι
1289 4833 1295 4834 ί
1531 4762 1549 4770 ⁷
1682 4762 1690 4765 ’
1747 4762 1766 4769 ’
2103 4830 2107 4834 _

555 4831 637 4916 (a)
663 4831 821 4916 Hunc
837 4833 1087 4916 suspicpr
1112 4848 1234 4889 esse
1251 4833 1551 4905 Hermiam,
1571 4838 1730 4911 cujus
1754 4837 2065 4897 Irrisianent

481 4901 1228 4974 ριιὶιοερριιοτιιηιίιαξιθωιιε-

557 4971 1056 5049 (lg)___lntegra‘libri..
1098 4987 1263 5049 Quem
1297 4975 1576 5049 possideo,
1611 4976 1907 5049 inscriptio
1930 4986 2062 5049 est:

481 5040 673 5114 Cyrilli
708 5040 945 5114 -_-g_'aci_v.
981 5040 1567 5114 Antig'mpomorphitas
1603 5045 1732 5113 liber
1770 5040 1908 5109 unus
1962 5047 2060 5105 Gr.

480 5110 545 5167 εἰ
565 5111 688 5188 Lat.
718 5110 974 5188 Ejusdem
999 5110 1064 5165 de
1094 5110 1470 5188 Incuruatianc
1499 5110 1785 5188 Unigeniti,
1819 5125 1888 5182 et,
1920 5117 2065 5188 quod

480 5198 621 5251 unus
643 5184 711 5238 sit
732 5181 969 5237 Christus
1000 5197 1080 5251 ac
1117 5181 1375 5239 Dominus
1425 5181 1709 5241 secundum
1731 5181 2058 5251 Scripturas,

484 5252 555 5307 ad
574 5250 847 5325 Hermian:
879 5250 1098 5325 Dialgqi
1128 5250 1233 5325 duo
1261 5270 1537 5325 nunquam
1558 5257 1781 5311 antehac
1798 5250 1944 5320 editi,
1977 5250 2063 5325 in}-

485 5328 710 5393 terprete
755 5319 981 5393 Qpnav._
997 5319 1292 5393 Vulcania,
1332 5319 1398 5378 cf
1434 5325 1604 5393 ejusd.
1661 5328 1821 5381 notis.
1870 5324 2060 5381 Acccd.

484 5387 722 5460 epistola;
734 5387 937 5460 aliquot
952 5390 1145 5446 Isidori
1170 5387 1513 5450 Pelusiotae'et
1534 5395 1622 5449 lo.
1636 5394 1885 5459 Zonaras,
1902 5395 2061 5460 idem,

486 5457 627 5535 quod
676 5457 909 5535 Cyrinus
963 5461 1101 5535 hisce
1144 5460 1315 5535 libris
1342 5472 1716 5535 argumentum
1750 5457 2063 5527 tractantes,

486 5527 758 5599 multaque
792 5527 1003 5599 lucage:
1032 5528 1158 5599 Cyr.
1199 5531 1345 5588 libris
1380 5527 1615 5589 n'ondum
1653 5534 1804 5591 editis
1833 5541 1958 5591 sunt
1978 5534 2060 5587 in-

490 5547 1158 5664 Ζ³⁴ἷῖι⁰⁴¹ι⁸ίῗιέιῗ⁶⁰θ⁰⁵ιέὁ¹ξ
1186 5547 1434 5660 έωὲἒέί

544 5614 571 5651 2'
635 5637 650 5652 .
847 5636 863 5650 .
951 5638 965 5652 .
1140 5640 1155 5664 ,
1227 5644 1240 5655 .
1382 5620 1434 5661 ιι.

559 5666 629 5741 (c)
657 5668 721 5727 ν.
764 5666 978 5755 Ριείεθι.
1014 5667 1133 5725 Ind.
1171 5671 1319 5727 codd.
1371 5674 1620 5748 August,
1674 5690 1732 5746 ιι.
1763 5674 1854 5729 21.
1892 5674 2061 5731 Hm.

2158 483 2287 522 vum
2308 476 2364 523 et
2382 483 2589 525 nonum
2606 468 2883 539 dialogum
2903 482 3015 522 non
3034 479 3223 521 carere
3242 461 3394 519 omni
3421 461 3747 533 suspicione

2159 559 2558 629 suppositionis
2611 559 2690 614 ait
2732 559 2818 615 Jo.
2862 557 3164 615 Garnerius
3209 554 3358 610 notis
3396 553 3464 608 ad
3503 552 3744 607 Marium

2160 648 2518 706 Mercatorem
2538 691 2553 715 ,
2607 657 2740 704 tom.
2765 649 2831 714 ll,
2879 665 2935 720 p.
2960 649 3049 713 45,
3084 647 3248 716 idque
3277 661 3337 700 se
3381 651 3744 699 ostensurum

2158 741 2414 813 promisit
2458 742 2516 796 in
2541 740 2932 796 dissertatione
2962 739 3031 794 de
3058 736 3217 793 libris
3241 736 3454 809 Cyrilli.
3489 735 3596 790 Sed
3626 734 3746 790 dis-

2158 834 2385 889 sertatio
2413 834 2531 889 haec
2558 833 2737 888 lucem
2769 848 2881 887 non
2908 831 3071 897 vidit,
3101 839 3159 885 et
3183 828 3555 900 suspicionem
3589 827 3745 883 illam

2157 922 2307 978 omni
2338 921 2657 977 destitutam
2671 936 2792 976 esse
2814 918 3333 983 verisimilitudine,»
3348 916 3485 971 mihi
3511 931 3748 986 persua-

2157 1011 2265 1066 deo
2295 1009 2393 1084 (d).
2425 1010 2561 1066 Nam
2593 1018 2656 1065 ut
2692 1010 2837 1065 idem
2862 1017 3248 1082 argumentum
3273 1006 3472 1077 saepius
3505 1015 3747 1061 tractare

2157 1101 2364 1174 Cyrillo
2406 1111 2735 1158 consuetum
2775 1117 2840 1156 ac
2883 1101 3128 1156 solemne
3154 1140 3172 1166 ,
3202 1099 3280 1153 ita
3310 1099 3368 1153 hi
3395 1097 3506 1153 duo
3537 1095 3739 1167 dialogi

2156 1193 2317 1264 plane
2343 1193 2586 1265 genium,
2617 1192 2841 1265 stylum,
2876 1190 3182 1248 doctrinam
3213 1190 3461 1262 priorum
3497 1187 3747 1258 dialogo-

2159 1299 2281 1338 rum
2316 1285 2547 1355 spirant,
2585 1295 2643 1341 et
2688 1284 2892 1340 citatur
2919 1299 3101 1338 nonus
3143 1298 3177 1336 a
3208 1280 3440 1336 Leontio
3469 1280 3596 1352 Byz.
3640 1278 3744 1332 ad-

2156 1392 2333 1430 versus
2381 1375 2629 1447 Eutych.,
2673 1390 2737 1431 ac
2762 1374 2947 1446 judice
2978 1374 3099 1444 ipso
3126 1372 3413 1437 Gamerio,
3454 1387 3509 1442 p.
3555 1370 3642 1435 56,
3673 1370 3749 1423 ad

2156 1465 2481 1532 Liberatum,
2510 1475 2738 1521 octavus
2782 1481 2848 1520 ea
2896 1464 3135 1535 scriptus
3181 1472 3268 1519 est
3317 1461 3630 1517 eruditione
3681 1473 3747 1514 ut

2155 1554 2251 1611 vix
2282 1556 2456 1610 ullum
2495 1554 2647 1610 aliud
2675 1553 2865 1627 Cyrilli
2912 1569 3052 1625 Opus
3077 1567 3149 1607 ea
3194 1551 3263 1607 de
3294 1567 3351 1606 re
3390 1550 3752 1621 praestantius

2159 1647 2442 1703 autetiam
2469 1662 2571 1718 par
2590 1647 2839 1703 exsistat.
2873 1647 3100 1716 Dialogo
3137 1644 3395 1715 septimo,
3429 1643 3487 1696 in
3531 1658 3641 1712 quo
3672 1641 3751 1696 de

2155 1738 2441 1794 divinitate
2467 1737 2703 1809 Spiritus
2721 1739 2895 1794 sancti
2920 1738 3181 1808 disputat,
3207 1734 3596 1806 subjiciuntur,
3617 1748 3744 1803 pag.

2156 1831 2404 1897 660—677,
2427 1839 2747 1904 argumenta
2759 1832 2825 1885 ad
2840 1830 2983 1885 idem
3011 1828 3356 1900 probandum
3381 1826 3542 1896 longe
3564 1825 3744 1895 plura.

2227 1925 2301 1997 η’.
2335 1923 2544 1979 Scholia
2567 1924 2695 1996 περὶ
2732 1923 2832 1994 τῆς
2859 1921 3327 1992 ὲνανθρωπήσεως
3378 1917 3474 1972 τοῦ
3502 1919 3751 1985 Movera-

2157 2015 2304 2080 νοῦς,
2340 2015 2416 2070 De
2448 2016 2814 2070 incarnatione
2844 2013 3125 2084 Unigeniti.
3173 2010 3366 2067 Latine
3399 2025 3455 2078 p.
3485 2006 3742 2070 779—800,

2158 2108 2361 2163 additis
2396 2107 2631 2162 subinde
2687 2114 2971 2177 praeterea,
3033 2118 3154 2173 quae
3202 2100 3562 2156 conciliorum
3608 2099 3747 2154 tomi

2156 2200 2419 2255 exhibent
2451 2215 2482 2254 a
2505 2199 2589 2255 Jo.
2632 2197 2876 2254 Auberto
2905 2193 3106 2251 Graecis
3156 2191 3476 2263 fragmentis
3518 2205 3586 2245 ex
3609 2205 3741 2245 mss.

2158 2292 2295 2348 bibl.
2326 2291 2528 2362 Regius.
2579 2289 2817 2360 Incipit:
2846 2288 2921 2340 Τὸ
2967 2285 3205 2357 Χριστὸς
3243 2284 3415 2354 ὄνομα
3464 2281 3586 2336 οὔτε
3615 2284 3748 2352 ὅρου

2157 2383 2386 2455 δύναμιν
2423 2382 2557 2453 ἔχει.
2588 2380 2879 2436 Prodierat
2907 2378 3148 2448 primum
3171 2391 3239 2430 ex
3272 2373 3489 2429 oﬂicina
3512 2372 3742 2428 Roberti

2157 2476 2374 2532 Winter
2407 2490 2456 2528 a.
2504 2473 2661 2536 1542,
2710 2472 2767 2525 in
2810 2471 2955 2527 libro
2987 2467 3453 2525 Constitutionum
3505 2466 3744 2537 synoda-

2158 2567 2293 2623 lium
2317 2584 2334 2633 ;
2357 2565 2555 2621 deinde
2577 2564 2632 2619 in
2654 2563 2844 2636 Cyrilli
2873 2561 3111 2632 Operum
3136 2559 3478 2619 editionibus
3511 2557 3744 2623 Latinis,

2160 2665 2218 2712 et
2253 2657 2313 2711 in
2343 2656 2707 2711 conciliorum
2740 2654 2902 2709 tomis
2939 2653 2993 2707 in
3032 2660 3187 2723 parte
3217 2668 3275 2705 ιιι
3313 2650 3574 2707 Actorum
3607 2666 3747 2706 con-

2161 2745 2273 2804 cilii
2304 2746 2587 2817 Ephesini,
2643 2754 2776 2800 tom.
2803 2745 2824 2800 I
2853 2744 3018 2809 Binii,
3075 2759 3126 2797 a.
3164 2742 3322 2807 1618,
3358 2756 3412 2811 p.
3473 2741 3598 2806 564,
3639 2755 3746 2795 nec

2160 2851 2270 2891 non
2309 2835 2376 2890 ad
2420 2835 2626 2891 calcem
2659 2834 2787 2889 libri
2836 2841 3019 2888 contra
3080 2833 3669 2903 Anthmpomorphitas.
3713 2846 3745 2885 a

2159 2928 2462 2984 Bonavent.
2493 2927 2761 2983 Vulcanio
2785 2927 2993 2998 vulgati
3031 2925 3207 2997 Lugd.
3242 2925 3430 2979 Batav.
3473 2924 3629 2987 1605,
3688 2923 3745 2978 in

2161 3020 2215 3074 4.
2239 3019 2300 3074 1n
2316 3019 2482 3090 hujus
2493 3018 2756 3083 editione,
2778 3017 3238 3089 quemadmodum
3258 3025 3316 3070 et
3336 3016 3393 3070 in
3421 3013 3747 3085 LatinisCy-

2162 3109 2293 3174 rilli,
2324 3122 2436 3163 non
2473 3108 2683 3163 scholia
2709 3108 3119 3174 inscribuntur,
3173 3106 3270 3163 sed
3305 3106 3496 3170 scolia,
3532 3104 3745 3171 σκολιὰ,

2163 3200 2313 3256 velut
2336 3199 2578 3270 difﬁcilia
2619 3199 2733 3254 loca
2757 3207 2805 3253 et
2832 3199 3084 3270 perplexa
3107 3217 3129 3265 ;
3152 3199 3282 3255 licet
3303 3198 3560 3262 fateatur,
3596 3196 3747 3268 quod

2162 3290 2299 3345 mihi
2331 3291 2497 3345 etiam
2527 3290 2700 3361 magis
2726 3290 2929 3361 placet,
2958 3298 3016 3345 et
3045 3290 3233 3345 verius
3252 3296 3357 3355 est,
3390 3303 3551 3359 posse
3576 3288 3746 3343 etiam

2164 3381 2350 3452 σχόλια
2389 3381 2647 3446 inscribi,
2682 3382 2837 3436 velut
2870 3381 3345 3451 σεμνολογήματα.
3377 3379 3494 3435 sive
3547 3393 3750 3450 graves

2162 3467 2483 3534 sententias,
2520 3474 2615 3523 aut
2647 3468 3017 3524 additamenta
3043 3469 3110 3524 ad
3142 3469 3283 3524 alios
3302 3468 3549 3540 ejusdem
3580 3483 3749 3538 argu-

2162 3558 2335 3615 menti
2364 3559 2561 3625 libros,
2602 3575 2633 3614 a
2655 3558 2861 3630 Cyrillo
2892 3560 3244 3631 compositos.
3268 3559 3420 3615 Idem
3447 3560 3750 3616 Vulcanius

2161 3649 2544 3721 castigationes
2565 3650 2794 3715 addidit,
2821 3659 2964 3705 utea:
2993 3653 3056 3706 iis
3077 3667 3352 3721 cognoscas
3383 3661 3583 3722 quanta
3600 3667 3748 3705 reco-

2157 3742 2390 3811 gnitione
2406 3742 2678 3813 indigeant
2703 3743 2862 3796 etiam
2894 3741 3004 3796 alia
3035 3741 3311 3813 pleraque,
3331 3758 3448 3813 qua:
3466 3743 3742 3813 circumfe-

2161 3837 2375 3897 runtur,
2413 3830 2601 3903 σε]νίΗὶ
2631 3833 2849 3904 scripta,
2882 3848 3027 3903 (Bun
3070 3832 3211 3887 male
3243 3841 3402 3904 atque
3426 3834 3521 3887 hoc
3546 3850 3664 3886 cum
3680 3832 3747 3888 ab

2158 3921 2552 3991 interpretibus,
2586 3931 2697 3977 tum
2736 3940 2769 3976 a
2805 3926 3144 3997 typographis
3174 3924 3377 3979 habita.
3430 3924 3749 3980 Theodore-

2163 4019 2253 4067 tus
2277 4011 2492 4082 dialogo
2522 4013 2558 4066 2
2591 4012 2754 4068 ati‘ert
2793 4014 3044 4082 quaadam
3096 4014 3285 4086 Cyrilli
3343 4015 3451 4068 ἀπὸ
3482 4014 3591 4069 τῶν
3620 4031 3748 4085 σχο-

2161 4101 2311 4157 λιων.
2334 4102 2659 4158 Anastasius
2686 4104 2974 4176 presbyter
3025 4105 3081 4159 in
3118 4105 3305 4177 ecloga
3334 4105 3442 4159 τῶν
3473 4107 3746 4178 χρήσεων,

2161 4214 2211 4257 c.
2251 4200 2306 4266 5,
2337 4200 2523 4256 laudat
2544 4201 2809 4271 Cyrillum
2870 4203 2929 4255 ὲν
2974 4204 3117 4273 ἀρχῇ
3148 4202 3240 4255 τοῦ
3266 4208 3317 4256 α’
3351 4202 3588 4273 σχολίου.
3638 4202 3745 4258 Fa-

2161 4290 2395 4357 cundus,
2424 4308 2499 4357 x1,
2529 4293 2583 4359 7,
2612 4292 2823 4346 beatum
2848 4289 3107 4363 Cyrilium
3129 4294 3183 4347 in
3209 4292 3361 4359 iibro,
3391 4310 3545 4363 quem
3572 4292 3749 4348 Scho-

2162 4381 2237 4437 lia
2289 4384 2632 4454 nuncupavit,
2697 4381 2853 4437 titulo
2909 4385 3151 4455 septimo.
3206 4383 3276 4438 Et
3329 4398 3514 4437 rursus
3570 4383 3749 4437 eodem

2342 4562 2535 4634 Neque
2576 4563 2794 4634 Walcb.
2836 4564 2893 4619 in
2948 4563 3193 4620 Historia
3244 4563 3539 4620 han-eciam
3593 4562 3744 4634 (Eat.

2160 4633 2306 4704 wurf
2320 4633 2466 4705 einer
2490 4633 2879 4705 voiistdndiggn
2907 4634 3138 4705 Historia
3170 4634 3263 4688 der
3280 4633 3593 4705 Kezereie_n,
3611 4633 3747 4700 etc.)

2160 4702 2297 4757 tom}
2332 4703 2398 4767 V,
2427 4719 2483 4785 ρ.
2518 4704 2617 4785 681
2653 4719 2760 4827 δεῖ,
2782 4702 3059 4759 Garnerio
3088 4704 3404 4760 assentitur.
3423 4734 3494 4743 —
3516 4702 3749 4758 Exstant

2161 4771 2404 4827 Floreat.
2430 4789 2485 4827 ιιι
2515 4774 2651 4827 bibi.
2736 4782 2951 4827 aurent.
2987 4773 3131 4827 Med.
3169 4773 3292 4827 cod.
3334 4771 3553 4827 XXXV.
3602 4788 3658 4826 n.
3692 4773 3745 4827 1.

2161 4771 2404 4827 Floreat.
2429 4771 2485 4827 in
2515 4774 2651 4828 bibl.
2690 4771 2951 4828 Laurent.
2987 4773 3131 4828 Med.
3169 4773 3292 4829 cod.
3334 4771 3553 4835 XXXV,
3602 4788 3658 4826 n.
3692 4773 3745 4837 1,

2162 4839 2353 4924 ϐείωιὲ
2371 4841 2584 4924 Dialogi
2628 4843 2720 4899 VII
2749 4843 2815 4897 de
2848 4853 3036 4924 sancta
3063 4851 3111 4897 et
3147 4841 3587 4924 consubstantiali
3634 4842 3747 4924 Tri:

2162 4912 2349 4983 nitate,
2377 4919 2434 4967 et
2469 4912 2579 4970 alia
2611 4928 2858 4983 :rnempe
2903 4929 2961 4966 ιι.
2998 4912 3049 4978 1,
3072 4912 3302 4983 primus
3350 4912 3620 4980 dialogus,
3676 4912 3747 4967 ad

2163 4980 2444 5055 Hermian:
2499 4980 2878 5055 presbyterum
2911 4997 3041 5055 per“
3067 4980 3392 5052 interrogat.
3426 4990 3482 5035 et
3512 4995 3747 5055 re_spon-

2167 5049 2400 5122 sionem,
2441 5049 2579 5122 quod
2605 5049 3070 5122 consubstan’tialis
3123 5061 3173 5106 et
3216 5049 3506 5106 coieternus
3547 5049 3657 5105 Deo
3697 5060 3749 5105 et

2166 5118 2321 5192 Patri
2356 5121 2425 5175 sit
2451 5118 2618 5192 Fiiius
2638 5139 2672 5192 ί
2698 5138 2765 5192 ιι.Δ
2794 5122 2849 5186 2,
2882 5121 3062 5192 capita
3120 5129 3589 5192 argumentorum,
3626 5135 3750 5192 quae

2167 5190 2522 5262 (geminentur
2551 5191 2608 5248 in
2637 5190 2879 5262 Diaiogo
2903 5189 2967 5244 de
2992 5189 3206 5262 Spiritu
3225 5199 3430 5262 sancta,
3475 5204 3610 5262 cum
3645 5189 3746 5245 ad-

2167 5258 2377 5319 ditione
2399 5260 2629 5316 aliarum
2667 5258 3240 5326 animadversionum;
3278 5276 3335 5314 n.
3375 5259 3430 5324 5,
3464 5259 3542 5314 De
3565 5260 3749 5313 incar-

2158 5330 2375 5412 natione
2408 5329 2692 5412 Unigeniti,
2736 5338 2844 5412 cate.
2880 5330 3193 5412 Apponitur
3243 5329 3497 5412 dialogus
3572 5329 3747 5412 septi-

2160 5413 2287 5455 mus
2352 5397 2461 5479 (an
2513 5397 2814 5470 octavus?)
2867 5397 3309 5479 adlﬂermiam;
3357 5397 3420 5454 et
3467 5416 3523 5453 ιι.
3567 5397 3748 5461 4,⁷Ι)θ

2162 5468 2471 5523 adcretione
2492 5469 2742 5525 cultuque
2772 5471 2828 5523 in
2868 5470 3061 5525 spiritu
3087 5477 3136 5521 et
3167 5471 3387 5524 veritate
3448 5469 3520 5523 ad
3559 5467 3751 5521 Palla~

2163 5536 2467 5610 dium-ein
2653 5536 2770 5603 XII,
2801 5536 2975 5610 n.g2§,
3013 5540 3151 5609 plut.
3182 5540 3237 5603 4,
3257 5537 3469 5610 ἡσθείη.
3496 5538 3577 5610 ad
3608 5536 3746 5610 [ζει-

2166 5608 2330 5665 miam
2352 5609 2417 5665 de
2451 5607 2890 5671 consubstantiali
2913 5606 3190 5665 Trinitate.
3245 5606 3340 5663 γ(
3362 5607 3594 5664 Bandin.
3624 5606 3746 5664 Cat.
