4076 6306
268 316 341 373 57
1511 310 1797 368 ΝΟΤΙΤῙΑ
1835 313 1875 368 Ε

1973 314 2301 371 FABIllClO.
3464 316 3534 378 58

273 431 424 494 libro,
489 423 646 481 titulo
693 424 914 479 decimo.
976 424 1153 494 Atque
1211 441 1284 488 vi,
1331 426 1385 490 3,
1457 428 1515 480 in
1571 426 1705 482 libro
1762 430 1852 497 qui
1880 440 1927 495 Α
1955 439 2064 495 tus,
2102 440 2164 484 ut
2195 432 2251 485 in
2275 431 2594 487 Bibliotheca
2628 427 2943 503 scriptorum
2986 432 3042 487 S.
3070 433 3123 487 J.
3166 440 3352 488 narrat
3402 432 3534 487 Phi-

271 520 488 578 Scholia
539 518 755 581 dicitur,
803 517 898 571 sub
950 516 1127 583 titulo,
1166 535 1186 568 ι
1226 515 1500 582 Quomodo
1531 535 1666 573 unus
1697 516 1852 573 Clm'-

270 624 400 668 stus.
431 631 453 669 ›
481 610 736 666 Andreas
798 607 1186 663 Samosatenus
1213 608 1359 678 apud
1396 608 1746 666 Anastasium
1799 610 1855 664 in

270 701 503 772 Hodego,
553 715 609 769 p.
675 698 803 761 544,
860 696 956 750 καὶ
1010 697 1069 749 ἐν
1117 699 1232 760 τοῖς
1269 698 1679 768 γεγραμμένοις
1727 714 1855 767 σχο-

271 793 407 854 Mat;
431 788 749 861 ἑρμηνεύων
775 790 869 841 τὸν
897 790 956 842 ὲν
977 788 1051 858 τῷ
1079 788 1404 859 Εὐαγγελίῳ
1427 791 1692 861 στατῆρα.
1755 790 1852 846 αἱ..

273 893 422 939 tatur
441 881 608 938 etiam
642 882 697 935 in
747 879 965 934 actione
995 894 1033 933 ιι
1088 880 1312 935 concilii
1339 879 1695 945 Cbalcedon.,
1723 889 1853 937 tom.

273 975 320 1030 11
349 974 512 1038 Binii,
534 989 592 1044 p.
619 972 742 1035 169,
774 980 833 1026 et
860 971 930 1024 ab
956 970 1103 1035 aliis,
1141 986 1379 1041 quorum
1405 972 1524 1027 loca
1559 972 1857 1027 Tillemono

278 1065 393 1121 tius
415 1073 550 1119 tom.
597 1062 737 1128 XIV,
791 1077 848 1131 p.
884 1060 1010 1124 667,
1039 1069 1097 1114 et
1136 1060 1437 1116 Gamerius
1470 1071 1606 1117 tom.
1633 1064 1679 1117 11
1704 1062 1859 1118 Marii

275 1154 613 1220 lercatoris,
653 1168 708 1223 p.
769 1151 917 1217 216,-
955 1159 1307 1207 annotarunt.
1356 1152 1460 1208 Hic
1522 1153 1657 1209 illud
1709 1169 1850 1225 opus

275 1247 451 1301 etiam
493 1246 768 1315 integrum
820 1242 1014 1298 Latine
1078 1258 1148 1298 ex
1188 1259 1361 1308 mss.,
1409 1260 1532 1315 pag.
1587 1246 1695 1300 218
1731 1261 1815 1316 sq.
1840 1286 1857 1311 ,

278 1337 651 1401 emendatius,
698 1344 753 1391 et
789 1350 822 1390 ι
856 1349 913 1404 p.
958 1334 1065 1389 258
1099 1335 1170 1390 ad
1199 1336 1299 1390 241
1351 1336 1552 1408 insigni
1587 1347 1742 1408 parte
1765 1354 1862 1393 au-

277 1429 430 1485 ctius
495 1428 737 1491 exhibet,
826 1441 892 1483 ac
971 1425 1280 1481 versionem
1355 1436 1620 1494 veterem,
1696 1444 1859 1499 quam

277 1520 454 1575 solam
512 1518 798 1580 habemus,
827 1515 1118 1569 Mereatori
1177 1516 1439 1582 vindicat,
1506 1517 1652 1573 inter
1704 1519 1863 1588 cujus

272 1610 479 1680 scripta
517 1609 570 1663 'm
599 1609 817 1665 duobus
838 1610 1123 1665 codicibus
1190 1609 1337 1663 illam
1390 1610 1593 1680 reperit
1636 1608 1737 1681 (a).
1801 1608 1897 1665 ln’

272 1700 562 1773 prioribus
576 1701 917 1756 editionibus
945 1700 1212 1755 dividitur
1238 1700 1296 1754 in
1319 1698 1500 1771 capita
1526 1701 1617 1765 25,
1643 1701 1697 1754 in
1721 1700 1863 1756 Gar-

268 1792 509 1847 rneriana
542 1793 597 1847 in
634 1792 741 1859 35;
789 1792 1017 1848 Photius
1051 1792 1174 1847 cod.
1215 1807 1370 1846 cuux
1395 1792 1627 1847 divisum
1642 1792 1773 1862 legit
1802 1792 1858 1846 in

270 1883 450 1954 capita
481 1882 848 1954 undeviginti.

339 1972 406 2029 θ’.
439 1974 587 2044 Περὶ
631 1974 733 2042 τῆς
753 1971 1214 2043 ὲνανθρωπήσεως
1244 1971 1338 2025 τοῦ
1371 1970 1508 2025 Θεοῦ
1537 1971 1733 2039 Λόγου,
1764 1969 1859 2024 τοῦ

272 2062 404 2116 Υῑοῦ
433 2064 537 2117 τοῦ
570 2065 800 2135 Πατρός.
853 2063 930 2119 De
977 2065 1346 2119 incarnatione
1396 2064 1543 2119 Verbi
1579 2063 1705 2128 Dei,
1736 2062 1859 2117 Filii

272 2155 473 2213 Patris.
514 2157 578 2212 P.
631 2156 755 2222 801,
790 2156 913 2213 802.
940 2157 1139 2227 Incipit
1169 2175 1183 2211 :
1237 2159 1301 2209 ’11
1321 2157 1422 2223 τῆς
1459 2156 1610 2219 θείας
1638 2156 1862 2226 Γραφῖκ

269 2245 542 2316 ὀρθοτὰτη
566 2244 761 2300 ἔννοια.
786 2246 845 2300 In
894 2246 1100 2301 Latinis
1145 2245 1485 2301 editionibus
1537 2243 1717 2300 exsta't
1741 2231 1864 2299 loco

273 2335 450 2405 primo
477 2333 632 2389 inter
668 2334 939 2398 homilias,
969 2350 1037 2393 ex
1070 2333 1377 2404 Woll‘gangi
1415 2333 1645 2389 Musculi
1692 2332 1864 2387 inter-

274 2424 598 2493 pretatione
635 2442 649 2476 :
679 2424 776 2479 sed
802 2424 1081 2479 Aubertus
1103 2425 1345 2480 servavit
1380 2424 1714 2489 versionem,
1738 2436 1863 2477 cum

272 2508 380 2581 qua
411 2511 631 2582 legitur
664 2512 721 2565 in
755 2521 910 2581 parte
965 2528 1022 2567 ιιι
1061 2512 1252 2582 synodi
1288 2512 1615 2582 Ephesinae,
1675 2521 1808 2566 tom.
1844 2510 1865 2566 1

276 2603 440 2668 Binii,
472 2620 534 2675 p.
576 2602 702 2659 376.
732 2603 892 2658 Fusa.
912 2634 979 2643 —
1002 2603 1062 2660 In
1095 2604 1265 2659 Mansi
1287 2605 1499 2660 collect.
1537 2604 1654 2667 cit.,
1682 2604 1749 2669 γ,
1808 2618 1863 2672 p.

280 2695 403 2762 169,
437 2696 565 2762 170,
605 2705 661 2751 et
698 2696 756 2750 in
781 2696 1070 2752 concilior.
1104 2696 1443 2767 generalium
1467 2694 1602 2750 edit.
1631 2696 1727 2751 Gr.
1760 2696 1868 2750 La-

281 2789 394 2842 tina
434 2788 729 2852 Vaticana,
778 2804 830 2842 a.
878 2786 1037 2850 1608,
1058 2785 1202 2841 'tom.
1256 2786 1299 2850 1,
1337 2803 1393 2856 p.
1425 2782 1547 2842 588.
1571 2818 1643 2827 —
1668 2786 1872 2842 Vindo—

281 2877 438 2934 bonaa
470 2879 532 2933 in
565 2878 695 2933 cod.
725 2877 930 2934 Caesar.
955 2876 1268 2941 LXXXIIX,
1295 2893 1352 2931 ιι.
1388 2878 1442 2942 5,
1474 2878 1552 2933 De
1590 2887 1733 2931 recta
1765 2877 1872 2945 ﬁde

281 2967 409 3022 liber
441 2984 500 3033 ιι,
530 2967 611 3024 ad
647 2967 1047 3037 imperatrices,
1083 2968 1139 3022 in
1166 2968 1234 3021 43
1260 2977 1419 3023 sectt.
1481 2968 1711 3033 divisus,
1755 2978 1871 3024 tum
1908 3010 1925 3023 .

281 3062 474 3125 oratio,
496 3060 573 3115 de
590 3075 703 3129 qua
733 3060 789 3115 h.
821 3059 859 3114 1.
883 3074 1067 3115 sermo
1088 3068 1194 3121 est,
1231 3059 1308 3113 De
1330 3062 1696 3116 incarnatione
1721 3060 1871 3115 Verbi

282 3151 399 3218 Dei,
430 3161 491 3208 et
510 3151 686 3222 epist.
715 3150 783 3205 ad
810 3151 1107 3209 monachos
1136 3150 1349 3221 Egypti
1373 3169 1389 3217 ;
1415 3152 1525 3208 inc.
1587 3153 1869 3221 ’Δφικοντο

288 3241 385 3312 μέν
414 3224 591 3304 τινὲς.
622 3239 870 3309 Denique
903 3239 1092 3310 Cyrilli
1148 3241 1380 3311 epistola
1419 3244 1487 3299 ad
1530 3243 1868 3308 Nestorium,

285 3346 409 3386 cum
436 3333 687 3388 Nestorii
723 3333 1089 3403 responsoria.
1119 3335 1182 3389 ν.
1236 3335 1490 3389 Lambec.
1522 3335 1631 3389 vol.
1672 3336 1763 3399 111,
1814 3349 1870 3403 p.

287 3421 409 3478 760.
437 3423 622 3479 Paris.
657 3422 717 3478 in
743 3422 808 3479 IV
841 3424 1001 3480 codd.
1037 3425 1170 3479 bibl.
1198 3426 1349 3495 publ.
1387 3427 1554 3482 litat.

362 3542 417 3589 t'.
450 3536 765 3607 Συζήτησις
792 3538 921 3607 περὶ
966 3539 1059 3591 τοῦ
1081 3538 1266 3593 αὑτοῦ.
1300 3539 1603 3611 Disputatio
1646 3539 1878 3610 ejusdem

294 3628 603 3697 argumenti
630 3642 728 3696 per
746 3629 1082 3697 qumstiones
1120 3637 1179 3684 et
1208 3631 1612 3700 responsiones,
1648 3647 1703 3701 p.
1746 3632 1878 3685 802-

302 3716 430 3770 804.
463 3717 673 3786 Incipit
698 3735 711 3771 :
742 3719 867 3782 Πῶς
895 3722 923 3773 ὁ
946 3720 1077 3782 Θεὸς
1110 3720 1391 3791 ἀχὼρητος
1415 3723 1689 3792 ὲχωρήϐη.
1716 3722 1878 3776 Fusa.

296 3808 497 3865 lncod.
518 3808 788 3863 Escorial.
818 3819 960 3866 teste
992 3811 1271 3877 Pluero,l.'
1305 3828 1520 3885 c.,pag.
1557 3815 1678 3869 164.
1713 3815 1881 3869 Ηιιιιι..

364 3898 502 3953 Tom
526 3899 570 3954 ν
595 3914 763 3953 psum
781 3915 913 3954 ll.—
936 3907 1024 3956 ta’.
1046 3903 1206 3971 Λόγοι
1237 3904 1594 3974 ἐορταστικοί,
1616 3903 1883 3970 Homilite,

298 3989 432 4056 sive,
449 3997 511 4045 ut
533 3991 606 4045 ab
629 3990 940 4047 Alexandro
965 3992 1376 4063 Hieropolitano
1407 3993 1479 4066 (b)
1520 3996 1884 4065 appellantur,

297 4080 557 4151 Epistolas
576 4082 852 4153 paschales
890 4085 1267 4156 undetriginta,
1282 4087 1351 4141 ab
1384 4087 1446 4141 A.
1470 4085 1531 4142 C.
1560 4088 1665 4142 414
1696 4087 1764 4141 ad
1786 4088 1890 4141 445

300 4169 502 4225 habitae
529 4173 621 4226 vel
658 4172 728 4226 ad
755 4174 1030 4230 Ecclesias
1054 4176 1254 4240 missa,
1288 4177 1356 4231 ad
1408 4176 1764 4231 indicendum
1799 4191 1891 4231 so-

299 4259 480 4316 lemne
493 4262 800 4318 Pascbatos
818 4273 1057 4335 tempus,
1083 4268 1231 4336 quod
1246 4267 1649 4337 archiepiscopi
1661 4268 1893 4322 Alexan-

300 4349 448 4406 drini
472 4352 557 4424 (c)
586 4352 834 4408 oﬂlcium
874 4355 1045 4411 fuisse
1068 4366 1300 4413 constat.
1351 4359 1462 4413 Has
1487 4358 1712 4413 exhibet
1777 4358 1894 4412 Au-

1956 522 2143 593 lippus
2177 523 2494 593 Alcgambe,
2534 522 2725 595 Cyrilli
2747 526 3087 579 heartasticos
3122 526 3228 579 sive
3261 525 3534 595 paschales

1955 629 2243 679 sermones,
2264 632 2297 669 a
2316 631 2373 668 se
2393 613 2684 668 Latinitate
2707 614 2929 668 donatos
2934 616 3052 685 jam
3075 613 3222 685 prelo
3243 625 3532 685 promptos,

1954 703 2047 758 sed
2066 720 2223 757 suum
2268 712 2484 775 partum
2525 705 2835 775 suppressit,
2875 712 2935 757 ut
2963 705 3191 759 Antonio
3234 703 3532 769 Salmatiw,

1956 796 2048 863 qui
2078 796 2285 849 eosdem
2334 794 2709 859 transtulerat,
2775 794 2947 849 locum
2994 796 3166 849 daret.
3203 796 3476 851 Praeterea
3505 811 3535 850 a

1958 887 2222 942 Federico
2251 887 2433 951 Metio,
2465 887 2834 943 Thermulauo
2862 886 3140 957 episcopo,
3180 885 3374 941 Latine
3406 903 3536 941 ver-

1958 994 2051 1034 sos
2081 980 2411 1035 Possevinus
2451 987 2738 1034 memorat.
2778 978 3149 1033 Numerantur
3179 978 3418 1033 homilim
3434 979 3536 1033 tri-

1957 1073 2128 1144 ginta,
2180 1073 2279 1127 sed
2318 1073 2393 1127 ita
2443 1080 2504 1126 ut
2561 1072 2723 1126 tertia
2762 1069 2997 1126 deﬁcere
3045 1070 3283 1125 dicatur.
3335 1071 3539 1125 Paulus

1960 1181 2091 1220 vero
2112 1164 2381 1220 Guldinus
2409 1163 2464 1218 S.
2500 1163 2549 1219 J.
2610 1178 2679 1217 ex
2717 1161 2989 1216 mensium
3028 1162 3367 1231 paschalium
3408 1177 3537 1216 suc-

1961 1256 2207 1311 cessione
2230 1253 2380 1309 visus
2413 1261 2498 1308 est
2542 1253 2648 1308 sibi
2701 1252 2986 1323 collegisse
3016 1252 3222 1306 nullam
3269 1251 3325 1305 in
3356 1250 3538 1305 medio

1959 1345 2285 1409 desiderari,
2334 1344 2432 1398 sed
2466 1360 2587 1414 qua:
2613 1351 2807 1413 quarta
2845 1349 3190 1407 numeratur,
3227 1341 3537 1396 habendam

1962 1437 2174 1492 ratione
2203 1435 2465 1506 temporis
2491 1451 2593 1506 pro
2623 1435 2806 1502 tertia,
2834 1444 3000 1505 atque
3020 1434 3096 1490 ita
3131 1434 3348 1504 insequi
3374 1442 3538 1489 caete-

1964 1543 2052 1583 ras
2078 1527 2146 1581 ad
2176 1512 2424 1582 ulti-mam
2451 1542 2642 1597 usque.
2724 1556 2731 1563 -

2048 1641 2135 1709 ιβ’.
2170 1638 2667 1695 11οιιιίιὶιει11γθιδιιξ
2694 1638 2976 1703 tredecim,
3014 1637 3200 1693 Graece
3240 1645 3295 1691 et
3321 1637 3536 1692 Latine.

1897 1769 1933 1823 Β
1967 1734 2027 1787 Ρ.
2057 1731 2315 1795 550-116,
2346 1739 2401 1786 et
2430 1746 2538 1784 una
2571 1730 2784 1796 Latine,
2819 1729 2896 1783 De
2917 1746 2974 1782 eo
3004 1729 3147 1800 quod
3179 1728 3396 1783 Verbum
3444 1728 3541 1782 Dei

1965 1825 2165 1895 factum
2193 1826 2261 1877 sit
2281 1824 2454 1886 homo,
2486 1837 2607 1891 qua:
2645 1822 2837 1891 incipit
2873 1820 3240 1890 :Profundum
3255 1821 3463 1892 quidem
3492 1829 3542 1873 et

1965 1929 2257 1984 magnum;
2295 1919 2350 1965 et
2368 1912 2478 1982 jam
2525 1910 2808 1980 prodierat
2838 1908 3012 1964 Paris.
3070 1909 3226 1973 1545,
3284 1909 3341 1962 in
3394 1908 3446 1971 8,
3483 1924 3537 1978 p.

1965 2002 2223 2057 416-417.
2254 2002 2405 2055 Hanc
2450 1999 2747 2055 Vulcanius
2784 2014 3002 2068 quoque
3059 1999 3369 2069 subjccerat
3400 1999 3543 2052 libro

1965 2102 2149 2148 contra
2170 2091 2754 2163 Anthropomorphitas,
2778 2107 2832 2159 p.
2854 2090 2951 2144 201
2967 2132 2979 2145 .
3001 2090 3263 2145 Homilias
3280 2089 3544 2161 quasdam

1965 2186 2153 2258 Cyrilli
2187 2194 2244 2240 et
2282 2184 2679 2256 Chrysostomi,
2712 2184 2916 2239 Gallice
2947 2198 2976 2236 a
3029 2197 3086 2236 se
3124 2198 3331 2245 versas,
3371 2179 3545 2235 edidit

1968 2275 2225 2329 Morellus
2279 2273 2454 2327 Paris.
2498 2272 2653 2335 1604,
2688 2272 2742 2325 in
2800 2272 2851 2343 8.
2888 2271 3221 2333 Gennadius,
3253 2286 3302 2324 c.
3361 2270 3448 2332 57,
3476 2268 3545 2322 de

1967 2366 2208 2437 Cyrillo:
2245 2364 2505 2419 Homilias
2536 2365 2823 2435 composuit
2869 2363 3148 2433 plurimas,
3184 2376 3299 2430 qua:
3335 2360 3405 2413 ad
3453 2359 3545 2411 de—

1970 2457 2308 2512 clamandum
2338 2475 2371 2511 a
2417 2456 2632 2513 Crwciw
2682 2456 2933 2525 episcopis
2973 2454 3239 2507 memoria:
3281 2466 3544 2504 commen-

1971 2547 2191 2602 dantur.
2229 2546 2389 2600 FABB.
2422 2574 2490 2585 -—
2528 2545 2727 2599 Oudin.
2751 2544 2790 2597 l.
2826 2559 2899 2606 c.,
2926 2542 3032 2597 col.
3087 2539 3245 2603 1040,
3287 2538 3355 2594 de
3383 2554 3546 2609 argu-

1971 2637 2172 2692 mentis
2201 2637 2539 2707 singularum
2563 2635 2937 2699 homiliarum,
2968 2642 3025 2688 et
3070 2647 3192 2702 quae
3224 2631 3280 2685 in
3316 2628 3548 2684 Auherti

1971 2726 2061 2783 ed.
2092 2728 2329 2797 primum
2362 2727 2548 2782 Graece
2586 2727 2768 2782 lucem
2833 2735 3184 2797 aspexerant,
3216 2724 3345 2795 agit.
3388 2753 3459 2763 —-
3488 2723 3549 2777 lu

1972 2816 2141 2871 variis
2172 2825 2355 2871 autem
2393 2815 2527 2869 bibl.
2587 2824 2802 2871 exstant
2844 2814 3031 2886 Cyrilli
3058 2815 3296 2869 homilize
3351 2828 3549 2866 manu-

1975 2905 2212 2975 scriptae.
2242 2906 2301 2959 ln
2328 2904 2450 2959 cod.
2483 2904 2746 2959 Escorial.
2775 2902 3138 2957 llomiliarum
3202 2903 3548 2964 festivarum,

1978 2984 2194 3052 tomusi
2227 3006 2282 3051 et
2301 3013 2358 3061 ιι,
2380 2997 2445 3052 ιτ.
2466 2997 2643 3050 Pluer.
2662 2996 2700 3049 1.
2730 3010 2875 3064 c.,p.
2908 2994 3028 3048 163.
3060 2994 3238 3063 Atque
3263 3008 3332 3047 ne
3361 2993 3552 3046 charta

1979 3096 2335 3158 temporeque
2365 3088 2579 3151 abutar,
2615 3088 2671 3141 in
2704 3102 2903 3156 genere
2928 3095 3138 3140 tantum
3167 3084 3461 3154 quosdam,
3495 3083 3552 3136 in

1970 3182 2172 3251 quibus
2187 3180 2645 3235 servanturmodo
2660 3180 2865 3250 plures,
2883 3178 3045 3231 modo
3057 3177 3281 3246 singula:
3295 3175 3553 3239 homilize,

1975 3272 2136 3326 codd.
2166 3278 2263 3326 aut
2299 3270 2573 3341 catalogos
2605 3269 2863 3323 codicum
2889 3268 3186 3321 nominabo
3221 3284 3233 3319 :
3274 3265 3557 3319 Florentia:

1974 3362 2029 3416 in
2063 3362 2198 3417 bibl.
2251 3362 2510 3417 Laurent.
2570 3360 2763 3415 Medic.
2820 3359 3013 3414 obvios
3064 3357 3296 3412 Bandin.
3346 3364 3479 3411 tom.
3534 3353 3557 3408 1

1977 3451 2095 3508 Cat.
2120 3452 2271 3506 codd.
2299 3451 2392 3507 Gr.
2433 3450 2598 3504 Laur.
2641 3456 2892 3505 recenset
2929 3462 3213 3503 sermones
3255 3450 3311 3500 in
3368 3461 3559 3499 occur-

1977 3560 2095 3602 sum
2118 3543 2350 3607 Domini,
2386 3558 2441 3611 p.
2476 3541 2600 3605 419,
2640 3557 2697 3594 ιι.
2731 3540 2820 3605 52,
2873 3548 2929 3594 et
2978 3554 3032 3608 p.
3089 3537 3213 3599 442,
3267 3553 3323 3590 ιι.
3379 3536 3448 3600 8;
3502 3536 3558 3589 in

1982 3634 2503 3704 transﬁgurationem
2551 3633 2783 3696 Domini,
2840 3631 3054 3702 p.455,
3104 3645 3161 3683 n.
3212 3629 3302 3682 25.
3332 3658 3403 3667 -
3431 3626 3553 3681 Sec.

1984 3724 2101 3780 Cat.
2138 3722 2527 3795 codd.Angliw,
2559 3731 2689 3777 tom.
2717 3722 2761 3787 Ι,
2802 3722 2859 3782 in
2889 3720 3011 3775 cod.
3044 3720 3266 3776 Barocc.
3299 3734 3356 3772 ιι.
3385 3716 3472 3780 85,
3504 3723 3562 3770 et

1985 3818 2137 3881 alibi,
2200 3817 2280 3871 uti
2314 3818 2429 3887 jam
2491 3830 2654 3885 supra
2722 3813 3078 3868 notavimus:
3142 3812 3195 3865 in
3264 3808 3559 3864 cod.Rob.

1986 3906 2347 3976 Huntington,
2377 3920 2435 3958 ιι.
2469 3903 2627 3968 5819,
2660 3901 2776 3958 Cat.
2812 3901 2989 3966 Bodl.,
3044 3899 3168 3971 Cyr.
3196 3897 3437 3953 homilia:
3470 3895 3561 3958 44,

1986 3997 2238 4053 Arabico.
2270 4027 2344 4037 —
2369 3995 2543 4050 Paris.
2569 3994 2625 4047 in
2660 3994 2793 4048 bibl.
2827 3992 2980 4062 publ.
3010 3992 3157 4045 hom.
3198 3990 3253 4042 in
3292 4001 3564 4040 occursum

1989 4088 2203 4143 Domini
2252 4089 2308 4142 in
2351 4087 2530 4141 tribus
2577 4083 2777 4149 codd.;
2832 4084 2887 4136 in
2919 4080 3474 4151 trans/igurationem,
3508 4075 3564 4127 in

1990 4175 2179 4231 decem
2208 4175 2404 4242 codd.;
2435 4176 2488 4228 in
2517 4191 2740 4237 caenam,
2800 4172 2856 4225 in
2892 4171 3108 4225 duobus
3157 4166 3352 4230 codd.;
3384 4166 3439 4217 in
3472 4179 3571 4231 pa-

1992 4267 2230 4322 rabolam
2259 4267 2440 4330 vineae,
2464 4266 2521 4319 in
2541 4264 2661 4318 cod.
2698 4260 3015 4324 DCCLXXI;
3041 4260 3094 4312 in
3116 4255 3487 4327 paralyticum,
3511 4253 3568 4306 in

1994 4359 2116 4413 cod.
2140 4357 2395 4422 MDXCV;
2423 4359 2478 4409 in
2501 4354 2942 4426 puriﬁcationem,
2972 4350 3029 4402 in
3058 4364 3106 4402 c.
3148 4343 3453 4400 MCLXXIII
3473 4359 3488 4408 ;
3511 4342 3568 4395 in

300 4440 493 4499 bertus
555 4458 705 4513 pag,»
753 4445 944 4511 1-550,
999 4462 1068 4502 ex
1140 4449 1384 4504 editione
1449 4449 1893 4505 Graec-Latina
1925 4469 1968 4523 ι)
1999 4449 2207 4502 laudem
2233 4448 2296 4500 B.
2323 4447 2528 4509 Mariae,
2566 4446 2623 4498 in
2652 4444 2832 4497 tribus
2871 4442 3070 4505 codd.;
3103 4448 3159 4494 et
3187 4454 3258 4493 ex
3310 4436 3570 4492 Vaticana

302 4531 532 4588 Antonii
567 4535 869 4602 Salmatite,
896 4538 1187 4609 theologia:
1208 4541 1264 4594 in
1293 4540 1657 4595 Ambrosiano
1682 4540 1890 4595 Medio-

303 4621 518 4680 lanensi
582 4626 823 4696 collegio
861 4627 1130 4693 doctoris,
1169 4647 1292 4701 quae
1326 4648 1359 4687 e
1402 4634 1664 4688 Vaticano
1701 4634 1891 4689 codice

307 4727 433 4769 eum
470 4724 843 4771 commentar.
909 4716 967 4772 in
1016 4718 1135 4773 loca
1195 4721 1555 4776 Pentateuchi
1612 4722 1896 4792 prodierat

308 4804 579 4877 Antuerp.
616 4807 776 4872 1618,
816 4807 912 4863 fol.
944 4808 1045 4880 (ά).
1069 4809 1319 4866 Habebat
1349 4820 1407 4867 et
1423 4812 1673 4869 Andreas
1697 4812 1895 4869 Schot-

315 5005 464 5078 coeld.
493 5005 601 5078 Gr.
625 5004 817 5078 Laur,
837 5005 889 5078 1,
919 5018 977 5078 p_.
1006 5004 1078 5061 59
1107 5022 1217 5078 sq.,
1240 5017 1299 5065 et
1319 5009 1443 5064 536.
1475 5007 1643 5063 HARL.

345 5075 465 5199 iﬁo)
494 5076 608 5131 Sed
636 5075 939 5131 Walchius’
1028 5092 1103 5142 c.,
1126 5075 1249 5149 pag.
1295 5079 1419 5159 68.0.,
1451 5078 1519 5133 de
1548 5078 1706 5159 lib-ris
1734 5094 1766 5134 a
1790 5078 1898 5150 Cy-

408 5159 443 5199 o
508 5153 711 5199 contra
754 5146 1071 5199 Nestorium
1125 5158 1463 5199 comnosms.
1503 5148 1718 5199 dubitat
1778 5164 1898 5199 eam

313 5146 454 5216 tilla
508 5153 711 5201 contra
754 5146 1071 5216 Nestorium
1125 5146 1463 5216 compositis,
1503 5148 1718 5203 dubitat
1778 5146 1899 5203 eam

1985 4540 2122 4595 bibl.
2159 4539 2345 4609 plures
2374 4533 2874 4605 homilizc,Coptice
2908 4548 3017 4588 scr.
3046 4534 3110 4588 V.
3139 4533 3372 4587 Recens.
3404 4529 3564 4583 codd.

1989 4647 2120 4687 mss.
2158 4630 2252 4699 qui
2290 4645 2360 4684 ex
2414 4629 2669 4683 biblioth.
2708 4628 2885 4683 Vatic.
2924 4625 3375 4697 procuratoribus
3426 4622 3565 4677 Gali.

1992 4723 2182 4780 traditi
2217 4721 2391 4784 fuere,
2413 4737 2469 4791 p.
2502 4721 2570 4775 36
2601 4728 2657 4774 ct
2688 4721 2777 4783 57,
2834 4736 2893 4774 n.
2929 4721 3029 4774 157
3060 4735 3123 4773 ac
3156 4718 3277 4779 160,
3303 4724 3360 4771 et
3395 4730 3453 4784 p.
3475 4713 3565 4776 38,

1991 4832 2048 4870 ιι.
2088 4816 2212 4870 164.
2245 4841 2316 4854 —
2342 4811 2571 4866 Taurini
2594 4811 2650 4864 in
2672 4810 2809 4865 bibl.
2842 4811 3030 4881 Regia,
3063 4803 3570 4863 sermoinsolemuia

1993 5020 2044 5066 et
2074 5012 2318 5064 universa
2349 5010 2462 5079 ejus
2493 5008 2946 5079 conscripta,retc.

2066 5080 2141 5204 (cz
2158 5071 2386 5135 Similes
2412 5086 2625 5133 exstam
2667 5071 2905 5131 liomiliae
2926 5076 3040 5128 sive
3066 5071 3310 5150 epistola
3339 5072 3540 5138 pascha
3564 5101 3570 5107 -

2066 5166 2073 5203 ι
2146 5150 2384 5204 thanasii
2417 5157 2474 5203 et
2500 5147 2789 5204 Theonhili
2831 5146 3007 5204 Alcx.,
3043 5152 3102 5195 ut
3133 5147 3381 5194 omittam
3433 5156 3570 5204 quas

1991 5146 2384 5204 les'Athanasii
2417 5157 2474 5203 et
2500 5147 2789 5218 Theophili
2831 5146 3007 5218 Alcx_.,
3043 5152 3102 5195 ut
3133 5146 3400 5218 amittant
3433 5156 3575 5209 quas

309 5214 633 5296 versionem
659 5229 780 5269 esse
810 5215 1026 5284 plenam
1065 5216 1229 5286 atque
1248 5209 1546 5301 integram,
1585 5227 1640 5301 et
1671 5227 1902 5301 annotat
1994 5219 2424 5301 I_)ionysii_.Alex.
2480 5209 3111 5301 memo'ra_tmEulscbips,.
3142 5209 3320 5301 L’uciir
3340 5209 3573 5301 Algian-

310 5285 632 5339 Versionem
686 5293 929 5338 veterem
975 5285 1190 5340 exstare
1259 5287 1315 5340 in
1367 5285 1537 5341 Mansi
1588 5286 1900 5342 Collectione

1273 5372 1393 5426 pag.
1428 5357 1548 5420 141,
1570 5357 1624 5419 2,
1647 5357 1699 5411 5.
1732 5358 1897 5411 Ηιιιιι..

385 5423 458 5494 (b)
482 5423 801 5485 Alexander
826 5423 1520 5547 Hierogolitanus'epistola
1552 5427 1619 5480 ad
1640 5427 1896 5481 Acacium

385 5494 748 5547 ,rrhoensem.
785 5493 928 5547 anud
1025 5495 1166 5547 uluz.
1217 5513 1271 5547 ῐ).
1320 5495 1422 5547 ’762
1460 5496 1618 5547 Nova:
1677 5496 1891 5547 Collect.

312 5491 748 5566 Berrhoensefn,
772 5493 928 5566 apud
983 5491 1177 5566 Baluzp.
1216 5513 1290 5566 p.p
1320 5491 1422 5550 ’762
1460 5496 1618 5551 Nova:
1677 5496 1891 5551 Collect.

312 5562 572 5616 concilior
602 5578 621 5616 :
644 5561 910 5651 lucidum
936 5573 1014 5651 eis;
1037 5561 1459 5651 cuilibe't‘legenti
1485 5583 1626 5651 'cum‘
1654 5568 1895 5651 ueritatis

313 5647 499 5703 amore
527 5631 777 5703 capitula
806 5632 918 5700 ejus
956 5633 1182 5703 (Cyrilli)
1215 5643 1263 5687 et
1290 5631 1543 5703 Epistolw
1558 5637 1626 5690 ad
1647 5636 1897 5691 IIebrazos

314 5701 817 5763 interpretationem
859 5710 906 5755 et
936 5701 1179 5758 eoistolas
1218 5704 1295 5759 vel
1331 5701 1556 5767 festivas,
1602 5706 1681 5759 vel
1738 5706 1893 5763 alias.

311 5353 587 5408 concilior.
643 5353 992 5424 amplissima,
1021 5365 1156 5409 tom.
1174 5358 1236 5420 V,

1994 5277 2154 5343 drini'
2201 5290 2562 5357 Hieronymus
2613 5304 2661 5341 c.
2716 5286 2818 5357 118
2865 5282 3129 5357 Catalogi.
3177 5277 3377 5333 Confer
3405 5279 3572 5334 Tille-

1995 5368 2167 5431 mont.
2194 5368 2330 5431 tom.
2362 5355 2501 5431 XIV,
2531 5374 2584 5428 p.
2612 5358 2736 5431 269,
2781 5355 2905 5431 270·
3240 5418 3316 5431 ,ψ
3382 5418 3397 5431 ,
3471 5418 3528 5431 ,μ

2076 5429 2150 5499 (d)
2176 5430 2375 5483 Anton.
2404 5418 2674 5484 Sal-matus
2704 5418 2941 5499 prolegg.
2974 5419 3187 5499 erudita
3238 5418 3339 5499 Ell.
3367 5418 3440 5472 du
3471 5418 3572 5499 Pin

2004 5499 2058 5553 in
2081 5489 2467 5569 compendium
2501 5489 2790 5557 contrusit,
2821 5489 2875 5545 et
2903 5491 3027 5545 inde
3049 5490 3249 5544 Oudin.
3282 5489 3318 5540 Ι.
3355 5505 3427 5550 c.,
3463 5489 3568 5541 col.

2005 5569 2141 5613 1οῗίῖῗῖ
2186 5585 2327 5613 and-
2378 5569 2709 5613 vorlmlenlls
2765 5562 2970 5613 retulit.
3022 5570 3078 5613 et
3115 5560 3217 5613 col.
3281 5557 3415 5612 1056
3449 5572 3568 5613 sua.

2005 5569 2141 5622 1033
2186 5562 2328 5638 εἶμι,
2378 5569 2709 5622 vcrbotenus
2765 5562 3078 5642 retulit,_ct
3115 5562 3217 5614 col.
3281 5562 3415 5612 1036
3449 5572 3570 5626 sqq.

2002 5639 2478 5762 persequitur
2503 5634 2835 5706 singularum
2858 5631 3204 5688 homiliarum
3222 5635 3566 5700 argumenta.

2053 5724 2168 5762 Αιιι..
