4076 6306
523 303 622 379 59
1753 313 2036 371 nomn
2075 311 2171 367 ex
2209 305 2546 365 FABRICIO.
3714 291 3786 348 oo

524 433 768 489 Pulmar.
796 442 852 489 et
877 435 931 488 in
968 433 1024 489 S.
1054 432 1307 497 Paulum,
1350 432 1406 486 in
1457 429 1619 487 codd.
1667 428 1814 485 LXX
1860 436 1916 484 et
1938 425 2098 483 CXV.
2130 442 2175 496 Α
2204 436 2287 493 sq.
2323 452 2394 462 --
2426 418 2715 476 Nonnulla:
2750 422 2879 472 sunt
2905 411 3197 469 Florentia
3226 409 3283 465 in
3319 407 3481 465 codd.
3516 408 3779 463 Laurent.

525 525 787 583 V.Catal.
817 526 966 580 codd.
996 525 1088 582 Gr.
1109 524 1293 587 Taur.,
1321 540 1377 594 p.
1411 523 1510 578 165
1552 531 1610 578 et
1644 521 1769 575 217.
1801 550 1869 562 ——
1891 519 2099 575 Vindo-
2200 513 2264 566 V.
2295 509 2523 566 Bandin.
2549 507 2667 564 Cat.
2694 506 2845 562 codd.
2868 503 3113 570 Laur.,l,
3140 518 3196 573 p.
3227 501 3350 566 122,
3370 518 3426 555 ιι.
3461 499 3565 567 54ς
3587 498 3784 569 ιι.129,

526 617 684 673 bona:
712 618 766 671 in
792 617 929 672 bibl.
962 617 1161 673 Caesar.
1188 616 1243 670 in
1290 589 1414 671 csa.
1439 612 1698 678 LXXVII,
1730 628 1786 666 ιι.
1809 611 1899 675 δι,
1932 610 2099 680 quin-

2245 645 2257 658 .
2289 602 2399 669 22;
2435 616 2490 672 p.
2520 600 2645 664 544,
2677 614 2735 653 ιι.
2767 598 2835 664 7;
2869 595 2981 651 vol.
3016 595 3084 660 11,
3117 609 3238 665 pag.
3292 592 3419 656 114,
3464 607 3524 646 ιι.
3557 591 3627 657 5;
3663 589 3789 659 plu-

526 725 635 778 que
684 708 945 774 homiliae,
973 716 1030 763 et
1074 722 1131 762 ιι.
1178 706 1267 772 40,
1319 707 1462 760 hom.
1501 704 1564 758 de
1600 702 1810 767 Paulo,
1845 678 2103 773 episcopo

2237 707 2295 749 es
2327 691 2383 745 in
2408 689 2570 745 codd.
2592 688 2800 759 Anglia:
2830 693 2889 743 et
2931 684 3160 740 Hibern.
3199 698 3311 738 sec.
3366 681 3526 737 eatal.
3558 679 3616 735 in
3645 678 3784 734 bibl.

525 798 817 862 Emcseno,
848 807 904 852 et
925 798 989 851 de
1004 768 1271 852 incarnat.
1291 795 1522 859 Domini,
1560 802 1617 850 et
1646 768 1916 865 posterior
1937 768 2104 847 etiam

2237 781 2411 838 lodlei.
2442 798 2501 836 ιι.
2537 780 2627 846 26,
2653 778 2741 843 85,
2772 777 2860 842 86,
2889 776 3052 846 epist.
3084 773 3362 829 canonica
3393 788 3409 838 ;
3440 787 3497 824 ιι.
3525 770 3617 834 91,
3660 768 3786 831 142,

528 890 585 943 in
615 889 737 944 cod.
772 860 1116 954 LXXXVIII,
1178 905 1237 943 ιι.
1299 890 1354 954 5,
1386 890 1442 942 in
1497 860 1688 959 festum
1730 885 2013 954 Puriﬁeat.
2047 884 2105 938 in
2206 875 2329 940 185,
2373 875 2533 939 1174,
2557 870 2715 938 1220,
2755 869 2913 924 i955-
2947 897 3020 907 —
3048 866 3203 920 Tom-
3236 864 3304 929 Π,
3338 863 3484 918 illle
3512 860 3792 917 ϐοά-9³16

529 979 652 1033 cod.
680 978 909 1043 CXLVI,
1028 951 1115 1032 17.
1156 978 1217 1034 V.
1270 951 1528 1033 Lambce.
1565 951 1886 1039 Comment.,
1918 973 2010 1038 111,
2046 988 2102 1043 ιι.
2206 982 2265 1022 ιι.
2296 966 2454 1032 5905,
2475 963 2695 1036 epistola
2721 962 2972 1017 canonica
2992 973 3118 1013 eum
3137 955 3383 1021 scholiis,
3409 962 3557 1025 etep.
3585 952 3656 1006 ad
3674 951 3793 1022 epi-

529 1066 792 1133 588-592,
825 1076 883 1121 et
907 1068 1012 1122 476
1066 1098 1138 1107 -
1168 1069 1245 1121 Ac
1270 1067 1380 1121 vol.
1430 1066 1495 1130 V,
1528 1080 1583 1135 p.
1617 1063 1742 1119 260.
1769 1094 1841 1103 -
1866 1062 1933 1117 In
1970 1064 2105 1132 uirg.

2237 1076 2388 1131 copas
2418 1059 2598 1128 Libya:
2641 1073 2705 1110 ac
2754 1050 3126 1123 Pentapoleos.
3165 1045 3503 1104 inter.eodd.
3536 1044 3695 1108 Mori,
3730 1059 3790 1098 ιι.

530 1157 783 1222 Mariam,
826 1158 1025 1228 Ephesi
1085 1166 1276 1213 contra
1320 1133 1634 1212 Nestorium
1686 1154 1889 1209 habita.
1934 1152 2016 1207 Ib.
2052 1152 2110 1206 in
2208 1148 2367 1205 9198.
2396 1145 2733 1210 ——Dublini,
2766 1159 2821 1198 ιι.
2853 1143 2957 1198 277
2989 1151 3046 1197 et
3069 1139 3195 1195 280.
3219 1168 3292 1179 —-
3312 1135 3540 1191 Taurini
3566 1134 3626 1188 in
3649 1133 3788 1189 bibl.

533 1249 642 1303 vol.
667 1248 801 1314 Vlll,
836 1226 942 1304 col.
976 1246 1100 1302 820.
1130 1248 1189 1302 In
1226 1248 1311 1303 Jo.
1350 1248 1564 1302 Patusaa
1593 1242 1964 1315 Εηοιιειορωά.
1990 1242 2109 1312 phi-
2210 1239 2378 1309 Regia
2402 1238 2552 1309 epist.
2597 1236 2667 1290 ad
2711 1234 2980 1289 Domuum
3008 1240 3067 1286 et
3109 1230 3179 1285 ad
3227 1229 3455 1300 episeop.
3504 1226 3680 1295 Libya:
3740 1232 3795 1277 et

535 1339 654 1405 lol.,
689 1340 796 1394 vol.
832 1339 899 1403 ll,
952 1349 1037 1394 est
1068 1354 1123 1409 p.
1181 1338 1286 1392 522
1334 1336 1524 1409 Cyrilli
1574 1346 1759 1390 contra
1811 1334 2112 1389 Nestorium
2212 1331 2490 1404 Pentapol.
2544 1330 2614 1385 -ἰιι
2643 1326 2905 1391 eod.CV,
2956 1322 3143 1396 p.197
3196 1319 3372 1377 Catal.
3404 1317 3679 1373 —~Paris.
3732 1315 3796 1376 in

532 1403 725 1495 sermo,
756 1431 939 1485 dictus
981 1430 1037 1485 in
1068 1403 1286 1501 synodo
1331 1403 1644 1497 Ephesina;
1686 1440 1808 1496 pag.
1879 1423 2003 1488 526,
2037 1422 2115 1477 De
2213 1403 2457 1480 sedecim
2503 1419 2665 1477 codd.
2724 1416 2932 1475 Graecis
2983 1413 3120 1468 bibl.
3182 1409 3338 1481 puhl.
3393 1405 3697 1464 secundm
3745 1403 3795 1459 11

535 1520 718 1576 Sotere
746 1531 924 1577 nostra
956 1521 1065 1576 Deo
1094 1495 1145 1575 et
1188 1495 1435 1587 homine;
1492 1528 1549 1575 et
1576 1535 1630 1589 p.
1653 1495 1778 1584 529,
1818 1517 1887 1572 de
1919 1515 2115 1572 eodem
2214 1516 2324 1572 vol.
2353 1513 2548 1578 Catal.,
2579 1519 2638 1567 et
2677 1525 2772 1566 sex
2825 1506 2943 1561 Lat.
2976 1508 3033 1560 in
3061 1513 3193 1561 tom.
3223 1500 3294 1556 111
3325 1514 3392 1555 ac
3435 1498 3523 1554 IV.
3558 1526 3631 1537 —
3659 1495 3798 1566 Epi-

536 1621 859 1683 argumcnto
917 1628 1100 1668 sermo
1158 1612 1345 1668 dictus
1387 1587 1593 1683 Ephesi
1631 1611 1697 1666 in
1725 1609 1931 1680 templo
1955 1647 1971 1674 ,
2023 1606 2115 1662 die
2215 1607 2364 1663 stolis
2405 1604 2672 1659 canonij
2718 1599 2812 1657 Gr.
2852 1607 2909 1654 et
2935 1596 3054 1652 Lat.
3105 1608 3232 1649 cum
3266 1590 3493 1648 seholiis
3516 1587 3802 1645 Theodori

539 1703 597 1758 S.
633 1703 867 1760 Joannis
891 1703 1452 1774 evangelistamﬂsnt.
2126 1768 2129 1769 ν
2218 1695 2577 1761 Balsamonis,
2628 1694 2686 1748 in
2744 1691 2891 1749 Guil.
2957 1685 3238 1757 Beveregii
3297 1683 3552 1739 Pandect.
3603 1696 3798 1735 canon.

614 1798 702 1860 ιγ’.
730 1792 984 1863 Episton
1004 1773 1092 1847 LX
1112 1793 1300 1865 Cyrilli
1326 1802 1383 1848 et
1413 1793 1648 1847 aliorum
1675 1790 1861 1847 Graece
1887 1798 1945 1845 et
1968 1786 2119 1844 Lati-
2150 1781 2193 1834 Β
2221 1790 2397 1846 Oxon.
2446 1786 2604 1851 1672,
2663 1784 2784 1849 l'ol.,
2817 1791 2954 1837 tom.
3014 1778 3083 1845 II,
3117 1785 3260 1847 part.
3285 1791 3323 1841 ι,
3359 1789 3413 1845 ιι.
3456 1773 3558 1827 176
3581 1787 3701 1859 sqq.
3728 1800 3806 1810 -—

544 1880 676 1935 tine.
706 1881 834 1953 Pag.
871 1882 1059 1947 1-215,
1091 1883 1336 1952 exceptis
1376 1882 1585 1953 paucis,
1629 1897 1751 1952 quaa
1777 1880 1968 1935 Latine
1998 1888 2120 1934 tan-

537 1981 662 2027 tum
686 1972 913 2042 reperiri
935 1982 1256 2043 potuerunt,
1297 1974 1639 2043 depromptae
1698 1987 1766 2026 ex
1809 1971 1962 2026 Actis
1988 1986 2122 2025 con-

544 2061 824 2126 ciliorum,
854 2062 1140 2132 Ephesini,
1171 2061 1639 2117 Chalcedonensis
1667 2060 1748 2133 [in
1797 2061 1937 2117 Bibl.
1970 2064 2120 2118 Patr.

545 2154 654 2207 vol.
690 2153 731 2218 l,
761 2168 816 2223 p.
848 2153 972 2218 415,
1007 2153 1094 2208 ed.
1144 2152 1366 2225 Paris],
1398 2162 1504 2208 etc.
1528 2194 1543 2219 ,
1579 2162 1638 2208 ut
1670 2154 1811 2208 infra
1857 2155 1913 2209 in
1945 2156 2124 2213 indice

545 2244 892 2314 alphabetico
933 2244 1304 2308 homi‘liarum,
1356 2244 1713 2314 epistularum
1761 2254 1819 2299 et
1848 2246 2124 2301 minorum

546 2338 937 2405 opusculorum
997 2336 1185 2408 Cyrilli
1241 2336 1559 2390 distinctius
1611 2337 1985 2392 annotahitur.
2043 2339 2125 2394 Ex

547 2428 635 2481 his
671 2426 876 2482 Latinae
902 2426 1175 2482 editiones
1200 2425 1440 2497 Operum
1466 2425 1655 2497 Cyr-illi
1694 2427 1960 2482 exhibent
2002 2429 2123 2499 epi-

544 2520 713 2575 stolas
743 2518 986 2583 XXXIX,
1014 2534 1083 2573 ex
1110 2519 1366 2574 versione
1410 2518 1718 2589 Wolfgangi
1752 2519 2003 2573 Musculi.
2046 2520 2128 2574 Ex

545 2611 794 2684 epistolis
819 2610 1003 2682 Cyrilli
1030 2611 1097 2664 ad
1117 2610 1428 2665 Nestorium
1448 2616 1505 2663 et
1526 2609 1792 2664 Joannem
1827 2609 2128 2666 Antioche-

546 2719 682 2779 ‘num
722 2700 1031 2756 alieruntur
1063 2700 1309 2769 quaedam
1353 2699 1408 2753 in
1439 2708 1671 2769 partem
1704 2700 1923 2754 concilii
1962 2701 2127 2756 Chal-

550 2793 898 2858 cedonensis,
928 2800 1063 2847 tom.
1088 2792 1132 2846 ll
1162 2791 1324 2857 Binii,
1353 2808 1410 2862 p.
1464 2791 1587 2845 549.
1618 2792 1778 2846 ΡΑιιιι.
1815 2822 1886 2830 -
1910 2792 2131 2846 Ουϋέὶοι·

552 2884 608 2939 in
639 2902 652 2938 :
691 2883 924 2939 Histoire
951 2884 1039 2938 des
1071 2891 1287 2936 auteurs
1312 2882 1518 2947 ecclés.,
1570 2890 1703 2937 tom.
1731 2882 1820 2946 Ill,
1843 2899 1966 2954 pag.
2002 2883 2127 2951 288,

552 2975 675 3031 illas
703 2975 966 3046 epistolas
1010 2974 1302 3046 diligenter
1336 2974 1647 3041 recensuit;
1686 2968 1887 3029 Oudin.
1910 2990 2130 3045 quoque
2160 3010 2167 3015 -

2222 1884 2369 1939 Inter
2389 1896 2514 1952 epp.
2553 1885 2638 1934 est
2656 1892 2712 1947 p.
2738 1875 2839 1929 174
2860 1871 2951 1929 ed.
2985 1886 3074 1941 ep.
3107 1868 3174 1924 ad
3210 1865 3504 1922 Maximum
3529 1862 3802 1952 aliosque,

2221 1988 2344 2043 quae
2375 1950 2477 2027 est
2491 1969 2633 2038 disp.
2667 1974 2861 2021 contra
2882 1977 2980 2017 eos
3003 1955 3379 2016 Occidentales
3399 1953 3494 2024 qui
3524 1950 3805 2006 Theodori

2221 2042 2425 2135 placita
2450 2072 2755 2117 consonare
2784 2069 2911 2111 cum
2936 2050 3193 2115 formula,
3238 2047 3486 2102 dicerent
3506 2084 3521 2109 ,
3553 2042 3680 2096 ﬁdei
3709 2042 3808 2097 Ni—

2224 2131 2407 2218 czente,
2461 2160 2520 2209 et
2572 2151 2676 2204 sub
2738 2144 2961 2202 nomine
3002 2160 3016 2196 :
3065 2139 3337 2211 Expositio
3373 2138 3432 2190 in
3484 2131 3803 2205 symbolum,

2223 2254 2403 2301 exstat
2422 2244 2479 2298 in
2510 2241 2670 2297 codd.
2703 2248 2866 2309 atque
2897 2236 2954 2290 in
2982 2231 3152 2288 Μοιιεί
3192 2229 3444 2293 Collect.,
3478 2234 3612 2290 etc.,
3668 2233 3802 2279 tom.

2225 2337 2292 2403 V,
2325 2352 2381 2406 p.
2412 2333 2536 2389 585.
2568 2333 2737 2388 HARL.

2298 2428 2380 2481 ιδ’.
2423 2419 2881 2497 Προσφωνητικὸς
2920 2417 2990 2472 ad
3037 2417 3411 2485 imperatorem
3467 2406 3804 2462 Theodosium

2225 2520 2526 2582 Juniorem,
2560 2515 2690 2582 περὶ
2718 2512 2818 2581 τῆς
2857 2508 3025 2583 ὀρθῆς
3057 2508 3317 2570 πίστεως,
3344 2502 3408 2556 de
3440 2508 3583 2554 recta
3610 2500 3665 2552 in
3696 2497 3807 2550 Do-

2228 2613 2432 2665 minum
2457 2615 2699 2663 nostrum
2722 2603 2902 2657 Iesum
2937 2598 3203 2654 Christum
3229 2594 3354 2664 ﬁde.
3380 2593 3442 2646 P.
3472 2590 3626 2645 1-42.
3659 2586 3809 2642 Inci-

2228 2703 2348 2774 pit:
2377 2701 2487 2770 Τῆς
2522 2699 2620 2770 μὲν
2656 2698 2714 2750 ὲν
2748 2691 3054 2765 ἀνθρώποις
3098 2687 3348 2749 εὐκλείας
3394 2685 3455 2736 τὸ
3508 2679 3807 2735 ἀνώτατον.

2231 2770 2480 2863 Scriptus
2507 2790 2571 2846 A.
2605 2789 2667 2845 C.
2698 2789 2823 2842 450.
2857 2783 2992 2839 Vide
3025 2777 3433 2836 Tillemontium
3475 2783 3609 2829 tom.
3666 2770 3809 2834 XIV,

2229 2902 2285 2957 p.
2305 2862 2407 2939 ato
2428 2899 2548 2953 sqq.
2571 2882 2633 2936 In
2664 2878 2871 2934 Latinis
2898 2872 3236 2931 editionihus
3257 2867 3497 2925 occurrit
3517 2866 3602 2922 Jo.
3628 2862 3811 2920 OEco-

2230 2976 2488 3048 lampadii
2518 2971 2919 3043 interpretatio.
2962 2967 3101 3023 Cum
3127 2964 3233 3020 alia
3255 2962 3508 3018 versione
3529 2961 3586 3014 in
3609 2966 3765 3028 parte
3793 2973 3813 3011 ι

552 3068 594 3123 1.
622 3083 696 3133 c.,
734 3083 858 3139 pag.
898 3066 1033 3123 1010
1074 3081 1219 3136 sqq.,
1271 3065 1386 3120 LXI
1434 3064 1621 3136 Cyrilli
1681 3065 1962 3135 epistolas,
1997 3082 2132 3137 qua-
2157 3111 2196 3139 ρ
2232 3069 2491 3125 Actorum
2520 3064 2738 3120 concilii
2764 3060 3050 3132 Ephesini,
3091 3058 3280 3112 Romae
3308 3052 3466 3119 1608,
3488 3060 3653 3121 atque
3684 3048 3813 3103 inde

555 3176 680 3216 rum
711 3160 962 3229 plurimae
987 3159 1054 3214 ad
1072 3158 1357 3213 historiam
1387 3156 1605 3211 concilii
1654 3156 1918 3227 Ephesini
1939 3198 1954 3223 ,
1980 3165 2036 3212 et
2062 3157 2130 3213 ad
2157 3140 2199 3168 u
2236 3159 2288 3213 in
2317 3157 2544 3211 Biniana
2580 3169 2631 3209 a.
2660 3151 2818 3217 1618,
2850 3159 2986 3205 tom.
3017 3148 3060 3214 Ι,
3093 3163 3150 3217 ιι.
3186 3144 3277 3210 20,
3311 3152 3475 3214 atque
3520 3140 3814 3196 Labbeana

555 3248 929 3305 dissensiones
974 3246 1160 3319 Cyrilli
1219 3263 1343 3301 cum
1394 3245 1480 3302 Jo.
1517 3246 1856 3301 Antiocheno
1901 3246 2133 3317 aliisque

555 3340 931 3396 Orientalibus
980 3338 1279 3409 pertinent,
1318 3347 1626 3402 enumerat,
1653 3347 1711 3392 et
1751 3338 1820 3393 de
1854 3339 2135 3394 nonnullis

556 3433 804 3503 quaedam
848 3440 1102 3497 atmotat;
1126 3430 1385 3499 denique,
1416 3449 1433 3479 ι
1462 3429 1661 3499 quibus
1694 3429 2002 3501 (epistolis),
2033 3430 2129 3496 ait,

558 3524 689 3579 addi
742 3522 955 3593 possint
996 3521 1116 3577 alia:
1162 3520 1304 3586 dure,
1356 3520 1618 3574 nimirum
1667 3521 1896 3590 epistola
1942 3522 2135 3594 Cyrilli

558 3617 712 3672 Alex.
748 3614 815 3669 ad
848 3613 1125 3684 Optimum
1143 3613 1460 3683 episcopum
1483 3653 1497 3678 ,
1530 3613 1585 3666 in
1626 3613 1795 3668 verba
1830 3612 2132 3682 Geneseos,

559 3708 742 3765 Omnis
783 3709 873 3778 qui
924 3705 1165 3760 occiderit
1209 3702 1364 3769 Cain,
1420 3705 1475 3758 in
1523 3704 1827 3776 septuplum
1864 3708 2133 3776 punietur,

559 3810 693 3865 etc.,
725 3799 819 3856 Gr.
862 3806 919 3853 et
973 3797 1089 3852 Lat.
1118 3796 1266 3852 edita
1306 3795 1361 3849 in
1406 3794 1660 3850 Chronico
1701 3796 1994 3851 Alexandr.
2043 3797 2132 3853 ed.

561 3892 754 3947 Matth.
786 3890 1024 3956 Raderi;
1066 3890 1239 3943 altera
1261 3928 1276 3953 ,
1313 3887 1578 3958 inscripta
1609 3905 1622 3940 :
1662 3888 2137 3945 Commonitorium

560 3984 626 4037 de
640 3982 900 4047 Nestorio,
927 3981 1072 4051 quod
1097 3980 1303 4050 primus
1326 3980 1381 4033 in
1412 3979 1589 4034 lucem
1611 3981 1810 4036 extulit
1827 3981 2139 4051 Stephanus

566 4073 839 4137 Baluzius,
872 4071 966 4127 Gr.
993 4078 1051 4126 et
1082 4070 1203 4124 Lat.
1234 4071 1290 4124 in
1320 4069 1469 4123 Nova
1501 4068 1808 4124 collectione
1838 4070 2134 4137 concilior.,

562 4164 739 4221 Paris.
775 4163 929 4227 1685,
965 4162 1085 4226 fol.,
1111 4177 1167 4231 p.
1193 4160 1329 4227 577;
1365 4160 1604 4229 denique
1646 4159 1893 4232 prologus
1932 4159 1991 4216 S.
2032 4161 2137 4233 Cy-

500 4292 511 4297 -
568 4255 678 4310 rilli
712 4272 806 4327 pro
831 4254 973 4326 cyclo
1009 4269 1107 4308 xcv
1139 4269 1423 4317 annorum,
1442 4251 1632 4306 Latine
1658 4261 1870 4307 tantum
1894 4253 1964 4307 ab
1984 4251 2137 4324 [Egi-

563 4349 658 4405 dio
684 4347 974 4411 Bucherio,
1004 4346 1060 4403 S.
1085 4346 1158 4411 J.,
1185 4346 1289 4400 sub
1313 4345 1476 4400 ﬁnem
1504 4343 1896 4401 Commentarii
1937 4344 1993 4398 in
2033 4344 2139 4400 Ca-

2236 3255 2367 3302 tom.
2413 3246 2502 3312 Ill,
2559 3261 2614 3316 p.
2670 3244 2760 3309 45,
2824 3241 3026 3297 citatur
3072 3238 3129 3293 in
3168 3234 3402 3292 concilio
3445 3249 3498 3288 vi
3525 3232 3752 3287 Aetione
3782 3228 3809 3284 1

2234 3350 2290 3397 et
2324 3338 2410 3393 10.

2309 3439 2387 3486 ιε’.
2408 3426 2864 3503 Ιιροσφωνητικδς
2882 3426 3001 3490 ταῖς
3021 3418 3436 3482 εὐσεϐεστάτας
3454 3414 3813 3488 βασιλίσσαις,

2234 3527 2379 3595 λόγοι
2413 3526 2477 3597 β’.
2508 3525 2654 3580 Libri
2697 3523 2800 3576 duo
2846 3521 2909 3575 de
2950 3527 3096 3574 recta
3123 3516 3230 3586 ﬁde
3273 3514 3342 3568 ad
3394 3510 3814 3583 religiosissimos

2237 3621 2469 3691 reginas,
2536 3612 2832 3672 Theodosii
2888 3609 3135 3668 Junioris
3189 3606 3494 3677 coniugem,
3549 3600 3816 3656 Liciniam

2236 3689 2562 3773 Eudoxiam,
2611 3717 2963 3773 sororesque,
3012 3697 3290 3755 Flacillam
3339 3702 3398 3749 et
3446 3689 3814 3748 Pulcheriam.

2216 3801 2351 3861 _Sub
2387 3800 2531 3855 idem
2560 3806 2774 3868 tempus
2801 3792 2993 3863 scripti
3015 3805 3142 3845 cum
3172 3786 3472 3859 superiore.
3500 3784 3657 3839 Prior
3693 3798 3815 3853 pag.

2236 3892 2463 3948 42-127.
2488 3888 2688 3959 Incipit
2722 3884 3115 3957 Σεμνολόγημα
3143 3879 3242 3949 μὲν
3283 3876 3677 3948 οἱκουμενικόν.
3712 3875 3816 3928 Po-

2236 3984 2435 4039 sterior
2463 3997 2518 4052 p.
2553 3977 2810 4034 128-180.
2853 3973 3087 4043 Incipit:
3120 3970 3247 4032 Τοῖς
3268 3968 3330 4022 τὸ
3352 3967 3495 4021 θεῖον
3527 3965 3622 4019 καὶ
3657 3963 3821 4035 οὐρά-

2236 4089 2348 4126 νιον
2394 4066 2734 4141 ἱερουργοῦσι
2780 4066 3060 4135 κήρυγμα.
3109 4060 3362 4117 Citantur
3402 4073 3458 4127 p.
3493 4054 3562 4109 18
3583 4070 3666 4123 sq.
3701 4053 3818 4107 loca

2237 4158 2520 4216 Athanasii
2565 4160 2630 4211 ὲκ
2687 4155 2782 4209 τοῦ
2829 4153 2969 4222 Περὶ
3017 4149 3375 4219 σαρκώσεως
3406 4147 3614 4213 λόγου,
3654 4142 3819 4196 Attici

2238 4249 2503 4322 episcopi,
2515 4247 2770 4303 Antiochi
2786 4242 3052 4316 epise0pi,
3064 4236 3431 4311 Amphilochii
3452 4232 3693 4304 episcopi
3707 4232 3822 4286 leo—

2238 4341 2338 4407 nii,
2353 4344 2418 4394 ὲκ
2434 4337 2528 4393 τοῦ
2548 4338 2685 4408 Περὶ
2704 4336 2815 4404 τῆς
2833 4333 2982 4388 κατὰ
3000 4331 3199 4400 σάρκα
3212 4325 3575 4399 γὲν-νοήσεως,
3601 4323 3822 4376 Ammo-

566 4455 768 4495 nonem
822 4438 1132 4509 paschalem
1202 4437 1443 4493 Victoris
1513 4435 1794 4507 Aquitani.
1865 4435 2132 4506 Antuerp.
2170 4449 2213 4504 ι)
2246 4434 2352 4498 nis,
2396 4429 2640 4502 episcopi
2711 4422 3207 4496 Adrianopolitani,
3271 4417 3517 4481 Joannis,
3580 4412 3821 4485 episcopi

567 4526 726 4581 1655.
763 4546 781 4578 ι
816 4526 982 4590 Infra,
1015 4541 1069 4579 ιι.
1104 4526 1225 4591 150,
1265 4527 1532 4581 asseritur
1563 4526 1736 4581 editio
1781 4541 1832 4581 a.
1881 4526 2038 4582 1654.
2073 4556 2144 4566 ——-

564 4619 782 4675 Walch.
808 4634 1027 4689 quoque
1052 4618 1109 4672 in
1129 4617 1266 4671 Hist.
1316 4619 1470 4682 liam,
1504 4617 1569 4682 V,
1617 4617 1840 4686 passim,
1866 4633 1917 4672 e.
1952 4634 2056 4688 gn,
2086 4634 2140 4687 p.

566 4712 672 4767 555
698 4726 806 4781 sq.,
832 4711 957 4776 556,
985 4709 1089 4765 558
1134 4718 1191 4765 et
1237 4710 1390 4774 alibi,
1417 4709 1474 4763 in
1520 4709 1714 4779 primis
1739 4726 1861 4780 pag.
1886 4709 2142 4774 582-410,

569 4803 911 4872 frequentem
941 4802 1297 4871 epistularum
1325 4801 1513 4873 Cyrilli
1554 4801 1687 4855 facit
1722 4802 2056 4856 mentionem
2078 4803 2147 4857 ad

572 4894 948 4949 illustrandam
975 4892 1262 4948 historiam
1294 4892 1569 4948 hmreseos
1615 4892 1972 4947 Nestorianaa.
1994 4893 2149 4947 Man-

570 4985 689 5040 sius
713 4984 770 5038 in
803 4982 1023 5039 Collect.
1041 4981 1228 5037 concil.
1252 4981 1516 5053 ampliss.,
1542 4991 1672 5036 tom.
1696 4981 1763 5037 IV
1777 4989 1834 5037 et
1854 4981 1920 5046 V,
1940 4981 2152 5050 recepit

569 5092 664 5131 eas
715 5091 837 5147 qua:
890 5074 960 5130 ad
1000 5073 1432 5129 controversiam
1485 5071 1671 5144 Cyrilli
1732 5087 1856 5127 cum
1897 5071 2150 5126 Nestorio

572 5168 869 5239 pertinent.
893 5165 1060 5232 Add.,
1088 5166 1198 5221 vol.
1236 5165 1279 5231 Ι,
1318 5181 1371 5235 ιι.
1413 5164 1536 5229 700,
1568 5163 1746 5228 XLV;
1812 5161 1880 5219 de
1912 5162 2150 5218 Combe-

575 5258 680 5312 lisii
708 5258 844 5313 edit.
876 5255 1113 5321 Maximi,
1143 5255 1249 5310 vol.
1276 5255 1411 5319 Vlll,
1432 5270 1487 5325 p.
1519 5254 1615 5307 7M
1648 5262 1756 5308 vet.
1792 5253 1905 5316 ed.,
1934 5262 1990 5306 et
2035 5252 2147 5306 vol.

573 5351 666 5415 IX,
700 5351 767 5406 de
798 5352 1014 5415 Photio,
1046 5366 1100 5421 p.
1137 5349 1261 5414 595,
1299 5348 1433 5413 LIV,
1495 5356 1602 5402 vet.
1625 5346 1716 5401 ed.
1752 5376 1823 5387 --
1852 5346 1911 5400 In
1963 5344 2152 5400 multis

575 5442 738 5498 codd.
791 5453 1020 5499 servata:
1075 5453 1205 5499 sunt
1237 5441 1504 5512 epistolae,
1553 5453 1703 5493 nunc
1748 5438 1958 5508 plures,
2004 5452 2154 5492 nunc

576 5535 885 5604 pauciores,
920 5542 1016 5589 aut
1071 5550 1178 5589 una
1230 5533 1491 5587 alterave.
1536 5530 1611 5584 De
1662 5527 1823 5583 codd.
1890 5526 2153 5582 Caesareis

577 5624 915 5679 Vindohona'.
940 5624 1004 5679 V.
1035 5623 1288 5678 Lambec.
1321 5621 1638 5683 Comment,
1664 5619 1718 5673 in
1750 5616 1919 5680 indic,
1946 5617 2013 5672 ad
2040 5617 2147 5671 vol.

578 5716 668 5784 111,
706 5717 771 5773 ιν
799 5726 851 5774 et
883 5716 1019 5783 VIII.
1056 5724 1149 5771 aut
1199 5713 1425 5771 Νεδεοίἱὶ
1483 5711 1659 5767 Calai.
1704 5711 1757 5766 in
1799 5709 1937 5775 ind.,
1981 5724 2034 5779 ιι.
2086 5708 2151 5764 li

2244 4521 2743 4593 Constantinopol.,
2780 4517 3061 4576 Severiani
3085 4512 3351 4586 episcopi,
3378 4509 3569 4567 Vitalis
3605 4508 3820 4576 episco-

2245 4616 2323 4686 pi,
2362 4617 2428 4669 ὲκ
2453 4612 2550 4667 τοῦ
2576 4611 2715 4679 Περὶ
2747 4612 3007 4672 πίστεως
3036 4606 3219 4673 λόγου,
3271 4610 3329 4657 et
3366 4597 3660 4668 TheOphili
3700 4597 3823 4666 epi-

2246 4707 2417 4777 scopi,
2446 4707 2511 4758 ὲκ
2539 4701 2632 4757 τοῦ
2661 4696 3111 4771 προσφωνητικοῦ
3133 4694 3292 4763 λόγου
3319 4691 3469 4760 ,πρὸς
3496 4688 3639 4754 τοὺς
3676 4704 3823 4756 φρο-

2246 4800 2506 4864 νοῦντας
2526 4797 2598 4850 τὰ
2629 4792 2982 4862 Ὠριγένους.
3019 4790 3079 4844 ιιι
3105 4786 3316 4843 Latinis
3357 4780 3696 4838 editionibus
3727 4794 3823 4834 oc-

2248 4889 2427 4945 currit
2448 4888 2533 4943 .Io.
2561 4882 2975 4953 OEcolampadii
3003 4875 3404 4948 interpretatio.
3432 4872 3520 4946 [ν.
3555 4887 3717 4943 supra
3756 4870 3823 4924 ad

2248 4979 2275 5049 ἑ
2301 4979 2368 5033 111
2390 5018 2405 5043 ,
2437 4977 2505 5031 de
2533 4975 2692 5030 editt.
2729 4972 2877 5044 Lat.]
2905 4970 3010 5026 Sed
3042 4968 3320 5024 Aubertus
3353 4961 3593 5019 servavit
3613 4960 3823 5015 versio-

2251 5084 2377 5123 nem
2405 5082 2638 5138 quacum
2668 5066 2724 5121 hi
2744 5064 2874 5119 libri
2903 5061 3156 5133 prodiere
3201 5057 3257 5112 in
3300 5063 3456 5126 parte
3499 5068 3516 5107 ι
3559 5054 3823 5106 Actorum

2251 5158 2468 5215 concilii
2497 5155 2782 5228 Ephesini,
2816 5153 2951 5209 edit.
2993 5150 3237 5205 Binianae
3283 5147 3424 5218 (quae
3441 5145 3552 5216 jam
3580 5141 3716 5196 mihi
3756 5140 3825 5196 ad

2252 5246 2492 5318 manus),
2515 5256 2650 5301 tom.
2688 5245 2731 5311 I,
2760 5260 2815 5314 p.
2850 5242 2919 5296 45
2951 5248 3009 5295 et
3031 5238 3119 5294 90.
3150 5236 3406 5292 Citantur
3435 5234 3503 5287 ab
3531 5231 3827 5302 Ephraimo

2250 5351 2308 5397 et
2341 5338 2570 5409 Eulogio
2595 5336 2739 5407 apud
2782 5332 3040 5390 Photium
3082 5328 3206 5384 cod.
3239 5341 3450 5391 ccxxrx,
3491 5339 3680 5387 ccxxx,
3706 5332 3763 5377 et
3795 5337 3827 5377 a

2255 5433 2440 5489 Leone
2462 5422 2533 5485 Μ.
2561 5428 2797 5499 epistola
2830 5425 2952 5479 154.
2978 5423 3211 5478 ῈΑιιιι.-
3227 5420 3384 5476 Conl.
3408 5417 3620 5473 Walch.
3670 5416 3706 5469 l.
3750 5430 3825 5479 c.,

2254 5542 2375 5597 pag.
2391 5523 2495 5578 584
2513 5517 3011 5591 sq.——Vindob0naa
3032 5515 3088 5570 in
3111 5514 3235 5569 cod.
3249 5512 3383 5569 Caes.
3409 5508 3741 5575 LXXXVlll,
3766 5525 3822 5563 ιι.

2253 5616 2308 5680 5,
2331 5614 2408 5670 De
2424 5608 2577 5667 recta
2619 5610 2723 5680 ﬁde
2748 5610 2889 5665 liber
2930 5606 3206 5663 secundus
3237 5605 3305 5659 ad
3343 5599 3742 5673 imperatrices,
3771 5599 3824 5653 in

2256 5704 2615 5778 quadraginta
2679 5702 2781 5758 tria
2822 5700 3002 5773 capita
3057 5696 3302 5762 divisus;
3354 5701 3516 5764 atque
3568 5692 3832 5747 Lambec-

2918 5974 2950 6008 κ
