  <div class='ocr_page' id='page_1' title='image "/cluster/home/n/w/nwhite01/storage/ocr_20150623/68/mdp.39015078384438/039.png"; bbox 0 0 4076 6306; ppageno 0'>
   <div class='ocr_carea' id='block_1_1' title="bbox 511 246 2115 342">
    <p class='ocr_par' dir='ltr' id='par_1_1' title="bbox 511 278 2115 342">
     <span class='ocr_line' id='line_1_1' title="bbox 511 278 2115 342; baseline -0.004 -2"><span class='ocrx_word' id='word_1_1' title='bbox 511 286 584 342; x_wconf 66' lang='lat' dir='ltr'><strong>liii</strong></span> <span class='ocrx_word' id='word_1_2' title='bbox 1747 279 2028 336; x_wconf 83' lang='lat' dir='ltr'><strong>NOTITIA</strong></span> <span class='ocrx_word' id='word_1_3' title='bbox 2067 278 2115 334; x_wconf 83' lang='grc' dir='ltr'><strong>Ε</strong></span> 
     </span>
    </p>
   </div>
   <div class='ocr_carea' id='block_1_2' title="bbox 2215 246 3808 342">
    <p class='ocr_par' dir='ltr' id='par_1_2' title="bbox 2215 246 3808 332">
     <span class='ocr_line' id='line_1_2' title="bbox 2215 246 3808 332; baseline -0.004 0"><span class='ocrx_word' id='word_1_4' title='bbox 2215 273 2536 332; x_wconf 70' lang='lat' dir='ltr'><strong>FABRICIO.</strong></span> <span class='ocrx_word' id='word_1_5' title='bbox 2862 309 2870 316; x_wconf 86' lang='lat'><strong>.</strong></span> <span class='ocrx_word' id='word_1_6' title='bbox 3016 246 3021 254; x_wconf 88' lang='grc'><em>’</em></span> <span class='ocrx_word' id='word_1_7' title='bbox 3735 261 3808 310; x_wconf 67' lang='grc' dir='ltr'><strong>ϐλ»</strong></span> 
     </span>
    </p>
   </div>
   <div class='ocr_carea' id='block_1_3' title="bbox 513 369 3810 469">
    <p class='ocr_par' dir='ltr' id='par_1_3' title="bbox 513 369 3810 469">
     <span class='ocr_line' id='line_1_3' title="bbox 513 369 3810 469; baseline -0.009 -15"><span class='ocrx_word' id='word_1_8' title='bbox 513 408 572 455; x_wconf 86' lang='lat' dir='ltr'><strong>et</strong></span> <span class='ocrx_word' id='word_1_9' title='bbox 601 397 670 456; x_wconf 91' lang='lat' dir='ltr'><strong>de</strong></span> <span class='ocrx_word' id='word_1_10' title='bbox 695 397 818 469; x_wconf 86' lang='lat' dir='ltr'><strong>eius</strong></span> <span class='ocrx_word' id='word_1_11' title='bbox 841 395 1073 468; x_wconf 83' lang='lat' dir='ltr'><strong>epistola</strong></span> <span class='ocrx_word' id='word_1_12' title='bbox 1096 393 1166 450; x_wconf 91' lang='lat' dir='ltr'><strong>ad</strong></span> <span class='ocrx_word' id='word_1_13' title='bbox 1204 392 1397 450; x_wconf 77' lang='lat' dir='ltr'><strong>Marin.</strong></span> <span class='ocrx_word' id='word_1_14' title='bbox 1435 393 1494 448; x_wconf 90' lang='lat' dir='ltr'><strong>in</strong></span> <span class='ocrx_word' id='word_1_15' title='bbox 1551 391 1723 448; x_wconf 65' lang='grc' dir='ltr'><strong>Μειιεὶ</strong></span> <span class='ocrx_word' id='word_1_16' title='bbox 1769 392 1896 447; x_wconf 86' lang='grc'><strong>0011.</strong></span> <span class='ocrx_word' id='word_1_17' title='bbox 1955 398 2090 446; x_wconf 88' lang='lat' dir='ltr'><strong>tom.</strong></span> <span class='ocrx_word' id='word_1_18' title='bbox 2123 394 2167 451; x_wconf 79' lang='grc' dir='ltr'>Α</span> <span class='ocrx_word' id='word_1_19' title='bbox 2196 389 2299 444; x_wconf 90' lang='lat' dir='ltr'><strong>reti</strong></span> <span class='ocrx_word' id='word_1_20' title='bbox 2325 382 2749 458; x_wconf 87' lang='lat' dir='ltr'><strong>obiectionibus,</strong></span> <span class='ocrx_word' id='word_1_21' title='bbox 2789 393 2854 433; x_wconf 83' lang='lat' dir='ltr'><strong>ac</strong></span> <span class='ocrx_word' id='word_1_22' title='bbox 2885 377 3116 469; x_wconf 71' lang='lat' dir='ltr'><strong>domum</strong></span> <span class='ocrx_word' id='word_1_23' title='bbox 3140 371 3329 469; x_wconf 74' lang='lat' dir='ltr'><strong>Cyrilli</strong></span> <span class='ocrx_word' id='word_1_24' title='bbox 3365 369 3810 469; x_wconf 69' lang='lat' dir='ltr'><strong>defensionibus</strong></span> 
     </span>
    </p>
   </div>
   <div class='ocr_carea' id='block_1_4' title="bbox 514 481 2092 560">
    <p class='ocr_par' dir='ltr' id='par_1_4' title="bbox 514 481 2092 560">
     <span class='ocr_line' id='line_1_4' title="bbox 514 481 2092 560; baseline -0.005 -16"><span class='ocrx_word' id='word_1_25' title='bbox 514 489 630 554; x_wconf 86' lang='lat' dir='ltr'><strong>VII,</strong></span> <span class='ocrx_word' id='word_1_26' title='bbox 659 505 714 560; x_wconf 91' lang='lat' dir='ltr'><strong>p.</strong></span> <span class='ocrx_word' id='word_1_27' title='bbox 743 489 848 543; x_wconf 71' lang='grc'><strong>545</strong></span> <span class='ocrx_word' id='word_1_28' title='bbox 874 502 981 556; x_wconf 91' lang='lat' dir='ltr'><strong>sq.,</strong></span> <span class='ocrx_word' id='word_1_29' title='bbox 1017 487 1074 541; x_wconf 84' lang='lat' dir='ltr'><strong>in</strong></span> <span class='ocrx_word' id='word_1_30' title='bbox 1099 501 1207 556; x_wconf 88' lang='lat' dir='ltr'><strong>qua</strong></span> <span class='ocrx_word' id='word_1_31' title='bbox 1235 485 1420 539; x_wconf 89' lang='lat' dir='ltr'><strong>minus</strong></span> <span class='ocrx_word' id='word_1_32' title='bbox 1466 485 1626 554; x_wconf 84' lang='lat' dir='ltr'><strong>plene</strong></span> <span class='ocrx_word' id='word_1_33' title='bbox 1673 483 1967 554; x_wconf 75' lang='lat' dir='ltr'><strong>exponitur</strong></span> <span class='ocrx_word' id='word_1_34' title='bbox 2005 481 2092 536; x_wconf 91' lang='lat' dir='ltr'><strong>hi-</strong></span> 
     </span>
    </p>
   </div>
   <div class='ocr_carea' id='block_1_5' title="bbox 515 570 2095 645">
    <p class='ocr_par' dir='ltr' id='par_1_5' title="bbox 515 570 2095 645">
     <span class='ocr_line' id='line_1_5' title="bbox 515 570 2095 645; baseline -0.008 -8"><span class='ocrx_word' id='word_1_35' title='bbox 515 579 686 637; x_wconf 81' lang='lat' dir='ltr'><strong>storia</strong></span> <span class='ocrx_word' id='word_1_36' title='bbox 708 577 1012 632; x_wconf 84' lang='lat' dir='ltr'><strong>turbarum.</strong></span> <span class='ocrx_word' id='word_1_37' title='bbox 1037 577 1204 632; x_wconf 90' lang='lat' dir='ltr'><strong>Plura</strong></span> <span class='ocrx_word' id='word_1_38' title='bbox 1225 574 1293 630; x_wconf 92' lang='lat' dir='ltr'><strong>de</strong></span> <span class='ocrx_word' id='word_1_39' title='bbox 1311 574 1432 645; x_wconf 88' lang='lat' dir='ltr'><strong>ejus</strong></span> <span class='ocrx_word' id='word_1_40' title='bbox 1453 573 1580 628; x_wconf 81' lang='lat' dir='ltr'><strong>fatis</strong></span> <span class='ocrx_word' id='word_1_41' title='bbox 1605 582 1794 627; x_wconf 87' lang='lat' dir='ltr'><strong>narrat</strong></span> <span class='ocrx_word' id='word_1_42' title='bbox 1812 570 2095 627; x_wconf 83' lang='lat' dir='ltr'><strong>Asseman.</strong></span> 
     </span>
    </p>
   </div>
   <div class='ocr_carea' id='block_1_6' title="bbox 518 663 1780 734">
    <p class='ocr_par' dir='ltr' id='par_1_6' title="bbox 518 663 1780 734">
     <span class='ocr_line' id='line_1_6' title="bbox 518 663 1780 734; baseline -0.006 -12"><span class='ocrx_word' id='word_1_43' title='bbox 518 667 576 722; x_wconf 89' lang='lat' dir='ltr'><strong>in</strong></span> <span class='ocrx_word' id='word_1_44' title='bbox 603 667 740 722; x_wconf 82' lang='lat' dir='ltr'><strong>Bibl.</strong></span> <span class='ocrx_word' id='word_1_45' title='bbox 769 666 973 722; x_wconf 83' lang='lat' dir='ltr'><strong>Orient.</strong></span> <span class='ocrx_word' id='word_1_46' title='bbox 1015 673 1147 720; x_wconf 91' lang='lat' dir='ltr'><strong>tom.</strong></span> <span class='ocrx_word' id='word_1_47' title='bbox 1172 665 1216 728; x_wconf 89' lang='grc'><strong>1,</strong></span> <span class='ocrx_word' id='word_1_48' title='bbox 1237 681 1293 734; x_wconf 91' lang='lat' dir='ltr'><strong>p.</strong></span> <span class='ocrx_word' id='word_1_49' title='bbox 1320 663 1420 718; x_wconf 87' lang='lat' dir='ltr'><strong>I99</strong></span> <span class='ocrx_word' id='word_1_50' title='bbox 1457 678 1577 733; x_wconf 87' lang='lat' dir='ltr'><strong>sqq.</strong></span> <span class='ocrx_word' id='word_1_51' title='bbox 1613 663 1780 718; x_wconf 72' lang='lat' dir='ltr'><strong>HABL.</strong></span> 
     </span>
    </p>
   </div>
   <div class='ocr_carea' id='block_1_7' title="bbox 589 750 2100 829">
    <p class='ocr_par' dir='ltr' id='par_1_7' title="bbox 589 750 2100 829">
     <span class='ocr_line' id='line_1_7' title="bbox 589 750 2100 829; baseline -0.005 -17"><span class='ocrx_word' id='word_1_52' title='bbox 589 765 680 829; x_wconf 83' lang='grc' dir='ltr'><strong>ιη’.</strong></span> <span class='ocrx_word' id='word_1_53' title='bbox 716 756 1135 829; x_wconf 81' lang='grc' dir='ltr'><strong>Ἀπολογητικὸς</strong></span> <span class='ocrx_word' id='word_1_54' title='bbox 1184 756 1324 827; x_wconf 76' lang='grc' dir='ltr'><strong>ὑπὲρ</strong></span> <span class='ocrx_word' id='word_1_55' title='bbox 1364 755 1472 808; x_wconf 84' lang='grc' dir='ltr'>τῶν</span> <span class='ocrx_word' id='word_1_56' title='bbox 1526 754 1731 808; x_wconf 82' lang='grc' dir='ltr'><strong>δώδεκα</strong></span> <span class='ocrx_word' id='word_1_57' title='bbox 1789 750 2100 821; x_wconf 72' lang='grc' dir='ltr'>κεφαλαίων</span> 
     </span>
    </p>
   </div>
   <div class='ocr_carea' id='block_1_8' title="bbox 518 843 2100 918">
    <p class='ocr_par' dir='ltr' id='par_1_8' title="bbox 518 843 2100 918">
     <span class='ocr_line' id='line_1_8' title="bbox 518 843 2100 918; baseline -0.001 -17"><span class='ocrx_word' id='word_1_58' title='bbox 518 847 656 918; x_wconf 79' lang='grc' dir='ltr'><strong>πρὸς</strong></span> <span class='ocrx_word' id='word_1_59' title='bbox 696 848 823 912; x_wconf 79' lang='grc' dir='ltr'><strong>τοὺς</strong></span> <span class='ocrx_word' id='word_1_60' title='bbox 846 848 949 918; x_wconf 76' lang='grc' dir='ltr'><strong>τῆς</strong></span> <span class='ocrx_word' id='word_1_61' title='bbox 1004 847 1291 917; x_wconf 80' lang='grc' dir='ltr'><strong>’Δνατολῆς</strong></span> <span class='ocrx_word' id='word_1_62' title='bbox 1327 845 1680 910; x_wconf 76' lang='grc' dir='ltr'><strong>ἐπισκόπους,</strong></span> <span class='ocrx_word' id='word_1_63' title='bbox 1713 843 2100 916; x_wconf 83' lang='lat' dir='ltr'><strong>Apologetieus</strong></span> 
     </span>
    </p>
   </div>
   <div class='ocr_carea' id='block_1_9' title="bbox 519 937 2098 1010">
    <p class='ocr_par' dir='ltr' id='par_1_9' title="bbox 519 937 2098 1010">
     <span class='ocr_line' id='line_1_9' title="bbox 519 937 2098 1010; baseline -0.001 -17"><span class='ocrx_word' id='word_1_64' title='bbox 519 953 620 1010; x_wconf 92' lang='lat' dir='ltr'><strong>pro</strong></span> <span class='ocrx_word' id='word_1_65' title='bbox 673 939 771 994; x_wconf 92' lang='lat' dir='ltr'><strong>XII</strong></span> <span class='ocrx_word' id='word_1_66' title='bbox 819 938 1074 1009; x_wconf 82' lang='lat' dir='ltr'><strong>capitulis</strong></span> <span class='ocrx_word' id='word_1_67' title='bbox 1127 937 1392 994; x_wconf 85' lang='lat' dir='ltr'><strong>adversus</strong></span> <span class='ocrx_word' id='word_1_68' title='bbox 1452 937 1744 992; x_wconf 90' lang='lat' dir='ltr'><strong>orientales</strong></span> <span class='ocrx_word' id='word_1_69' title='bbox 1792 937 2098 1006; x_wconf 84' lang='lat' dir='ltr'><strong>episcopos,</strong></span> 
     </span>
    </p>
   </div>
   <div class='ocr_carea' id='block_1_10' title="bbox 519 1028 2103 1100">
    <p class='ocr_par' dir='ltr' id='par_1_10' title="bbox 519 1028 2103 1100">
     <span class='ocr_line' id='line_1_10' title="bbox 519 1028 2103 1100; baseline 0 -16"><span class='ocrx_word' id='word_1_70' title='bbox 519 1044 757 1100; x_wconf 84' lang='lat' dir='ltr'><strong>quorum</strong></span> <span class='ocrx_word' id='word_1_71' title='bbox 783 1030 1007 1085; x_wconf 85' lang='lat' dir='ltr'><strong>nomine</strong></span> <span class='ocrx_word' id='word_1_72' title='bbox 1035 1028 1280 1086; x_wconf 81' lang='lat' dir='ltr'><strong>Andreas</strong></span> <span class='ocrx_word' id='word_1_73' title='bbox 1327 1029 1714 1085; x_wconf 87' lang='lat' dir='ltr'><strong>Samosatenus</strong></span> <span class='ocrx_word' id='word_1_74' title='bbox 1763 1029 2103 1100; x_wconf 88' lang='lat' dir='ltr'><strong>obiectiones</strong></span> 
     </span>
    </p>
   </div>
   <div class='ocr_carea' id='block_1_11' title="bbox 520 1119 2098 1191">
    <p class='ocr_par' dir='ltr' id='par_1_11' title="bbox 520 1119 2098 1191">
     <span class='ocr_line' id='line_1_11' title="bbox 520 1119 2098 1191; baseline -0.001 -16"><span class='ocrx_word' id='word_1_75' title='bbox 520 1121 817 1190; x_wconf 73' lang='lat' dir='ltr'><strong>scripserat</strong></span> <span class='ocrx_word' id='word_1_76' title='bbox 841 1137 894 1191; x_wconf 93' lang='lat' dir='ltr'><strong>p.</strong></span> <span class='ocrx_word' id='word_1_77' title='bbox 933 1121 1218 1176; x_wconf 85' lang='grc'><strong>157-200.</strong></span> <span class='ocrx_word' id='word_1_78' title='bbox 1272 1121 1332 1176; x_wconf 93' lang='lat' dir='ltr'><strong>ln</strong></span> <span class='ocrx_word' id='word_1_79' title='bbox 1372 1121 1584 1177; x_wconf 88' lang='lat' dir='ltr'><strong>Latinis</strong></span> <span class='ocrx_word' id='word_1_80' title='bbox 1623 1119 1962 1176; x_wconf 90' lang='lat' dir='ltr'><strong>editionibus</strong></span> <span class='ocrx_word' id='word_1_81' title='bbox 2001 1135 2098 1174; x_wconf 83' lang='lat' dir='ltr'><strong>ex-</strong></span> 
     </span>
    </p>
   </div>
   <div class='ocr_carea' id='block_1_12' title="bbox 521 1211 2098 1284">
    <p class='ocr_par' dir='ltr' id='par_1_12' title="bbox 521 1211 2098 1284">
     <span class='ocr_line' id='line_1_12' title="bbox 521 1211 2098 1284; baseline -0.003 -16"><span class='ocrx_word' id='word_1_82' title='bbox 521 1221 631 1268; x_wconf 86' lang='lat' dir='ltr'><strong>stat</strong></span> <span class='ocrx_word' id='word_1_83' title='bbox 657 1212 964 1284; x_wconf 82' lang='lat' dir='ltr'><strong>Wolfgangi</strong></span> <span class='ocrx_word' id='word_1_84' title='bbox 994 1213 1226 1269; x_wconf 82' lang='lat' dir='ltr'><strong>Musculi</strong></span> <span class='ocrx_word' id='word_1_85' title='bbox 1257 1213 1652 1284; x_wconf 74' lang='lat' dir='ltr'><strong>interpretatio,</strong></span> <span class='ocrx_word' id='word_1_86' title='bbox 1691 1211 1894 1267; x_wconf 89' lang='lat' dir='ltr'><strong>additis</strong></span> <span class='ocrx_word' id='word_1_87' title='bbox 1933 1213 2098 1266; x_wconf 84' lang='lat' dir='ltr'><strong>etiam</strong></span> 
     </span>
    </p>
   </div>
   <div class='ocr_carea' id='block_1_13' title="bbox 520 1301 2100 1372">
    <p class='ocr_par' dir='ltr' id='par_1_13' title="bbox 520 1301 2100 1372">
     <span class='ocr_line' id='line_1_13' title="bbox 520 1301 2100 1372; baseline -0.001 -17"><span class='ocrx_word' id='word_1_88' title='bbox 520 1301 646 1356; x_wconf 90' lang='lat' dir='ltr'><strong>aliis</strong></span> <span class='ocrx_word' id='word_1_89' title='bbox 677 1303 958 1357; x_wconf 87' lang='lat' dir='ltr'><strong>nonnullis</strong></span> <span class='ocrx_word' id='word_1_90' title='bbox 985 1318 1054 1358; x_wconf 84' lang='lat' dir='ltr'><strong>ex</strong></span> <span class='ocrx_word' id='word_1_91' title='bbox 1083 1301 1236 1357; x_wconf 84' lang='lat' dir='ltr'><strong>Actis</strong></span> <span class='ocrx_word' id='word_1_92' title='bbox 1273 1301 1490 1356; x_wconf 87' lang='lat' dir='ltr'><strong>concilii</strong></span> <span class='ocrx_word' id='word_1_93' title='bbox 1543 1301 1826 1372; x_wconf 88' lang='lat' dir='ltr'><strong>Ephesini.</strong></span> <span class='ocrx_word' id='word_1_94' title='bbox 1871 1301 1942 1356; x_wconf 88' lang='lat' dir='ltr'><strong>At</strong></span> <span class='ocrx_word' id='word_1_95' title='bbox 1985 1301 2100 1355; x_wconf 84' lang='lat' dir='ltr'><strong>Au-</strong></span> 
     </span>
    </p>
   </div>
   <div class='ocr_carea' id='block_1_14' title="bbox 523 1387 2104 1462">
    <p class='ocr_par' dir='ltr' id='par_1_14' title="bbox 523 1387 2104 1462">
     <span class='ocr_line' id='line_1_14' title="bbox 523 1387 2104 1462; baseline 0.003 -20"><span class='ocrx_word' id='word_1_96' title='bbox 523 1387 716 1444; x_wconf 86' lang='lat' dir='ltr'><strong>bertus</strong></span> <span class='ocrx_word' id='word_1_97' title='bbox 751 1390 947 1458; x_wconf 85' lang='lat' dir='ltr'><strong>edidit,</strong></span> <span class='ocrx_word' id='word_1_98' title='bbox 982 1391 1061 1446; x_wconf 88' lang='lat' dir='ltr'><strong>uti</strong></span> <span class='ocrx_word' id='word_1_99' title='bbox 1089 1391 1275 1447; x_wconf 74' lang='lat' dir='ltr'><strong>Graiee</strong></span> <span class='ocrx_word' id='word_1_100' title='bbox 1296 1399 1353 1446; x_wconf 90' lang='lat' dir='ltr'><strong>et</strong></span> <span class='ocrx_word' id='word_1_101' title='bbox 1385 1391 1577 1446; x_wconf 85' lang='lat' dir='ltr'><strong>Latine</strong></span> <span class='ocrx_word' id='word_1_102' title='bbox 1618 1391 1818 1462; x_wconf 77' lang='lat' dir='ltr'><strong>legitur</strong></span> <span class='ocrx_word' id='word_1_103' title='bbox 1857 1391 1914 1446; x_wconf 91' lang='lat' dir='ltr'><strong>in</strong></span> <span class='ocrx_word' id='word_1_104' title='bbox 1949 1400 2104 1462; x_wconf 90' lang='lat' dir='ltr'><strong>parte</strong></span> 
     </span>
    </p>
   </div>
   <div class='ocr_carea' id='block_1_15' title="bbox 524 1477 2100 1550">
    <p class='ocr_par' dir='ltr' id='par_1_15' title="bbox 524 1477 2100 1550">
     <span class='ocr_line' id='line_1_15' title="bbox 524 1477 2100 1550; baseline 0.003 -20"><span class='ocrx_word' id='word_1_105' title='bbox 524 1491 580 1530; x_wconf 88' lang='lat' dir='ltr'><strong>Ill</strong></span> <span class='ocrx_word' id='word_1_106' title='bbox 631 1477 896 1532; x_wconf 77' lang='lat' dir='ltr'><strong>Actorum”</strong></span> <span class='ocrx_word' id='word_1_107' title='bbox 960 1479 1153 1550; x_wconf 79' lang='lat' dir='ltr'><strong>synodi</strong></span> <span class='ocrx_word' id='word_1_108' title='bbox 1205 1479 1514 1548; x_wconf 70' lang='lat' dir='ltr'><strong>Ephesium,</strong></span> <span class='ocrx_word' id='word_1_109' title='bbox 1583 1487 1713 1534; x_wconf 91' lang='lat' dir='ltr'><strong>tom.</strong></span> <span class='ocrx_word' id='word_1_110' title='bbox 1761 1479 1781 1534; x_wconf 93' lang='lat' dir='ltr'><strong>I</strong></span> <span class='ocrx_word' id='word_1_111' title='bbox 1833 1479 1998 1546; x_wconf 90' lang='lat' dir='ltr'><strong>Binii,</strong></span> <span class='ocrx_word' id='word_1_112' title='bbox 2045 1496 2100 1550; x_wconf 92' lang='lat' dir='ltr'><strong>p.</strong></span> 
     </span>
    </p>
   </div>
   <div class='ocr_carea' id='block_1_16' title="bbox 521 1563 2104 1638">
    <p class='ocr_par' dir='ltr' id='par_1_16' title="bbox 521 1563 2104 1638">
     <span class='ocr_line' id='line_1_16' title="bbox 521 1563 2104 1638; baseline 0.003 -21"><span class='ocrx_word' id='word_1_113' title='bbox 521 1563 627 1618; x_wconf 98' lang='grc'><strong>518</strong></span> <span class='ocrx_word' id='word_1_114' title='bbox 649 1565 748 1638; x_wconf 93' lang='lat' dir='ltr'><strong>(a).</strong></span> <span class='ocrx_word' id='word_1_115' title='bbox 775 1567 968 1622; x_wconf 86' lang='lat' dir='ltr'><strong>Exstat</strong></span> <span class='ocrx_word' id='word_1_116' title='bbox 987 1575 1045 1622; x_wconf 90' lang='lat' dir='ltr'><strong>et</strong></span> <span class='ocrx_word' id='word_1_117' title='bbox 1074 1583 1199 1622; x_wconf 89' lang='lat' dir='ltr'><strong>cum</strong></span> <span class='ocrx_word' id='word_1_118' title='bbox 1228 1567 1382 1622; x_wconf 87' lang='lat' dir='ltr'><strong>Marii</strong></span> <span class='ocrx_word' id='word_1_119' title='bbox 1407 1567 1724 1622; x_wconf 78' lang='lat' dir='ltr'><strong>Mercatoris</strong></span> <span class='ocrx_word' id='word_1_120' title='bbox 1749 1567 2001 1623; x_wconf 81' lang='lat' dir='ltr'><strong>versione</strong></span> <span class='ocrx_word' id='word_1_121' title='bbox 2047 1567 2104 1622; x_wconf 90' lang='lat' dir='ltr'><strong>in</strong></span> 
     </span>
    </p>
   </div>
   <div class='ocr_carea' id='block_1_17' title="bbox 521 1655 2102 1732">
    <p class='ocr_par' dir='ltr' id='par_1_17' title="bbox 521 1655 2102 1732">
     <span class='ocr_line' id='line_1_17' title="bbox 521 1655 2102 1732; baseline 0.003 -22"><span class='ocrx_word' id='word_1_122' title='bbox 521 1655 812 1712; x_wconf 78' lang='lat' dir='ltr'><strong>Mercatore</strong></span> <span class='ocrx_word' id='word_1_123' title='bbox 837 1657 1111 1724; x_wconf 88' lang='lat' dir='ltr'><strong>Garnerii,</strong></span> <span class='ocrx_word' id='word_1_124' title='bbox 1145 1667 1281 1714; x_wconf 87' lang='lat' dir='ltr'><strong>tom.</strong></span> <span class='ocrx_word' id='word_1_125' title='bbox 1315 1658 1382 1724; x_wconf 91' lang='lat' dir='ltr'><strong>II,</strong></span> <span class='ocrx_word' id='word_1_126' title='bbox 1413 1675 1534 1730; x_wconf 82' lang='lat' dir='ltr'><strong>pag.</strong></span> <span class='ocrx_word' id='word_1_127' title='bbox 1570 1659 1689 1713; x_wconf 88' lang='grc'><strong>152.</strong></span> <span class='ocrx_word' id='word_1_128' title='bbox 1738 1659 2000 1732; x_wconf 83' lang='lat' dir='ltr'><strong>Cyrillum</strong></span> <span class='ocrx_word' id='word_1_129' title='bbox 2045 1661 2102 1714; x_wconf 83' lang='grc' dir='ltr'>ὲν</span> 
     </span>
    </p>
   </div>
   <div class='ocr_carea' id='block_1_18' title="bbox 521 1727 2179 1821">
    <p class='ocr_par' dir='ltr' id='par_1_18' title="bbox 521 1727 2179 1821">
     <span class='ocr_line' id='line_1_18' title="bbox 521 1727 2179 1821; baseline 0.004 -21"><span class='ocrx_word' id='word_1_130' title='bbox 521 1749 591 1820; x_wconf 81' lang='grc' dir='ltr'><strong>τῇ</strong></span> <span class='ocrx_word' id='word_1_131' title='bbox 669 1749 806 1818; x_wconf 79' lang='grc' dir='ltr'>πρὸς</span> <span class='ocrx_word' id='word_1_132' title='bbox 860 1749 1236 1813; x_wconf 79' lang='grc' dir='ltr'><strong>Ἀνατολικοὺς</strong></span> <span class='ocrx_word' id='word_1_133' title='bbox 1283 1727 1540 1821; x_wconf 45' lang='grc' dir='ltr'><strong>ὲπισξοὶξῇ</strong></span> <span class='ocrx_word' id='word_1_134' title='bbox 1587 1727 1797 1806; x_wconf 23' lang='lat' dir='ltr'><strong>laudat-</strong></span> <span class='ocrx_word' id='word_1_135' title='bbox 1845 1751 2106 1821; x_wconf 86' lang='lat' dir='ltr'><strong>Ephraim</strong></span> <span class='ocrx_word' id='word_1_136' title='bbox 2134 1727 2179 1820; x_wconf 66' lang='grc' dir='ltr'><strong>,Β</strong></span> 
     </span>
    </p>
   </div>
   <div class='ocr_carea' id='block_1_19' title="bbox 523 1839 1858 1911">
    <p class='ocr_par' dir='ltr' id='par_1_19' title="bbox 523 1839 1858 1911">
     <span class='ocr_line' id='line_1_19' title="bbox 523 1839 1858 1911; baseline 0 -15"><span class='ocrx_word' id='word_1_137' title='bbox 523 1839 670 1911; x_wconf 88' lang='lat' dir='ltr'><strong>apud</strong></span> <span class='ocrx_word' id='word_1_138' title='bbox 703 1841 960 1908; x_wconf 83' lang='lat' dir='ltr'><strong>Pliotium</strong></span> <span class='ocrx_word' id='word_1_139' title='bbox 977 1841 1100 1896; x_wconf 89' lang='lat' dir='ltr'><strong>eod.</strong></span> <span class='ocrx_word' id='word_1_140' title='bbox 1126 1857 1336 1906; x_wconf 72' lang='lat' dir='ltr'><strong>ccxmx,</strong></span> <span class='ocrx_word' id='word_1_141' title='bbox 1355 1858 1410 1911; x_wconf 92' lang='lat' dir='ltr'><strong>p.</strong></span> <span class='ocrx_word' id='word_1_142' title='bbox 1436 1841 1560 1906; x_wconf 63' lang='lat'><strong>4&#39;22,</strong></span> <span class='ocrx_word' id='word_1_143' title='bbox 1583 1841 1709 1908; x_wconf 70' lang='grc'><strong>425,</strong></span> <span class='ocrx_word' id='word_1_144' title='bbox 1733 1842 1858 1896; x_wconf 72' lang='grc'><strong>451.</strong></span> 
     </span>
    </p>
   </div>
   <div class='ocr_carea' id='block_1_20' title="bbox 599 1931 2109 2004">
    <p class='ocr_par' dir='ltr' id='par_1_20' title="bbox 599 1931 2109 2004">
     <span class='ocr_line' id='line_1_20' title="bbox 599 1931 2109 2004; baseline 0.002 -20"><span class='ocrx_word' id='word_1_145' title='bbox 599 1931 684 1986; x_wconf 82' lang='lat' dir='ltr'><strong>i0&#39;.</strong></span> <span class='ocrx_word' id='word_1_146' title='bbox 739 1933 882 2004; x_wconf 79' lang='grc' dir='ltr'>Πρὸς</span> <span class='ocrx_word' id='word_1_147' title='bbox 908 1933 1008 2003; x_wconf 78' lang='grc' dir='ltr'><strong>τὴν</strong></span> <span class='ocrx_word' id='word_1_148' title='bbox 1035 1933 1184 2003; x_wconf 80' lang='grc' dir='ltr'>παρὰ</span> <span class='ocrx_word' id='word_1_149' title='bbox 1219 1933 1568 2004; x_wconf 78' lang='grc' dir='ltr'><strong>Θεοδωρήτου</strong></span> <span class='ocrx_word' id='word_1_150' title='bbox 1596 1933 1735 1988; x_wconf 70' lang='grc' dir='ltr'><strong>κατὰ</strong></span> <span class='ocrx_word' id='word_1_151' title='bbox 1766 1932 1874 1986; x_wconf 81' lang='grc' dir='ltr'><strong>τῶν</strong></span> <span class='ocrx_word' id='word_1_152' title='bbox 1901 1933 2109 1987; x_wconf 82' lang='grc' dir='ltr'><strong>δώδεκα.</strong></span> 
     </span>
    </p>
   </div>
   <div class='ocr_carea' id='block_1_21' title="bbox 523 2020 2107 2095">
    <p class='ocr_par' dir='ltr' id='par_1_21' title="bbox 523 2020 2107 2095">
     <span class='ocr_line' id='line_1_21' title="bbox 523 2020 2107 2095; baseline 0.003 -23"><span class='ocrx_word' id='word_1_153' title='bbox 523 2020 836 2090; x_wconf 76' lang='grc' dir='ltr'><strong>κεφαλαίων</strong></span> <span class='ocrx_word' id='word_1_154' title='bbox 869 2023 1211 2095; x_wconf 71' lang='grc' dir='ltr'><strong>ἀντίρῤησιν,</strong></span> <span class='ocrx_word' id='word_1_155' title='bbox 1243 2021 1502 2076; x_wconf 81' lang='lat' dir='ltr'><strong>Adversus</strong></span> <span class='ocrx_word' id='word_1_156' title='bbox 1531 2022 1978 2092; x_wconf 78' lang='lat' dir='ltr'><strong>impugnationem</strong></span> <span class='ocrx_word' id='word_1_157' title='bbox 2005 2021 2107 2076; x_wconf 81' lang='grc' dir='ltr'><strong>ΧΠ</strong></span> 
     </span>
    </p>
   </div>
   <div class='ocr_carea' id='block_1_22' title="bbox 524 2107 2114 2184">
    <p class='ocr_par' dir='ltr' id='par_1_22' title="bbox 524 2107 2114 2184">
     <span class='ocr_line' id='line_1_22' title="bbox 524 2107 2114 2184; baseline 0.001 -19"><span class='ocrx_word' id='word_1_158' title='bbox 524 2111 882 2184; x_wconf 76' lang='lat' dir='ltr'><strong>capitulorum</strong></span> <span class='ocrx_word' id='word_1_159' title='bbox 934 2131 967 2166; x_wconf 88' lang='lat' dir='ltr'><strong>a</strong></span> <span class='ocrx_word' id='word_1_160' title='bbox 1015 2113 1322 2168; x_wconf 87' lang='lat' dir='ltr'><strong>Theodorito</strong></span> <span class='ocrx_word' id='word_1_161' title='bbox 1405 2111 1622 2176; x_wconf 81' lang='lat' dir='ltr'><strong>editam,</strong></span> <span class='ocrx_word' id='word_1_162' title='bbox 1683 2113 1960 2180; x_wconf 68' lang='lat' dir='ltr'><strong>praimissa</strong></span> <span class='ocrx_word' id='word_1_163' title='bbox 2039 2107 2114 2167; x_wconf 81' lang='lat' dir='ltr'><strong>ad</strong></span> 
     </span>
    </p>
   </div>
   <div class='ocr_carea' id='block_1_23' title="bbox 523 2199 2108 2278">
    <p class='ocr_par' dir='ltr' id='par_1_23' title="bbox 523 2199 2108 2278">
     <span class='ocr_line' id='line_1_23' title="bbox 523 2199 2108 2278; baseline 0.003 -20"><span class='ocrx_word' id='word_1_164' title='bbox 523 2202 817 2274; x_wconf 89' lang='lat' dir='ltr'><strong>Evoptium</strong></span> <span class='ocrx_word' id='word_1_165' title='bbox 876 2203 947 2276; x_wconf 89' lang='lat' dir='ltr'><strong>(b)</strong></span> <span class='ocrx_word' id='word_1_166' title='bbox 999 2199 1186 2276; x_wconf 86' lang='lat' dir='ltr'><strong>Cyrilli</strong></span> <span class='ocrx_word' id='word_1_167' title='bbox 1229 2207 1479 2278; x_wconf 89' lang='lat' dir='ltr'><strong>epistola,</strong></span> <span class='ocrx_word' id='word_1_168' title='bbox 1529 2217 1586 2262; x_wconf 89' lang='lat' dir='ltr'><strong>et</strong></span> <span class='ocrx_word' id='word_1_169' title='bbox 1645 2208 1972 2262; x_wconf 86' lang='lat' dir='ltr'><strong>Theodoreti</strong></span> <span class='ocrx_word' id='word_1_170' title='bbox 2041 2207 2108 2262; x_wconf 89' lang='lat' dir='ltr'><strong>ad</strong></span> 
     </span>
    </p>
   </div>
   <div class='ocr_carea' id='block_1_24' title="bbox 522 2292 2108 2370">
    <p class='ocr_par' dir='ltr' id='par_1_24' title="bbox 522 2292 2108 2370">
     <span class='ocr_line' id='line_1_24' title="bbox 522 2292 2108 2370; baseline 0.003 -21"><span class='ocrx_word' id='word_1_171' title='bbox 522 2292 790 2350; x_wconf 81' lang='lat' dir='ltr'><strong>Joannem</strong></span> <span class='ocrx_word' id='word_1_172' title='bbox 815 2295 1218 2350; x_wconf 77' lang='lat' dir='ltr'><strong>Antiochenam</strong></span> <span class='ocrx_word' id='word_1_173' title='bbox 1241 2314 1254 2363; x_wconf 92' lang='lat'><strong>;</strong></span> <span class='ocrx_word' id='word_1_174' title='bbox 1282 2313 1385 2352; x_wconf 91' lang='lat' dir='ltr'><strong>nec</strong></span> <span class='ocrx_word' id='word_1_175' title='bbox 1407 2314 1516 2352; x_wconf 90' lang='lat' dir='ltr'><strong>non</strong></span> <span class='ocrx_word' id='word_1_176' title='bbox 1563 2299 1808 2370; x_wconf 88' lang='lat' dir='ltr'><strong>eiusdem</strong></span> <span class='ocrx_word' id='word_1_177' title='bbox 1853 2299 2108 2354; x_wconf 90' lang='lat' dir='ltr'><strong>Theodo-</strong></span> 
     </span>
    </p>
   </div>
   <div class='ocr_carea' id='block_1_25' title="bbox 525 2384 2108 2461">
    <p class='ocr_par' dir='ltr' id='par_1_25' title="bbox 525 2384 2108 2461">
     <span class='ocr_line' id='line_1_25' title="bbox 525 2384 2108 2461; baseline 0.006 -25"><span class='ocrx_word' id='word_1_178' title='bbox 525 2384 628 2438; x_wconf 91' lang='lat' dir='ltr'><strong>reti</strong></span> <span class='ocrx_word' id='word_1_179' title='bbox 659 2385 960 2457; x_wconf 63' lang='grc' dir='ltr'><strong>ἀνατροπῇ,</strong></span> <span class='ocrx_word' id='word_1_180' title='bbox 992 2386 1106 2442; x_wconf 82' lang='lat' dir='ltr'><strong>sive</strong></span> <span class='ocrx_word' id='word_1_181' title='bbox 1139 2388 1544 2458; x_wconf 77' lang='lat' dir='ltr'><strong>oppugnatione</strong></span> <span class='ocrx_word' id='word_1_182' title='bbox 1568 2389 1785 2443; x_wconf 91' lang='lat' dir='ltr'><strong>illorum</strong></span> <span class='ocrx_word' id='word_1_183' title='bbox 1816 2389 1912 2445; x_wconf 90' lang='lat' dir='ltr'><strong>XII</strong></span> <span class='ocrx_word' id='word_1_184' title='bbox 1957 2391 2108 2461; x_wconf 87' lang='lat' dir='ltr'><strong>capi—</strong></span> 
     </span>
    </p>
   </div>
   <div class='ocr_carea' id='block_1_26' title="bbox 526 2475 2112 2546">
    <p class='ocr_par' dir='ltr' id='par_1_26' title="bbox 526 2475 2112 2546">
     <span class='ocr_line' id='line_1_26' title="bbox 526 2475 2112 2546; baseline 0.004 -18"><span class='ocrx_word' id='word_1_185' title='bbox 526 2475 788 2540; x_wconf 87' lang='lat' dir='ltr'><strong>tulorum,</strong></span> <span class='ocrx_word' id='word_1_186' title='bbox 815 2493 869 2546; x_wconf 93' lang='lat' dir='ltr'><strong>p.</strong></span> <span class='ocrx_word' id='word_1_187' title='bbox 909 2477 1170 2532; x_wconf 74' lang='grc'><strong>200-249.</strong></span> <span class='ocrx_word' id='word_1_188' title='bbox 1201 2479 1260 2532; x_wconf 91' lang='lat' dir='ltr'><strong>In</strong></span> <span class='ocrx_word' id='word_1_189' title='bbox 1304 2479 1517 2534; x_wconf 86' lang='lat' dir='ltr'><strong>Latinis</strong></span> <span class='ocrx_word' id='word_1_190' title='bbox 1566 2479 1903 2534; x_wconf 90' lang='lat' dir='ltr'><strong>editionibus</strong></span> <span class='ocrx_word' id='word_1_191' title='bbox 1935 2489 2112 2536; x_wconf 80' lang='lat' dir='ltr'><strong>exstat</strong></span> 
     </span>
    </p>
   </div>
   <div class='ocr_carea' id='block_1_27' title="bbox 523 2567 2112 2638">
    <p class='ocr_par' dir='ltr' id='par_1_27' title="bbox 523 2567 2112 2638">
     <span class='ocr_line' id='line_1_27' title="bbox 523 2567 2112 2638; baseline 0.004 -19"><span class='ocrx_word' id='word_1_192' title='bbox 523 2580 554 2619; x_wconf 91' lang='lat' dir='ltr'><strong>e</strong></span> <span class='ocrx_word' id='word_1_193' title='bbox 584 2567 836 2621; x_wconf 81' lang='lat' dir='ltr'><strong>versione</strong></span> <span class='ocrx_word' id='word_1_194' title='bbox 868 2567 1026 2622; x_wconf 86' lang='lat' dir='ltr'><strong>Joan.</strong></span> <span class='ocrx_word' id='word_1_195' title='bbox 1059 2568 1494 2638; x_wconf 86' lang='lat' dir='ltr'><strong>OEcolampadii,</strong></span> <span class='ocrx_word' id='word_1_196' title='bbox 1521 2569 1624 2624; x_wconf 86' lang='lat' dir='ltr'><strong>sub</strong></span> <span class='ocrx_word' id='word_1_197' title='bbox 1676 2571 1834 2625; x_wconf 87' lang='lat' dir='ltr'><strong>titulo</strong></span> <span class='ocrx_word' id='word_1_198' title='bbox 1879 2570 2000 2625; x_wconf 89' lang='lat' dir='ltr'><strong>libri</strong></span> <span class='ocrx_word' id='word_1_199' title='bbox 2043 2573 2112 2625; x_wconf 85' lang='lat' dir='ltr'><strong>ad</strong></span> 
     </span>
    </p>
   </div>
   <div class='ocr_carea' id='block_1_28' title="bbox 527 2652 2113 2729">
    <p class='ocr_par' dir='ltr' id='par_1_28' title="bbox 527 2652 2113 2729">
     <span class='ocr_line' id='line_1_28' title="bbox 527 2652 2113 2729; baseline 0.006 -23"><span class='ocrx_word' id='word_1_200' title='bbox 527 2652 832 2726; x_wconf 81' lang='lat' dir='ltr'><strong>Evoptium.</strong></span> <span class='ocrx_word' id='word_1_201' title='bbox 881 2657 1017 2712; x_wconf 89' lang='lat' dir='ltr'><strong>Cum</strong></span> <span class='ocrx_word' id='word_1_202' title='bbox 1053 2657 1144 2710; x_wconf 87' lang='lat' dir='ltr'><strong>illa</strong></span> <span class='ocrx_word' id='word_1_203' title='bbox 1189 2658 1440 2712; x_wconf 91' lang='lat' dir='ltr'><strong>versione</strong></span> <span class='ocrx_word' id='word_1_204' title='bbox 1474 2659 1713 2729; x_wconf 89' lang='lat' dir='ltr'><strong>primum</strong></span> <span class='ocrx_word' id='word_1_205' title='bbox 1753 2659 1932 2716; x_wconf 83' lang='lat' dir='ltr'><strong>lucem</strong></span> <span class='ocrx_word' id='word_1_206' title='bbox 1973 2663 2113 2716; x_wconf 91' lang='lat' dir='ltr'><strong>vidit</strong></span> 
     </span>
    </p>
   </div>
   <div class='ocr_carea' id='block_1_29' title="bbox 527 2743 2112 2816">
    <p class='ocr_par' dir='ltr' id='par_1_29' title="bbox 527 2743 2112 2816">
     <span class='ocr_line' id='line_1_29' title="bbox 527 2743 2112 2816; baseline 0.006 -19"><span class='ocrx_word' id='word_1_207' title='bbox 527 2743 586 2798; x_wconf 91' lang='lat' dir='ltr'><strong>in</strong></span> <span class='ocrx_word' id='word_1_208' title='bbox 611 2745 856 2800; x_wconf 72' lang='lat' dir='ltr'><strong>Antidota</strong></span> <span class='ocrx_word' id='word_1_209' title='bbox 891 2747 1138 2802; x_wconf 80' lang='lat' dir='ltr'><strong>adversus</strong></span> <span class='ocrx_word' id='word_1_210' title='bbox 1169 2749 1409 2816; x_wconf 76' lang='lat' dir='ltr'><strong>luereses,</strong></span> <span class='ocrx_word' id='word_1_211' title='bbox 1451 2751 1615 2805; x_wconf 88' lang='lat' dir='ltr'><strong>Basil.</strong></span> <span class='ocrx_word' id='word_1_212' title='bbox 1649 2751 1808 2816; x_wconf 90' lang='grc'><strong>1528,</strong></span> <span class='ocrx_word' id='word_1_213' title='bbox 1857 2752 1952 2806; x_wconf 91' lang='lat' dir='ltr'><strong>fol.</strong></span> <span class='ocrx_word' id='word_1_214' title='bbox 2005 2752 2112 2808; x_wconf 89' lang='lat' dir='ltr'><strong>Sed</strong></span> 
     </span>
    </p>
   </div>
   <div class='ocr_carea' id='block_1_30' title="bbox 527 2835 2112 2914">
    <p class='ocr_par' dir='ltr' id='par_1_30' title="bbox 527 2835 2112 2914">
     <span class='ocr_line' id='line_1_30' title="bbox 527 2835 2112 2914; baseline 0.006 -24"><span class='ocrx_word' id='word_1_215' title='bbox 527 2835 802 2890; x_wconf 83' lang='lat' dir='ltr'><strong>Aubertus</strong></span> <span class='ocrx_word' id='word_1_216' title='bbox 843 2838 1084 2907; x_wconf 64' lang='lat' dir='ltr'><strong>praetulit</strong></span> <span class='ocrx_word' id='word_1_217' title='bbox 1120 2841 1450 2907; x_wconf 89' lang='lat' dir='ltr'><strong>versionem,</strong></span> <span class='ocrx_word' id='word_1_218' title='bbox 1487 2858 1721 2914; x_wconf 89' lang='lat' dir='ltr'><strong>quacum</strong></span> <span class='ocrx_word' id='word_1_219' title='bbox 1769 2845 2010 2899; x_wconf 89' lang='lat' dir='ltr'><strong>occurrit</strong></span> <span class='ocrx_word' id='word_1_220' title='bbox 2055 2845 2112 2899; x_wconf 89' lang='lat' dir='ltr'><strong>in</strong></span> 
     </span>
    </p>
   </div>
   <div class='ocr_carea' id='block_1_31' title="bbox 529 2927 2108 3008">
    <p class='ocr_par' dir='ltr' id='par_1_31' title="bbox 529 2927 2108 3008">
     <span class='ocr_line' id='line_1_31' title="bbox 529 2927 2108 3008; baseline 0.007 -29"><span class='ocrx_word' id='word_1_221' title='bbox 529 2935 683 2996; x_wconf 84' lang='lat' dir='ltr'><strong>parte</strong></span> <span class='ocrx_word' id='word_1_222' title='bbox 709 2945 740 2982; x_wconf 90' lang='lat' dir='ltr'><strong>v</strong></span> <span class='ocrx_word' id='word_1_223' title='bbox 761 2927 1021 2983; x_wconf 84' lang='lat' dir='ltr'><strong>Actorum</strong></span> <span class='ocrx_word' id='word_1_224' title='bbox 1044 2932 1264 2986; x_wconf 90' lang='lat' dir='ltr'><strong>concilii</strong></span> <span class='ocrx_word' id='word_1_225' title='bbox 1290 2933 1573 3003; x_wconf 87' lang='lat' dir='ltr'><strong>Ephesini,</strong></span> <span class='ocrx_word' id='word_1_226' title='bbox 1601 2942 1732 2990; x_wconf 90' lang='lat' dir='ltr'><strong>tom.</strong></span> <span class='ocrx_word' id='word_1_227' title='bbox 1764 2936 1785 2990; x_wconf 96' lang='lat' dir='ltr'><strong>I</strong></span> <span class='ocrx_word' id='word_1_228' title='bbox 1813 2936 1956 2990; x_wconf 89' lang='lat' dir='ltr'><strong>Binii</strong></span> <span class='ocrx_word' id='word_1_229' title='bbox 1987 2952 2108 3008; x_wconf 82' lang='lat' dir='ltr'><strong>pag.</strong></span> 
     </span>
    </p>
   </div>
   <div class='ocr_carea' id='block_1_32' title="bbox 529 3018 2181 3120">
    <p class='ocr_par' dir='ltr' id='par_1_32' title="bbox 529 3018 2181 3120">
     <span class='ocr_line' id='line_1_32' title="bbox 529 3018 2181 3120; baseline 0.008 -50"><span class='ocrx_word' id='word_1_230' title='bbox 529 3018 653 3073; x_wconf 76' lang='grc'><strong>511.</strong></span> <span class='ocrx_word' id='word_1_231' title='bbox 682 3019 906 3090; x_wconf 77' lang='lat' dir='ltr'><strong>Legitur</strong></span> <span class='ocrx_word' id='word_1_232' title='bbox 937 3031 990 3076; x_wconf 91' lang='lat' dir='ltr'><strong>et</strong></span> <span class='ocrx_word' id='word_1_233' title='bbox 1029 3037 1152 3077; x_wconf 93' lang='lat' dir='ltr'><strong>cum</strong></span> <span class='ocrx_word' id='word_1_234' title='bbox 1203 3022 1358 3077; x_wconf 85' lang='lat' dir='ltr'><strong>Marii</strong></span> <span class='ocrx_word' id='word_1_235' title='bbox 1399 3025 1720 3080; x_wconf 84' lang='lat' dir='ltr'><strong>Mercatoris</strong></span> <span class='ocrx_word' id='word_1_236' title='bbox 1762 3027 2012 3082; x_wconf 90' lang='lat' dir='ltr'><strong>versione</strong></span> <span class='ocrx_word' id='word_1_237' title='bbox 2055 3027 2110 3082; x_wconf 89' lang='lat' dir='ltr'><strong>in</strong></span> <span class='ocrx_word' id='word_1_238' title='bbox 2139 3062 2181 3120; x_wconf 62' lang='grc' dir='ltr'>α</span> 
     </span>
    </p>
   </div>
   <div class='ocr_carea' id='block_1_33' title="bbox 529 3108 2114 3186">
    <p class='ocr_par' dir='ltr' id='par_1_33' title="bbox 529 3108 2114 3186">
     <span class='ocr_line' id='line_1_33' title="bbox 529 3108 2114 3186; baseline 0.007 -23"><span class='ocrx_word' id='word_1_239' title='bbox 529 3108 819 3166; x_wconf 72' lang='lat' dir='ltr'><strong>Mercatore</strong></span> <span class='ocrx_word' id='word_1_240' title='bbox 861 3111 1108 3168; x_wconf 86' lang='lat' dir='ltr'><strong>Garnerii</strong></span> <span class='ocrx_word' id='word_1_241' title='bbox 1153 3122 1283 3169; x_wconf 88' lang='lat' dir='ltr'><strong>tom.</strong></span> <span class='ocrx_word' id='word_1_242' title='bbox 1331 3115 1373 3179; x_wconf 93' lang='lat' dir='ltr'><strong>I,</strong></span> <span class='ocrx_word' id='word_1_243' title='bbox 1431 3131 1486 3186; x_wconf 91' lang='lat' dir='ltr'><strong>p.</strong></span> <span class='ocrx_word' id='word_1_244' title='bbox 1529 3116 1650 3170; x_wconf 89' lang='grc'><strong>178.</strong></span> <span class='ocrx_word' id='word_1_245' title='bbox 1690 3117 1952 3172; x_wconf 83' lang='lat' dir='ltr'><strong>Memorat</strong></span> <span class='ocrx_word' id='word_1_246' title='bbox 2008 3118 2114 3174; x_wconf 89' lang='lat' dir='ltr'><strong>hoc</strong></span> 
     </span>
    </p>
   </div>
   <div class='ocr_carea' id='block_1_34' title="bbox 529 3203 2110 3282">
    <p class='ocr_par' dir='ltr' id='par_1_34' title="bbox 529 3203 2110 3282">
     <span class='ocr_line' id='line_1_34' title="bbox 529 3203 2110 3282; baseline 0.006 -26"><span class='ocrx_word' id='word_1_247' title='bbox 529 3203 795 3274; x_wconf 88' lang='lat' dir='ltr'><strong>scriptum</strong></span> <span class='ocrx_word' id='word_1_248' title='bbox 817 3221 978 3276; x_wconf 87' lang='lat' dir='ltr'><strong>suum</strong></span> <span class='ocrx_word' id='word_1_249' title='bbox 1001 3203 1236 3278; x_wconf 81' lang='lat' dir='ltr'><strong>Cyrillus</strong></span> <span class='ocrx_word' id='word_1_250' title='bbox 1265 3207 1380 3278; x_wconf 88' lang='lat' dir='ltr'><strong>ipse</strong></span> <span class='ocrx_word' id='word_1_251' title='bbox 1409 3209 1568 3279; x_wconf 86' lang='lat' dir='ltr'><strong>epist.</strong></span> <span class='ocrx_word' id='word_1_252' title='bbox 1596 3209 1664 3264; x_wconf 88' lang='lat' dir='ltr'><strong>ad</strong></span> <span class='ocrx_word' id='word_1_253' title='bbox 1707 3210 2018 3281; x_wconf 77' lang='lat' dir='ltr'><strong>Eulogium,</strong></span> <span class='ocrx_word' id='word_1_254' title='bbox 2056 3227 2110 3282; x_wconf 93' lang='lat' dir='ltr'><strong>p.</strong></span> 
     </span>
    </p>
   </div>
   <div class='ocr_carea' id='block_1_35' title="bbox 535 3295 2114 3370">
    <p class='ocr_par' dir='ltr' id='par_1_35' title="bbox 535 3295 2114 3370">
     <span class='ocr_line' id='line_1_35' title="bbox 535 3295 2114 3370; baseline 0.005 -21"><span class='ocrx_word' id='word_1_255' title='bbox 535 3295 656 3362; x_wconf 72' lang='grc'><strong>154,</strong></span> <span class='ocrx_word' id='word_1_256' title='bbox 699 3304 754 3351; x_wconf 89' lang='lat' dir='ltr'><strong>et</strong></span> <span class='ocrx_word' id='word_1_257' title='bbox 787 3298 969 3367; x_wconf 91' lang='lat' dir='ltr'><strong>priore</strong></span> <span class='ocrx_word' id='word_1_258' title='bbox 993 3298 1060 3352; x_wconf 86' lang='lat' dir='ltr'><strong>ad</strong></span> <span class='ocrx_word' id='word_1_259' title='bbox 1095 3297 1453 3365; x_wconf 87' lang='lat' dir='ltr'><strong>Succensum,</strong></span> <span class='ocrx_word' id='word_1_260' title='bbox 1478 3316 1600 3370; x_wconf 82' lang='lat' dir='ltr'><strong>pag.</strong></span> <span class='ocrx_word' id='word_1_261' title='bbox 1651 3300 1770 3355; x_wconf 75' lang='lat' dir='ltr'><strong>MO.</strong></span> <span class='ocrx_word' id='word_1_262' title='bbox 1811 3302 1887 3356; x_wconf 92' lang='lat' dir='ltr'><strong>De</strong></span> <span class='ocrx_word' id='word_1_263' title='bbox 1933 3301 2114 3357; x_wconf 90' lang='lat' dir='ltr'><strong>Theo-</strong></span> 
     </span>
    </p>
   </div>
   <div class='ocr_carea' id='block_1_36' title="bbox 529 3383 2116 3461">
    <p class='ocr_par' dir='ltr' id='par_1_36' title="bbox 529 3383 2116 3461">
     <span class='ocr_line' id='line_1_36' title="bbox 529 3383 2116 3461; baseline 0.005 -22"><span class='ocrx_word' id='word_1_264' title='bbox 529 3383 708 3441; x_wconf 88' lang='lat' dir='ltr'><strong>doreti</strong></span> <span class='ocrx_word' id='word_1_265' title='bbox 735 3397 939 3457; x_wconf 45' lang='lat' dir='ltr'><strong>contra,</strong></span> <span class='ocrx_word' id='word_1_266' title='bbox 952 3388 1216 3461; x_wconf 79' lang='lat' dir='ltr'><strong>Cyrillum</strong></span> <span class='ocrx_word' id='word_1_267' title='bbox 1241 3391 1594 3446; x_wconf 87' lang='lat' dir='ltr'><strong>contentione</strong></span> <span class='ocrx_word' id='word_1_268' title='bbox 1621 3391 1892 3448; x_wconf 87' lang='lat' dir='ltr'><strong>videndus</strong></span> <span class='ocrx_word' id='word_1_269' title='bbox 1935 3392 2116 3448; x_wconf 91' lang='lat' dir='ltr'><strong>Leon-</strong></span> 
     </span>
    </p>
   </div>
   <div class='ocr_carea' id='block_1_37' title="bbox 535 3475 1494 3550">
    <p class='ocr_par' dir='ltr' id='par_1_37' title="bbox 535 3475 1494 3550">
     <span class='ocr_line' id='line_1_37' title="bbox 535 3475 1494 3550; baseline 0.005 -20"><span class='ocrx_word' id='word_1_270' title='bbox 535 3475 645 3530; x_wconf 89' lang='lat' dir='ltr'><strong>tius</strong></span> <span class='ocrx_word' id='word_1_271' title='bbox 670 3476 746 3530; x_wconf 90' lang='lat' dir='ltr'><strong>De</strong></span> <span class='ocrx_word' id='word_1_272' title='bbox 771 3480 944 3543; x_wconf 78' lang='lat' dir='ltr'><strong>sectis,</strong></span> <span class='ocrx_word' id='word_1_273' title='bbox 976 3495 1031 3550; x_wconf 92' lang='lat' dir='ltr'><strong>p.</strong></span> <span class='ocrx_word' id='word_1_274' title='bbox 1059 3480 1161 3534; x_wconf 68' lang='grc'><strong>451</strong></span> <span class='ocrx_word' id='word_1_275' title='bbox 1181 3495 1295 3550; x_wconf 88' lang='lat' dir='ltr'><strong>seq.</strong></span> <span class='ocrx_word' id='word_1_276' title='bbox 1335 3481 1494 3535; x_wconf 70' lang='lat' dir='ltr'><strong>Fann.</strong></span> 
     </span>
    </p>
   </div>
   <div class='ocr_carea' id='block_1_38' title="bbox 606 3567 2118 3639">
    <p class='ocr_par' dir='ltr' id='par_1_38' title="bbox 606 3567 2118 3639">
     <span class='ocr_line' id='line_1_38' title="bbox 606 3567 2118 3639; baseline 0.005 -17"><span class='ocrx_word' id='word_1_277' title='bbox 606 3567 860 3622; x_wconf 80' lang='lat' dir='ltr'><strong>Defensio</strong></span> <span class='ocrx_word' id='word_1_278' title='bbox 886 3568 1252 3639; x_wconf 85' lang='lat' dir='ltr'><strong>capitulorum</strong></span> <span class='ocrx_word' id='word_1_279' title='bbox 1279 3569 1375 3625; x_wconf 83' lang='lat' dir='ltr'><strong>XII</strong></span> <span class='ocrx_word' id='word_1_280' title='bbox 1401 3587 1628 3626; x_wconf 90' lang='lat' dir='ltr'><strong>suorum</strong></span> <span class='ocrx_word' id='word_1_281' title='bbox 1651 3571 1916 3635; x_wconf 82' lang='lat' dir='ltr'><strong>adversus</strong></span> <span class='ocrx_word' id='word_1_282' title='bbox 1935 3572 2118 3628; x_wconf 88' lang='lat' dir='ltr'><strong>Theo-</strong></span> 
     </span>
    </p>
   </div>
   <div class='ocr_carea' id='block_1_39' title="bbox 533 3657 2122 3729">
    <p class='ocr_par' dir='ltr' id='par_1_39' title="bbox 533 3657 2122 3729">
     <span class='ocr_line' id='line_1_39' title="bbox 533 3657 2122 3729; baseline 0.006 -18"><span class='ocrx_word' id='word_1_283' title='bbox 533 3657 809 3723; x_wconf 88' lang='lat' dir='ltr'><strong>doretum,</strong></span> <span class='ocrx_word' id='word_1_284' title='bbox 835 3659 1010 3714; x_wconf 88' lang='lat' dir='ltr'><strong>Paris.</strong></span> <span class='ocrx_word' id='word_1_285' title='bbox 1062 3661 1119 3716; x_wconf 90' lang='lat' dir='ltr'><strong>in</strong></span> <span class='ocrx_word' id='word_1_286' title='bbox 1165 3662 1288 3719; x_wconf 86' lang='lat' dir='ltr'><strong>cod.</strong></span> <span class='ocrx_word' id='word_1_287' title='bbox 1347 3662 1786 3729; x_wconf 86' lang='lat' dir='ltr'><strong>DCCCXXXVII,</strong></span> <span class='ocrx_word' id='word_1_288' title='bbox 1843 3681 1899 3718; x_wconf 94' lang='grc' dir='ltr'><strong>ιι.</strong></span> <span class='ocrx_word' id='word_1_289' title='bbox 1962 3665 2014 3729; x_wconf 88' lang='grc'><strong>1,</strong></span> <span class='ocrx_word' id='word_1_290' title='bbox 2065 3673 2122 3720; x_wconf 89' lang='lat' dir='ltr'><strong>et</strong></span> 
     </span>
    </p>
   </div>
   <div class='ocr_carea' id='block_1_40' title="bbox 534 3745 2122 3827">
    <p class='ocr_par' dir='ltr' id='par_1_40' title="bbox 534 3745 2122 3827">
     <span class='ocr_line' id='line_1_40' title="bbox 534 3745 2122 3827; baseline 0.003 -24"><span class='ocrx_word' id='word_1_291' title='bbox 534 3747 660 3803; x_wconf 88' lang='lat' dir='ltr'><strong>cod.</strong></span> <span class='ocrx_word' id='word_1_292' title='bbox 691 3745 1126 3824; x_wconf 78' lang='lat' dir='ltr'><strong>DCCCLXXXII,</strong></span> <span class='ocrx_word' id='word_1_293' title='bbox 1156 3751 1210 3806; x_wconf 92' lang='lat' dir='ltr'><strong>in</strong></span> <span class='ocrx_word' id='word_1_294' title='bbox 1244 3769 1356 3823; x_wconf 89' lang='lat' dir='ltr'><strong>quo</strong></span> <span class='ocrx_word' id='word_1_295' title='bbox 1402 3761 1531 3808; x_wconf 89' lang='lat' dir='ltr'><strong>sunt</strong></span> <span class='ocrx_word' id='word_1_296' title='bbox 1576 3753 1765 3827; x_wconf 76' lang='lat' dir='ltr'><strong>Cyrilli</strong></span> <span class='ocrx_word' id='word_1_297' title='bbox 1818 3755 1886 3808; x_wconf 90' lang='lat' dir='ltr'><strong>ad</strong></span> <span class='ocrx_word' id='word_1_298' title='bbox 1925 3754 2122 3808; x_wconf 82' lang='lat' dir='ltr'><strong>Nesto-</strong></span> 
     </span>
    </p>
   </div>
   <div class='ocr_carea' id='block_1_41' title="bbox 537 3839 2118 3914">
    <p class='ocr_par' dir='ltr' id='par_1_41' title="bbox 537 3839 2118 3914">
     <span class='ocr_line' id='line_1_41' title="bbox 537 3839 2118 3914; baseline 0.003 -20"><span class='ocrx_word' id='word_1_299' title='bbox 537 3839 678 3894; x_wconf 89' lang='lat' dir='ltr'><strong>rium</strong></span> <span class='ocrx_word' id='word_1_300' title='bbox 735 3842 979 3911; x_wconf 65' lang='lat' dir='ltr'><strong>epistolae</strong></span> <span class='ocrx_word' id='word_1_301' title='bbox 1023 3851 1080 3897; x_wconf 90' lang='lat' dir='ltr'><strong>et</strong></span> <span class='ocrx_word' id='word_1_302' title='bbox 1125 3844 1706 3899; x_wconf 83' lang='lat' dir='ltr'><strong>anathcinatismorum</strong></span> <span class='ocrx_word' id='word_1_303' title='bbox 1752 3845 1931 3914; x_wconf 87' lang='lat' dir='ltr'><strong>capita</strong></span> <span class='ocrx_word' id='word_1_304' title='bbox 1982 3844 2118 3911; x_wconf 91' lang='lat' dir='ltr'><strong>XII;</strong></span> 
     </span>
    </p>
   </div>
   <div class='ocr_carea' id='block_1_42' title="bbox 537 3929 2125 4005">
    <p class='ocr_par' dir='ltr' id='par_1_42' title="bbox 537 3929 2125 4005">
     <span class='ocr_line' id='line_1_42' title="bbox 537 3929 2125 4005; baseline 0.004 -21"><span class='ocrx_word' id='word_1_305' title='bbox 537 3929 870 3985; x_wconf 88' lang='lat' dir='ltr'><strong>Theodoreti</strong></span> <span class='ocrx_word' id='word_1_306' title='bbox 895 3933 1124 4002; x_wconf 83' lang='lat' dir='ltr'><strong>epistola</strong></span> <span class='ocrx_word' id='word_1_307' title='bbox 1153 3933 1217 3987; x_wconf 90' lang='lat' dir='ltr'><strong>ad</strong></span> <span class='ocrx_word' id='word_1_308' title='bbox 1243 3933 1524 4005; x_wconf 80' lang='lat' dir='ltr'><strong>Cyrillum,</strong></span> <span class='ocrx_word' id='word_1_309' title='bbox 1551 3949 1659 4004; x_wconf 89' lang='lat' dir='ltr'><strong>qua</strong></span> <span class='ocrx_word' id='word_1_310' title='bbox 1698 3933 1935 4004; x_wconf 88' lang='lat' dir='ltr'><strong>primum</strong></span> <span class='ocrx_word' id='word_1_311' title='bbox 1979 3933 2125 3990; x_wconf 89' lang='lat' dir='ltr'><strong>illius</strong></span> 
     </span>
    </p>
   </div>
   <div class='ocr_carea' id='block_1_43' title="bbox 535 4023 2124 4096">
    <p class='ocr_par' dir='ltr' id='par_1_43' title="bbox 535 4023 2124 4096">
     <span class='ocr_line' id='line_1_43' title="bbox 535 4023 2124 4096; baseline 0.003 -20"><span class='ocrx_word' id='word_1_312' title='bbox 535 4032 700 4092; x_wconf 86' lang='lat' dir='ltr'><strong>caput</strong></span> <span class='ocrx_word' id='word_1_313' title='bbox 723 4023 1074 4091; x_wconf 89' lang='lat' dir='ltr'><strong>confutatur;</strong></span> <span class='ocrx_word' id='word_1_314' title='bbox 1116 4025 1307 4096; x_wconf 75' lang='lat' dir='ltr'><strong>Cyrilli</strong></span> <span class='ocrx_word' id='word_1_315' title='bbox 1341 4026 1504 4096; x_wconf 87' lang='lat' dir='ltr'><strong>epist.</strong></span> <span class='ocrx_word' id='word_1_316' title='bbox 1548 4025 1616 4080; x_wconf 89' lang='lat' dir='ltr'><strong>ad</strong></span> <span class='ocrx_word' id='word_1_317' title='bbox 1656 4025 1970 4094; x_wconf 85' lang='lat' dir='ltr'><strong>Evoptium,</strong></span> <span class='ocrx_word' id='word_1_318' title='bbox 2017 4041 2124 4096; x_wconf 89' lang='lat' dir='ltr'><strong>qua</strong></span> 
     </span>
    </p>
   </div>
   <div class='ocr_carea' id='block_1_44' title="bbox 535 4113 2124 4186">
    <p class='ocr_par' dir='ltr' id='par_1_44' title="bbox 535 4113 2124 4186">
     <span class='ocr_line' id='line_1_44' title="bbox 535 4113 2124 4186; baseline 0.003 -19"><span class='ocrx_word' id='word_1_319' title='bbox 535 4113 775 4182; x_wconf 89' lang='lat' dir='ltr'><strong>primum</strong></span> <span class='ocrx_word' id='word_1_320' title='bbox 805 4127 970 4184; x_wconf 86' lang='lat' dir='ltr'><strong>caput</strong></span> <span class='ocrx_word' id='word_1_321' title='bbox 996 4115 1345 4182; x_wconf 89' lang='lat' dir='ltr'><strong>defenditur;</strong></span> <span class='ocrx_word' id='word_1_322' title='bbox 1392 4117 1616 4172; x_wconf 73' lang='lat' dir='ltr'><strong>alterna:</strong></span> <span class='ocrx_word' id='word_1_323' title='bbox 1650 4118 1988 4186; x_wconf 90' lang='lat' dir='ltr'><strong>reliquorum</strong></span> <span class='ocrx_word' id='word_1_324' title='bbox 2032 4133 2124 4172; x_wconf 85' lang='lat' dir='ltr'><strong>ca-</strong></span> 
     </span>
    </p>
   </div>
   <div class='ocr_carea' id='block_1_45' title="bbox 534 4197 2128 4272">
    <p class='ocr_par' dir='ltr' id='par_1_45' title="bbox 534 4197 2128 4272">
     <span class='ocr_line' id='line_1_45' title="bbox 534 4197 2128 4272; baseline 0.001 -20"><span class='ocrx_word' id='word_1_325' title='bbox 534 4197 707 4269; x_wconf 85' lang='lat' dir='ltr'><strong>pitum</strong></span> <span class='ocrx_word' id='word_1_326' title='bbox 719 4199 804 4254; x_wconf 91' lang='lat' dir='ltr'><strong>ref</strong></span> <span class='ocrx_word' id='word_1_327' title='bbox 805 4200 1073 4254; x_wconf 88' lang='lat' dir='ltr'><strong>utationes</strong></span> <span class='ocrx_word' id='word_1_328' title='bbox 1083 4209 1137 4255; x_wconf 89' lang='lat' dir='ltr'><strong>et</strong></span> <span class='ocrx_word' id='word_1_329' title='bbox 1150 4200 1509 4266; x_wconf 88' lang='lat' dir='ltr'><strong>defensiones;</strong></span> <span class='ocrx_word' id='word_1_330' title='bbox 1524 4201 1710 4272; x_wconf 79' lang='lat' dir='ltr'><strong>Cyrilli</strong></span> <span class='ocrx_word' id='word_1_331' title='bbox 1721 4201 1943 4256; x_wconf 90' lang='lat' dir='ltr'><strong>homilia</strong></span> <span class='ocrx_word' id='word_1_332' title='bbox 1957 4200 2032 4255; x_wconf 91' lang='lat' dir='ltr'><strong>De</strong></span> <span class='ocrx_word' id='word_1_333' title='bbox 2047 4202 2128 4255; x_wconf 83' lang='lat' dir='ltr'><strong>iii-</strong></span> 
     </span>
    </p>
   </div>
   <div class='ocr_carea' id='block_1_46' title="bbox 533 4289 2126 4362">
    <p class='ocr_par' dir='ltr' id='par_1_46' title="bbox 533 4289 2126 4362">
     <span class='ocr_line' id='line_1_46' title="bbox 533 4289 2126 4362; baseline 0.003 -20"><span class='ocrx_word' id='word_1_334' title='bbox 533 4292 844 4346; x_wconf 84' lang='lat' dir='ltr'><strong>carnatione</strong></span> <span class='ocrx_word' id='word_1_335' title='bbox 860 4291 956 4346; x_wconf 85' lang='lat' dir='ltr'><strong>Dei</strong></span> <span class='ocrx_word' id='word_1_336' title='bbox 977 4291 1121 4346; x_wconf 83' lang='lat' dir='ltr'><strong>Verbi</strong></span> <span class='ocrx_word' id='word_1_337' title='bbox 1135 4309 1154 4358; x_wconf 91' lang='lat'><strong>;</strong></span> <span class='ocrx_word' id='word_1_338' title='bbox 1173 4291 1416 4362; x_wconf 83' lang='lat' dir='ltr'><strong>ejusdem</strong></span> <span class='ocrx_word' id='word_1_339' title='bbox 1443 4289 1912 4346; x_wconf 82' lang='lat' dir='ltr'><strong>Commonitorium</strong></span> <span class='ocrx_word' id='word_1_340' title='bbox 1929 4292 1996 4346; x_wconf 87' lang='lat' dir='ltr'><strong>ad</strong></span> <span class='ocrx_word' id='word_1_341' title='bbox 2015 4293 2126 4347; x_wconf 86' lang='lat' dir='ltr'><strong>Eu-</strong></span> 
     </span>
    </p>
   </div>
   <div class='ocr_carea' id='block_1_47' title="bbox 2201 461 3808 549">
    <p class='ocr_par' dir='ltr' id='par_1_47' title="bbox 2201 461 3808 549">
     <span class='ocr_line' id='line_1_47' title="bbox 2201 461 3808 549; baseline -0.013 -13"><span class='ocrx_word' id='word_1_342' title='bbox 2201 497 2247 536; x_wconf 89' lang='lat' dir='ltr'><strong>s.</strong></span> <span class='ocrx_word' id='word_1_343' title='bbox 2275 477 2586 549; x_wconf 87' lang='lat' dir='ltr'><strong>responsis;</strong></span> <span class='ocrx_word' id='word_1_344' title='bbox 2619 474 2686 529; x_wconf 90' lang='lat' dir='ltr'><strong>de</strong></span> <span class='ocrx_word' id='word_1_345' title='bbox 2711 487 2822 543; x_wconf 90' lang='lat' dir='ltr'><strong>quo</strong></span> <span class='ocrx_word' id='word_1_346' title='bbox 2855 468 2978 526; x_wconf 86' lang='lat' dir='ltr'><strong>cod.</strong></span> <span class='ocrx_word' id='word_1_347' title='bbox 3005 469 3070 525; x_wconf 91' lang='lat' dir='ltr'><strong>V.</strong></span> <span class='ocrx_word' id='word_1_348' title='bbox 3099 465 3330 522; x_wconf 86' lang='lat' dir='ltr'><strong>Bandin.</strong></span> <span class='ocrx_word' id='word_1_349' title='bbox 3368 465 3406 519; x_wconf 97' lang='lat' dir='ltr'><strong>l.</strong></span> <span class='ocrx_word' id='word_1_350' title='bbox 3435 480 3516 529; x_wconf 90' lang='lat' dir='ltr'><strong>e.,</strong></span> <span class='ocrx_word' id='word_1_351' title='bbox 3549 479 3610 534; x_wconf 88' lang='lat' dir='ltr'><strong>p.</strong></span> <span class='ocrx_word' id='word_1_352' title='bbox 3673 461 3808 526; x_wconf 73' lang='grc'><strong>544,</strong></span> 
     </span>
    </p>
   </div>
   <div class='ocr_carea' id='block_1_48' title="bbox 2200 555 3812 643">
    <p class='ocr_par' dir='ltr' id='par_1_48' title="bbox 2200 555 3812 643">
     <span class='ocr_line' id='line_1_48' title="bbox 2200 555 3812 643; baseline -0.012 -16"><span class='ocrx_word' id='word_1_353' title='bbox 2200 572 2295 643; x_wconf 87' lang='lat' dir='ltr'><strong>qui</strong></span> <span class='ocrx_word' id='word_1_354' title='bbox 2327 575 2572 633; x_wconf 88' lang='lat' dir='ltr'><strong>annotat,</strong></span> <span class='ocrx_word' id='word_1_355' title='bbox 2601 563 2967 636; x_wconf 83' lang='lat' dir='ltr'><strong>obiectionem</strong></span> <span class='ocrx_word' id='word_1_356' title='bbox 3016 560 3246 630; x_wconf 87' lang='lat' dir='ltr'><strong>primam</strong></span> <span class='ocrx_word' id='word_1_357' title='bbox 3299 565 3514 627; x_wconf 86' lang='lat' dir='ltr'><strong>septem</strong></span> <span class='ocrx_word' id='word_1_358' title='bbox 3573 555 3812 610; x_wconf 85' lang='lat' dir='ltr'><strong>circiter</strong></span> 
     </span>
    </p>
   </div>
   <div class='ocr_carea' id='block_1_49' title="bbox 2199 646 3812 726">
    <p class='ocr_par' dir='ltr' id='par_1_49' title="bbox 2199 646 3812 726">
     <span class='ocr_line' id='line_1_49' title="bbox 2199 646 3812 726; baseline -0.012 -8"><span class='ocrx_word' id='word_1_359' title='bbox 2199 677 2394 718; x_wconf 91' lang='lat' dir='ltr'><strong>versus</strong></span> <span class='ocrx_word' id='word_1_360' title='bbox 2425 659 2584 715; x_wconf 90' lang='lat' dir='ltr'><strong>initio</strong></span> <span class='ocrx_word' id='word_1_361' title='bbox 2618 655 2924 726; x_wconf 79' lang='lat' dir='ltr'><strong>longiorem</strong></span> <span class='ocrx_word' id='word_1_362' title='bbox 2955 666 3075 707; x_wconf 88' lang='lat' dir='ltr'><strong>esse</strong></span> <span class='ocrx_word' id='word_1_363' title='bbox 3100 651 3158 704; x_wconf 91' lang='lat' dir='ltr'><strong>in</strong></span> <span class='ocrx_word' id='word_1_364' title='bbox 3181 649 3409 713; x_wconf 87' lang='lat' dir='ltr'><strong>codice;</strong></span> <span class='ocrx_word' id='word_1_365' title='bbox 3437 646 3642 718; x_wconf 86' lang='lat' dir='ltr'><strong>Cyrilli</strong></span> <span class='ocrx_word' id='word_1_366' title='bbox 3669 660 3812 700; x_wconf 87' lang='lat' dir='ltr'><strong>vero</strong></span> 
     </span>
    </p>
   </div>
   <div class='ocr_carea' id='block_1_50' title="bbox 2199 740 3812 824">
    <p class='ocr_par' dir='ltr' id='par_1_50' title="bbox 2199 740 3812 824">
     <span class='ocr_line' id='line_1_50' title="bbox 2199 740 3812 824; baseline -0.014 -13"><span class='ocrx_word' id='word_1_367' title='bbox 2199 753 2614 824; x_wconf 88' lang='lat' dir='ltr'><strong>responsionem</strong></span> <span class='ocrx_word' id='word_1_368' title='bbox 2635 749 2906 805; x_wconf 84' lang='lat' dir='ltr'><strong>decimam</strong></span> <span class='ocrx_word' id='word_1_369' title='bbox 2943 759 3066 798; x_wconf 90' lang='lat' dir='ltr'><strong>esse</strong></span> <span class='ocrx_word' id='word_1_370' title='bbox 3097 743 3154 796; x_wconf 92' lang='lat' dir='ltr'><strong>in</strong></span> <span class='ocrx_word' id='word_1_371' title='bbox 3188 740 3294 801; x_wconf 87' lang='lat' dir='ltr'><strong>ﬁne</strong></span> <span class='ocrx_word' id='word_1_372' title='bbox 3324 740 3682 808; x_wconf 85' lang='lat' dir='ltr'><strong>longiorem;</strong></span> <span class='ocrx_word' id='word_1_373' title='bbox 3707 752 3812 789; x_wconf 66' lang='grc' dir='ltr'><strong>εχ·-</strong></span> 
     </span>
    </p>
   </div>
   <div class='ocr_carea' id='block_1_51' title="bbox 2203 828 3812 912">
    <p class='ocr_par' dir='ltr' id='par_1_51' title="bbox 2203 828 3812 912">
     <span class='ocr_line' id='line_1_51' title="bbox 2203 828 3812 912; baseline -0.014 -10"><span class='ocrx_word' id='word_1_374' title='bbox 2203 856 2376 901; x_wconf 87' lang='lat' dir='ltr'><strong>treina</strong></span> <span class='ocrx_word' id='word_1_375' title='bbox 2417 859 2538 900; x_wconf 90' lang='lat' dir='ltr'><strong>esse</strong></span> <span class='ocrx_word' id='word_1_376' title='bbox 2579 839 2766 912; x_wconf 84' lang='lat' dir='ltr'><strong>Cyrilli</strong></span> <span class='ocrx_word' id='word_1_377' title='bbox 2806 833 3141 893; x_wconf 87' lang='lat' dir='ltr'><strong>defensionis</strong></span> <span class='ocrx_word' id='word_1_378' title='bbox 3187 841 3378 886; x_wconf 88' lang='lat' dir='ltr'><strong>contra</strong></span> <span class='ocrx_word' id='word_1_379' title='bbox 3421 828 3812 886; x_wconf 86' lang='lat' dir='ltr'><strong>Orientalium</strong></span> 
     </span>
    </p>
   </div>
   <div class='ocr_carea' id='block_1_52' title="bbox 2201 919 3810 1009">
    <p class='ocr_par' dir='ltr' id='par_1_52' title="bbox 2201 919 3810 1009">
     <span class='ocr_line' id='line_1_52' title="bbox 2201 919 3810 1009; baseline -0.014 -15"><span class='ocrx_word' id='word_1_380' title='bbox 2201 937 2577 1009; x_wconf 89' lang='lat' dir='ltr'><strong>obiectiones;</strong></span> <span class='ocrx_word' id='word_1_381' title='bbox 2620 929 2902 987; x_wconf 89' lang='lat' dir='ltr'><strong>undecimi</strong></span> <span class='ocrx_word' id='word_1_382' title='bbox 2929 926 3169 995; x_wconf 89' lang='lat' dir='ltr'><strong>denique</strong></span> <span class='ocrx_word' id='word_1_383' title='bbox 3202 938 3266 977; x_wconf 89' lang='lat' dir='ltr'><strong>ac</strong></span> <span class='ocrx_word' id='word_1_384' title='bbox 3299 919 3629 976; x_wconf 89' lang='lat' dir='ltr'><strong>duodecimi</strong></span> <span class='ocrx_word' id='word_1_385' title='bbox 3667 935 3810 974; x_wconf 87' lang='lat' dir='ltr'><strong>ana-</strong></span> 
     </span>
    </p>
   </div>
   <div class='ocr_carea' id='block_1_53' title="bbox 2203 1014 3815 1095">
    <p class='ocr_par' dir='ltr' id='par_1_53' title="bbox 2203 1014 3815 1095">
     <span class='ocr_line' id='line_1_53' title="bbox 2203 1014 3815 1095; baseline -0.012 -10"><span class='ocrx_word' id='word_1_386' title='bbox 2203 1027 2539 1086; x_wconf 86' lang='lat' dir='ltr'><strong>tliematisnii</strong></span> <span class='ocrx_word' id='word_1_387' title='bbox 2562 1024 2902 1095; x_wconf 88' lang='lat' dir='ltr'><strong>obiectiones</strong></span> <span class='ocrx_word' id='word_1_388' title='bbox 2927 1034 2992 1074; x_wconf 89' lang='lat' dir='ltr'><strong>ac</strong></span> <span class='ocrx_word' id='word_1_389' title='bbox 3017 1014 3370 1072; x_wconf 89' lang='lat' dir='ltr'><strong>defensiones</strong></span> <span class='ocrx_word' id='word_1_390' title='bbox 3397 1027 3514 1066; x_wconf 89' lang='lat' dir='ltr'><strong>non</strong></span> <span class='ocrx_word' id='word_1_391' title='bbox 3542 1025 3676 1064; x_wconf 87' lang='lat' dir='ltr'><strong>esse</strong></span> <span class='ocrx_word' id='word_1_392' title='bbox 3713 1024 3815 1065; x_wconf 87' lang='lat' dir='ltr'><strong>eas</strong></span> 
     </span>
    </p>
   </div>
   <div class='ocr_carea' id='block_1_54' title="bbox 2205 1099 3811 1192">
    <p class='ocr_par' dir='ltr' id='par_1_54' title="bbox 2205 1099 3811 1192">
     <span class='ocr_line' id='line_1_54' title="bbox 2205 1099 3811 1192; baseline -0.016 -14"><span class='ocrx_word' id='word_1_393' title='bbox 2205 1137 2326 1192; x_wconf 70' lang='lat' dir='ltr'><strong>quae</strong></span> <span class='ocrx_word' id='word_1_394' title='bbox 2350 1120 2609 1191; x_wconf 81' lang='lat' dir='ltr'><strong>leguntur</strong></span> <span class='ocrx_word' id='word_1_395' title='bbox 2634 1115 2692 1170; x_wconf 89' lang='lat' dir='ltr'><strong>in</strong></span> <span class='ocrx_word' id='word_1_396' title='bbox 2723 1114 2811 1169; x_wconf 87' lang='lat' dir='ltr'><strong>ed.</strong></span> <span class='ocrx_word' id='word_1_397' title='bbox 2843 1109 3074 1167; x_wconf 84' lang='lat' dir='ltr'><strong>Auberti</strong></span> <span class='ocrx_word' id='word_1_398' title='bbox 3109 1115 3218 1162; x_wconf 85' lang='lat' dir='ltr'><strong>toni</strong></span> <span class='ocrx_word' id='word_1_399' title='bbox 3267 1103 3358 1168; x_wconf 87' lang='lat' dir='ltr'><strong>Vl,</strong></span> <span class='ocrx_word' id='word_1_400' title='bbox 3406 1118 3461 1172; x_wconf 91' lang='lat' dir='ltr'><strong>p.</strong></span> <span class='ocrx_word' id='word_1_401' title='bbox 3527 1099 3811 1164; x_wconf 79' lang='grc'><strong>256-2-10,</strong></span> 
     </span>
    </p>
   </div>
   <div class='ocr_carea' id='block_1_55' title="bbox 2205 1193 3812 1284">
    <p class='ocr_par' dir='ltr' id='par_1_55' title="bbox 2205 1193 3812 1284">
     <span class='ocr_line' id='line_1_55' title="bbox 2205 1193 3812 1284; baseline -0.016 -14"><span class='ocrx_word' id='word_1_402' title='bbox 2205 1214 2301 1270; x_wconf 87' lang='lat' dir='ltr'><strong>sed</strong></span> <span class='ocrx_word' id='word_1_403' title='bbox 2321 1229 2444 1284; x_wconf 84' lang='lat' dir='ltr'><strong>quae</strong></span> <span class='ocrx_word' id='word_1_404' title='bbox 2465 1217 2680 1266; x_wconf 79' lang='lat' dir='ltr'><strong>exstent</strong></span> <span class='ocrx_word' id='word_1_405' title='bbox 2708 1207 2766 1262; x_wconf 92' lang='lat' dir='ltr'><strong>in</strong></span> <span class='ocrx_word' id='word_1_406' title='bbox 2793 1201 3146 1275; x_wconf 81' lang='lat' dir='ltr'><strong>Apologetico</strong></span> <span class='ocrx_word' id='word_1_407' title='bbox 3170 1199 3434 1254; x_wconf 88' lang='lat' dir='ltr'><strong>adversus</strong></span> <span class='ocrx_word' id='word_1_408' title='bbox 3459 1193 3812 1258; x_wconf 87' lang='lat' dir='ltr'><strong>Orientales,</strong></span> 
     </span>
    </p>
   </div>
   <div class='ocr_carea' id='block_1_56' title="bbox 2204 1301 2544 1376">
    <p class='ocr_par' dir='ltr' id='par_1_56' title="bbox 2204 1301 2544 1376">
     <span class='ocr_line' id='line_1_56' title="bbox 2204 1301 2544 1376; baseline -0.009 -19"><span class='ocrx_word' id='word_1_409' title='bbox 2204 1319 2258 1376; x_wconf 87' lang='lat' dir='ltr'><strong>p.</strong></span> <span class='ocrx_word' id='word_1_410' title='bbox 2289 1301 2544 1358; x_wconf 84' lang='lat' dir='ltr'><strong>l90—l98.</strong></span> 
     </span>
    </p>
   </div>
   <div class='ocr_carea' id='block_1_57' title="bbox 2273 1379 3816 1453">
    <p class='ocr_par' dir='ltr' id='par_1_57' title="bbox 2273 1379 3816 1453">
     <span class='ocr_line' id='line_1_57' title="bbox 2273 1379 3816 1453; baseline -0.01 -4"><span class='ocrx_word' id='word_1_411' title='bbox 2273 1393 2610 1449; x_wconf 66' lang='lat' dir='ltr'><strong>Vindobonm</strong></span> <span class='ocrx_word' id='word_1_412' title='bbox 2642 1389 2696 1444; x_wconf 92' lang='lat' dir='ltr'><strong>in</strong></span> <span class='ocrx_word' id='word_1_413' title='bbox 2723 1387 2848 1444; x_wconf 93' lang='lat' dir='ltr'><strong>cod.</strong></span> <span class='ocrx_word' id='word_1_414' title='bbox 2886 1383 3144 1448; x_wconf 77' lang='lat' dir='ltr'><strong>LXXVII,</strong></span> <span class='ocrx_word' id='word_1_415' title='bbox 3186 1383 3242 1437; x_wconf 89' lang='lat' dir='ltr'><strong>in</strong></span> <span class='ocrx_word' id='word_1_416' title='bbox 3267 1396 3377 1453; x_wconf 90' lang='lat' dir='ltr'><strong>quo</strong></span> <span class='ocrx_word' id='word_1_417' title='bbox 3414 1379 3619 1452; x_wconf 82' lang='lat' dir='ltr'><strong>plures</strong></span> <span class='ocrx_word' id='word_1_418' title='bbox 3673 1386 3816 1433; x_wconf 88' lang='lat' dir='ltr'><strong>sunt</strong></span> 
     </span>
    </p>
   </div>
   <div class='ocr_carea' id='block_1_58' title="bbox 2202 1469 3816 1558">
    <p class='ocr_par' dir='ltr' id='par_1_58' title="bbox 2202 1469 3816 1558">
     <span class='ocr_line' id='line_1_58' title="bbox 2202 1469 3816 1558; baseline -0.011 -16"><span class='ocrx_word' id='word_1_419' title='bbox 2202 1485 2389 1558; x_wconf 78' lang='lat' dir='ltr'><strong>Cyrilli</strong></span> <span class='ocrx_word' id='word_1_420' title='bbox 2433 1485 2774 1551; x_wconf 90' lang='lat' dir='ltr'><strong>aliorumque</strong></span> <span class='ocrx_word' id='word_1_421' title='bbox 2817 1477 3082 1549; x_wconf 64' lang='lat' dir='ltr'><strong>epistolae,</strong></span> <span class='ocrx_word' id='word_1_422' title='bbox 3122 1475 3190 1529; x_wconf 89' lang='lat' dir='ltr'><strong>ad</strong></span> <span class='ocrx_word' id='word_1_423' title='bbox 3241 1473 3385 1527; x_wconf 89' lang='lat' dir='ltr'><strong>hanc</strong></span> <span class='ocrx_word' id='word_1_424' title='bbox 3438 1469 3816 1540; x_wconf 86' lang='lat' dir='ltr'><strong>potissimum</strong></span> 
     </span>
    </p>
   </div>
   <div class='ocr_carea' id='block_1_59' title="bbox 2204 1561 3815 1643">
    <p class='ocr_par' dir='ltr' id='par_1_59' title="bbox 2204 1561 3815 1643">
     <span class='ocr_line' id='line_1_59' title="bbox 2204 1561 3815 1643; baseline -0.012 -11"><span class='ocrx_word' id='word_1_425' title='bbox 2204 1575 2630 1632; x_wconf 86' lang='lat' dir='ltr'><strong>controversiam</strong></span> <span class='ocrx_word' id='word_1_426' title='bbox 2660 1571 3024 1643; x_wconf 87' lang='lat' dir='ltr'><strong>pertinentes,</strong></span> <span class='ocrx_word' id='word_1_427' title='bbox 3059 1576 3116 1622; x_wconf 88' lang='lat' dir='ltr'><strong>et</strong></span> <span class='ocrx_word' id='word_1_428' title='bbox 3144 1567 3334 1637; x_wconf 90' lang='lat' dir='ltr'><strong>plures</strong></span> <span class='ocrx_word' id='word_1_429' title='bbox 3358 1561 3589 1618; x_wconf 90' lang='lat' dir='ltr'><strong>concilii</strong></span> <span class='ocrx_word' id='word_1_430' title='bbox 3621 1561 3815 1630; x_wconf 89' lang='lat' dir='ltr'><strong>Ephe-</strong></span> 
     </span>
    </p>
   </div>
   <div class='ocr_carea' id='block_1_60' title="bbox 2207 1651 3816 1730">
    <p class='ocr_par' dir='ltr' id='par_1_60' title="bbox 2207 1651 3816 1730">
     <span class='ocr_line' id='line_1_60' title="bbox 2207 1651 3816 1730; baseline -0.011 -10"><span class='ocrx_word' id='word_1_431' title='bbox 2207 1665 2312 1721; x_wconf 90' lang='lat' dir='ltr'><strong>siui</strong></span> <span class='ocrx_word' id='word_1_432' title='bbox 2336 1663 2628 1719; x_wconf 89' lang='lat' dir='ltr'><strong>relationes</strong></span> <span class='ocrx_word' id='word_1_433' title='bbox 2657 1661 2724 1717; x_wconf 88' lang='lat' dir='ltr'><strong>ad</strong></span> <span class='ocrx_word' id='word_1_434' title='bbox 2757 1661 3134 1730; x_wconf 87' lang='lat' dir='ltr'><strong>imperatores,</strong></span> <span class='ocrx_word' id='word_1_435' title='bbox 3167 1663 3332 1724; x_wconf 91' lang='lat' dir='ltr'><strong>atque</strong></span> <span class='ocrx_word' id='word_1_436' title='bbox 3377 1652 3638 1723; x_wconf 85' lang='lat' dir='ltr'><strong>epistolae</strong></span> <span class='ocrx_word' id='word_1_437' title='bbox 3670 1651 3816 1704; x_wconf 89' lang='lat' dir='ltr'><strong>alia—</strong></span> 
     </span>
    </p>
   </div>
   <div class='ocr_carea' id='block_1_61' title="bbox 2209 1741 3813 1827">
    <p class='ocr_par' dir='ltr' id='par_1_61' title="bbox 2209 1741 3813 1827">
     <span class='ocr_line' id='line_1_61' title="bbox 2209 1741 3813 1827; baseline -0.01 -16"><span class='ocrx_word' id='word_1_438' title='bbox 2209 1771 2315 1827; x_wconf 89' lang='lat' dir='ltr'><strong>que</strong></span> <span class='ocrx_word' id='word_1_439' title='bbox 2366 1754 2648 1824; x_wconf 89' lang='lat' dir='ltr'><strong>opuscula.</strong></span> <span class='ocrx_word' id='word_1_440' title='bbox 2693 1753 2920 1823; x_wconf 79' lang='lat' dir='ltr'><strong>Legitur</strong></span> <span class='ocrx_word' id='word_1_441' title='bbox 2972 1765 3030 1802; x_wconf 91' lang='lat' dir='ltr'><strong>n.</strong></span> <span class='ocrx_word' id='word_1_442' title='bbox 3078 1747 3148 1801; x_wconf 71' lang='grc'><strong>48</strong></span> <span class='ocrx_word' id='word_1_443' title='bbox 3191 1745 3382 1818; x_wconf 85' lang='lat' dir='ltr'><strong>Cyrilli</strong></span> <span class='ocrx_word' id='word_1_444' title='bbox 3426 1743 3678 1814; x_wconf 89' lang='lat' dir='ltr'><strong>epistola</strong></span> <span class='ocrx_word' id='word_1_445' title='bbox 3745 1741 3813 1796; x_wconf 87' lang='lat' dir='ltr'><strong>ad</strong></span> 
     </span>
    </p>
   </div>
   <div class='ocr_carea' id='block_1_62' title="bbox 2208 1833 3818 1918">
    <p class='ocr_par' dir='ltr' id='par_1_62' title="bbox 2208 1833 3818 1918">
     <span class='ocr_line' id='line_1_62' title="bbox 2208 1833 3818 1918; baseline -0.012 -12"><span class='ocrx_word' id='word_1_446' title='bbox 2208 1849 2502 1918; x_wconf 87' lang='lat' dir='ltr'><strong>Evoptium</strong></span> <span class='ocrx_word' id='word_1_447' title='bbox 2549 1855 2742 1902; x_wconf 87' lang='lat' dir='ltr'><strong>contra</strong></span> <span class='ocrx_word' id='word_1_448' title='bbox 2793 1841 3126 1899; x_wconf 89' lang='lat' dir='ltr'><strong>Theodoreti</strong></span> <span class='ocrx_word' id='word_1_449' title='bbox 3179 1837 3665 1908; x_wconf 82' lang='lat' dir='ltr'><strong>impugnationem</strong></span> <span class='ocrx_word' id='word_1_450' title='bbox 3717 1833 3818 1887; x_wconf 84' lang='lat' dir='ltr'><strong>XlI</strong></span> 
     </span>
    </p>
   </div>
   <div class='ocr_carea' id='block_1_63' title="bbox 2208 1925 3813 2001">
    <p class='ocr_par' dir='ltr' id='par_1_63' title="bbox 2208 1925 3813 2001">
     <span class='ocr_line' id='line_1_63' title="bbox 2208 1925 3813 2001; baseline -0.011 -6"><span class='ocrx_word' id='word_1_451' title='bbox 2208 1937 2815 2001; x_wconf 89' lang='lat' dir='ltr'><strong>anathematismorum,</strong></span> <span class='ocrx_word' id='word_1_452' title='bbox 2850 1949 2915 1989; x_wconf 90' lang='lat' dir='ltr'><strong>ac</strong></span> <span class='ocrx_word' id='word_1_453' title='bbox 2951 1948 3009 1986; x_wconf 91' lang='grc' dir='ltr'><strong>ιι.</strong></span> <span class='ocrx_word' id='word_1_454' title='bbox 3035 1931 3124 1996; x_wconf 78' lang='grc'><strong>49,</strong></span> <span class='ocrx_word' id='word_1_455' title='bbox 3157 1929 3348 2000; x_wconf 79' lang='lat' dir='ltr'><strong>Cyrilli</strong></span> <span class='ocrx_word' id='word_1_456' title='bbox 3379 1927 3477 1981; x_wconf 94' lang='lat' dir='ltr'><strong>XII</strong></span> <span class='ocrx_word' id='word_1_457' title='bbox 3505 1925 3813 1980; x_wconf 84' lang='lat' dir='ltr'><strong>Anathem.</strong></span> 
     </span>
    </p>
   </div>
   <div class='ocr_carea' id='block_1_64' title="bbox 2209 2021 3820 2096">
    <p class='ocr_par' dir='ltr' id='par_1_64' title="bbox 2209 2021 3820 2096">
     <span class='ocr_line' id='line_1_64' title="bbox 2209 2021 3820 2096; baseline -0.01 -8"><span class='ocrx_word' id='word_1_458' title='bbox 2209 2041 2400 2088; x_wconf 89' lang='lat' dir='ltr'><strong>contra</strong></span> <span class='ocrx_word' id='word_1_459' title='bbox 2423 2029 2760 2093; x_wconf 83' lang='lat' dir='ltr'><strong>Nestorium,</strong></span> <span class='ocrx_word' id='word_1_460' title='bbox 2791 2041 3094 2096; x_wconf 90' lang='lat' dir='ltr'><strong>eorumque</strong></span> <span class='ocrx_word' id='word_1_461' title='bbox 3119 2021 3432 2093; x_wconf 83' lang='lat' dir='ltr'><strong>explanatio</strong></span> <span class='ocrx_word' id='word_1_462' title='bbox 3455 2035 3656 2075; x_wconf 89' lang='lat' dir='ltr'><strong>coram</strong></span> <span class='ocrx_word' id='word_1_463' title='bbox 3683 2035 3820 2074; x_wconf 81' lang='lat' dir='ltr'><strong>con-</strong></span> 
     </span>
    </p>
   </div>
   <div class='ocr_carea' id='block_1_65' title="bbox 2209 2110 3818 2192">
    <p class='ocr_par' dir='ltr' id='par_1_65' title="bbox 2209 2110 3818 2192">
     <span class='ocr_line' id='line_1_65' title="bbox 2209 2110 3818 2192; baseline -0.008 -14"><span class='ocrx_word' id='word_1_464' title='bbox 2209 2124 2336 2178; x_wconf 91' lang='lat' dir='ltr'><strong>cilio</strong></span> <span class='ocrx_word' id='word_1_465' title='bbox 2369 2121 2669 2192; x_wconf 86' lang='lat' dir='ltr'><strong>Ephesino,</strong></span> <span class='ocrx_word' id='word_1_466' title='bbox 2703 2127 2767 2174; x_wconf 91' lang='lat' dir='ltr'><strong>ut</strong></span> <span class='ocrx_word' id='word_1_467' title='bbox 2795 2126 2851 2172; x_wconf 92' lang='lat' dir='ltr'><strong>et</strong></span> <span class='ocrx_word' id='word_1_468' title='bbox 2873 2115 3192 2172; x_wconf 85' lang='lat' dir='ltr'><strong>eorumdem</strong></span> <span class='ocrx_word' id='word_1_469' title='bbox 3236 2112 3487 2168; x_wconf 87' lang='lat' dir='ltr'><strong>defensio</strong></span> <span class='ocrx_word' id='word_1_470' title='bbox 3539 2110 3818 2165; x_wconf 87' lang='lat' dir='ltr'><strong>adversus</strong></span> 
     </span>
    </p>
   </div>
   <div class='ocr_carea' id='block_1_66' title="bbox 2209 2201 3814 2281">
    <p class='ocr_par' dir='ltr' id='par_1_66' title="bbox 2209 2201 3814 2281">
     <span class='ocr_line' id='line_1_66' title="bbox 2209 2201 3814 2281; baseline -0.009 -12"><span class='ocrx_word' id='word_1_471' title='bbox 2209 2213 2539 2269; x_wconf 87' lang='lat' dir='ltr'><strong>Theodoreti</strong></span> <span class='ocrx_word' id='word_1_472' title='bbox 2564 2209 3040 2281; x_wconf 89' lang='lat' dir='ltr'><strong>reprehensiones.</strong></span> <span class='ocrx_word' id='word_1_473' title='bbox 3077 2205 3140 2260; x_wconf 70' lang='grc' dir='ltr'><strong>γ.</strong></span> <span class='ocrx_word' id='word_1_474' title='bbox 3173 2201 3455 2258; x_wconf 86' lang='lat' dir='ltr'><strong>Lambecii</strong></span> <span class='ocrx_word' id='word_1_475' title='bbox 3506 2201 3814 2256; x_wconf 85' lang='lat' dir='ltr'><strong>Comment.</strong></span> 
     </span>
    </p>
   </div>
   <div class='ocr_carea' id='block_1_67' title="bbox 2209 2289 3816 2370">
    <p class='ocr_par' dir='ltr' id='par_1_67' title="bbox 2209 2289 3816 2370">
     <span class='ocr_line' id='line_1_67' title="bbox 2209 2289 3816 2370; baseline -0.008 -13"><span class='ocrx_word' id='word_1_476' title='bbox 2209 2303 2299 2367; x_wconf 91' lang='grc'><strong>111,</strong></span> <span class='ocrx_word' id='word_1_477' title='bbox 2323 2301 2426 2356; x_wconf 83' lang='grc'><strong>001.</strong></span> <span class='ocrx_word' id='word_1_478' title='bbox 2459 2301 2564 2355; x_wconf 86' lang='grc'><strong>592</strong></span> <span class='ocrx_word' id='word_1_479' title='bbox 2595 2315 2702 2370; x_wconf 91' lang='lat' dir='ltr'><strong>sq.,</strong></span> <span class='ocrx_word' id='word_1_480' title='bbox 2741 2298 2833 2354; x_wconf 88' lang='lat' dir='ltr'><strong>ubi</strong></span> <span class='ocrx_word' id='word_1_481' title='bbox 2861 2311 2993 2352; x_wconf 86' lang='lat' dir='ltr'><strong>vero</strong></span> <span class='ocrx_word' id='word_1_482' title='bbox 3019 2294 3223 2348; x_wconf 80' lang='lat' dir='ltr'><strong>Kollar.</strong></span> <span class='ocrx_word' id='word_1_483' title='bbox 3261 2289 3667 2346; x_wconf 85' lang='lat' dir='ltr'><strong>animadvertit</strong></span> <span class='ocrx_word' id='word_1_484' title='bbox 3687 2305 3816 2345; x_wconf 86' lang='lat' dir='ltr'><strong>esse</strong></span> 
     </span>
    </p>
   </div>
   <div class='ocr_carea' id='block_1_68' title="bbox 2209 2379 3816 2462">
    <p class='ocr_par' dir='ltr' id='par_1_68' title="bbox 2209 2379 3816 2462">
     <span class='ocr_line' id='line_1_68' title="bbox 2209 2379 3816 2462; baseline -0.008 -16"><span class='ocrx_word' id='word_1_485' title='bbox 2209 2390 2517 2462; x_wconf 84' lang='lat' dir='ltr'><strong>apologiam</strong></span> <span class='ocrx_word' id='word_1_486' title='bbox 2553 2405 2656 2459; x_wconf 91' lang='lat' dir='ltr'><strong>pro</strong></span> <span class='ocrx_word' id='word_1_487' title='bbox 2681 2387 2776 2442; x_wconf 89' lang='lat' dir='ltr'><strong>XII</strong></span> <span class='ocrx_word' id='word_1_488' title='bbox 2805 2381 3294 2441; x_wconf 83' lang='lat' dir='ltr'><strong>Anathematismis</strong></span> <span class='ocrx_word' id='word_1_489' title='bbox 3318 2379 3600 2435; x_wconf 88' lang='lat' dir='ltr'><strong>adversus</strong></span> <span class='ocrx_word' id='word_1_490' title='bbox 3625 2381 3816 2435; x_wconf 90' lang='lat' dir='ltr'><strong>Theo-</strong></span> 
     </span>
    </p>
   </div>
   <div class='ocr_carea' id='block_1_69' title="bbox 2211 2475 3818 2546">
    <p class='ocr_par' dir='ltr' id='par_1_69' title="bbox 2211 2475 3818 2546">
     <span class='ocr_line' id='line_1_69' title="bbox 2211 2475 3818 2546; baseline -0.006 -8"><span class='ocrx_word' id='word_1_491' title='bbox 2211 2483 2488 2546; x_wconf 90' lang='lat' dir='ltr'><strong>doretum,</strong></span> <span class='ocrx_word' id='word_1_492' title='bbox 2515 2481 2567 2536; x_wconf 91' lang='lat' dir='ltr'><strong>ei</strong></span> <span class='ocrx_word' id='word_1_493' title='bbox 2593 2489 2774 2536; x_wconf 89' lang='lat' dir='ltr'><strong>tamen</strong></span> <span class='ocrx_word' id='word_1_494' title='bbox 2807 2478 3048 2533; x_wconf 90' lang='lat' dir='ltr'><strong>immista</strong></span> <span class='ocrx_word' id='word_1_495' title='bbox 3079 2491 3202 2532; x_wconf 89' lang='lat' dir='ltr'><strong>esse</strong></span> <span class='ocrx_word' id='word_1_496' title='bbox 3249 2475 3522 2530; x_wconf 88' lang='lat' dir='ltr'><strong>nonnulla</strong></span> <span class='ocrx_word' id='word_1_497' title='bbox 3574 2484 3689 2530; x_wconf 87' lang='lat' dir='ltr'><strong>tam</strong></span> <span class='ocrx_word' id='word_1_498' title='bbox 3747 2491 3818 2530; x_wconf 86' lang='lat' dir='ltr'><strong>ex</strong></span> 
     </span>
    </p>
   </div>
   <div class='ocr_carea' id='block_1_70' title="bbox 2211 2564 3814 2639">
    <p class='ocr_par' dir='ltr' id='par_1_70' title="bbox 2211 2564 3814 2639">
     <span class='ocr_line' id='line_1_70' title="bbox 2211 2564 3814 2639; baseline -0.004 -13"><span class='ocrx_word' id='word_1_499' title='bbox 2211 2571 2532 2626; x_wconf 90' lang='lat' dir='ltr'><strong>eorumdem</strong></span> <span class='ocrx_word' id='word_1_500' title='bbox 2555 2569 2962 2639; x_wconf 76' lang='lat' dir='ltr'><strong>explanatione,</strong></span> <span class='ocrx_word' id='word_1_501' title='bbox 2993 2581 3158 2636; x_wconf 88' lang='lat' dir='ltr'><strong>quam</strong></span> <span class='ocrx_word' id='word_1_502' title='bbox 3193 2564 3358 2620; x_wconf 89' lang='lat' dir='ltr'><strong>etiam</strong></span> <span class='ocrx_word' id='word_1_503' title='bbox 3406 2581 3480 2619; x_wconf 81' lang='lat' dir='ltr'><strong>ex</strong></span> <span class='ocrx_word' id='word_1_504' title='bbox 3532 2567 3814 2638; x_wconf 83' lang='lat' dir='ltr'><strong>apologia,</strong></span> 
     </span>
    </p>
   </div>
   <div class='ocr_carea' id='block_1_71' title="bbox 2212 2657 3817 2728">
    <p class='ocr_par' dir='ltr' id='par_1_71' title="bbox 2212 2657 3817 2728">
     <span class='ocr_line' id='line_1_71' title="bbox 2212 2657 3817 2728; baseline -0.004 -11"><span class='ocrx_word' id='word_1_505' title='bbox 2212 2662 2474 2717; x_wconf 89' lang='lat' dir='ltr'><strong>adversus</strong></span> <span class='ocrx_word' id='word_1_506' title='bbox 2501 2659 2809 2716; x_wconf 87' lang='lat' dir='ltr'><strong>Orientales</strong></span> <span class='ocrx_word' id='word_1_507' title='bbox 2831 2660 3150 2728; x_wconf 85' lang='lat' dir='ltr'><strong>desumpta;</strong></span> <span class='ocrx_word' id='word_1_508' title='bbox 3182 2657 3415 2728; x_wconf 79' lang='lat' dir='ltr'><strong>etdigna</strong></span> <span class='ocrx_word' id='word_1_509' title='bbox 3429 2657 3557 2714; x_wconf 73' lang='lat' dir='ltr'><strong>haec</strong></span> <span class='ocrx_word' id='word_1_510' title='bbox 3584 2658 3817 2713; x_wconf 87' lang='lat' dir='ltr'><strong>omnino</strong></span> 
     </span>
    </p>
   </div>
   <div class='ocr_carea' id='block_1_72' title="bbox 2212 2748 3814 2824">
    <p class='ocr_par' dir='ltr' id='par_1_72' title="bbox 2212 2748 3814 2824">
     <span class='ocr_line' id='line_1_72' title="bbox 2212 2748 3814 2824; baseline -0.004 -16"><span class='ocrx_word' id='word_1_511' title='bbox 2212 2769 2334 2808; x_wconf 89' lang='lat' dir='ltr'><strong>esse</strong></span> <span class='ocrx_word' id='word_1_512' title='bbox 2372 2768 2494 2824; x_wconf 84' lang='lat' dir='ltr'><strong>quae</strong></span> <span class='ocrx_word' id='word_1_513' title='bbox 2548 2766 2674 2808; x_wconf 90' lang='lat' dir='ltr'><strong>cum</strong></span> <span class='ocrx_word' id='word_1_514' title='bbox 2719 2750 2854 2806; x_wconf 91' lang='lat' dir='ltr'><strong>edit.</strong></span> <span class='ocrx_word' id='word_1_515' title='bbox 2903 2749 3132 2804; x_wconf 87' lang='lat' dir='ltr'><strong>Auberti</strong></span> <span class='ocrx_word' id='word_1_516' title='bbox 3183 2756 3314 2802; x_wconf 91' lang='lat' dir='ltr'><strong>tom.</strong></span> <span class='ocrx_word' id='word_1_517' title='bbox 3359 2748 3449 2812; x_wconf 84' lang='lat' dir='ltr'><strong>Vl,</strong></span> <span class='ocrx_word' id='word_1_518' title='bbox 3515 2765 3644 2821; x_wconf 85' lang='lat' dir='ltr'><strong>pag.</strong></span> <span class='ocrx_word' id='word_1_519' title='bbox 3687 2749 3814 2812; x_wconf 86' lang='grc'><strong>205,</strong></span> 
     </span>
    </p>
   </div>
   <div class='ocr_carea' id='block_1_73' title="bbox 2213 2839 3814 2912">
    <p class='ocr_par' dir='ltr' id='par_1_73' title="bbox 2213 2839 3814 2912">
     <span class='ocr_line' id='line_1_73' title="bbox 2213 2839 3814 2912; baseline -0.004 -12"><span class='ocrx_word' id='word_1_520' title='bbox 2213 2844 2588 2909; x_wconf 85' lang='lat' dir='ltr'><strong>conferantur,</strong></span> <span class='ocrx_word' id='word_1_521' title='bbox 2622 2843 2826 2912; x_wconf 89' lang='lat' dir='ltr'><strong>quippe</strong></span> <span class='ocrx_word' id='word_1_522' title='bbox 2848 2857 2974 2898; x_wconf 90' lang='lat' dir='ltr'><strong>cum</strong></span> <span class='ocrx_word' id='word_1_523' title='bbox 3006 2841 3094 2896; x_wconf 88' lang='lat' dir='ltr'><strong>vel</strong></span> <span class='ocrx_word' id='word_1_524' title='bbox 3124 2840 3315 2911; x_wconf 65' lang='lat' dir='ltr'><strong>primae</strong></span> <span class='ocrx_word' id='word_1_525' title='bbox 3340 2839 3814 2898; x_wconf 37' lang='lat' dir='ltr'><strong>Theodoreti‘an-</strong></span> 
     </span>
    </p>
   </div>
   <div class='ocr_carea' id='block_1_74' title="bbox 2217 2933 3814 3004">
    <p class='ocr_par' dir='ltr' id='par_1_74' title="bbox 2217 2933 3814 3004">
     <span class='ocr_line' id='line_1_74' title="bbox 2217 2933 3814 3004; baseline -0.001 -14"><span class='ocrx_word' id='word_1_526' title='bbox 2217 2937 2512 2992; x_wconf 86' lang='lat' dir='ltr'><strong>tirrlieseos</strong></span> <span class='ocrx_word' id='word_1_527' title='bbox 2547 2935 2764 2990; x_wconf 85' lang='lat' dir='ltr'><strong>initium</strong></span> <span class='ocrx_word' id='word_1_528' title='bbox 2793 2951 2860 2989; x_wconf 85' lang='lat' dir='ltr'><strong>ex</strong></span> <span class='ocrx_word' id='word_1_529' title='bbox 2883 2935 3050 2988; x_wconf 91' lang='lat' dir='ltr'><strong>hocce</strong></span> <span class='ocrx_word' id='word_1_530' title='bbox 3075 2933 3197 2988; x_wconf 91' lang='lat' dir='ltr'><strong>cod.</strong></span> <span class='ocrx_word' id='word_1_531' title='bbox 3221 2933 3493 3004; x_wconf 83' lang='lat' dir='ltr'><strong>integrius</strong></span> <span class='ocrx_word' id='word_1_532' title='bbox 3521 2933 3642 2988; x_wconf 87' lang='lat' dir='ltr'><strong>dari</strong></span> <span class='ocrx_word' id='word_1_533' title='bbox 3685 2950 3814 3004; x_wconf 91' lang='lat' dir='ltr'><strong>pos-</strong></span> 
     </span>
    </p>
   </div>
   <div class='ocr_carea' id='block_1_75' title="bbox 2215 3022 3815 3088">
    <p class='ocr_par' dir='ltr' id='par_1_75' title="bbox 2215 3022 3815 3088">
     <span class='ocr_line' id='line_1_75' title="bbox 2215 3022 3815 3088; baseline -0.003 -7"><span class='ocrx_word' id='word_1_534' title='bbox 2215 3025 2306 3082; x_wconf 83' lang='lat' dir='ltr'><strong>sit.</strong></span> <span class='ocrx_word' id='word_1_535' title='bbox 2335 3026 2398 3081; x_wconf 90' lang='lat' dir='ltr'><strong>In</strong></span> <span class='ocrx_word' id='word_1_536' title='bbox 2425 3025 2546 3080; x_wconf 91' lang='lat' dir='ltr'><strong>cod.</strong></span> <span class='ocrx_word' id='word_1_537' title='bbox 2571 3023 2754 3088; x_wconf 87' lang='lat' dir='ltr'><strong>CLXI,</strong></span> <span class='ocrx_word' id='word_1_538' title='bbox 2781 3039 2838 3077; x_wconf 89' lang='grc' dir='ltr'><strong>ιι.</strong></span> <span class='ocrx_word' id='word_1_539' title='bbox 2881 3022 2935 3087; x_wconf 87' lang='grc'><strong>5,</strong></span> <span class='ocrx_word' id='word_1_540' title='bbox 2979 3022 3492 3076; x_wconf 85' lang='lat' dir='ltr'><strong>Anathematismus</strong></span> <span class='ocrx_word' id='word_1_541' title='bbox 3541 3023 3636 3087; x_wconf 89' lang='lat' dir='ltr'><strong>IX,</strong></span> <span class='ocrx_word' id='word_1_542' title='bbox 3687 3039 3815 3077; x_wconf 90' lang='lat' dir='ltr'><strong>eum</strong></span> 
     </span>
    </p>
   </div>
   <div class='ocr_carea' id='block_1_76' title="bbox 2213 3111 3816 3185">
    <p class='ocr_par' dir='ltr' id='par_1_76' title="bbox 2213 3111 3816 3185">
     <span class='ocr_line' id='line_1_76' title="bbox 2213 3111 3816 3185; baseline -0.002 -15"><span class='ocrx_word' id='word_1_543' title='bbox 2213 3115 2510 3172; x_wconf 90' lang='lat' dir='ltr'><strong>antirrhesi</strong></span> <span class='ocrx_word' id='word_1_544' title='bbox 2543 3114 2874 3170; x_wconf 89' lang='lat' dir='ltr'><strong>Theodoreti</strong></span> <span class='ocrx_word' id='word_1_545' title='bbox 2909 3121 2965 3169; x_wconf 89' lang='lat' dir='ltr'><strong>et</strong></span> <span class='ocrx_word' id='word_1_546' title='bbox 2987 3111 3236 3184; x_wconf 80' lang='lat' dir='ltr'><strong>apologia</strong></span> <span class='ocrx_word' id='word_1_547' title='bbox 3263 3111 3494 3184; x_wconf 87' lang='lat' dir='ltr'><strong>Cyrilli:</strong></span> <span class='ocrx_word' id='word_1_548' title='bbox 3531 3115 3720 3185; x_wconf 83' lang='lat' dir='ltr'><strong>agitur</strong></span> <span class='ocrx_word' id='word_1_549' title='bbox 3744 3113 3816 3168; x_wconf 90' lang='lat' dir='ltr'><strong>de</strong></span> 
     </span>
    </p>
   </div>
   <div class='ocr_carea' id='block_1_77' title="bbox 2213 3205 3814 3278">
    <p class='ocr_par' dir='ltr' id='par_1_77' title="bbox 2213 3205 3814 3278">
     <span class='ocr_line' id='line_1_77' title="bbox 2213 3205 3814 3278; baseline -0.002 -16"><span class='ocrx_word' id='word_1_550' title='bbox 2213 3208 2566 3278; x_wconf 91' lang='lat' dir='ltr'><strong>processione</strong></span> <span class='ocrx_word' id='word_1_551' title='bbox 2619 3206 2858 3278; x_wconf 89' lang='lat' dir='ltr'><strong>Spiritus</strong></span> <span class='ocrx_word' id='word_1_552' title='bbox 2901 3205 3098 3261; x_wconf 88' lang='lat' dir='ltr'><strong>sancti.</strong></span> <span class='ocrx_word' id='word_1_553' title='bbox 3153 3205 3219 3260; x_wconf 88' lang='lat' dir='ltr'><strong>V.</strong></span> <span class='ocrx_word' id='word_1_554' title='bbox 3283 3205 3550 3260; x_wconf 83' lang='lat' dir='ltr'><strong>Lambec.</strong></span> <span class='ocrx_word' id='word_1_555' title='bbox 3620 3205 3710 3270; x_wconf 87' lang='lat' dir='ltr'><strong>IV,</strong></span> <span class='ocrx_word' id='word_1_556' title='bbox 3757 3221 3814 3276; x_wconf 88' lang='lat' dir='ltr'><strong>p.</strong></span> 
     </span>
    </p>
   </div>
   <div class='ocr_carea' id='block_1_78' title="bbox 2215 3300 2550 3355">
    <p class='ocr_par' dir='ltr' id='par_1_78' title="bbox 2215 3300 2550 3355">
     <span class='ocr_line' id='line_1_78' title="bbox 2215 3300 2550 3355; baseline -0.003 -1"><span class='ocrx_word' id='word_1_557' title='bbox 2215 3301 2338 3355; x_wconf 76' lang='grc'><strong>559.</strong></span> <span class='ocrx_word' id='word_1_558' title='bbox 2385 3300 2550 3355; x_wconf 69' lang='lat' dir='ltr'><strong>lenL.</strong></span> 
     </span>
    </p>
   </div>
   <div class='ocr_carea' id='block_1_79' title="bbox 2287 3387 3816 3463">
    <p class='ocr_par' dir='ltr' id='par_1_79' title="bbox 2287 3387 3816 3463">
     <span class='ocr_line' id='line_1_79' title="bbox 2287 3387 3816 3463; baseline -0.005 -15"><span class='ocrx_word' id='word_1_559' title='bbox 2287 3400 2356 3448; x_wconf 85' lang='grc' dir='ltr'><strong>κ’.</strong></span> <span class='ocrx_word' id='word_1_560' title='bbox 2395 3391 2836 3463; x_wconf 77' lang='grc' dir='ltr'><strong>Ἀπολογητικός,</strong></span> <span class='ocrx_word' id='word_1_561' title='bbox 2880 3387 3264 3462; x_wconf 82' lang='lat' dir='ltr'><strong>Apologeticus</strong></span> <span class='ocrx_word' id='word_1_562' title='bbox 3292 3388 3360 3442; x_wconf 89' lang='lat' dir='ltr'><strong>ad</strong></span> <span class='ocrx_word' id='word_1_563' title='bbox 3389 3387 3530 3458; x_wconf 85' lang='lat' dir='ltr'><strong>imp.</strong></span> <span class='ocrx_word' id='word_1_564' title='bbox 3562 3387 3816 3442; x_wconf 90' lang='lat' dir='ltr'><strong>Theodo-</strong></span> 
     </span>
    </p>
   </div>
   <div class='ocr_carea' id='block_1_80' title="bbox 2219 3479 3814 3557">
    <p class='ocr_par' dir='ltr' id='par_1_80' title="bbox 2219 3479 3814 3557">
     <span class='ocr_line' id='line_1_80' title="bbox 2219 3479 3814 3557; baseline -0.007 -13"><span class='ocrx_word' id='word_1_565' title='bbox 2219 3489 2383 3544; x_wconf 89' lang='lat' dir='ltr'><strong>sium.</strong></span> <span class='ocrx_word' id='word_1_566' title='bbox 2420 3487 2548 3557; x_wconf 87' lang='lat' dir='ltr'><strong>Pag.</strong></span> <span class='ocrx_word' id='word_1_567' title='bbox 2586 3483 2842 3540; x_wconf 72' lang='grc'><strong>241-252.</strong></span> <span class='ocrx_word' id='word_1_568' title='bbox 2876 3482 3076 3552; x_wconf 89' lang='lat' dir='ltr'><strong>Incipit</strong></span> <span class='ocrx_word' id='word_1_569' title='bbox 3107 3498 3121 3536; x_wconf 86' lang='lat'><strong>:</strong></span> <span class='ocrx_word' id='word_1_570' title='bbox 3162 3481 3226 3534; x_wconf 85' lang='grc' dir='ltr'>Ἣ</span> <span class='ocrx_word' id='word_1_571' title='bbox 3255 3480 3352 3550; x_wconf 81' lang='grc' dir='ltr'><strong>μὲν</strong></span> <span class='ocrx_word' id='word_1_572' title='bbox 3387 3479 3515 3534; x_wconf 82' lang='grc' dir='ltr'><strong>Θεία</strong></span> <span class='ocrx_word' id='word_1_573' title='bbox 3547 3480 3644 3534; x_wconf 70' lang='grc' dir='ltr'><strong>καὶ</strong></span> <span class='ocrx_word' id='word_1_574' title='bbox 3676 3479 3814 3549; x_wconf 73' lang='grc' dir='ltr'><strong>ἀκή-</strong></span> 
     </span>
    </p>
   </div>
   <div class='ocr_carea' id='block_1_81' title="bbox 2221 3570 3819 3650">
    <p class='ocr_par' dir='ltr' id='par_1_81' title="bbox 2221 3570 3819 3650">
     <span class='ocr_line' id='line_1_81' title="bbox 2221 3570 3819 3650; baseline -0.005 -19"><span class='ocrx_word' id='word_1_575' title='bbox 2221 3595 2402 3650; x_wconf 70' lang='grc' dir='ltr'><strong>ρατος.</strong></span> <span class='ocrx_word' id='word_1_576' title='bbox 2458 3577 2518 3630; x_wconf 89' lang='lat' dir='ltr'><strong>In</strong></span> <span class='ocrx_word' id='word_1_577' title='bbox 2568 3573 2784 3630; x_wconf 87' lang='lat' dir='ltr'><strong>Latinis</strong></span> <span class='ocrx_word' id='word_1_578' title='bbox 2833 3571 3174 3628; x_wconf 90' lang='lat' dir='ltr'><strong>editionibus</strong></span> <span class='ocrx_word' id='word_1_579' title='bbox 3220 3570 3423 3640; x_wconf 80' lang='lat' dir='ltr'><strong>legitur</strong></span> <span class='ocrx_word' id='word_1_580' title='bbox 3477 3586 3516 3625; x_wconf 86' lang='lat' dir='ltr'><strong>e</strong></span> <span class='ocrx_word' id='word_1_581' title='bbox 3554 3570 3819 3626; x_wconf 90' lang='lat' dir='ltr'><strong>versione</strong></span> 
     </span>
    </p>
   </div>
   <div class='ocr_carea' id='block_1_82' title="bbox 2217 3661 3817 3737">
    <p class='ocr_par' dir='ltr' id='par_1_82' title="bbox 2217 3661 3817 3737">
     <span class='ocr_line' id='line_1_82' title="bbox 2217 3661 3817 3737; baseline -0.005 -15"><span class='ocrx_word' id='word_1_582' title='bbox 2217 3663 2815 3737; x_wconf 82' lang='lat' dir='ltr'><strong>Wolfgangi&#39;Musculi.</strong></span> <span class='ocrx_word' id='word_1_583' title='bbox 2873 3662 2981 3717; x_wconf 86' lang='lat' dir='ltr'><strong>Sed</strong></span> <span class='ocrx_word' id='word_1_584' title='bbox 3022 3661 3302 3716; x_wconf 86' lang='lat' dir='ltr'><strong>Aubertus</strong></span> <span class='ocrx_word' id='word_1_585' title='bbox 3354 3662 3608 3729; x_wconf 53' lang='lat' dir='ltr'><strong>praitulit</strong></span> <span class='ocrx_word' id='word_1_586' title='bbox 3667 3661 3817 3715; x_wconf 88' lang='lat' dir='ltr'><strong>illam</strong></span> 
     </span>
    </p>
   </div>
   <div class='ocr_carea' id='block_1_83' title="bbox 2221 3746 3818 3828">
    <p class='ocr_par' dir='ltr' id='par_1_83' title="bbox 2221 3746 3818 3828">
     <span class='ocr_line' id='line_1_83' title="bbox 2221 3746 3818 3828; baseline -0.003 -16"><span class='ocrx_word' id='word_1_587' title='bbox 2221 3773 2455 3828; x_wconf 88' lang='lat' dir='ltr'><strong>quacum</strong></span> <span class='ocrx_word' id='word_1_588' title='bbox 2484 3763 2662 3810; x_wconf 82' lang='lat' dir='ltr'><strong>exstat</strong></span> <span class='ocrx_word' id='word_1_589' title='bbox 2695 3755 2749 3809; x_wconf 92' lang='lat' dir='ltr'><strong>in</strong></span> <span class='ocrx_word' id='word_1_590' title='bbox 2775 3763 2927 3824; x_wconf 87' lang='lat' dir='ltr'><strong>parte</strong></span> <span class='ocrx_word' id='word_1_591' title='bbox 2957 3770 3012 3807; x_wconf 91' lang='lat' dir='ltr'><strong>III</strong></span> <span class='ocrx_word' id='word_1_592' title='bbox 3049 3753 3310 3808; x_wconf 83' lang='lat' dir='ltr'><strong>Actorum</strong></span> <span class='ocrx_word' id='word_1_593' title='bbox 3355 3746 3587 3806; x_wconf 88' lang='lat' dir='ltr'><strong>concilii</strong></span> <span class='ocrx_word' id='word_1_594' title='bbox 3630 3753 3818 3822; x_wconf 84' lang='lat' dir='ltr'><strong>Ephe-</strong></span> 
     </span>
    </p>
   </div>
   <div class='ocr_carea' id='block_1_84' title="bbox 2225 3843 3816 3918">
    <p class='ocr_par' dir='ltr' id='par_1_84' title="bbox 2225 3843 3816 3918">
     <span class='ocr_line' id='line_1_84' title="bbox 2225 3843 3816 3918; baseline -0.004 -15"><span class='ocrx_word' id='word_1_595' title='bbox 2225 3847 2352 3913; x_wconf 90' lang='lat' dir='ltr'><strong>sini,</strong></span> <span class='ocrx_word' id='word_1_596' title='bbox 2389 3864 2444 3918; x_wconf 88' lang='lat' dir='ltr'><strong>p.</strong></span> <span class='ocrx_word' id='word_1_597' title='bbox 2486 3846 2613 3902; x_wconf 84' lang='grc'><strong>597.</strong></span> <span class='ocrx_word' id='word_1_598' title='bbox 2645 3846 2778 3901; x_wconf 85' lang='lat' dir='ltr'><strong>Vide</strong></span> <span class='ocrx_word' id='word_1_599' title='bbox 2808 3846 2877 3900; x_wconf 88' lang='lat' dir='ltr'><strong>de</strong></span> <span class='ocrx_word' id='word_1_600' title='bbox 2914 3845 3018 3899; x_wconf 91' lang='lat' dir='ltr'><strong>lioc</strong></span> <span class='ocrx_word' id='word_1_601' title='bbox 3054 3843 3428 3914; x_wconf 81' lang='lat' dir='ltr'><strong>Apologetico,</strong></span> <span class='ocrx_word' id='word_1_602' title='bbox 3461 3852 3592 3912; x_wconf 91' lang='lat' dir='ltr'><strong>post</strong></span> <span class='ocrx_word' id='word_1_603' title='bbox 3627 3843 3816 3898; x_wconf 88' lang='lat' dir='ltr'><strong>conci-</strong></span> 
     </span>
    </p>
   </div>
   <div class='ocr_carea' id='block_1_85' title="bbox 2224 3931 3816 4008">
    <p class='ocr_par' dir='ltr' id='par_1_85' title="bbox 2224 3931 3816 4008">
     <span class='ocr_line' id='line_1_85' title="bbox 2224 3931 3816 4008; baseline -0.004 -14"><span class='ocrx_word' id='word_1_604' title='bbox 2224 3939 2360 3994; x_wconf 90' lang='lat' dir='ltr'><strong>lium</strong></span> <span class='ocrx_word' id='word_1_605' title='bbox 2395 3939 2732 4008; x_wconf 88' lang='lat' dir='ltr'><strong>Ephesinum</strong></span> <span class='ocrx_word' id='word_1_606' title='bbox 2761 3937 2988 4006; x_wconf 90' lang='lat' dir='ltr'><strong>scripto,</strong></span> <span class='ocrx_word' id='word_1_607' title='bbox 3031 3934 3443 3988; x_wconf 87' lang='lat' dir='ltr'><strong>Tillemontium</strong></span> <span class='ocrx_word' id='word_1_608' title='bbox 3496 3942 3634 3988; x_wconf 87' lang='lat' dir='ltr'><strong>tom.</strong></span> <span class='ocrx_word' id='word_1_609' title='bbox 3675 3931 3816 4002; x_wconf 80' lang='lat' dir='ltr'><strong>XIV,</strong></span> 
     </span>
    </p>
   </div>
   <div class='ocr_carea' id='block_1_86' title="bbox 2226 4023 3814 4100">
    <p class='ocr_par' dir='ltr' id='par_1_86' title="bbox 2226 4023 3814 4100">
     <span class='ocr_line' id='line_1_86' title="bbox 2226 4023 3814 4100; baseline -0.003 -18"><span class='ocrx_word' id='word_1_610' title='bbox 2226 4045 2280 4100; x_wconf 89' lang='lat' dir='ltr'><strong>p.</strong></span> <span class='ocrx_word' id='word_1_611' title='bbox 2307 4029 2432 4084; x_wconf 90' lang='grc'><strong>501.</strong></span> <span class='ocrx_word' id='word_1_612' title='bbox 2469 4029 2628 4083; x_wconf 71' lang='grc' dir='ltr'><strong>ΡΑιιιι.</strong></span> <span class='ocrx_word' id='word_1_613' title='bbox 2659 4059 2727 4068; x_wconf 88' lang='lat'><strong>——</strong></span> <span class='ocrx_word' id='word_1_614' title='bbox 2756 4028 2816 4082; x_wconf 90' lang='lat' dir='ltr'><strong>In</strong></span> <span class='ocrx_word' id='word_1_615' title='bbox 2853 4026 3022 4080; x_wconf 85' lang='lat' dir='ltr'><strong>Mansi</strong></span> <span class='ocrx_word' id='word_1_616' title='bbox 3053 4023 3271 4081; x_wconf 78' lang='lat' dir='ltr'><strong>Collect.</strong></span> <span class='ocrx_word' id='word_1_617' title='bbox 3309 4023 3554 4094; x_wconf 83' lang='lat' dir='ltr'><strong>ampliss.</strong></span> <span class='ocrx_word' id='word_1_618' title='bbox 3601 4024 3814 4088; x_wconf 85' lang='lat' dir='ltr'><strong>concil.,</strong></span> 
     </span>
    </p>
   </div>
   <div class='ocr_carea' id='block_1_87' title="bbox 2226 4113 3813 4188">
    <p class='ocr_par' dir='ltr' id='par_1_87' title="bbox 2226 4113 3813 4188">
     <span class='ocr_line' id='line_1_87' title="bbox 2226 4113 3813 4188; baseline -0.003 -14"><span class='ocrx_word' id='word_1_619' title='bbox 2226 4119 2291 4184; x_wconf 86' lang='lat' dir='ltr'><strong>V,</strong></span> <span class='ocrx_word' id='word_1_620' title='bbox 2327 4134 2380 4188; x_wconf 92' lang='lat' dir='ltr'><strong>p.</strong></span> <span class='ocrx_word' id='word_1_621' title='bbox 2419 4117 2526 4172; x_wconf 74' lang='grc'><strong>218</strong></span> <span class='ocrx_word' id='word_1_622' title='bbox 2569 4133 2688 4187; x_wconf 85' lang='lat' dir='ltr'><strong>sqq.</strong></span> <span class='ocrx_word' id='word_1_623' title='bbox 2713 4157 2728 4180; x_wconf 89' lang='lat'><strong>,</strong></span> <span class='ocrx_word' id='word_1_624' title='bbox 2766 4117 2893 4171; x_wconf 88' lang='grc'><strong>257.</strong></span> <span class='ocrx_word' id='word_1_625' title='bbox 2927 4145 2998 4154; x_wconf 93' lang='grc'><strong><em>-</em></strong></span> <span class='ocrx_word' id='word_1_626' title='bbox 3040 4115 3098 4168; x_wconf 92' lang='lat' dir='ltr'><strong>In</strong></span> <span class='ocrx_word' id='word_1_627' title='bbox 3150 4113 3287 4168; x_wconf 86' lang='lat' dir='ltr'><strong>bibl.</strong></span> <span class='ocrx_word' id='word_1_628' title='bbox 3329 4114 3538 4169; x_wconf 86' lang='lat' dir='ltr'><strong>Bodlei.</strong></span> <span class='ocrx_word' id='word_1_629' title='bbox 3589 4116 3646 4169; x_wconf 90' lang='lat' dir='ltr'><strong>in</strong></span> <span class='ocrx_word' id='word_1_630' title='bbox 3687 4114 3813 4169; x_wconf 91' lang='lat' dir='ltr'><strong>eod.</strong></span> 
     </span>
    </p>
   </div>
   <div class='ocr_carea' id='block_1_88' title="bbox 2226 4204 3812 4276">
    <p class='ocr_par' dir='ltr' id='par_1_88' title="bbox 2226 4204 3812 4276">
     <span class='ocr_line' id='line_1_88' title="bbox 2226 4204 3812 4276; baseline -0.005 -10"><span class='ocrx_word' id='word_1_631' title='bbox 2226 4209 2420 4275; x_wconf 84' lang='lat' dir='ltr'><strong>Laudi,</strong></span> <span class='ocrx_word' id='word_1_632' title='bbox 2453 4225 2508 4263; x_wconf 91' lang='grc' dir='ltr'><strong>ιι.</strong></span> <span class='ocrx_word' id='word_1_633' title='bbox 2549 4208 2680 4262; x_wconf 83' lang='grc'><strong>1271</strong></span> <span class='ocrx_word' id='word_1_634' title='bbox 2715 4207 2912 4271; x_wconf 87' lang='lat' dir='ltr'><strong>Catal.,</strong></span> <span class='ocrx_word' id='word_1_635' title='bbox 2942 4204 3130 4276; x_wconf 83' lang='lat' dir='ltr'><strong>Cyrilli</strong></span> <span class='ocrx_word' id='word_1_636' title='bbox 3167 4206 3580 4276; x_wconf 86' lang='lat' dir='ltr'><strong>quatripartitus</strong></span> <span class='ocrx_word' id='word_1_637' title='bbox 3625 4206 3812 4276; x_wconf 83' lang='lat' dir='ltr'><strong>apolo-</strong></span> 
     </span>
    </p>
   </div>
   <div class='ocr_carea' id='block_1_89' title="bbox 2229 4303 2644 4374">
    <p class='ocr_par' dir='ltr' id='par_1_89' title="bbox 2229 4303 2644 4374">
     <span class='ocr_line' id='line_1_89' title="bbox 2229 4303 2644 4374; baseline 0 -18"><span class='ocrx_word' id='word_1_638' title='bbox 2229 4305 2444 4374; x_wconf 81' lang='lat' dir='ltr'><strong>geticns.</strong></span> <span class='ocrx_word' id='word_1_639' title='bbox 2478 4303 2644 4357; x_wconf 71' lang='grc' dir='ltr'><strong>11.ιιιι.,</strong></span> 
     </span>
    </p>
   </div>
   <div class='ocr_carea' id='block_1_90' title="bbox 534 4380 2115 4467">
    <p class='ocr_par' dir='ltr' id='par_1_90' title="bbox 534 4380 2115 4453">
     <span class='ocr_line' id='line_1_90' title="bbox 534 4380 2115 4453; baseline 0.004 -19"><span class='ocrx_word' id='word_1_640' title='bbox 534 4380 739 4452; x_wconf 87' lang='lat' dir='ltr'><strong>legium</strong></span> <span class='ocrx_word' id='word_1_641' title='bbox 757 4383 1169 4453; x_wconf 88' lang='lat' dir='ltr'><strong>apocrisiarium</strong></span> <span class='ocrx_word' id='word_1_642' title='bbox 1185 4400 1200 4448; x_wconf 91' lang='lat'><strong>;</strong></span> <span class='ocrx_word' id='word_1_643' title='bbox 1218 4391 1472 4452; x_wconf 87' lang='lat' dir='ltr'><strong>excerpta</strong></span> <span class='ocrx_word' id='word_1_644' title='bbox 1488 4397 1516 4437; x_wconf 91' lang='lat' dir='ltr'><strong>e</strong></span> <span class='ocrx_word' id='word_1_645' title='bbox 1534 4382 1758 4437; x_wconf 89' lang='lat' dir='ltr'><strong>sclioliis</strong></span> <span class='ocrx_word' id='word_1_646' title='bbox 1775 4382 1850 4437; x_wconf 90' lang='lat' dir='ltr'><strong>De</strong></span> <span class='ocrx_word' id='word_1_647' title='bbox 1867 4385 2115 4440; x_wconf 85' lang='lat' dir='ltr'><strong>incarna-</strong></span> 
     </span>
    </p>
   </div>
   <div class='ocr_carea' id='block_1_91' title="bbox 2215 4380 3810 4467">
    <p class='ocr_par' dir='ltr' id='par_1_91' title="bbox 2297 4389 3810 4467">
     <span class='ocr_line' id='line_1_91' title="bbox 2297 4389 3810 4467; baseline -0.005 -17"><span class='ocrx_word' id='word_1_648' title='bbox 2297 4393 2382 4467; x_wconf 90' lang='lat' dir='ltr'><strong>[V.</strong></span> <span class='ocrx_word' id='word_1_649' title='bbox 2433 4393 2646 4450; x_wconf 87' lang='lat' dir='ltr'><strong>Fabric.</strong></span> <span class='ocrx_word' id='word_1_650' title='bbox 2687 4394 2766 4448; x_wconf 89' lang='lat' dir='ltr'><strong>De</strong></span> <span class='ocrx_word' id='word_1_651' title='bbox 2809 4395 3087 4465; x_wconf 79' lang='lat' dir='ltr'><strong>scriptorr.</strong></span> <span class='ocrx_word' id='word_1_652' title='bbox 3131 4393 3196 4448; x_wconf 73' lang='lat' dir='ltr'><strong>a’e</strong></span> <span class='ocrx_word' id='word_1_653' title='bbox 3241 4392 3388 4448; x_wconf 84' lang='lat' dir='ltr'><strong>verit.</strong></span> <span class='ocrx_word' id='word_1_654' title='bbox 3437 4390 3536 4444; x_wconf 85' lang='lat' dir='ltr'><strong>rel.</strong></span> <span class='ocrx_word' id='word_1_655' title='bbox 3588 4389 3810 4454; x_wconf 87' lang='lat' dir='ltr'><strong>Christ.,</strong></span> 
     </span>
    </p>
   </div>
   <div class='ocr_carea' id='block_1_92' title="bbox 534 4474 2118 4548">
    <p class='ocr_par' dir='ltr' id='par_1_92' title="bbox 534 4474 2118 4548">
     <span class='ocr_line' id='line_1_92' title="bbox 534 4474 2118 4548; baseline 0.002 -21"><span class='ocrx_word' id='word_1_656' title='bbox 534 4476 674 4529; x_wconf 83' lang='lat' dir='ltr'><strong>tione</strong></span> <span class='ocrx_word' id='word_1_657' title='bbox 697 4475 991 4546; x_wconf 84' lang='lat' dir='ltr'><strong>Unigeniti;</strong></span> <span class='ocrx_word' id='word_1_658' title='bbox 1009 4485 1063 4530; x_wconf 90' lang='lat' dir='ltr'><strong>et</strong></span> <span class='ocrx_word' id='word_1_659' title='bbox 1076 4475 1263 4548; x_wconf 68' lang='lat' dir='ltr'><strong>Cyrilli</strong></span> <span class='ocrx_word' id='word_1_660' title='bbox 1283 4476 1528 4546; x_wconf 71' lang='lat' dir='ltr'><strong>epistolae</strong></span> <span class='ocrx_word' id='word_1_661' title='bbox 1545 4475 1665 4531; x_wconf 72' lang='lat' dir='ltr'><strong>dum</strong></span> <span class='ocrx_word' id='word_1_662' title='bbox 1677 4475 1745 4530; x_wconf 85' lang='lat' dir='ltr'><strong>ad</strong></span> <span class='ocrx_word' id='word_1_663' title='bbox 1766 4474 2118 4531; x_wconf 86' lang='lat' dir='ltr'><strong>Succensum.</strong></span> 
     </span>
    </p>
   </div>
   <div class='ocr_carea' id='block_1_93' title="bbox 606 4567 2120 4638">
    <p class='ocr_par' dir='ltr' id='par_1_93' title="bbox 606 4567 2120 4638">
     <span class='ocr_line' id='line_1_93' title="bbox 606 4567 2120 4638; baseline 0.002 -18"><span class='ocrx_word' id='word_1_664' title='bbox 606 4567 897 4621; x_wconf 64' lang='lat' dir='ltr'><strong>Florentiae</strong></span> <span class='ocrx_word' id='word_1_665' title='bbox 914 4567 969 4620; x_wconf 93' lang='lat' dir='ltr'><strong>in</strong></span> <span class='ocrx_word' id='word_1_666' title='bbox 998 4567 1133 4622; x_wconf 90' lang='lat' dir='ltr'><strong>bibl.</strong></span> <span class='ocrx_word' id='word_1_667' title='bbox 1157 4567 1416 4622; x_wconf 87' lang='lat' dir='ltr'><strong>Laurent.</strong></span> <span class='ocrx_word' id='word_1_668' title='bbox 1452 4567 1574 4623; x_wconf 92' lang='lat' dir='ltr'><strong>cod.</strong></span> <span class='ocrx_word' id='word_1_669' title='bbox 1610 4567 1800 4632; x_wconf 88' lang='lat' dir='ltr'><strong>XlI,n.</strong></span> <span class='ocrx_word' id='word_1_670' title='bbox 1821 4567 1874 4632; x_wconf 89' lang='lat'><strong>6,</strong></span> <span class='ocrx_word' id='word_1_671' title='bbox 1899 4568 2036 4638; x_wconf 92' lang='lat' dir='ltr'><strong>plut.</strong></span> <span class='ocrx_word' id='word_1_672' title='bbox 2067 4568 2120 4632; x_wconf 83' lang='lat'><strong>6,</strong></span> 
     </span>
    </p>
   </div>
   <div class='ocr_carea' id='block_1_94' title="bbox 529 4655 2124 4729">
    <p class='ocr_par' dir='ltr' id='par_1_94' title="bbox 529 4655 2124 4729">
     <span class='ocr_line' id='line_1_94' title="bbox 529 4655 2124 4729; baseline 0.001 -18"><span class='ocrx_word' id='word_1_673' title='bbox 529 4655 722 4728; x_wconf 83' lang='lat' dir='ltr'><strong>Cyrilli</strong></span> <span class='ocrx_word' id='word_1_674' title='bbox 753 4657 1198 4713; x_wconf 86' lang='lat' dir='ltr'><strong>aiiatlicmatisnii</strong></span> <span class='ocrx_word' id='word_1_675' title='bbox 1252 4658 1372 4723; x_wconf 87' lang='lat' dir='ltr'><strong>XII,</strong></span> <span class='ocrx_word' id='word_1_676' title='bbox 1421 4659 1501 4714; x_wconf 88' lang='lat' dir='ltr'><strong>ita</strong></span> <span class='ocrx_word' id='word_1_677' title='bbox 1554 4658 1780 4729; x_wconf 86' lang='lat' dir='ltr'><strong>quidem</strong></span> <span class='ocrx_word' id='word_1_678' title='bbox 1825 4658 2022 4729; x_wconf 86' lang='lat' dir='ltr'><strong>digesti</strong></span> <span class='ocrx_word' id='word_1_679' title='bbox 2061 4667 2124 4713; x_wconf 90' lang='lat' dir='ltr'><strong>ut</strong></span> 
     </span>
    </p>
   </div>
   <div class='ocr_carea' id='block_1_95' title="bbox 529 4748 2124 4822">
    <p class='ocr_par' dir='ltr' id='par_1_95' title="bbox 529 4748 2124 4822">
     <span class='ocr_line' id='line_1_95' title="bbox 529 4748 2124 4822; baseline 0.001 -17"><span class='ocrx_word' id='word_1_680' title='bbox 529 4765 727 4805; x_wconf 86' lang='lat' dir='ltr'><strong>eorum</strong></span> <span class='ocrx_word' id='word_1_681' title='bbox 753 4749 989 4819; x_wconf 89' lang='lat' dir='ltr'><strong>quilibet</strong></span> <span class='ocrx_word' id='word_1_682' title='bbox 1015 4751 1317 4821; x_wconf 86' lang='lat' dir='ltr'><strong>subiectam</strong></span> <span class='ocrx_word' id='word_1_683' title='bbox 1347 4751 1550 4806; x_wconf 88' lang='lat' dir='ltr'><strong>habeat</strong></span> <span class='ocrx_word' id='word_1_684' title='bbox 1573 4748 1760 4822; x_wconf 84' lang='lat' dir='ltr'><strong>Cyrilli</strong></span> <span class='ocrx_word' id='word_1_685' title='bbox 1785 4750 2124 4820; x_wconf 87' lang='lat' dir='ltr'><strong>explanatio-</strong></span> 
     </span>
    </p>
   </div>
   <div class='ocr_carea' id='block_1_96' title="bbox 531 4839 2115 4914">
    <p class='ocr_par' dir='ltr' id='par_1_96' title="bbox 531 4839 2115 4914">
     <span class='ocr_line' id='line_1_96' title="bbox 531 4839 2115 4914; baseline 0.001 -20"><span class='ocrx_word' id='word_1_686' title='bbox 531 4854 680 4904; x_wconf 87' lang='lat' dir='ltr'><strong>nem,</strong></span> <span class='ocrx_word' id='word_1_687' title='bbox 711 4839 1040 4895; x_wconf 85' lang='lat' dir='ltr'><strong>Theodoreti</strong></span> <span class='ocrx_word' id='word_1_688' title='bbox 1083 4841 1559 4910; x_wconf 88' lang='lat' dir='ltr'><strong>reprehensiones,</strong></span> <span class='ocrx_word' id='word_1_689' title='bbox 1601 4857 1666 4897; x_wconf 90' lang='lat' dir='ltr'><strong>ac</strong></span> <span class='ocrx_word' id='word_1_690' title='bbox 1705 4857 1897 4896; x_wconf 89' lang='lat' dir='ltr'><strong>rursus</strong></span> <span class='ocrx_word' id='word_1_691' title='bbox 1925 4841 2115 4914; x_wconf 77' lang='lat' dir='ltr'><strong>Cyrilli</strong></span> 
     </span>
    </p>
   </div>
   <div class='ocr_carea' id='block_1_97' title="bbox 531 4931 2117 5004">
    <p class='ocr_par' dir='ltr' id='par_1_97' title="bbox 531 4931 2117 5004">
     <span class='ocr_line' id='line_1_97' title="bbox 531 4931 2117 5004; baseline 0.003 -19"><span class='ocrx_word' id='word_1_692' title='bbox 531 4931 930 4998; x_wconf 83' lang='lat' dir='ltr'><strong>defensionem,</strong></span> <span class='ocrx_word' id='word_1_693' title='bbox 949 4934 1068 4990; x_wconf 88' lang='lat' dir='ltr'><strong>sive</strong></span> <span class='ocrx_word' id='word_1_694' title='bbox 1083 4949 1439 5004; x_wconf 87' lang='lat' dir='ltr'><strong>responsum:</strong></span> <span class='ocrx_word' id='word_1_695' title='bbox 1466 4933 1714 4988; x_wconf 91' lang='lat' dir='ltr'><strong>ordinem</strong></span> <span class='ocrx_word' id='word_1_696' title='bbox 1737 4949 1802 4988; x_wconf 92' lang='lat' dir='ltr'><strong>ac</strong></span> <span class='ocrx_word' id='word_1_697' title='bbox 1827 4933 2117 4989; x_wconf 87' lang='lat' dir='ltr'><strong>diversita-</strong></span> 
     </span>
    </p>
   </div>
   <div class='ocr_carea' id='block_1_98' title="bbox 533 5023 2125 5095">
    <p class='ocr_par' dir='ltr' id='par_1_98' title="bbox 533 5023 2125 5095">
     <span class='ocr_line' id='line_1_98' title="bbox 533 5023 2125 5095; baseline 0.003 -18"><span class='ocrx_word' id='word_1_698' title='bbox 533 5031 646 5077; x_wconf 84' lang='lat' dir='ltr'><strong>tem</strong></span> <span class='ocrx_word' id='word_1_699' title='bbox 681 5023 980 5079; x_wconf 89' lang='lat' dir='ltr'><strong>lectionum</strong></span> <span class='ocrx_word' id='word_1_700' title='bbox 1003 5025 1366 5095; x_wconf 89' lang='lat' dir='ltr'><strong>quarumdam</strong></span> <span class='ocrx_word' id='word_1_701' title='bbox 1395 5026 1465 5080; x_wconf 89' lang='lat' dir='ltr'><strong>ab</strong></span> <span class='ocrx_word' id='word_1_702' title='bbox 1493 5027 1662 5082; x_wconf 91' lang='lat' dir='ltr'><strong>editis</strong></span> <span class='ocrx_word' id='word_1_703' title='bbox 1709 5028 1935 5083; x_wconf 90' lang='lat' dir='ltr'><strong>uberius</strong></span> <span class='ocrx_word' id='word_1_704' title='bbox 1981 5027 2125 5082; x_wconf 90' lang='lat' dir='ltr'><strong>indi-</strong></span> 
     </span>
    </p>
   </div>
   <div class='ocr_carea' id='block_1_99' title="bbox 531 5113 2120 5190">
    <p class='ocr_par' dir='ltr' id='par_1_99' title="bbox 531 5113 2120 5190">
     <span class='ocr_line' id='line_1_99' title="bbox 531 5113 2120 5190; baseline 0.003 -20"><span class='ocrx_word' id='word_1_705' title='bbox 531 5123 622 5170; x_wconf 90' lang='lat' dir='ltr'><strong>cat</strong></span> <span class='ocrx_word' id='word_1_706' title='bbox 643 5113 876 5170; x_wconf 89' lang='lat' dir='ltr'><strong>Bandin.</strong></span> <span class='ocrx_word' id='word_1_707' title='bbox 930 5115 987 5171; x_wconf 88' lang='lat' dir='ltr'><strong>iii</strong></span> <span class='ocrx_word' id='word_1_708' title='bbox 1024 5114 1143 5170; x_wconf 88' lang='lat' dir='ltr'><strong>Cat.</strong></span> <span class='ocrx_word' id='word_1_709' title='bbox 1171 5117 1318 5170; x_wconf 87' lang='lat' dir='ltr'><strong>codd.</strong></span> <span class='ocrx_word' id='word_1_710' title='bbox 1347 5116 1440 5174; x_wconf 87' lang='lat' dir='ltr'><strong>Gr.</strong></span> <span class='ocrx_word' id='word_1_711' title='bbox 1469 5115 1634 5171; x_wconf 86' lang='lat' dir='ltr'><strong>Laur.</strong></span> <span class='ocrx_word' id='word_1_712' title='bbox 1667 5117 1708 5183; x_wconf 95' lang='lat' dir='ltr'><strong>l,</strong></span> <span class='ocrx_word' id='word_1_713' title='bbox 1741 5133 1862 5190; x_wconf 82' lang='lat' dir='ltr'><strong>pag.</strong></span> <span class='ocrx_word' id='word_1_714' title='bbox 1891 5119 1994 5173; x_wconf 86' lang='grc'><strong>118</strong></span> <span class='ocrx_word' id='word_1_715' title='bbox 2037 5135 2120 5190; x_wconf 86' lang='lat' dir='ltr'><strong>sq.</strong></span> 
     </span>
    </p>
   </div>
   <div class='ocr_carea' id='block_1_100' title="bbox 533 5205 2123 5280">
    <p class='ocr_par' dir='ltr' id='par_1_100' title="bbox 533 5205 2123 5280">
     <span class='ocr_line' id='line_1_100' title="bbox 533 5205 2123 5280; baseline 0.002 -20"><span class='ocrx_word' id='word_1_716' title='bbox 533 5206 755 5262; x_wconf 91' lang='lat' dir='ltr'><strong>-—Ibid.</strong></span> <span class='ocrx_word' id='word_1_717' title='bbox 785 5207 842 5262; x_wconf 92' lang='lat' dir='ltr'><strong>in</strong></span> <span class='ocrx_word' id='word_1_718' title='bbox 864 5205 990 5262; x_wconf 91' lang='lat' dir='ltr'><strong>cod.</strong></span> <span class='ocrx_word' id='word_1_719' title='bbox 1014 5206 1154 5271; x_wconf 88' lang='lat' dir='ltr'><strong>XXI,</strong></span> <span class='ocrx_word' id='word_1_720' title='bbox 1185 5223 1242 5262; x_wconf 85' lang='grc' dir='ltr'><strong>ιι.</strong></span> <span class='ocrx_word' id='word_1_721' title='bbox 1283 5206 1336 5271; x_wconf 91' lang='grc'><strong>8,</strong></span> <span class='ocrx_word' id='word_1_722' title='bbox 1371 5207 1511 5276; x_wconf 92' lang='lat' dir='ltr'><strong>plut.</strong></span> <span class='ocrx_word' id='word_1_723' title='bbox 1551 5207 1606 5269; x_wconf 72' lang='grc'><strong>4,</strong></span> <span class='ocrx_word' id='word_1_724' title='bbox 1657 5207 1846 5280; x_wconf 74' lang='lat' dir='ltr'><strong>Cyrilli</strong></span> <span class='ocrx_word' id='word_1_725' title='bbox 1891 5209 2123 5264; x_wconf 87' lang='lat' dir='ltr'><strong>anathe-</strong></span> 
     </span>
    </p>
   </div>
   <div class='ocr_carea' id='block_1_101' title="bbox 535 5297 2128 5368">
    <p class='ocr_par' dir='ltr' id='par_1_101' title="bbox 535 5297 2128 5368">
     <span class='ocr_line' id='line_1_101' title="bbox 535 5297 2128 5368; baseline 0.001 -16"><span class='ocrx_word' id='word_1_726' title='bbox 535 5297 774 5352; x_wconf 89' lang='lat' dir='ltr'><strong>iiiatismi</strong></span> <span class='ocrx_word' id='word_1_727' title='bbox 807 5297 925 5364; x_wconf 83' lang='lat' dir='ltr'><strong>XII,</strong></span> <span class='ocrx_word' id='word_1_728' title='bbox 959 5315 1087 5356; x_wconf 90' lang='lat' dir='ltr'><strong>cum</strong></span> <span class='ocrx_word' id='word_1_729' title='bbox 1123 5313 1313 5354; x_wconf 88' lang='lat' dir='ltr'><strong>eorum</strong></span> <span class='ocrx_word' id='word_1_730' title='bbox 1349 5298 1846 5368; x_wconf 87' lang='lat' dir='ltr'><strong>explanationibus,</strong></span> <span class='ocrx_word' id='word_1_731' title='bbox 1873 5297 2128 5354; x_wconf 90' lang='lat' dir='ltr'><strong>Theodo-</strong></span> 
     </span>
    </p>
   </div>
   <div class='ocr_carea' id='block_1_102' title="bbox 538 5413 2117 5556">
    <p class='ocr_par' dir='ltr' id='par_1_102' title="bbox 538 5413 2117 5556">
     <span class='ocr_line' id='line_1_102' title="bbox 611 5413 2116 5538; baseline 0.001 -71"><span class='ocrx_word' id='word_1_732' title='bbox 611 5413 689 5538; x_wconf 50' lang='grc' dir='ltr'><strong>ςα)</strong></span> <span class='ocrx_word' id='word_1_733' title='bbox 719 5415 781 5470; x_wconf 83' lang='grc' dir='ltr'><strong>1η</strong></span> <span class='ocrx_word' id='word_1_734' title='bbox 813 5417 936 5471; x_wconf 88' lang='lat' dir='ltr'><strong>cod.</strong></span> <span class='ocrx_word' id='word_1_735' title='bbox 966 5417 1159 5473; x_wconf 87' lang='lat' dir='ltr'><strong>Bavar.</strong></span> <span class='ocrx_word' id='word_1_736' title='bbox 1189 5416 1322 5500; x_wconf 80' lang='lat' dir='ltr'><strong>LIII,</strong></span> <span class='ocrx_word' id='word_1_737' title='bbox 1351 5417 1430 5498; x_wconf 35' lang='lat' dir='ltr'><strong>oin</strong></span> <span class='ocrx_word' id='word_1_738' title='bbox 1465 5415 1588 5471; x_wconf 89' lang='lat' dir='ltr'><strong>cod.</strong></span> <span class='ocrx_word' id='word_1_739' title='bbox 1640 5415 1787 5470; x_wconf 81' lang='lat' dir='ltr'><strong>Flor.</strong></span> <span class='ocrx_word' id='word_1_740' title='bbox 1849 5415 2116 5498; x_wconf 62' lang='lat' dir='ltr'><strong>Laurent.</strong></span> 
     </span>
     <span class='ocr_line' id='line_1_103' title="bbox 538 5481 2117 5556; baseline 0.001 -18"><span class='ocrx_word' id='word_1_741' title='bbox 538 5481 654 5556; x_wconf 63' lang='grc' dir='ltr'>ΧΠ</span> <span class='ocrx_word' id='word_1_742' title='bbox 688 5524 702 5548; x_wconf 91' lang='grc'><strong>,</strong></span> <span class='ocrx_word' id='word_1_743' title='bbox 737 5501 792 5538; x_wconf 87' lang='grc' dir='ltr'><strong>ιι.</strong></span> <span class='ocrx_word' id='word_1_744' title='bbox 823 5486 913 5550; x_wconf 80' lang='grc'><strong>20,</strong></span> <span class='ocrx_word' id='word_1_745' title='bbox 949 5487 1084 5556; x_wconf 90' lang='lat' dir='ltr'><strong>plut.</strong></span> <span class='ocrx_word' id='word_1_746' title='bbox 1112 5489 1164 5552; x_wconf 90' lang='lat'><strong>7,</strong></span> <span class='ocrx_word' id='word_1_747' title='bbox 1203 5489 1550 5556; x_wconf 74' lang='lat' dir='ltr'><strong>inscribitur:</strong></span> <span class='ocrx_word' id='word_1_748' title='bbox 1604 5485 1861 5556; x_wconf 74' lang='lat' dir='ltr'><strong>Adversus</strong></span> <span class='ocrx_word' id='word_1_749' title='bbox 1903 5502 1987 5539; x_wconf 87' lang='lat' dir='ltr'><strong>eos</strong></span> <span class='ocrx_word' id='word_1_750' title='bbox 2028 5503 2117 5556; x_wconf 68' lang='lat' dir='ltr'><strong>qui</strong></span> 
     </span>
    </p>
   </div>
   <div class='ocr_carea' id='block_1_103' title="bbox 537 5553 2116 5628">
    <p class='ocr_par' dir='ltr' id='par_1_103' title="bbox 537 5553 2116 5628">
     <span class='ocr_line' id='line_1_104' title="bbox 537 5553 2116 5628; baseline 0.002 -21"><span class='ocrx_word' id='word_1_751' title='bbox 537 5553 721 5607; x_wconf 80' lang='lat' dir='ltr'><strong>dicunt</strong></span> <span class='ocrx_word' id='word_1_752' title='bbox 766 5564 903 5628; x_wconf 73' lang='lat' dir='ltr'><strong>recte</strong></span> <span class='ocrx_word' id='word_1_753' title='bbox 950 5553 1416 5628; x_wconf 78' lang='lat' dir='ltr'><strong>habere_Nestorii</strong></span> <span class='ocrx_word' id='word_1_754' title='bbox 1465 5555 1808 5628; x_wconf 61' lang='lat' dir='ltr'><strong>placitii;_in</strong></span> <span class='ocrx_word' id='word_1_755' title='bbox 1854 5553 2116 5628; x_wconf 64' lang='lat' dir='ltr'><strong>inargiiie</strong></span> 
     </span>
    </p>
   </div>
   <div class='ocr_carea' id='block_1_104' title="bbox 537 5623 2113 5748">
    <p class='ocr_par' dir='ltr' id='par_1_104' title="bbox 537 5623 2113 5748">
     <span class='ocr_line' id='line_1_105' title="bbox 537 5623 2113 5748; baseline 0.003 -76"><span class='ocrx_word' id='word_1_756' title='bbox 537 5623 1031 5748; x_wconf 77' lang='lat' dir='ltr'><strong>lAndream,</strong></span> <span class='ocrx_word' id='word_1_757' title='bbox 1061 5643 1115 5681; x_wconf 88' lang='lat' dir='ltr'><strong>ii.</strong></span> <span class='ocrx_word' id='word_1_758' title='bbox 1153 5623 1589 5684; x_wconf 79' lang='lat' dir='ltr'><strong>Samosatenum.</strong></span> <span class='ocrx_word' id='word_1_759' title='bbox 1625 5626 1685 5681; x_wconf 89' lang='lat' dir='ltr'><strong>V.</strong></span> <span class='ocrx_word' id='word_1_760' title='bbox 1723 5625 1950 5680; x_wconf 86' lang='lat' dir='ltr'><strong>Bandin.</strong></span> <span class='ocrx_word' id='word_1_761' title='bbox 1985 5627 2025 5690; x_wconf 88' lang='lat' dir='ltr'><strong>l,</strong></span> <span class='ocrx_word' id='word_1_762' title='bbox 2059 5641 2113 5696; x_wconf 86' lang='lat' dir='ltr'><strong>p.</strong></span> 
     </span>
     <span class='ocr_line' id='line_1_106' title="bbox 662 5711 880 5748; baseline 0.009 -2"><span class='ocrx_word' id='word_1_763' title='bbox 662 5734 672 5746; x_wconf 93' lang='lat'><strong>.</strong></span> <span class='ocrx_word' id='word_1_764' title='bbox 763 5711 880 5748; x_wconf 73' lang='lat' dir='ltr'><strong>ini.</strong></span> 
     </span>
    </p>
   </div>
   <div class='ocr_carea' id='block_1_105' title="bbox 662 5711 880 5749">
    <p class='ocr_par' dir='ltr' id='par_1_105' title="bbox 662 5711 880 5749">
     <span class='ocr_line' id='line_1_107' title="bbox 662 5711 880 5749; baseline 0.005 -3"><span class='ocrx_word' id='word_1_765' title='bbox 662 5734 672 5746; x_wconf 89' lang='lat'><strong>.</strong></span> <span class='ocrx_word' id='word_1_766' title='bbox 713 5711 880 5749; x_wconf 73' lang='lat' dir='ltr'><strong>IIARL.</strong></span> 
     </span>
    </p>
   </div>
   <div class='ocr_carea' id='block_1_106' title="bbox 2221 4485 3044 4558">
    <p class='ocr_par' dir='ltr' id='par_1_106' title="bbox 2221 4485 3044 4558">
     <span class='ocr_line' id='line_1_108' title="bbox 2221 4485 3044 4558; baseline -0.004 -15"><span class='ocrx_word' id='word_1_767' title='bbox 2221 4503 2342 4558; x_wconf 90' lang='lat' dir='ltr'><strong>cap.</strong></span> <span class='ocrx_word' id='word_1_768' title='bbox 2371 4487 2426 4552; x_wconf 90' lang='grc'><strong>2,</strong></span> <span class='ocrx_word' id='word_1_769' title='bbox 2455 4486 2482 4558; x_wconf 84' lang='lat'><strong>§</strong></span> <span class='ocrx_word' id='word_1_770' title='bbox 2511 4486 2600 4550; x_wconf 83' lang='grc'><strong>26,</strong></span> <span class='ocrx_word' id='word_1_771' title='bbox 2623 4502 2680 4556; x_wconf 90' lang='lat' dir='ltr'><strong>p.</strong></span> <span class='ocrx_word' id='word_1_772' title='bbox 2708 4485 2797 4540; x_wconf 89' lang='lat'><strong>99.</strong></span> <span class='ocrx_word' id='word_1_773' title='bbox 2839 4485 3044 4557; x_wconf 67' lang='lat'><strong>118051.]</strong></span> 
     </span>
    </p>
   </div>
   <div class='ocr_carea' id='block_1_107' title="bbox 2288 4573 3804 4648">
    <p class='ocr_par' dir='ltr' id='par_1_107' title="bbox 2288 4573 3804 4648">
     <span class='ocr_line' id='line_1_109' title="bbox 2288 4573 3804 4648; baseline -0.004 -16"><span class='ocrx_word' id='word_1_774' title='bbox 2288 4585 2395 4632; x_wconf 60' lang='grc' dir='ltr'><strong>καί.</strong></span> <span class='ocrx_word' id='word_1_775' title='bbox 2426 4577 2596 4648; x_wconf 80' lang='grc' dir='ltr'>’Υπὲρ</span> <span class='ocrx_word' id='word_1_776' title='bbox 2615 4577 2713 4646; x_wconf 84' lang='grc' dir='ltr'><strong>τῆς</strong></span> <span class='ocrx_word' id='word_1_777' title='bbox 2733 4575 2840 4629; x_wconf 84' lang='grc' dir='ltr'><strong>τῶν</strong></span> <span class='ocrx_word' id='word_1_778' title='bbox 2859 4575 3202 4648; x_wconf 79' lang='grc' dir='ltr'><strong>Χριστιανῶν</strong></span> <span class='ocrx_word' id='word_1_779' title='bbox 3225 4577 3458 4645; x_wconf 81' lang='grc' dir='ltr'>εὐαγοῦς</span> <span class='ocrx_word' id='word_1_780' title='bbox 3479 4573 3804 4644; x_wconf 76' lang='grc' dir='ltr'><strong>Θρησκεξας,</strong></span> 
     </span>
    </p>
   </div>
   <div class='ocr_carea' id='block_1_108' title="bbox 2223 4661 3814 4738">
    <p class='ocr_par' dir='ltr' id='par_1_108' title="bbox 2223 4661 3814 4738">
     <span class='ocr_line' id='line_1_110' title="bbox 2223 4661 3814 4738; baseline -0.004 -18"><span class='ocrx_word' id='word_1_781' title='bbox 2223 4668 2359 4738; x_wconf 71' lang='grc' dir='ltr'>πρὸς</span> <span class='ocrx_word' id='word_1_782' title='bbox 2387 4666 2457 4719; x_wconf 75' lang='grc' dir='ltr'><strong>τὰ</strong></span> <span class='ocrx_word' id='word_1_783' title='bbox 2481 4664 2572 4719; x_wconf 77' lang='grc' dir='ltr'><strong>τοῦ</strong></span> <span class='ocrx_word' id='word_1_784' title='bbox 2606 4667 2663 4718; x_wconf 83' lang='grc' dir='ltr'><strong>ὲν</strong></span> <span class='ocrx_word' id='word_1_785' title='bbox 2696 4664 2875 4728; x_wconf 78' lang='grc' dir='ltr'><strong>ἀθέοις</strong></span> <span class='ocrx_word' id='word_1_786' title='bbox 2920 4665 3235 4721; x_wconf 83' lang='grc' dir='ltr'><strong>Ἱουλιανοῦ.</strong></span> <span class='ocrx_word' id='word_1_787' title='bbox 3279 4665 3387 4720; x_wconf 85' lang='lat' dir='ltr'><strong>Pro</strong></span> <span class='ocrx_word' id='word_1_788' title='bbox 3431 4673 3619 4720; x_wconf 81' lang='lat' dir='ltr'><strong>sancta</strong></span> <span class='ocrx_word' id='word_1_789' title='bbox 3661 4661 3814 4718; x_wconf 83' lang='lat' dir='ltr'><strong>Chri-</strong></span> 
     </span>
    </p>
   </div>
   <div class='ocr_carea' id='block_1_109' title="bbox 2217 4754 3809 4827">
    <p class='ocr_par' dir='ltr' id='par_1_109' title="bbox 2217 4754 3809 4827">
     <span class='ocr_line' id='line_1_111' title="bbox 2217 4754 3809 4827; baseline -0.004 -15"><span class='ocrx_word' id='word_1_790' title='bbox 2217 4761 2514 4812; x_wconf 83' lang='lat' dir='ltr'><strong>stianorum</strong></span> <span class='ocrx_word' id='word_1_791' title='bbox 2569 4756 2848 4827; x_wconf 85' lang='lat' dir='ltr'><strong>religione,</strong></span> <span class='ocrx_word' id='word_1_792' title='bbox 2891 4757 3142 4811; x_wconf 84' lang='lat' dir='ltr'><strong>adversus</strong></span> <span class='ocrx_word' id='word_1_793' title='bbox 3188 4756 3346 4812; x_wconf 76' lang='lat' dir='ltr'><strong>libros</strong></span> <span class='ocrx_word' id='word_1_794' title='bbox 3388 4758 3536 4826; x_wconf 84' lang='lat' dir='ltr'><strong>impii</strong></span> <span class='ocrx_word' id='word_1_795' title='bbox 3579 4754 3809 4815; x_wconf 71' lang='lat' dir='ltr'><strong>Iuliani,</strong></span> 
     </span>
    </p>
   </div>
   <div class='ocr_carea' id='block_1_110' title="bbox 2223 4841 3810 4916">
    <p class='ocr_par' dir='ltr' id='par_1_110' title="bbox 2223 4841 3810 4916">
     <span class='ocr_line' id='line_1_112' title="bbox 2223 4841 3810 4916; baseline -0.006 -14"><span class='ocrx_word' id='word_1_796' title='bbox 2223 4848 2342 4902; x_wconf 82' lang='lat' dir='ltr'><strong>libri</strong></span> <span class='ocrx_word' id='word_1_797' title='bbox 2381 4847 2444 4912; x_wconf 85' lang='lat' dir='ltr'><strong>X,</strong></span> <span class='ocrx_word' id='word_1_798' title='bbox 2481 4847 2628 4902; x_wconf 89' lang='lat' dir='ltr'><strong>circa</strong></span> <span class='ocrx_word' id='word_1_799' title='bbox 2661 4847 2724 4901; x_wconf 86' lang='grc' dir='ltr'><strong>Λ.</strong></span> <span class='ocrx_word' id='word_1_800' title='bbox 2765 4845 2824 4902; x_wconf 87' lang='lat' dir='ltr'><strong>C.</strong></span> <span class='ocrx_word' id='word_1_801' title='bbox 2859 4846 2964 4900; x_wconf 69' lang='grc'><strong>155</strong></span> <span class='ocrx_word' id='word_1_802' title='bbox 3003 4845 3070 4914; x_wconf 80' lang='grc' dir='ltr'><strong>(ο)</strong></span> <span class='ocrx_word' id='word_1_803' title='bbox 3100 4845 3290 4916; x_wconf 89' lang='lat' dir='ltr'><strong>scripti</strong></span> <span class='ocrx_word' id='word_1_804' title='bbox 3321 4846 3388 4900; x_wconf 88' lang='lat' dir='ltr'><strong>ad</strong></span> <span class='ocrx_word' id='word_1_805' title='bbox 3431 4841 3810 4898; x_wconf 88' lang='lat' dir='ltr'><strong>Theodosium</strong></span> 
     </span>
    </p>
   </div>
   <div class='ocr_carea' id='block_1_111' title="bbox 2225 4931 3810 5008">
    <p class='ocr_par' dir='ltr' id='par_1_111' title="bbox 2225 4931 3810 5008">
     <span class='ocr_line' id='line_1_113' title="bbox 2225 4931 3810 5008; baseline -0.005 -16"><span class='ocrx_word' id='word_1_806' title='bbox 2225 4936 2530 4992; x_wconf 84' lang='lat' dir='ltr'><strong>Juniorem.</strong></span> <span class='ocrx_word' id='word_1_807' title='bbox 2584 4937 2713 5007; x_wconf 87' lang='lat' dir='ltr'><strong>Pag.</strong></span> <span class='ocrx_word' id='word_1_808' title='bbox 2761 4936 2950 4992; x_wconf 83' lang='grc'><strong>1-556.</strong></span> <span class='ocrx_word' id='word_1_809' title='bbox 2998 4935 3246 5008; x_wconf 89' lang='lat' dir='ltr'><strong>[Diversa</strong></span> <span class='ocrx_word' id='word_1_810' title='bbox 3295 4945 3379 4991; x_wconf 88' lang='lat' dir='ltr'><strong>est</strong></span> <span class='ocrx_word' id='word_1_811' title='bbox 3429 4935 3484 4989; x_wconf 90' lang='lat' dir='ltr'><strong>in</strong></span> <span class='ocrx_word' id='word_1_812' title='bbox 3535 4931 3810 4987; x_wconf 90' lang='lat' dir='ltr'><strong>sententia</strong></span> 
     </span>
    </p>
   </div>
   <div class='ocr_carea' id='block_1_112' title="bbox 2225 5018 3808 5097">
    <p class='ocr_par' dir='ltr' id='par_1_112' title="bbox 2225 5018 3808 5097">
     <span class='ocr_line' id='line_1_114' title="bbox 2225 5018 3808 5097; baseline -0.004 -18"><span class='ocrx_word' id='word_1_813' title='bbox 2225 5025 2300 5079; x_wconf 90' lang='lat' dir='ltr'><strong>La</strong></span> <span class='ocrx_word' id='word_1_814' title='bbox 2333 5024 2526 5090; x_wconf 88' lang='lat' dir='ltr'><strong>Croze,</strong></span> <span class='ocrx_word' id='word_1_815' title='bbox 2563 5025 2700 5080; x_wconf 84' lang='lat' dir='ltr'><strong>Hist.</strong></span> <span class='ocrx_word' id='word_1_816' title='bbox 2739 5024 2932 5082; x_wconf 77' lang='lat' dir='ltr'><strong>Christ.</strong></span> <span class='ocrx_word' id='word_1_817' title='bbox 2973 5025 3118 5089; x_wconf 82' lang='lat' dir='ltr'><strong>Ind.,</strong></span> <span class='ocrx_word' id='word_1_818' title='bbox 3156 5025 3254 5081; x_wconf 88' lang='lat' dir='ltr'><strong>lib.</strong></span> <span class='ocrx_word' id='word_1_819' title='bbox 3303 5041 3341 5092; x_wconf 89' lang='grc' dir='ltr'><strong>ι,</strong></span> <span class='ocrx_word' id='word_1_820' title='bbox 3377 5042 3432 5097; x_wconf 92' lang='lat' dir='ltr'><strong>p.</strong></span> <span class='ocrx_word' id='word_1_821' title='bbox 3477 5023 3562 5078; x_wconf 84' lang='grc'><strong>16.</strong></span> <span class='ocrx_word' id='word_1_822' title='bbox 3607 5018 3808 5090; x_wconf 69' lang='lat' dir='ltr'><strong>lluun.)</strong></span> 
     </span>
    </p>
   </div>
   <div class='ocr_carea' id='block_1_113' title="bbox 2226 5110 3809 5188">
    <p class='ocr_par' dir='ltr' id='par_1_113' title="bbox 2226 5110 3809 5188">
     <span class='ocr_line' id='line_1_115' title="bbox 2226 5110 3809 5188; baseline -0.005 -18"><span class='ocrx_word' id='word_1_823' title='bbox 2226 5117 2343 5171; x_wconf 86' lang='grc' dir='ltr'><strong>11οο</strong></span> <span class='ocrx_word' id='word_1_824' title='bbox 2385 5117 2708 5186; x_wconf 72' lang='lat' dir='ltr'><strong>prmclarum</strong></span> <span class='ocrx_word' id='word_1_825' title='bbox 2761 5125 2927 5186; x_wconf 88' lang='lat' dir='ltr'><strong>atque</strong></span> <span class='ocrx_word' id='word_1_826' title='bbox 2976 5115 3257 5173; x_wconf 89' lang='lat' dir='ltr'><strong>eruditum</strong></span> <span class='ocrx_word' id='word_1_827' title='bbox 3306 5131 3446 5188; x_wconf 86' lang='lat' dir='ltr'><strong>opus</strong></span> <span class='ocrx_word' id='word_1_828' title='bbox 3494 5113 3550 5168; x_wconf 91' lang='lat' dir='ltr'><strong>in</strong></span> <span class='ocrx_word' id='word_1_829' title='bbox 3597 5110 3809 5165; x_wconf 85' lang='lat' dir='ltr'><strong>Latinis</strong></span> 
     </span>
    </p>
   </div>
   <div class='ocr_carea' id='block_1_114' title="bbox 2173 5199 3803 5275">
    <p class='ocr_par' dir='ltr' id='par_1_114' title="bbox 2173 5199 3803 5275">
     <span class='ocr_line' id='line_1_116' title="bbox 2173 5199 3803 5275; baseline -0.004 -14"><span class='ocrx_word' id='word_1_830' title='bbox 2173 5256 2178 5261; x_wconf 90' lang='lat'><strong>.</strong></span> <span class='ocrx_word' id='word_1_831' title='bbox 2225 5207 2562 5264; x_wconf 86' lang='lat' dir='ltr'><strong>editionibus</strong></span> <span class='ocrx_word' id='word_1_832' title='bbox 2580 5216 2756 5263; x_wconf 86' lang='lat' dir='ltr'><strong>exstat</strong></span> <span class='ocrx_word' id='word_1_833' title='bbox 2779 5224 2811 5263; x_wconf 94' lang='lat' dir='ltr'><strong>e</strong></span> <span class='ocrx_word' id='word_1_834' title='bbox 2843 5209 3093 5264; x_wconf 82' lang='lat' dir='ltr'><strong>versione</strong></span> <span class='ocrx_word' id='word_1_835' title='bbox 3123 5209 3348 5266; x_wconf 78' lang='lat' dir='ltr'><strong>Joannis</strong></span> <span class='ocrx_word' id='word_1_836' title='bbox 3371 5199 3803 5275; x_wconf 82' lang='lat' dir='ltr'><strong>OEcolampadii,</strong></span> 
     </span>
    </p>
   </div>
   <div class='ocr_carea' id='block_1_115' title="bbox 2227 5287 3804 5372">
    <p class='ocr_par' dir='ltr' id='par_1_115' title="bbox 2227 5287 3804 5372">
     <span class='ocr_line' id='line_1_117' title="bbox 2227 5287 3804 5372; baseline -0.007 -18"><span class='ocrx_word' id='word_1_837' title='bbox 2227 5314 2351 5370; x_wconf 74' lang='lat' dir='ltr'><strong>quin</strong></span> <span class='ocrx_word' id='word_1_838' title='bbox 2399 5299 2637 5368; x_wconf 91' lang='lat' dir='ltr'><strong>primum</strong></span> <span class='ocrx_word' id='word_1_839' title='bbox 2673 5298 2814 5352; x_wconf 88' lang='lat' dir='ltr'><strong>vidit</strong></span> <span class='ocrx_word' id='word_1_840' title='bbox 2853 5299 3033 5354; x_wconf 90' lang='lat' dir='ltr'><strong>lucem</strong></span> <span class='ocrx_word' id='word_1_841' title='bbox 3079 5297 3259 5372; x_wconf 84' lang='grc'><strong>[1528.</strong></span> <span class='ocrx_word' id='word_1_842' title='bbox 3294 5300 3359 5356; x_wconf 86' lang='lat' dir='ltr'><strong>V.</strong></span> <span class='ocrx_word' id='word_1_843' title='bbox 3386 5312 3551 5369; x_wconf 89' lang='lat' dir='ltr'><strong>supra</strong></span> <span class='ocrx_word' id='word_1_844' title='bbox 3580 5295 3648 5350; x_wconf 89' lang='lat' dir='ltr'><strong>ad</strong></span> <span class='ocrx_word' id='word_1_845' title='bbox 3677 5293 3706 5364; x_wconf 85' lang='lat'><strong>§</strong></span> <span class='ocrx_word' id='word_1_846' title='bbox 3733 5287 3804 5345; x_wconf 90' lang='lat' dir='ltr'><strong>III</strong></span> 
     </span>
    </p>
   </div>
   <div class='ocr_carea' id='block_1_116' title="bbox 2293 5409 3798 5484">
    <p class='ocr_par' dir='ltr' id='par_1_116' title="bbox 2293 5409 3798 5484">
     <span class='ocr_line' id='line_1_118' title="bbox 2293 5409 3798 5484; baseline -0.005 -16"><span class='ocrx_word' id='word_1_847' title='bbox 2293 5413 2365 5484; x_wconf 88' lang='lat' dir='ltr'><strong>(b)</strong></span> <span class='ocrx_word' id='word_1_848' title='bbox 2389 5412 2774 5484; x_wconf 20' lang='lat' dir='ltr'><strong>iPtoIeniaidis,</strong></span> <span class='ocrx_word' id='word_1_849' title='bbox 2795 5413 3156 5484; x_wconf 85' lang='lat' dir='ltr'><strong>Pentapoleos</strong></span> <span class='ocrx_word' id='word_1_850' title='bbox 3178 5413 3434 5484; x_wconf 84' lang='lat' dir='ltr'><strong>regionis,</strong></span> <span class='ocrx_word' id='word_1_851' title='bbox 3463 5409 3798 5480; x_wconf 83' lang='lat' dir='ltr'><strong>episcopum.</strong></span> 
     </span>
    </p>
   </div>
   <div class='ocr_carea' id='block_1_117' title="bbox 2223 5483 2967 5544">
    <p class='ocr_par' dir='ltr' id='par_1_117' title="bbox 2223 5483 2967 5544">
     <span class='ocr_line' id='line_1_119' title="bbox 2223 5483 2967 5544; baseline -0.024 -5"><span class='ocrx_word' id='word_1_852' title='bbox 2223 5483 2360 5540; x_wconf 81' lang='lat' dir='ltr'><strong>Vide</strong></span> <span class='ocrx_word' id='word_1_853' title='bbox 2383 5483 2723 5544; x_wconf 83' lang='lat' dir='ltr'><strong>Liberatnm,</strong></span> <span class='ocrx_word' id='word_1_854' title='bbox 2755 5497 2804 5536; x_wconf 86' lang='lat' dir='ltr'><strong>c.</strong></span> <span class='ocrx_word' id='word_1_855' title='bbox 2848 5483 2902 5537; x_wconf 89' lang='lat'><strong>9.</strong></span> <span class='ocrx_word' id='word_1_856' title='bbox 2955 5509 2967 5521; x_wconf 91' lang='lat'><strong>.</strong></span> 
     </span>
    </p>
   </div>
   <div class='ocr_carea' id='block_1_118' title="bbox 2297 5544 3801 5630">
    <p class='ocr_par' dir='ltr' id='par_1_118' title="bbox 2297 5544 3801 5630">
     <span class='ocr_line' id='line_1_120' title="bbox 2297 5544 3801 5630; baseline -0.007 -24"><span class='ocrx_word' id='word_1_857' title='bbox 2297 5553 2366 5630; x_wconf 87' lang='lat' dir='ltr'><strong>(_c)</strong></span> <span class='ocrx_word' id='word_1_858' title='bbox 2409 5551 2542 5608; x_wconf 82' lang='lat' dir='ltr'><strong>Vide</strong></span> <span class='ocrx_word' id='word_1_859' title='bbox 2586 5550 2900 5630; x_wconf 88' lang='lat' dir='ltr'><strong>Tillemont.</strong></span> <span class='ocrx_word' id='word_1_860' title='bbox 2947 5560 3077 5630; x_wconf 73' lang='lat' dir='ltr'><strong>tom.</strong></span> <span class='ocrx_word' id='word_1_861' title='bbox 3119 5552 3257 5630; x_wconf 59' lang='lat' dir='ltr'><strong>XIV,</strong></span> <span class='ocrx_word' id='word_1_862' title='bbox 3298 5567 3352 5620; x_wconf 73' lang='grc' dir='ltr'><strong>ιι.</strong></span> <span class='ocrx_word' id='word_1_863' title='bbox 3387 5551 3482 5606; x_wconf 84' lang='grc'><strong>671</strong></span> <span class='ocrx_word' id='word_1_864' title='bbox 3521 5545 3717 5630; x_wconf 41' lang='lat' dir='ltr'><strong>[Fabia-</strong></span> <span class='ocrx_word' id='word_1_865' title='bbox 3751 5544 3801 5630; x_wconf 72' lang='lat' dir='ltr'><strong>in</strong></span> 
     </span>
    </p>
   </div>
   <div class='ocr_carea' id='block_1_119' title="bbox 2225 5620 3799 5692">
    <p class='ocr_par' dir='ltr' id='par_1_119' title="bbox 2225 5620 3799 5692">
     <span class='ocr_line' id='line_1_121' title="bbox 2225 5620 3799 5692; baseline -0.009 -15"><span class='ocrx_word' id='word_1_866' title='bbox 2225 5620 2442 5678; x_wconf 67' lang='lat' dir='ltr'><strong>Delectat</strong></span> <span class='ocrx_word' id='word_1_867' title='bbox 2501 5637 2712 5690; x_wconf 87' lang='lat' dir='ltr'><strong>argum.</strong></span> <span class='ocrx_word' id='word_1_868' title='bbox 2767 5629 2816 5674; x_wconf 81' lang='lat' dir='ltr'><strong>et</strong></span> <span class='ocrx_word' id='word_1_869' title='bbox 2881 5621 3086 5692; x_wconf 81' lang='lat' dir='ltr'><strong>syllaba</strong></span> <span class='ocrx_word' id='word_1_870' title='bbox 3141 5623 3384 5692; x_wconf 65' lang='lat' dir='ltr'><strong>scriptor.</strong></span> <span class='ocrx_word' id='word_1_871' title='bbox 3445 5620 3536 5690; x_wconf 81' lang='lat' dir='ltr'><strong>qui</strong></span> <span class='ocrx_word' id='word_1_872' title='bbox 3592 5620 3799 5670; x_wconf 73' lang='lat' dir='ltr'><strong>verilut.</strong></span> 
     </span>
    </p>
   </div>
   <div class='ocr_carea' id='block_1_120' title="bbox 2227 5691 3450 5758">
    <p class='ocr_par' dir='ltr' id='par_1_120' title="bbox 2227 5691 3450 5758">
     <span class='ocr_line' id='line_1_122' title="bbox 2227 5691 3450 5758; baseline -0.005 -9"><span class='ocrx_word' id='word_1_873' title='bbox 2227 5694 2488 5752; x_wconf 59' lang='lat' dir='ltr'><strong>Christ...</strong></span> <span class='ocrx_word' id='word_1_874' title='bbox 2527 5702 2887 5758; x_wconf 80' lang='lat' dir='ltr'><strong>asscruerunt,</strong></span> <span class='ocrx_word' id='word_1_875' title='bbox 2915 5691 2967 5748; x_wconf 73' lang='grc' dir='ltr'><strong>ἰ).</strong></span> <span class='ocrx_word' id='word_1_876' title='bbox 2995 5691 3218 5748; x_wconf 83' lang='grc'><strong>99-106.</strong></span> <span class='ocrx_word' id='word_1_877' title='bbox 3251 5691 3450 5749; x_wconf 52' lang='lat' dir='ltr'><strong>llam”!</strong></span> 
     </span>
    </p>
   </div>
  </div>
