4076 6306
185 387 197 396 “
245 401 315 458 ss
1021 435 1028 441 -
1483 399 1766 456 ΝοτιτιΑ
1804 399 1841 456 E

1942 397 2287 454 FABRICIOJ
3450 395 3523 454 03

243 515 459 589 annot.]
491 515 690 574 Colon.
734 514 890 570 1546.
935 513 1164 570 Librum
1211 511 1454 584 primum
1487 514 1675 570 Graece
1714 517 1829 587 pri-
1859 523 1902 582 Α
1932 515 2098 572 minis
2125 511 2406 587 leguntur)
2428 513 2746 583 vulgaverat
2774 509 2948 582 Lugd.
2984 509 3169 582 Balav.
3200 509 3358 577 1605,
3384 511 3440 568 in
3463 515 3522 569 1.

246 625 370 666 mus
409 624 540 664 cum
586 623 728 662 nova
770 605 998 661 meliore
1045 604 1298 660 versione
1345 620 1445 660 sua
1493 621 1544 660 a.
1587 605 1724 662 1619
1766 607 1835 662 ad

244 700 547 757 editionem
583 696 876 752 adornavit
907 695 1165 749 Nicotaus
1195 693 1527 759 Borbonius,
1557 694 1838 764 professor

244 804 301 850 et
349 793 625 862 interpres
667 789 852 860 regius
885 785 983 860 (a),
1015 785 1072 841 in
1102 788 1260 858 cujus
1291 786 1572 858 opusculis
1605 795 1837 856 utraque

247 883 433 954 lingua
477 879 690 952 prodiit
725 879 901 934 Paris.
944 876 1102 942 1650,
1137 877 1296 941 1654,
1334 875 1420 930 12.
1456 875 1654 930 Τοιιιιιι
1695 889 1838 944 opus

246 971 436 1028 Graece
473 979 526 1026 et
567 969 763 1024 Latine
792 967 1031 1038 primum
1073 965 1130 1020 in
1157 965 1388 1021 Auberti
1422 964 1668 1021 editione
1707 981 1840 1020 eon-

248 1061 504 1132 Spicitur,
545 1061 689 1115 liber
732 1058 947 1129 primus
989 1073 1059 1112 ex
1093 1057 1374 1122 Borbonii,
1404 1057 1589 1112 caeteri
1625 1071 1693 1112 ex
1729 1055 1837 1110 Au-

251 1153 395 1208 berti
451 1152 924 1223 interpretatione.
978 1150 1158 1220 Atque
1208 1149 1284 1204 ita
1341 1164 1600 1204 recusum
1652 1148 1838 1218 lingua

251 1257 490 1316 utraque
531 1254 618 1301 est
659 1244 728 1299 ad
757 1244 965 1298 calcem
1009 1241 1251 1313 Operum
1287 1241 1512 1306 Juliani,
1537 1241 1834 1297 ex‘Ezech.

251 1337 578 1409 Spanhemi-i
647 1337 966 1392 recensione
1019 1337 1369 1406 vulgatorum
1425 1335 1624 1406 Lipsiae
1680 1333 1836 1399 1696,

253 1430 352 1485 fol.
397 1429 664 1486 Videntur
699 1429 865 1482 etiam
905 1427 965 1482 bi
1002 1425 1192 1499 Cyrilli
1241 1427 1369 1482 libri
1415 1425 1665 1481 translati
1707 1424 1838 1480 ferri

251 1521 510 1593 Syriace;
548 1535 672 1574 nam
705 1519 1006 1576 laudantur
1041 1535 1070 1574 a
1101 1519 1244 1574 Mose
1281 1518 1559 1588 Barceplia
1597 1526 1750 1588 parte
1781 1531 1840 1571 ιιι

251 1609 332 1667 De
364 1613 638 1684 paradiso,
664 1627 786 1682 pag.
818 1611 1072 1666 425-429.
1110 1611 1155 1666 E
1179 1611 1384 1666 Grmcis
1416 1609 1586 1664 citant
1621 1608 1704 1664 Jo.
1736 1607 1843 1662 Da-

251 1714 543 1758 mascenus
586 1704 644 1757 in
693 1701 1020 1767 Parallclis,
1062 1711 1118 1758 et
1173 1711 1365 1757 catena
1409 1701 1731 1756 Possiniana
1781 1699 1839 1754 in

254 1794 522 1860 Marcum,
571 1810 695 1865 pag.
730 1795 855 1861 515,
897 1794 1086 1850 laudat
1131 1793 1398 1866 Cyrillum
1439 1795 1498 1847 ἐν
1542 1795 1656 1856 τοῖς
1705 1791 1840 1863 πρὸς

265 1863 886 1953 Ἰουλιανὸννιιεφαλαίιςι
925 1883 996 1952 γ’.
1045 1863 1351 1940 Concilium
1386 1900 1458 1950 ιν,
1496 1884 1711 1939 actione
1751 1882 1835 1949 ιθ,
1871 1863 1913 1918 Β

255 1985 389 2030 tom.
420 1966 490 2030 III
515 1973 678 2040 Binii,
721 1991 841 2046 pag.
867 1974 956 2041 95,
990 1977 1048 2030 ὲν
1085 1975 1180 2030 τοῦ
1219 1975 1360 2030 κατὰ
1404 1975 1514 2030 τῶν
1551 1974 1838 2029 Ἱουλιανοῦ

253 2067 544 2139 δογμάτων
574 2067 781 2138 βιϐλίου
816 2068 1024 2138 τρίτου,
1051 2068 1158 2122 ἀπὸ
1188 2066 1348 2137 λόγου
1377 2067 1622 2122 δεκάτου.
1653 2067 1841 2123 Memi-

251 2158 340 2213 nit
364 2169 422 2213 et
451 2158 797 2229 Nicephorus
824 2175 932 2224 xxv,
963 2159 1052 2222 M,
1083 2168 1138 2215 et
1173 2168 1300 2216 ante
1333 2160 1435 2215 bos
1473 2159 1840 2214 Tlieodoritus

254 2249 417 2320 epist.
453 2249 542 2304 83.
583 2250 828 2305 Primum
857 2250 1018 2304 modo
1041 2251 1243 2306 Iuliani
1270 2251 1472 2305 librum
1498 2250 1839 2306 confutatum

255 2355 286 2394 a
305 2333 510 2412 Cyrillo
535 2341 925 2412 conjicit-Lud.
955 2341 1124 2396 Ellies
1142 2341 1214 2395 du
1238 2342 1337 2396 Pin
1367 2349 1496 2396 tom.
1521 2341 1588 2396 IV
1610 2340 1688 2395 De
1704 2341 1837 2394 scri-

253 2431 490 2502 ptoribus
531 2432 912 2497 ecclesiasticis,
945 2448 1067 2503 pag.
1111 2431 1179 2487 18
1216 2451 1228 2485 :
1265 2431 1318 2486 Il
1353 2431 1532 2502 paruit
1578 2431 1712 2503 (μ’ἱέ
1749 2431 1838 2486 n’a

255 2523 429 2593 re’fute’
455 2540 555 2595 que
581 2540 672 2578 son
704 2527 931 2596 premier
967 2523 1114 2587 livre,
1145 2523 1278 2578 dans
1309 2521 1478 2592 lcquel
1511 2531 1586 2576 cet
1628 2529 1839 2591 apostat

255 2615 527 2684 attaquait
553 2630 614 2666 en
641 2613 859 2684 général
891 2613 942 2667 la
973 2612 1192 2683 religion
1219 2614 1533 2666 clzrétienne.
1567 2610 1673 2666 Sed
1703 2611 1840 2666 falli-

253 2713 348 2758 tur
374 2704 542 2769 idem,
573 2703 794 2776 quando
820 2719 941 2774 pag.
967 2703 1035 2758 52
1054 2703 1224 2758 libros
1247 2702 1432 2774 Cyrilli
1455 2711 1643 2757 contra
1664 2704 1835 2760 Julia-

255 2811 388 2852 num
435 2813 465 2852 a
508 2797 629 2852 Nic.
677 2796 953 2851 Borbonio
999 2805 1232 2865 utraque
1277 2796 1462 2866 lingua
1515 2811 1659 2850 anno
1703 2793 1838 2849 1650

253 2888 434 2944 editos
477 2889 692 2952 scribit,
732 2903 859 2942 nam
909 2887 1144 2958 primum
1195 2887 1572 2942 tantummodo
1614 2887 1835 2954 librum,

256 2988 318 3036 ut
346 2981 483 3044 dixi,
510 2981 793 3050 vulgatum
825 2979 895 3034 ab
921 2994 986 3033 eo
1017 2988 1248 3033 constat.
1283 2979 1442 3033 FABII.

327 3070 669 3126 Vindobonas
711 3071 766 3124 in
806 3070 927 3124 cod.
958 3069 1205 3124 Czcsareo
1245 3069 1386 3135 XIX,
1418 3086 1474 3123 ιι.
1519 3069 1604 3135 II,
1632 3076 1685 3123 et
1713 3069 1834 3122 cod.

1933 607 2207 664 Cotelerio
2254 606 2314 660 in
2361 604 2510 659 notis
2550 603 2621 658 ad
2666 603 3013 658 lenimenta
3045 601 3231 659 Greca
3263 610 3396 658 tom.
3431 605 3520 672 111,

1932 715 1989 770 p.
2019 699 2145 762 557,
2169 707 2332 764 teste,
2356 697 2448 752 hic
2479 697 2624 752 liber
2653 695 2978 750 inscribitur
2993 695 3058 749 in
3083 695 3208 750 aliis
3237 696 3524 752 codicibus

1935 804 2090 854 mss.,
2115 787 2412 844 Solutiones
2440 787 2860 858 dogmaticarum
2881 787 3248 854 quastionum,
3279 787 3525 856 proposi-

1937 889 2118 934 tarum
2164 896 2197 935 a
2240 879 2464 935 Tiberio
2492 878 2726 932 diacono
2758 883 2816 931 et
2863 875 3170 931 fratribus:
3219 861 3524 940 Ἑπιλύσεις

1935 969 2279 1040 δογματικῶν
2315 968 2645 1042 ζητημάτων
2693 965 3132 1039 ὲπιζητηθέντων
3179 969 3330 1040 παρὰ
3362 964 3522 1022 Τιϐεί-

1938 1059 2053 1130 ρίου
2079 1058 2326 1112 διακόνου
2373 1059 2468 1112 καὶ
2502 1057 2604 1126 τῆς
2651 1055 3012 1126 ἀδελφότητος
3045 1073 3057 1084 ·
3099 1056 3184 1110 vel
3215 1055 3524 1122 Ἐπιλύσεις

1937 1152 2046 1206 τῶν
2141 1146 2610 1222 προσενεχθεισῶν
2703 1145 2950 1199 πεύσεων
3040 1145 3190 1217 παρὰ
3269 1147 3521 1220 Τιϐερίου

1939 1239 2182 1294 διακόνου
2233 1239 2326 1293 καὶ
2365 1238 2472 1292 τῶν
2507 1235 2786 1307 eadem;
2827 1235 2912 1292 vel
2956 1235 3200 1307 denique
3251 1238 3520 1309 Κυρίλλου

1940 1331 2078 1404 πρὸς
2110 1330 2382 1402 Τιϐέριον.
2418 1329 2576 1384 Ρλιιιι.

2014 1421 2105 1478 Sic
2149 1422 2205 1476 in
2235 1421 2358 1478 cod.
2389 1421 2651 1475 Laurent.
2696 1417 2890 1474 Medic.
2927 1415 3046 1484 XII,
3081 1434 3139 1472 ιι.
3172 1418 3260 1483 52,
3291 1420 3430 1489 plut.
3465 1420 3520 1486 5,

1938 1516 2004 1570 ἐκ
2043 1516 2152 1568 τῶν
2199 1513 2502 1568 ὲπιλύσεων
2547 1512 2654 1564 τῶν
2701 1510 3043 1582 δογματικῶν
3088 1510 3522 1582 ἐπιζητηθέντων

1940 1610 2067 1678 περὶ
2103 1605 2309 1678 (forsan
2343 1604 2514 1677 παρὰ)
2549 1602 2803 1676 Τιϐερίου
2848 1603 3116 1671 διακόνου,
3149 1613 3254 1659 etc.
3288 1605 3351 1660 V.
3386 1605 3527 1660 Ban-

1940 1699 2056 1754 din.
2104 1697 2224 1754 Cat.
2275 1697 2426 1751 codd.
2475 1697 2567 1753 Gr.
2613 1696 2778 1750 Laur.
2811 1697 2854 1760 I,
2889 1713 2944 1767 p.
2979 1697 3046 1751 47
3091 1713 3173 1768 sq.
3201 1697 3357 1754 —ln
3397 1699 3521 1755 cod.

1940 1791 2103 1857 XVII,
2132 1807 2188 1844 ιι.
2218 1790 2308 1854 21,
2340 1789 2479 1860 plut,
2504 1790 2569 1844 6:
2605 1787 2880 1853 Ἐπίλυσις
2907 1789 3253 1861 δογματικῶν
3280 1792 3524 1864 ζητημά-

1940 1900 2048 1937 των
2087 1880 2458 1954 προτεθέντων
2500 1879 2578 1951 τῷ
2619 1881 2908 1950 ἁγιωτάτῳ
2941 1881 3214 1953 Κορίλλῳ.
3246 1883 3438 1939 Βίποιι
3469 1895 3526 1940 ct

1941 1991 2172 2034 numero
2203 1985 2260 2030 et
2290 1975 2483 2030 ordine
2515 1975 2585 2029 ab
2619 1972 2805 2028 editis.
2847 1972 2909 2027 In
2950 1974 3140 2030 codice
3170 1975 3524 2046 praemittitur

1939 2067 2192 2139 epistola,
2227 2066 2496 2132 Ἀξίωσις,
2541 2075 2648 2122 etc.
2705 2064 3032 2136 Supplicalio
3081 2067 3280 2122 tradita
3323 2065 3382 2122 S.
3425 2067 3526 2140 Cy-

1940 2160 2078 2232 ryllo
2111 2189 2180 2199 —
2219 2177 2250 2214 a
2303 2159 2672 2229 fraternitate;
2720 2173 2884 2228 quam
2943 2159 3259 2228 epistolam,
3304 2159 3360 2214 in
3408 2161 3526 2215 edi-

1945 2255 2092 2308 tione
2140 2251 2509 2307 desideratam
2547 2251 2780 2304 Bandin.
2822 2251 2860 2304 l.
2903 2266 2952 2304 c.
2995 2267 3050 2321 p.
3096 2250 3200 2304 128
3239 2266 3322 2320 sq.
3386 2251 3526 2307 intc-

1939 2359 2089 2414 gram
2119 2343 2212 2398 Gr.
2237 2340 2432 2405 edidit,
2459 2348 2594 2394 tum.
2627 2355 2684 2392 ιι.
2715 2339 2786 2393 22
2811 2340 3062 2410 sequitur
3087 2340 3272 2412 Cyrilli
3294 2341 3523 2412 epistola

1940 2437 2008 2494 ad
2067 2433 2432 2506 Calosyrium,
2479 2431 2798 2502 episcopum
2851 2431 3216 2496 Arsenoitem,
3261 2432 3524 2488 adversus

1939 2543 2037 2582 eos
2087 2526 2182 2596 qui
2231 2523 2404 2580 Deum
2455 2522 3022 2592 antbmpomorphum
3071 2529 3336 2578 statuunt.
3380 2521 3520 2577 Add.

1939 2635 2106 2691 supra
2138 2618 2206 2672 ad
2237 2633 2294 2672 ιι.
2325 2617 2437 2673 VII.
2475 2615 2641 2670 ΗΑιιι..

2009 2712 2114 2780 κγ’.
2169 2710 2246 2764 De
2293 2709 2350 2765 S.
2397 2709 2654 2764 Trinitate
2713 2707 2864 2772 liber,
2917 2721 2969 2777 p.
3021 2706 3183 2773 1-55;
3232 2723 3358 2762 cum
3402 2723 3524 2762 ver-

1940 2806 2092 2860 sione
2134 2803 2363 2859 Joannis
2404 2801 2696 2872 chelini,
2745 2798 3070 2871 Augustani,
3105 2799 3200 2869 qui
3243 2799 3456 2869 primus
3491 2815 3523 2854 e

1941 2914 2044 2952 ms.
2071 2896 2260 2950 codice
2288 2891 2639 2949 bibliotheca:
2669 2892 2858 2962 patria:
2887 2891 3063 2946 edidit
3088 2899 3144 2945 et
3171 2889 3226 2944 in
3253 2891 3430 2960 capita
3458 2891 3526 2946 18

1941 2990 2162 3056 divisit,
2204 2993 2462 3060 Augustae
2510 2986 2727 3042 Vindel.
2779 2985 2917 3041 1604
2969 2984 3070 3058 (c),
3113 2985 3168 3040 in
3217 2984 3282 3050 8,
3324 2984 3526 3040 additis

1939 3083 2105 3139 etiam
2142 3082 2308 3145 notis,
2339 3080 2435 3135 sed
2465 3095 2587 3149 qua:
2615 3078 2684 3132 ab
2715 3077 2961 3132 Aubcrto
2999 3085 3128 3132 sunt
3167 3077 3402 3135 omissa.
3441 3077 3526 3131 ln-

254 3161 517 3224 LXXVll,
543 3177 596 3215 ιι.
622 3161 677 3225 9,
699 3160 1060 3232 fragmentum
1089 3160 1203 3216 sive
1231 3176 1356 3231 pars
1383 3161 1640 3215 continua
1670 3161 1796 3214 libri
1821 3177 1837 3214 ι

1943 3174 2121 3244 cipit:
2170 3171 2389 3242 Ἐπειδὴ
2455 3169 2761 3240 πρώτιστον
2811 3169 2946 3238 ἡμῖν
2993 3170 3108 3230 τοῖς
3155 3166 3520 3239 Χριστιανοῖς.

256 3261 446 3307 contra
489 3251 788 3307 lulianum.
845 3253 910 3308 V.
960 3252 1217 3308 Lambec.
1267 3267 1392 3307 cum
1441 3253 1666 3308 Kollarii
1712 3260 1841 3306 nota

257 3345 552 3402 Comment.
587 3345 690 3410 Vl,
734 3353 876 3415 part.
921 3361 990 3410 ιι,
1041 3360 1096 3416 p.
1144 3345 1251 3400 212
1292 3361 1431 3416 seq.,
1476 3359 1540 3400 ac
1577 3346 1686 3400 vol.
1725 3345 1838 3411 VII,

259 3453 383 3508 pag.
424 3435 550 3490 299.
1185 3421 1198 3430 ’

330 3527 602 3582 Monachii
644 3527 700 3581 in
740 3526 862 3582 cod.
899 3526 966 3582 Cl
1003 3526 1230 3582 elcctor.
1263 3527 1401 3582 bibl.
1440 3527 1630 3600 Cyrilli
1658 3537 1841 3582 contra

255 3617 469 3672 Julian.
522 3628 653 3674 tom.
701 3620 766 3673 V.
822 3619 972 3674 Idem
1027 3629 1212 3674 contra
1257 3620 1838 3692 Anthropomorphitas.

261 3709 484 3763 Primus
521 3719 700 3765 tomus
725 3709 856 3764 libri
891 3725 929 3764 ιι
970 3720 1154 3764 contra
1185 3709 1415 3776 Iuliam,
1447 3711 1576 3765 item
1609 3719 1739 3765 tom.
1773 3711 1839 3775 Il,

262 3799 352 3861 Ill,
389 3800 476 3863 IV,
498 3801 570 3865 δι’,
601 3801 846 3872 ejusdem
876 3801 1002 3856 libri
1030 3800 1280 3857 secundi.
1315 3802 1380 3854 V.
1416 3801 1534 3856 Cat.
1566 3802 1714 3854 codd.
1749 3802 1838 3856 Gr.

255 3890 482 3954 Bonan,
513 3907 570 3962 ι).
599 3893 688 3946 58.

329 3983 389 4036 1η
419 3983 560 4037 bibl.
592 3983 760 4038 Marc.
791 3984 982 4040 Venet.
1023 3983 1081 4038 in
1115 3983 1277 4040 codd.
1305 3982 1516 4048 CXXII,
1539 3982 1752 4038 CXXIII
1789 3992 1844 4038 et

259 4074 493 4141 CXXIV,
537 4085 722 4131 contra
765 4075 970 4132 Julian.
999 4077 1133 4132 libri
1171 4093 1226 4142 x,
1259 4092 1370 4132 sec.
1407 4085 1513 4132 cat.
1550 4075 1710 4132 codd.
1745 4075 1840 4131 Gr.

260 4166 530 4236 Ilarc.,-p.
561 4167 630 4220 70
661 4177 718 4221 et
744 4168 831 4222 71.

329 4257 388 4310 In
430 4257 568 4312 bibl.
615 4257 880 4312 Escorial.
921 4257 1246 4314 Acclamatio
1283 4259 1352 4314 ad
1391 4259 1750 4326 Theodosium,
1788 4267 1845 4314 et

261 4364 324 4400 ex
355 4347 830 4404 confutationibus
865 4349 1130 4404 adversus
1163 4349 1440 4404 Julianum
1477 4350 1750 4406 sectiones
1779 4351 1845 4406 10

261 4437 386 4491 libri
419 4454 479 4500 ιι,
508 4447 646 4492 teste
679 4439 875 4494 Pluero
903 4439 958 4493 in
987 4439 1174 4494 Itiner.
1202 4457 1294 4510 per
1319 4439 1494 4510 Hisp.,
1524 4455 1579 4509 p.
1615 4440 1733 4494 164.

1941 3265 2062 3320 Jam
2107 3278 2137 3318 a
2183 3262 2372 3316 multis
2427 3261 2797 3322 observatum,
2837 3258 2986 3311 hunc
3029 3257 3233 3310 librum
3277 3266 3527 3311 constare

1942 3349 2216 3421 excerptis
2243 3348 2469 3404 Joannis
2499 3345 2820 3402 Damasceni
2863 3361 2894 3400 e
2938 3345 3160 3418 Cyrillo.
3197 3345 3333 3402 Vide
3369 3345 3524 3399 Peta-

1942 3441 2091 3495 vium
2137 3439 2215 3494 De
2256 3438 2354 3494 SS.
2392 3439 2670 3503 Trinitatc,
2712 3454 2766 3508 p.
2805 3437 2926 3492 472.
2973 3438 3238 3492 Similiter
3273 3447 3526 3508 excerpta

1943 3549 1974 3587 e
2017 3532 2207 3604 Cyrilli
2259 3531 2478 3604 scriptis
2531 3539 2696 3596 sunt,
2735 3547 2856 3602 quae
2890 3531 2959 3585 ab
2999 3531 3246 3585 Auberto
3297 3539 3527 3600 praeter-

1943 3623 2143 3686 missa,
2191 3601 2550 3676 "OCSCilcllllS
2603 3621 2754 3690 prior
2801 3622 2986 3676 Greece
3037 3621 3352 3690 vulgaverat
3401 3637 3527 3674 cum

1944 3712 2112 3767 variis
2137 3713 2356 3766 Patrum
2386 3711 2625 3766 liomiliis
2656 3727 2778 3781 pag.
2814 3711 2915 3764 505
2943 3727 3082 3780 seq.,
3111 3710 3368 3782 Augustze
3393 3713 3526 3767 Vin-

1945 3804 2052 3858 del.
2099 3804 2252 3868 1587,
2289 3804 2346 3858 in
2389 3803 2444 3868 8,
2477 3811 2641 3872 atque
2685 3787 2828 3857 idem
2869 3801 3185 3872 Wegelinus
3224 3818 3253 3857 e
3294 3817 3424 3856 mss.
3459 3803 3525 3856 ad

1945 3894 2150 3949 calcem
2189 3894 2319 3949 libri
2358 3910 2482 3949 cum
2519 3893 2774 3950 versione
2819 3909 2916 3948 sua
2960 3892 3262 3964 subjunxit,
3293 3909 3529 3962 quorum

1946 3985 2100 4040 initia
2135 3985 2402 4040 ascribam
2436 4003 2449 4038 :

2013 4075 2370 4144 Πιστεύομεν,
2402 4075 2498 4129 ’ἐνα
2532 4076 2664 4129 Θεὸν
2683 4071 2821 4130 εἷναι
2864 4077 3044 4146 πάσης
3075 4076 3263 4140 οὐσίας
3298 4077 3392 4130 καὶ
3429 4077 3528 4148 φύ-

1947 4187 2100 4232 σεως.
2130 4168 2190 4223 Ρ.
2221 4167 2344 4221 119.
2391 4168 2561 4220 Παντὶ
2611 4167 2885 4238 ἀνθρώπῳ
2923 4169 3162 4238 ἔμφυτον
3210 4169 3358 4238 παρὰ
3393 4169 3526 4222 Θεοῦ

1943 4259 2240 4330 δεξαμένῳ.
2266 4258 2326 4313 Ρ.
2362 4259 2482 4312 121.
2531 4259 2594 4312 Εἰ
2633 4259 2857 4322 τέλειος,
2897 4259 3078 4327 φασὶν,
3117 4260 3314 4311 ὲστ¹ινὸ
3343 4260 3530 4330 Πατὴρ

1945 4347 2001 4401 ἐν
2031 4351 2097 4418 τῇ
2141 4348 2247 4418 ἰδίᾳ
2291 4347 2693 4418 μεγαλειότητι.
2741 4349 2802 4402 P.
2852 4347 3106 4400 125-140.
3145 4347 3294 4400 Idem
3338 4347 3527 4401 dicen-

1947 4439 2078 4493 dum
2122 4438 2190 4492 de
2241 4439 2416 4492 altero
2455 4437 2772 4500 volumine,
2823 4437 2972 4506 quod
3021 4436 3167 4492 idem
3213 4437 3533 4508 Wegelinus

329 4527 505 4580 Paris.
545 4527 602 4582 in
636 4527 772 4582 bibl.
803 4527 955 4598 publ.
1003 4528 1124 4583 cod.
1168 4527 1440 4594 MCCLXI,
1475 4527 1844 4583 Antirrhctica
1876 4539 1920 4599 ι)
1949 4530 2084 4584 ibid.
2121 4529 2277 4594 1611,
2322 4529 2376 4583 in
2417 4529 2470 4594 8,
2501 4529 2686 4584 Graece
2735 4537 2792 4584 et
2837 4529 3029 4584 Latine
3064 4529 3386 4597 variiscum
3431 4531 3532 4584 Da-

265 4617 380 4671 adv.
405 4617 708 4682 lulianum,
733 4619 863 4673 libri
893 4620 978 4674 Ill.
1007 4620 1174 4675 HARL.

331 4708 436 4779 κβν.
489 4712 648 4765 Κατᾶ
691 4710 1271 4784 Ἀνθρωπομορφιτῶν,
1306 4712 1505 4767 Contra
1554 4711 1848 4782 Anthropo-

269 4804 556 4873 morphitas
583 4803 734 4868 liber,
765 4805 1044 4874 prtemissa
1065 4805 1292 4875 epistola
1317 4805 1382 4860 ad
1405 4803 1745 4876 Calosyrium
1773 4804 1846 4878 (b)

269 4893 580 4964 episcopum
605 4895 971 4959 Arsenoitcm,
991 4911 1152 4965 quem
1183 4896 1464 4965 ἀγαπητὸν
1490 4896 1582 4948 καὶ
1607 4895 1848 4949 ποθεινό-

267 4999 422 5036 τατον
448 4985 706 5055 appellat.
741 4985 800 5040 P.
834 4986 1087 5051 565-398,
1113 5001 1237 5042 cum
1262 4985 1517 5041 versione
1545 4987 1843 5041 Bonavent.

267 5077 536 5142 1i'ulcanii,
577 5081 672 5148 qui
725 5081 936 5150 primus
980 5081 1166 5136 Greece
1205 5089 1261 5136 et
1297 5081 1488 5136 Latine
1535 5097 1662 5136 eum
1704 5080 1849 5136 notis

271 5169 409 5236 (quae
443 5177 500 5224 et
538 5170 671 5240 ipsae
707 5172 765 5224 in
793 5172 1020 5228 Auberti
1057 5172 1300 5228 editione
1341 5172 1408 5226 ad
1453 5173 1657 5228 calcem
1687 5173 1847 5227 volu-

337 5279 412 5352 (a)
452 5281 603 5353 Obiit
630 5283 664 5337 6
693 5284 919 5353 Augusti
943 5285 1099 5340 1611.

337 5353 407 5421 (bl
452 5352 936 5426 VideiTillemont.
957 5365 1088 5410 tom.
1111 5355 1250 5420 XIV,
1271 5371 1326 5426 p.
1357 5354 1462 5410 665
1479 5362 1535 5410 et
1565 5354 1686 5410 669.
1710 5352 1840 5426 [Ou-

266 5419 402 5496 din.,
435 5431 568 5496 tom.
597 5425 637 5486 1,
669 5439 721 5496 p.
753 5423 936 5496 1046.]
1027 5494 1036 5496 Α
1113 5495 1139 5496 η
1240 5419 1291 5426 θ’
1506 5495 1510 5496 ί
1585 5495 1595 5496 7
1711 5419 1752 5480 ’-

338 5491 404 5561 (τ)
444 5491 791 5564 Quibusdam
831 5491 1232 5564 exemplaribus
1269 5511 1445 5549 novus
1478 5495 1670 5550 titulus
1701 5509 1844 5564 pra:-

271 5559 403 5645 lixlts
439 5559 568 5645 eum
607 5559 1070 5645 notatione‘an‘nin
1101 5565 1252 5645 1606,
1275 5565 1665 5645 _adjunctaque
1703 5559 1843 5645 Cre-

268 5633 396 5696 gorii
439 5632 845 5701 Thaumaturgi
887 5633 955 5688 de
999 5632 1094 5687 SS.
1136 5632 1402 5688 Trinitatc
1444 5632 1594 5689 brevi
1634 5633 1846 5688 confes-

267 5703 432 5759 sione.
473 5705 636 5761 ann.
671 5733 743 5742 ——-
773 5704 951 5772 Altera
995 5703 1163 5756 editio
1205 5705 1462 5772 inscripta
1491 5712 1574 5757 est
1607 5722 1618 5755 :
1649 5703 1714 5756 D.
1747 5703 1846 5772 Cy-

266 5772 369 5843 rilli
397 5807 456 5815 —
494 5774 631 5828 liber
655 5772 722 5826 dc
749 5771 842 5824 SS.
871 5771 1140 5830 Trinitalc.
1162 5771 1495 5843 rit-imprimis
1527 5775 1588 5825 de
1621 5771 1845 5841 persona

263 5840 449 5900 Citriin
483 5861 678 5914 agens,
713 5857 776 5893 ca‘
813 5851 938 5894 meto
968 5843 1076 5896 cod.
1115 5847 1288 5900 (ἐι-α’έίι
1316 5840 1628 5912 descriptus,
1660 5843 1845 5900 L'ttiuc

1949 4621 2210 4688 masceni,
2235 4621 2394 4676 Psell-i
2419 4630 2476 4676 et
2500 4620 2574 4691 (d)
2601 4620 2976 4692 Cbaritonymi
3004 4621 3368 4693 Christonymi
3398 4623 3534 4676 Iler-

1949 4713 2190 4786 monymi
2236 4712 2502 4783 vulgavit,
2549 4713 2605 4766 in
2651 4727 2762 4782 quo
2803 4713 3068 4784 Excerpta
3115 4711 3304 4784 Cyrilli
3347 4721 3531 4766 contra

1949 4806 2311 4870 Nestorianos,
2341 4820 2409 4858 ex
2437 4803 2888 4875 interpretatione
2914 4805 2970 4859 S.
2995 4803 3259 4876 Symboli,
3291 4821 3358 4859 ex
3391 4803 3535 4858 Thc-

1950 4897 2149 4960 sauris,
2181 4913 2248 4951 cx
2287 4896 2429 4950 libro
2474 4911 2584 4966 quo
2622 4896 2838 4967 reginas
2875 4895 3192 4964 alloquitur,
3219 4904 3274 4950 et
3304 4909 3371 4949 ex
3410 4895 3534 4949 Dia-

1952 4989 2110 5060 logis,
2140 4989 2208 5042 ἐκ
2243 4988 2348 5043 τοῦ
2375 4990 2524 5043 κατὰ
2571 4989 2792 5042 πεῦσιν
2839 4989 2936 5042 καὶ
2976 4991 3298 5056 ἀπόκρισιν
3324 4986 3532 5055 λόγου.

1953 5097 2021 5135 ex
2065 5079 2357 5134 duodecim
2411 5081 2702 5150 capitulis,
2753 5081 2866 5135 sive
2918 5078 3420 5140 anathematismis,
3467 5093 3532 5131 ex

1953 5167 2202 5238 epistolis
2239 5167 2305 5222 ad
2348 5166 2606 5223 Acacium
2638 5177 2692 5222 et
2720 5169 2877 5224 Joan.
2913 5167 3338 5229 Antiochenum,
3371 5174 3428 5219 et
3467 5181 3534 5220 ex

1939 5297 2118 5336 uersus
2144 5289 2216 5350 _et
2251 5279 2457 5350 scholiis
2501 5282 2695 5350 possint
2727 5279 3048 5350 declaratus,
3089 5275 3432 5350 gtmfragm.
3474 5275 3530 5332 S.

1945 5343 2204 5420 Gregorii,
2235 5343 2671 5420 Neoca’sariensis
2713 5349 3062 5420 episcopi,ide
3089 5343 3368 5420 Trinitaté,
3405 5348 3534 5420 liac-

1948 5415 2098 5475 tentis
2144 5421 2368 5484 inedita,
2407 5428 2456 5472 et
2501 5415 2784 5472 corollario
2832 5415 3066 5480 metrico,
3109 5417 3368 5486 totiusque
3413 5415 3533 5472 libri

1948 5491 2153 5556 indice;
2187 5507 2302 5560 qua:
2341 5491 2518 5544 omnia
2547 5492 2666 5558 jam
2707 5491 2935 5560 primum
2964 5488 3078 5560 liae
3105 5487 3341 5560 editione_
3367 5503 3534 5560 acres-

1949 5570 2154 5624 serunt,
2196 5556 2359 5629 opera
2405 5568 2455 5612 et
2501 5556 2672 5612 studio
2707 5556 3002 5628 'chclini,
3045 5556 3362 5628 Augastani.
3420 5556 3534 5609 Λιι-

1952 5637 2124 5700 gustae
2148 5629 2364 5700 Vindel.
2399 5629 2552 5700 1608,
2579 5629 2630 5682 8.
2665 5629 2827 5700 Hann.

2027 5701 2102 5768 (τί)
2147 5699 2247 5752 llic
2287 5698 2557 5767 Spartiata
2591 5699 2811 5752 natione
2858 5705 2924 5768 et
2957 5697 3110 5768 Sixto
3155 5697 3226 5768 IV
3255 5693 3534 5768 familiaris

2126 5769 2258 5823 \‘idc
2307 5763 2543 5824 Leonem
2597 5769 2853 5824 .‘lllatium
2901 5767 2976 5822 Dc
3025 5767 3277 5836 Gcorgiis,
3323 5781 3372 5832 ιι.
3411 5763 3532 5827 595,

1955 5861 1984 5891 Θ
2067 5881 2076 5891 ι

1955 5839 2076 5893 591.
