4076 6306
539 405 616 472 6⁸1,
1777 407 2060 464 NOTlTlA
2099 409 2191 464 EX
2232 411 2574 470 FABRICIO.

3726 398 3813 472 "es

542 535 795 578 sermone
823 519 900 574 De
925 521 1296 582 incarnatione
1322 521 1476 577 Θεοῦ
1505 525 1723 593 Λόγου,
1750 524 1897 594 quod
1930 524 1986 579 S.
2010 525 2134 580 Vir—
2163 532 2210 588 Α
2236 529 2299 584 ν.
2359 529 2527 602 Index
2577 530 2924 602 homiliarum
2945 571 2960 595 ,
3003 529 3348 602 epistolarurn
3400 536 3449 584 et
3476 530 3810 602 scriptorum

543 630 614 686 go
643 614 716 668 sit
745 614 1026 677 Θεοτὸκος.
1055 614 1332 684 Incipiunt
1369 625 1628 685 excerpta
1661 615 1751 670 illa
1782 614 2077 686 Cyrilliana
2106 636 2122 675 :

541 707 607 759 Οἱ
636 705 726 760 τὸν
756 707 993 777 Χριστὸν
1039 709 1120 770 εἰς
1161 707 1314 770 υἱοὺς
1364 706 1678 778 μερίζοντες
1717 707 1828 761 δύο.
1875 707 2034 762 ΡΑΒιι.
2062 735 2134 748 —-

539 796 701 854 Coni'.
732 796 938 854 Oudin.
977 798 1016 851 Ι.
1049 813 1124 864 c.,
1155 814 1278 869 pag.
1310 798 1450 853 1048
1478 814 1596 869 sqq.

545 975 552 979 .
609 927 784 985 Paris.
827 929 883 983 in
922 929 1055 984 bibl.
1099 930 1253 1001 publ.
1299 932 1420 986 cod.
1456 931 1937 998 DCCCLXXXVII,
1973 949 2031 988 ιι.
2069 931 2123 999 ’5,

538 1021 848 1086 Anastasii,
892 1024 1211 1092 patriarcha:
1269 1023 1612 1088 Antiocheni,
1651 1033 1701 1078 et
1741 1023 1928 1096 Cyrilli
1970 1041 2128 1095 expo-

536 1113 658 1165 sitio
692 1113 992 1168 orthodoxa:
1028 1113 1184 1182 ﬁdei,
1227 1129 1282 1167 n.
1314 1115 1368 1178 4,
1405 1113 1594 1186 Cyrilli
1629 1132 1714 1186 op.
1746 1116 1808 1168 de
1848 1115 2122 1180 Trinitate,

537 1202 665 1257 add.
717 1203 855 1257 infra
906 1204 974 1259 de
1026 1205 1362 1259 Damasceno
1411 1222 1466 1275 p.
1519 1206 1642 1272 796,
1687 1206 1797 1260 vol.
1844 1207 1974 1271 Vlll,
2010 1213 2121 1262 vet.

536 1293 673 1349 edit.
705 1325 774 1334 —
800 1295 859 1348 lu
887 1294 1182 1350 Anecdotis
1219 1296 1524 1363 litterariis,
1563 1312 1594 1351 e
1635 1312 1764 1351 mss.
1798 1296 1957 1352 codd.
1997 1312 2125 1352 eru-

537 1383 628 1447 tis,
663 1384 773 1438 vol.
810 1383 898 1448 lll,
935 1393 1020 1438 est
1055 1400 1122 1439 ex
1154 1385 1275 1441 cod.
1306 1386 1554 1440 Naniano
1583 1385 1898 1458 Epiphanii,
1935 1402 2124 1442 mona-

535 1476 626 1531 chi
663 1483 719 1530 et
753 1475 1078 1546 presbyteri,
1125 1475 1203 1530 De
1240 1478 1350 1530 vita
1393 1479 1742 1532 sanctissima:
1775 1477 2020 1548 Deiparaz
2058 1478 2124 1534 li-

533 1567 654 1632 ber,
677 1583 708 1621 a
731 1567 885 1624 Joan.
910 1567 1130 1638 Aloysio
1151 1567 1490 1638 Mingarellio
1509 1567 1694 1624 Graece
1721 1578 1777 1624 et
1801 1569 1918 1624 Lat.
1938 1571 2120 1626 editus

533 1660 790 1729 notisque
820 1659 1143 1714 illustratus.
1178 1659 1238 1714 lo.
1271 1675 1359 1724 eo,
1391 1675 1515 1731 pag.
1544 1659 1634 1726 42,
1664 1659 2004 1730 Epiphanius
2034 1677 2120 1716 re-

533 1749 639 1806 fert
668 1750 1041 1820 dijudicatque
1075 1749 1283 1822 Cyrilli,
1315 1750 1394 1804 uti
1429 1750 1667 1821 scripsit,
1703 1750 1772 1804 de
1804 1750 2116 1821 genealogia

532 1843 737 1900 Christi
781 1843 1130 1907 sententiam,
1185 1842 1503 1897 arbitrantis
1530 1841 1678 1896 haud
1723 1841 1830 1896 sibi
1877 1841 2113 1896 invicem

533 1936 814 1992 adversari
864 1934 1224 2004 cvangelistas
1281 1933 1594 1988 Matthamm
1651 1948 1715 1989 ac
1763 1931 1987 1987 Lucam.
2032 1933 2114 1987 Ad

533 2027 688 2082 illum
730 2026 911 2080 locum
951 2024 1251 2095 Mingarell.
1298 2040 1422 2094 pag.
1463 2023 1550 2089 85,
1585 2032 1702 2078 not.
1747 2023 1835 2088 15,
1872 2023 2117 2078 animad-

531 2118 720 2182 vertit,
753 2117 807 2172 in
849 2117 1038 2188 Cyrilli
1077 2116 1144 2171 ad
1187 2132 1314 2186 opp.
1352 2115 1493 2170 nihil
1541 2115 1646 2170 tale
1695 2114 1932 2170 inveniri
1975 2133 1987 2168 :
2023 2131 2113 2170 ar-

531 2209 768 2266 bitratur
799 2207 962 2278 igitur
1007 2206 1208 2278 Cyrillo
1237 2221 1300 2259 ea
1335 2204 1504 2259 tribui
1533 2205 1602 2259 ab
1632 2204 1961 2275 Epiphanio,
1992 2220 2115 2274 qua:

529 2297 755 2352 Joannis
813 2295 1132 2350 Damasceni
1211 2294 1340 2357 sint,
1416 2293 1473 2347 in
1533 2293 1677 2348 libro
1747 2309 1799 2348 IV
1873 2293 1952 2347 De
2008 2293 2114 2362 ﬁde

530 2383 852 2446 orthodoxa,
899 2397 949 2436 c.
997 2381 1084 2446 14,
1135 2397 1189 2452 p.
1239 2381 1363 2447 272,
1410 2390 1574 2452 atque
1614 2380 1800 2454 Cyrilli
1847 2381 2000 2437 Alex.
2041 2382 2112 2436 li-

529 2471 715 2537 brum,
751 2473 821 2527 ab
863 2471 1108 2528 Auberto
1156 2473 1366 2527 editum
1409 2482 1572 2542 atque
1621 2473 1948 2543 inscriptum
1985 2492 1997 2527 :
2036 2473 2114 2528 De

527 2575 870 2620 sacrosancta
911 2566 954 2620 Τ
955 2567 1190 2629 rinitate,
1216 2565 1421 2635 Cyrillo
1459 2564 1749 2629 tributum,
1783 2565 1920 2618 nihil
1963 2565 2114 2621 aliud

527 2673 648 2713 esse
681 2672 846 2727 quam
905 2657 1121 2709 initium
1171 2655 1354 2725 aperis
1401 2653 1457 2708 S.
1517 2655 1746 2710 Joannis
1791 2655 2111 2710 Damasceni

528 2748 608 2806 De
629 2748 734 2816 ﬁde
762 2747 1072 2810 orthodoxa,
1102 2745 1353 2815 quamvis
1382 2746 1802 2817 interpolatum;
1835 2756 1891 2802 et
1929 2750 2110 2818 suspi-

529 2845 706 2901 catur,
739 2836 794 2890 iu
841 2836 1168 2906 quibusdam
1204 2835 1365 2890 codd.
1401 2836 1532 2889 olim
1574 2851 1713 2906 opus
1751 2836 1886 2891 illud
1919 2837 2112 2892 Dama-

527 2927 682 2983 sceni
740 2926 943 2998 Cyrillo
1000 2926 1168 2980 fuisse
1233 2926 1576 2997 inscriptum.
1639 2927 1864 2982 Librum
1930 2937 2111 2984 tamen

529 3019 822 3090 quemdam
848 3019 921 3072 De
941 3028 1060 3071 ortu
1090 3018 1314 3089 Virginis
1339 3017 1541 3090 Cyrillo
1567 3017 1720 3072 Alex.
1750 3018 1920 3073 tribui
1945 3019 2110 3073 etiam

529 3126 559 3166 a
585 3110 892 3166 'l‘rithemio
944 3111 1137 3166 didicit
1179 3125 1247 3165 ex
1293 3111 1692 3181 Papcbrochio,
1734 3111 1891 3181 cujus
1925 3111 2108 3165 locum

529 3219 597 3259 cx
626 3204 769 3258 Actis
802 3202 1072 3268 Sanctor.,
1111 3211 1242 3257 tom.
1288 3201 1309 3256 l
1353 3201 1498 3262 Maii,
1521 3219 1643 3273 pag.
1685 3218 1846 3267 xxxv,
1891 3201 2107 3270 repetit.

527 3296 685 3362 Quod
728 3311 862 3352 vero
912 3295 1322 3364 Papebrochius
1373 3293 1610 3358 dubitat,
1661 3293 1792 3347 talia
1837 3307 1869 3346 a
1907 3291 2113 3363 Cyrillo

531 3389 696 3442 fuisse
735 3387 1063 3455 conscripta,
1121 3385 1418 3455 Mingarell.
1452 3383 1724 3448 observat,
1749 3383 2113 3438 Trithemiun

529 3479 585 3534 in
609 3479 750 3533 libro
770 3477 843 3530 De
869 3475 1206 3547 scriptoribus
1228 3474 1431 3538 eccles.,
1452 3490 1570 3544 cap.
1597 3474 1717 3538 154,
1735 3483 2111 3528 recensentem

528 3572 716 3643 Cyrilli
763 3569 914 3624 Alex.
967 3569 1175 3632 libros,
1228 3567 1345 3622 haec
1395 3566 1772 3622 tantummodo
1815 3566 2057 3622 scribere
2095 3584 2108 3620 :

530 3663 608 3717 De
638 3670 757 3715 ortu
798 3671 848 3715 et
889 3659 1045 3713 laude
1077 3657 1134 3713 S.
1170 3658 1358 3713 Maria:
1397 3657 1525 3712 liber
1561 3674 1717 3711 unus.
1765 3657 1972 3727 Itaque,
2013 3657 2108 3723 ait,

531 3755 653 3811 fieri
711 3753 873 3812 etiam
922 3761 1102 3824 potest
1143 3761 1204 3806 ut
1248 3749 1559 3821 huiusmodi
1606 3749 1844 3813 libellus,
1907 3749 2110 3820 Cyrillo

528 3845 821 3915 ascriptus,
871 3859 1065 3899 revera
1117 3842 1407 3905 exstiterit,
1453 3856 1616 3911 quem
1669 3849 1725 3896 et
1773 3840 2112 3910 Epiphanius

529 3951 717 3994 noster
755 3937 977 3999 viderit,
1021 3945 1080 3991 et
1119 3935 1175 3990 S.
1218 3936 1586 3989 Damascenus
1629 3932 1811 4003 aliqua
1853 3947 1920 3987 ex
1958 3941 2112 4001 pane

535 4026 904 4097 esscripserit.
943 4027 1110 4081 lim.

598 4160 698 4216 κδ’.
745 4159 1046 4230 Συναγωγὴ
1085 4158 1194 4213 τῶν
1239 4157 1600 4227 ἁναγωγικῶς
1659 4155 2111 4228 ἑρμηνευομένων

529 4253 712 4326 ῥητῶν
724 4256 824 4324 τῆς
857 4251 1102 4316 Παλαιᾶς
1130 4252 1169 4304 Γ
1177 4250 1372 4322 ραφῆς·
1405 4248 1654 4306 Collectio
1678 4249 1939 4302 dictorum
1961 4247 2109 4302 Vete-

529 4349 601 4402 ris
626 4346 944 4401 Testamenti
977 4346 1262 4416 anagogice
1289 4343 1693 4416 explicatorum,
1724 4358 1778 4412 p.
1803 4341 1964 4406 1-69;
1983 4357 2109 4396 cum

526 4435 781 4491 versione
815 4436 1069 4491 Gentiani
1102 4434 1346 4498 llerveti,
1385 4449 1508 4504 quae
1537 4433 1780 4488 occurrit
1819 4431 1876 4487 in
1899 4431 2110 4486 Latinis

2305 601 2572 671 minorum
2618 600 2807 671 Cyrilli
2857 599 3042 665 Alea,
3095 601 3336 671 ascriptis
3388 600 3571 654 ordine
3598 599 3808 671 alpha-

2302 669 2463 723 betico
2491 669 2826 741 singulorum
2855 672 3020 725 initiis
3059 670 3159 742 (α).

2301 782 2352 836 1.
2409 783 2744 852 ’Δναλάμπει
2797 784 2960 838 πάλιν
3021 785 3119 855 τῆς
3170 783 3331 853 ἁγίας
3356 783 3568 854 ἑορτῆς.
3612 783 3807 838 Homi-

2227 874 2300 930 lia
2330 892 2457 930 xvm
2491 876 2782 945 paschalis,
2815 885 2948 931 tom.
2989 876 3055 941 V,
3087 885 3244 946 parte
3282 892 3342 943 ιι,
3378 892 3501 946 pag.
3537 875 3805 930 255-247.

2299 964 2354 1018 2.
2411 967 2637 1036 ’Ἄνδρες
2687 966 2955 1035 αἰδέσιμοι
3008 967 3105 1019 καὶ
3165 966 3401 1030 πίστεως
3460 965 3622 1030 ἄξιοι.
3675 965 3808 1034 Ερί-

2226 1053 2364 1108 stola
2390 1054 2445 1119 2,
2470 1054 2538 1108 ad
2557 1054 2892 1118 Nestorium,
2927 1061 3060 1107 tom.
3093 1054 3158 1118 γ,
3196 1064 3349 1124 parte
3383 1070 3515 1124 u,p.
3549 1055 3708 1109 19-21
3735 1071 3806 1109 ex

2223 1155 2378 1216 parte
2409 1163 2424 1200 ι
2447 1147 2638 1202 Actor.
2663 1147 2882 1201 concilii
2903 1145 3190 1215 Ephesini,
3211 1155 3342 1201 tom.
3361 1147 3382 1201 Ι
3403 1147 3566 1210 Binii,
3599 1163 3654 1216 p.
3677 1145 3803 1200 119.

2222 1235 2426 1290 Eadem
2446 1251 2570 1290 cum
2594 1237 2747 1292 Marii
2774 1239 3087 1293 Mcreutoris
3102 1239 3438 1294 versione'in
3456 1246 3495 1291 t.
3529 1238 3572 1292 ll
3600 1236 3809 1291 Merca-

2223 1329 2350 1380 toris
2367 1327 2501 1383 edit.
2519 1327 2888 1395 Carnerianaz,
2907 1347 2962 1401 p.
2990 1331 3080 1396 42,
3103 1340 3160 1385 et
3189 1347 3255 1385 ex
3285 1331 3391 1384 alia
3421 1329 3676 1384 versione
3698 1345 3800 1383 an-

2222 1419 2371 1488 tiqua
2388 1420 2531 1489 apud
2555 1421 2837 1476 Baluzium
2855 1422 2909 1475 in
2927 1421 3073 1476 Nova
3091 1421 3410 1477 Collectione
3429 1420 3721 1484 concilior.,
3742 1435 3796 1490 p.

2217 1508 2341 1574 400,
2360 1511 2453 1578 qui
2483 1509 2804 1565 Mercatoris
2816 1526 3033 1580 quoque
3050 1511 3559 1581 interpretationem
3577 1510 3802 1566 exhibet

2217 1616 2274 1671 p.
2297 1602 2420 1657 640.
2452 1603 3026 1660 Fiam—Vindobonat
3053 1605 3109 1658 in
3127 1605 3249 1659 cod.
3265 1603 3462 1659 Caesar.
3483 1603 3797 1669 LXXXllX,

2217 1709 2274 1748 n.
2321 1693 2374 1759 5,
2424 1694 2540 1750 haec
2572 1695 2825 1766 epistola,
2878 1711 3003 1751 cum
3049 1697 3289 1751 Nestorii
3328 1697 3685 1767 responsione
3718 1697 3799 1768 (in

2215 1783 2588 1841 Conciliorum
2611 1788 2948 1858 generalium
2985 1788 3118 1843 edit.
3153 1789 3436 1854 Vaticana,
3475 1790 3632 1854 1608,
3659 1799 3794 1846 tom.

2148 1884 2188 1940 Β
2219 1877 2262 1944 Ι,
2296 1895 2420 1950 pag.
2456 1879 2560 1935 255
2589 1890 2646 1936 et
2666 1880 2814 1950 256),
2838 1897 2940 1936 nec
2968 1898 3081 1936 non
3109 1882 3340 1952 epistola
3370 1899 3427 1937 ιι.
3465 1883 3537 1938 ιιι
3578 1900 3794 1939 memo-

2216 1977 2332 2024 rata
2361 1969 2439 2042 (in
2473 1971 2640 2026 citata
2671 1971 2760 2026 ed.
2799 1971 3170 2027 Conciliorum
3203 1989 3390 2044 gener.
3423 1982 3463 2028 t.
3487 1974 3529 2039 l,
3560 1989 3618 2044 p.
3645 1973 3791 2045 108),

2215 2069 2272 2117 et
2296 2062 2401 2116 alia
2437 2061 2750 2135 Cyrilliana.
2785 2064 2850 2120 ν.
2882 2065 3139 2120 Lambec.
3163 2066 3252 2130 lll,
3277 2067 3386 2122 col.
3415 2067 3540 2122 476.
3571 2068 3648 2122 De
3675 2067 3796 2137 e'pi-

2215 2155 2371 2210 stolis
2395 2154 2582 2226 Cyrilli
2611 2156 2679 2210 ad
2702 2157 3039 2222 Nestorium,
3057 2166 3114 2212 et
3138 2157 3305 2228 hujus
3337 2159 3793 2228 responsionibus

2213 2249 2392 2319 plura,
2418 2248 2652 2318 aliisque
2678 2247 2865 2321 Cyrilli
2891 2249 2956 2304 ad
2988 2251 3172 2305 varios
3201 2251 3448 2320 epistolis
3477 2251 3584 2308 late
3613 2251 3792 2307 disse-

2215 2339 2289 2393 rit
2314 2339 2526 2393 Walch.
2558 2340 2598 2392 l.
2623 2355 2697 2404 c.,
2733 2356 2788 2410 p.
2816 2339 2919 2394 585
2949 2356 3068 2410 sqq.
3105 2337 3275 2394 ΙίΑιιι..

2283 2428 2337 2482 5.
2383 2429 2648 2498 ’Λνέγνων
2680 2429 2740 2482 τὸ
2774 2431 3178 2500 ὑπομνηστικὸν
3211 2430 3274 2484 τὸ
3317 2430 3620 2485 ἀποσταλὲν
3657 2429 3790 2501 παρ’

2212 2516 2386 2588 ὑμῶν.
2422 2519 2666 2588 Epistola
2699 2519 2752 2584 8,
2781 2521 2847 2575 ad
2872 2521 3104 2576 clericos
3132 2519 3601 2589 Constantinopol.
3648 2520 3792 2576 inter

2211 2620 2270 2660 se
2296 2606 2647 2673 dissidentes,
2677 2617 2808 2663 tom.
2834 2611 2898 2674 ν,
2920 2620 3072 2679 parte
3103 2627 3160 2675 ιι,
3189 2627 3243 2680 p.
3272 2610 3442 2665 52-56
3461 2592 3574 2678 [ει
3596 2609 3789 2665 iisdem

2211 2695 2366 2754 Actis
2406 2712 2530 2766 pag.
2565 2697 2687 2752 126.
2719 2698 2788 2751 Et
2817 2713 2943 2752 cum
2979 2699 3132 2752 Marii
3163 2699 3482 2753 Mercatoris
3510 2699 3786 2764 versione,

2211 2785 2307 2840 sed
2358 2801 2481 2855 quae
2545 2787 2602 2840 in
2655 2788 2846 2843 multis
2895 2789 3110 2859 plenior
3166 2798 3250 2843 est
3301 2788 3448 2858 apud
3509 2787 3788 2842 Baluzium

2211 2894 2332 2949 pag.
2375 2879 2500 2945 641,
2538 2889 2594 2934 et
2637 2889 2770 2934 tom.
2804 2881 2849 2934 ll
2880 2881 3014 2935 edit.
3048 2881 3398 2936 Garnerianae
3441 2897 3497 2952 p.
3543 2881 3633 2942 49.
3662 2896 3789 2934 cum

2209 2969 2461 3026 Garnerii
2518 2973 2689 3027 notis.
2742 2973 2903 3027 Fusa.
2935 3004 3006 3013 —
3037 2973 3223 3028 Graece
3271 2981 3327 3028 et
3375 2973 3496 3028 Lat.
3534 2973 3590 3027 in
3618 2973 3787 3027 Mansi

2209 3062 2460 3130 C6]lect.,
2511 3075 2644 3121 tom.
2692 3067 2782 3133 IV,
2833 3083 2888 3138 p.
2943 3067 3096 3132 1005,
3149 3076 3204 3122 et
3237 3067 3556 3124 Mercatoris
3587 3068 3785 3128 versio.

2211 3171 2332 3224 qua:
2367 3166 2516 3212 recta
2568 3167 2626 3214 et
2673 3159 3012 3228 praeferenda
3051 3175 3170 3215 esse
3207 3159 3413 3214 dicitur
3463 3159 3672 3224 Graeco,
3708 3163 3786 3214 uti

2213 3262 2360 3301 nunc
2393 3247 2613 3317 legitur,
2653 3251 2958 3314 contextui,
2995 3250 3070 3304 ib.
3104 3259 3236 3305 tom.
3280 3248 3344 3316 ν,
3381 3267 3434 3321 p.
3459 3252 3582 3305 721.
3619 3253 3784 3306 ΗΑιιι..

2280 3338 2334 3392 4.
2405 3339 2762 3404 Ἀξιάκουστα
2824 3342 2921 3412 μὲν
2967 3343 3060 3394 καὶ
3101 3342 3374 3413 ἐξαίρετα.
3427 3342 3670 3412 Epistola
3717 3343 3783 3399 ad

2211 3429 2583 3485 Theodosium
2633 3432 2938 3500 .Iuniorem,
2979 3435 3259 3504 praemissa
3295 3435 3451 3490 libris
3476 3443 3660 3490 contra
3685 3436 3784 3490 Ju-

2213 3520 2438 3585 tianum,
2465 3529 2596 3575 tom.
2624 3522 2739 3585 Vll,
2768 3539 2823 3593 p.
2863 3524 2912 3578 1.

2280 3611 2332 3667 5.
2376 3613 2616 3684 ’Δπόχρη
2644 3614 2742 3685 μὲν
2767 3616 2841 3679 ὡς
2864 3616 3163 3687 διάκειμαι.
3195 3617 3437 3688 Epistola
3466 3619 3554 3682 44,
3584 3618 3650 3674 ad
3679 3620 3785 3675 Va-

2209 3701 2498 3763 lerianum.
2530 3702 2700 3758 lconii
2747 3704 3088 3775 episcopum,
3121 3705 3384 3761 adversus
3410 3722 3506 3762 eos
3539 3706 3632 3776 qui
3659 3723 3783 3761 cum

2210 3789 2465 3851 Nestorio
2495 3792 2760 3846 sentiunt.
2795 3793 2953 3847 Tom.
2990 3795 3055 3857 ν,
3085 3804 3240 3863 parte
3272 3810 3330 3860 ιι,
3371 3809 3492 3864 pag.
3522 3796 3782 3860 158-171,

2209 3901 2276 3941 ex
2312 3893 2467 3955 parte
2505 3900 2563 3938 ιιι
2594 3883 2778 3936 Actor.
2814 3881 3006 3952 synodi
3041 3881 3329 3951 Ephesinaa
3358 3897 3413 3952 p.
3445 3882 3569 3936 448.
3598 3883 3788 3938 Memi-

2208 3974 2292 4028 nit
2345 3973 2652 4035 Liberatus,
2705 3987 2825 4041 cap.
2866 3970 2936 4036 9;
2993 3970 3256 4025 Lcontius
3305 3971 3472 4043 Byz.;
3522 3972 3787 4044 Eul0gius

2208 4064 2354 4135 apud
2405 4063 2682 4130 Photium,
2732 4061 2971 4131 itemque
3025 4061 3137 4116 alii.
3181 4061 3316 4118 Vide
3373 4063 3782 4119 Tillemoutium

2211 4165 2343 4211 tom.
2372 4155 2511 4218 XIV,
2546 4169 2602 4223 p.
2638 4152 2761 4207 569.

2278 4248 2330 4304 6.
2375 4248 2518 4317 Ἀρα
2551 4245 2616 4316 δὴ
2667 4243 2830 4297 πάλιν
2863 4245 3010 4314 ἡμᾶς
3047 4245 3166 4308 ταῖς
3202 4244 3312 4300 τῶν
3344 4245 3514 4313 ἁγίων
3549 4246 3784 4299 luscam.

2207 4337 2339 4392 δεῖν.
2377 4335 2612 4391 Homilia
2650 4352 2685 4390 x
2709 4335 3003 4405 paschalis,
3035 4345 3166 4390 tom.
3197 4337 3261 4402 ν,
3294 4346 3447 4406 parte
3473 4351 3530 4403 ιι,
3557 4353 3611 4407 p.
3646 4337 3781 4392 125-

2212 4429 2334 4485 142.

525 4527 712 4600 Cyrilli
735 4527 1072 4582 cditionibus
1105 4542 1156 4580 a.
1200 4526 1336 4581 1573
1371 4535 1427 4580 et
1467 4524 1827 4581 1605.Grazca
1864 4525 2102 4594 primum

2279 4524 2332 4578 7.
2367 4523 2508 4594 'Apa
2542 4521 2702 4576 πάλιν
2743 4524 2892 4594 ἡμᾶς
2939 4521 3009 4575 τὰ
3045 4521 3293 4592 λαμπρά.
3336 4520 3570 4599 Humilia
3604 4537 3655 4574 ix
3681 4535 3784 4591 pa-

525 4614 596 4673 ιι)
634 4616 879 4670 Auberto
911 4616 966 4669 in
998 4615 1177 4670 lucem
1217 4614 1486 4685 producta
1531 4622 1662 4669 sunt
1708 4629 1778 4667 ex
1815 4613 2006 4668 codice
2035 4613 2096 4668 ι).

527 4707 759 4764 Riberii.
791 4707 981 4777 Neque
1012 4707 1130 4760 hate
1163 4705 1463 4776 Συναγωγὴ
1485 4713 1598 4759 tota
1617 4702 1879 4774 Cyrillum
1910 4711 2102 4758 aucto-

529 4815 646 4854 rem
680 4799 880 4864 habet;
927 4798 1045 4862 sed,
1083 4807 1145 4853 ut
1187 4798 1302 4868 ipse
1352 4797 1545 4853 titulus
1577 4796 1882 4867 proﬁtetur,
1931 4796 2104 4866 ἔρανιο

529 4889 720 4942 σθεῖσα
750 4889 891 4941 κατὰ
919 4887 1138 4956 σύνοψιν
1173 4889 1266 4940 καὶ
1292 4887 1630 4958 σαφεστέραν
1661 4885 2001 4954 ἀπαγγελίαν
2039 4883 2102 4938 ἐκ

523 4997 586 5034 τι
619 4978 728 5032 τῶν
748 4979 840 5031 τοῦ
869 4979 1154 5032 Θεσπεσίου
1189 4979 1479 5050 Κυρίλληυ,
1515 4979 1609 5031 καὶ
1660 4978 1765 5032 τῶν
1795 4977 1887 5031 τοῦ
1934 4978 2104 5049 μεγάο

523 5071 617 5124 λου
645 5067 898 5137 Μαξίμου
927 5069 1018 5121 καὶ
1055 5069 1256 5121 Αοιπῶν
1293 5067 1574 5138 ἐξηγητῶν
1607 5085 1618 5098 ·
1659 5067 1896 5121 Breviter
1941 5067 2103 5121 colle-

525 5171 611 5217 cta
663 5173 712 5215 et
768 5160 1048 5214 dilucidius
1097 5164 1336 5231 exposita
1385 5178 1412 5214 ε
1449 5161 1658 5230 scriptis
1698 5160 1860 5213 divini
1892 5159 2103 5230 Cyrilli,

525 5254 706 5322 magni
749 5251 991 5313 Haximi,
1049 5259 1098 5304 et
1152 5251 1384 5305 aliorum
1426 5250 1482 5305 S.
1529 5249 1817 5320 Scriptura:
1844 5251 2107 5320 interpre-

526 5351 659 5396 tum.
693 5342 893 5412 lncipit
938 5361 950 5397 :
991 5343 1363 5416 Κατηραμένη
1406 5343 1480 5413 γῆ
1520 5346 1578 5398 ὲν
1635 5344 1747 5405 τοῖς
1793 5342 1974 5413 ἔργοις
2013 5340 2107 5394 τοῦ

538 5431 728 5501 mea.

2207 4612 2433 4677 schalis,
2466 4621 2600 4668 tom.
2626 4614 2692 4676 γ,
2722 4621 2876 4682 parte
2909 4628 2967 4675 ιι,
2993 4627 3114 4682 pag.
3151 4609 3399 4664 106-125.

2277 4704 2329 4759 8.
2376 4705 2723 4775 Ἀφικόμενοι
2754 4721 2896 4767 τινες
2934 4703 3042 4757 ἀπὸ
3072 4701 3164 4756 τοῦ
3191 4703 3347 4772 ὅρους
3371 4699 3465 4754 τοῦ
3501 4700 3783 4770 Καλαμῶ-

2207 4815 2315 4860 νος.
2345 4797 2589 4867 Epistola
2623 4796 2691 4850 ad
2725 4795 3086 4866 Calosyrium,
3138 4794 3280 4849 libro
3317 4802 3502 4846 contra
3547 4792 3786 4846 Anthro-

2209 4888 2568 4958 pomorpliitas
2612 4886 2891 4956 praemissa
2945 4895 3076 4941 tom.
3107 4886 3218 4948 ΥΠ,
3251 4901 3304 4954 p.
3338 4885 3589 4939 563-365.
3619 4885 3780 4940 Fusa.

2209 4979 2284 5033 De
2333 4977 2455 5032 cod.
2492 4977 2750 5031 Laurent.
2786 4978 2848 5032 V.
2892 4977 3121 5032 Bandini
3155 4975 3270 5031 Cat.
3309 4975 3457 5030 codd.
3510 4976 3699 5042 Laur.,
3741 4979 3784 5043 l,

2204 5085 2260 5139 p.
2295 5069 2418 5132 129,
2455 5085 2512 5122 n.
2544 5068 2634 5122 22.
2674 5069 2839 5122 “ABL.

2274 5160 2326 5214 9.
2362 5159 2645 5226 ’Δφίκοντο
2673 5159 2772 5229 μέν
2793 5177 2939 5223 τινες
2969 5161 3112 5215 κατὰ
3137 5160 3198 5213 τὸ
3229 5161 3418 5224 εἰωθὸς
3443 5162 3500 5213 ὲν
3543 5160 3786 5224 Ἀλεξαν-

2203 5248 2382 5318 δρείᾳ.
2416 5250 2658 5319 Epistola
2698 5249 2749 5312 1,
2787 5250 2855 5304 ad
2909 5252 3208 5307 monachos
3236 5251 3452 5323 Egypti
3499 5251 3594 5321 (ὁ),
3637 5252 3783 5305 scri-

2203 5349 2296 5409 pta
2353 5339 2419 5394 A.
2480 5339 2541 5394 C.
2587 5339 2709 5394 429.
2753 5339 2908 5393 Tom.
2967 5342 3031 5405 ν,
3087 5352 3243 5412 parte
3283 5357 3342 5406 ιι,
3377 5358 3496 5412 pag.
3533 5341 3678 5395 1-19.
3722 5341 3783 5397 lu

2203 5429 2354 5484 Actis
2393 5429 2611 5484 concilii
2651 5429 2934 5499 Ephesini,
2971 5441 3126 5500 parte
3167 5448 3204 5498 ι,
3255 5439 3388 5486 ιοιιι.
3418 5431 3438 5486 l
3468 5431 3598 5485 edit.
3639 5429 3781 5486 Binii

592 5570 670 5640 (η)
700 5567 1012 5654 ln_Walehii
1051 5573 1282 5654 Historia
1314 5577 1520 5654 lieres.“
1557 5583 1688 5654 tom.
1720 5573 1784 5636 γ,
1814 5571 2014 5654 passim
2038 5579 2095 5627 et
2194 5571 2376 5654 dices‘
2402 5569 2457 5625 in
2510 5571 2713 5654 quibus
2764 5571 2991 5654 singula:
3038 5574 3275 5630 humilia:
3329 5582 3490 5654 atque
3539 5570 3782 5654 epistolte

523 5640 857 5712 frequenter,
893 5651 1056 5712 atque
1086 5644 1140 5699 in
1180 5646 1349 5699 Mansi
1375 5643 1706 5699 Collectione
1741 5640 1937 5696 concil.
1975 5659 2092 5712 am:

2194 5641 2472 5715 leguntur,
2494 5651 2722 5715 _et_quos
2758 5641 2959 5712 passim
2995 5654 3092 5699 aut
3121 5641 3421 5715 generatim
3460 5641 3622 5712 supra
3663 5641 3782 5694 lau».

563 5711 675 5763 liss.
702 5709 782 5782 de
819 5709 1008 5765 multis
1047 5713 1197 5769 hisce
1238 5714 1480 5768 homiliis
1514 5722 1676 5782 atque
1726 5711 1993 5782 epistolis,
2027 5711 2093 5782 ad
2195 5710 2342 5782 davi,
2376 5709 2733 5782 hic‘inc‘i’care
2759 5709 2935 5767 vacat.
2985 5709 3154 5770 ΗΑιιιΪ.

522 5727 675 5835 puss.
715 5727 782 5762 ac
819 5727 1008 5765 mutus
1047 5727 1197 5769 msce
1239 5727 1480 5768 nomuus
1514 5727 1676 5782 atque
1726 5727 1993 5780 eptswns,
2027 5727 2093 5766 au

560 5780 753 5850 ζει-θείη
787 5789 841 5834 et
871 5785 1297 5837 controversiam
1347 5782 1722 5837 Nestorianam
1773 5781 2095 5850 pertinenti-

2270 5779 2516 5852 (b)_\'_ide
2570 5783 2883 5838 'lillemont.
2943 5794 3075 5839 tom.
3145 5783 3282 5844 XIV,
3330 5799 3385 5852 p.
3445 5783 3566 5838 330.
3613 5782 3776 5842 FABR.

520 5853 643 5915 bus,
674 5849 778 5923 agi,
805 5851 916 5922 jam
947 5866 1112 5922 supra
1151 5853 1532 5908 annotavimus
1576 5869 1589 5906 :
1629 5866 1729 5908 nec
1767 5849 1960 5907 Omnes
1998 5866 2093 5906 co-
2196 5849 2366 5908 Μαιιεὶ
2399 5850 2770 5945 ϐοξιοοιη1ν,
2801 5870 2853 5923 p.
2894 5854 2995 5930 587
3029 5869 3148 5926 sqq.
3194 5849 3361 5915 Uini.
