4076 6306
493 399 596 465 ⁸11.

1724 391 2009 448 NOTITIA
2048 393 2141 449 EX
2181 391 2515 448 FABRICIO.
3693 393 3768 450 72

499 519 637 578 Vide
673 525 858 587 supra,
891 525 1044 569 num.
1075 511 1166 567 25.
1203 511 1262 570 in
1299 509 1618 566 recensione
1649 511 1781 566 tomi
1819 513 1910 568 VII
1935 510 2077 583 Opp.
2115 519 2154 573 Α
2184 511 2468 568 homiliam
2523 510 2835 581 paschalem
2893 526 3043 566 ινιιι.
3114 509 3270 566 Tom.
3324 509 3367 567 V
3397 549 3412 576 ,
3461 523 3617 581 parte
3678 527 3723 568 ιι
3748 553 3766 580 ,

498 609 706 666 Cvrilli.

545 627 830 752 li’Eni.
853 691 1048 764 καιροῦ
1077 691 1143 762 δὴ
1165 691 1327 746 πάλιν
1355 693 1418 746 τὸ
1445 693 1536 748 διὰ
1559 693 1680 764 τῆς.
1715 691 1956 748 Homilia
1987 706 2086 764 pa-

500 787 703 844 ccltahs
722 800 832 841 nx.
861 785 1018 841 Tom.
1054 785 1120 847 V,
1151 793 1310 854 parte
1360 801 1419 850 ιι,
1453 801 1576 856 pag.
1603 784 1866 840 247-257.

569 877 656 930 50.
701 875 1190 947 Ἑπιλαμϐάνονταὶ
1229 891 1372 939 τινες
1421 875 1524 946 τῆς
1566 874 1858 939 ἐκθέσεως.
1915 873 2083 931 Com-

503 969 857 1024 monitorium
884 968 952 1024 ad
979 967 1272 1038 Eulogium
1306 966 1492 1036 presb.
1529 966 1686 1041 Tom.
1727 966 1792 1032 V,
1839 975 1996 1036 parte
2022 981 2080 1032 ιι,

503 1059 714 1132 ρ.⁶15’2,
756 1059 900 1112 inter
941 1058 1202 1128 epistolas
1232 1059 1322 1122 57,
1352 1073 1420 1112 ex
1448 1065 1602 1128 parte
1632 1073 1690 1112 ιιι
1728 1057 1918 1113 Actor.
1949 1071 2085 1114 con-

500 1149 612 1204 cilii
662 1149 944 1219 Ephesini.
988 1149 1146 1204 Tom.
1193 1149 1214 1204 I
1265 1149 1430 1214 Binii,
1461 1165 1516 1220 p.
1553 1150 1676 1206 444.
1708 1150 1878 1204 Vetus
1899 1149 2085 1206 versio

501 1247 682 1294 exstat
703 1239 846 1309 apud
876 1239 1178 1304 Baluzium,
1211 1255 1266 1309 p.
1298 1239 1400 1294 597
1438 1254 1593 1294 novae
1627 1238 1855 1297 Collect.
1897 1239 2087 1294 Memi-

503 1330 584 1384 nit
611 1331 775 1400 hujus
795 1328 1042 1398 epistolae
1065 1329 1374 1395 Liberatus,
1399 1344 1518 1398 cap.
1544 1328 1606 1394 9;
1639 1327 1901 1398 Eulogius
1921 1336 2084 1398 atque

503 1422 830 1491 Ephraimus
887 1420 1033 1490 apud
1083 1421 1382 1486 Photium,
1429 1428 1539 1475 etc.
1579 1421 1714 1476 Vide
1763 1419 2082 1476 Tillcmont.

504 1523 635 1569 tom.
672 1512 812 1577 XIV,
859 1528 914 1582 p.
963 1512 1067 1566 568
1119 1527 1235 1582 seq.
1271 1511 1612 1578 Quibusdam
1663 1511 1718 1564 in
1755 1510 1893 1564 locis
1921 1509 2084 1566 falsa-

503 1611 642 1668 tum,
687 1601 864 1667 fuere,
898 1603 993 1672 qui
1017 1609 1335 1672 arguerent.
1393 1601 1530 1657 Vide
1575 1600 1926 1656 collationem
1958 1615 2085 1655 cum

502 1693 816 1750 Severianis
867 1694 984 1748 sive
1033 1693 1327 1763 Acephalis
1371 1690 1846 1762 Constantinopoli
1906 1695 1972 1746 A.
2019 1689 2081 1747 C.

499 1787 609 1842 552
639 1787 903 1851 habitam,
943 1793 1074 1840 tom.
1108 1779 1152 1839 II
1187 1773 1330 1838 Binii
1368 1799 1422 1854 p.
1463 1783 1587 1838 661.
1616 1783 1675 1838 In
1711 1783 1818 1837 hoc
1840 1796 2084 1840 commo-

2183 602 2447 744 μῖὲῗόῖιι
2496 687 2790 760 Νεστορεου
2842 690 3030 754 πίστις
3091 690 3293 762 μᾶλλον
3350 691 3409 746 δὲ
3451 691 3766 758 κακοδοξία.

2181 778 2696 846 Commonitorium,
2755 781 3051 837 Posidonio
3105 782 3292 838 datum
3313 823 3329 849 ,
3373 799 3501 840 cum
3539 795 3770 856 propter

2182 867 2420 924 Nestorii
2447 885 2665 925 causam
2699 871 3012 928 mitteretur
3037 873 3104 927 ad
3130 872 3428 929 concilium
3455 875 3766 930 Romanum

2185 960 2248 1014 A.
2277 959 2337 1016 C.
2368 961 2491 1016 450.
2523 961 2606 1017 Ex
2632 961 2910 1017 Sirmondi
2942 963 3161 1018 schedis
3179 979 3303 1019 cum
3324 965 3481 1020 Joan.
3505 965 3765 1020 Garnerii

2183 1051 2438 1108 versione
2482 1052 2660 1108 edidit
2701 1052 2892 1124 Steph.
2953 1054 3208 1110 Baluz‘ius
3249 1055 3305 1110 in
3350 1056 3498 1111 Nova
3543 1055 3765 1113 Collect.

2183 1141 2482 1210 concilian,
2513 1159 2569 1214 p.
2601 1144 2724 1199 577.
2764 1145 2934 1201 Paris.
2975 1146 3134 1211 1685,
3168 1147 3263 1202 fol.
3301 1148 3514 1203 Prodiit
3543 1159 3600 1202 et
3637 1163 3766 1203 cum

2183 1234 2438 1291 Gamerii
2491 1237 2750 1292 versione
2801 1247 2858 1292 et
2903 1239 3052 1294 notis
3105 1239 3160 1294 in
3205 1239 3472 1295 Auctario
3521 1239 3766 1310 Operum

2185 1329 2539 1396 Theodoreti,
2569 1345 2624 1401 p.
2650 1331 2740 1386 51.
2776 1332 2950 1386 Paris.
2984 1331 3144 1398 4684,
3179 1333 3234 1388 in
3264 1333 3361 1388 fol.
3399 1333 3561 1389 Fusa.
3597 1364 3669 1374 —
3697 1335 3766 1390 V.

2185 1420 2451 1485 Harduin,
2493 1419 2630 1476 Coll.
2680 1421 2892 1487 concil.,
2944 1421 2987 1488 l,
3020 1438 3144 1494 pag.
3203 1423 3765 1481 I5l9.—Coustant.

2159 1509 2325 1581 ,Epp.
2353 1509 2620 1580 Ponti/ia,
2647 1519 2781 1566 tom.
2811 1511 2853 1574 I,
2876 1527 2930 1582 p.
2969 1511 3106 1568 1095
3133 1529 3324 1584 seqq.;
3353 1513 3526 1568 Μειιεί
3559 1513 3766 1570 Concil.

2185 1608 2319 1655 tom.
2365 1602 2452 1667 ιγ,
2489 1618 2545 1673 p.
2591 1602 2730 1670 548;
2773 1603 2989 1658 Walch.
3030 1603 3068 1658 ι.
3110 1619 3187 1670 c.,
3233 1620 3289 1675 p.
3323 1605 3430 1660 595
3460 1620 3602 1676 seq.,
3630 1607 3770 1661 ιδι-

2183 1693 2307 1749 458.
2345 1693 2510 1748 Ιίιιιιι..

2252 1784 2340 1839 40.
2390 1786 2454 1839 Ἡ
2495 1788 2595 1856 τῆς
2644 1785 2797 1850 θείας
2836 1786 3060 1856 Γραφῆς
3096 1785 3362 1859 ὀρθοτάτη
3395 1787 3593 1842 ἔννοια.
3632 1787 3768 1842 Vide

500 1879 705 1933 nitorio
743 1885 922 1932 exstat
959 1875 1196 1930 celebris
1251 1875 1343 1929 ille
1369 1851 1581 1937 locus,
1626 1887 1657 1927 a
1697 1871 2085 1927 collectoribns
2115 1851 2156 1906 Β
2185 1890 2373 1946 supra,
2397 1851 2562 1930 num:
2592 1877 2645 1942 9,
2689 1877 2746 1932 in
2779 1851 3102 1933 recensione
3129 1851 3272 1934 torni
3311 1851 3362 1936 V
3389 1877 3524 1950 Opp.
3551 1879 3766 1951 Cyrilli.

469 1961 820 2024 catenarum
851 1966 908 2021 in
945 1965 1118 2020 libros
1158 1965 1215 2019 S.
1263 1963 1562 2034 Scriptura:
1591 1963 1752 2017 toties
1785 1961 2079 2017 laudatus:

499 2060 574 2110 (ὶύ
597 2060 792 2120 πάντα,
814 2058 915 2110 ὅσα.
941 2055 1192 2122 λέγουσιν
1213 2055 1264 2108 οἱ
1286 2053 1575 2126 αἱρετικοὶ,
1598 2053 1818 2122 φεύγειν
1841 2053 1937 2106 καὶ
1953 2070 2086 2122 παρ-

498 2148 770 2202 αιτεῖσθαι
797 2148 904 2218 χρή
925 2163 938 2178 ο
980 2145 1100 2200 Non
1133 2147 1333 2210 omnia,
1369 2161 1486 2214 qua:
1517 2145 1696 2198 dicunt
1722 2143 1971 2206 haeretici,
2003 2143 2086 2212 [ιι-

497 2239 688 2310 gienda
731 2247 780 2292 et
817 2237 1144 2308 repudianda
1176 2243 1336 2300 sunt;
1376 2235 1546 2290 multa
1587 2237 1728 2289 enim
1765 2234 2085 2306 proﬁtentur

496 2344 617 2400 qua:
641 2345 734 2382 nos
758 2328 920 2381 etiam
949 2325 1279 2397 proﬁtemur.
1326 2324 1484 2380 FABB.

567 2418 744 2473 Paris.
781 2417 838 2471 in
885 2415 1022 2471 bibl.
1059 2415 1211 2486 pub].
1244 2413 1369 2469 cod.
1415 2413 1804 2480 DCCCLXXX,
1852 2431 1908 2469 ιι.
1946 2415 2000 2480 7,
2027 2420 2084 2470 et

497 2509 623 2566 cod.
659 2507 976 2572 MCCCVIII,
998 2522 1056 2560 ιι.
1097 2506 1154 2573 5,
1182 2513 1348 2576 atque
1386 2505 1493 2560 alia
1522 2503 1817 2576 Cyrilliana
1850 2521 1906 2558 ιι.
1936 2505 1993 2571 2,
2025 2506 2081 2570 4,

495 2597 552 2664 6’
574 2597 840 2744 5⁷
861 2689 1077 2758 μικροῖς
1105 2685 1295 2749 σιτίοις
1318 2683 1566 2748 πολλούς.
1598 2683 1864 2755 Prologus
1891 2686 1956 2740 ad
1981 2687 2084 2742 ho-

496 2781 706 2848 miliam
739 2779 1050 2850 paschalem
1081 2795 1192 2833 xxx.
1219 2777 1376 2833 Tom.
1408 2777 1472 2842 V,
1524 2788 1678 2847 parte
1708 2794 1766 2842 ιι,
1799 2794 1853 2848 p.
1887 2779 2010 2832 247.

565 2873 653 2927 52.
673 2871 976 2942 Ἐταρᾶχθη
1001 2870 1120 2924 λίαν
1167 2871 1368 2942 ή·ἁγεα
1399 2870 1643 2933 σύνοδος.
1665 2858 1906 2939 Epistola
1925 2871 1993 2925 2.5
2013 2871 2082 2925 ad

497 2965 707 3019 clerum
777 2962 1151 3033 populumque
1223 2960 1700 3031 Constantinopol.
1768 2960 1924 3016 Tom.
1991 2961 2080 3027 ν,

497 3066 652 3126 parte
678 3071 737 3121 ιι,
764 3071 818 3124 p.
847 3053 935 3118 90,
967 3069 1033 3108 ex
1063 3061 1216 3124 parte
1249 3068 1286 3107 ιι
1328 3052 1518 3108 Actor.
1547 3051 1740 3124 synodi
1773 3051 2079 3122 Ephesium.

499 3147 656 3203 Tom.
693 3147 714 3202 1
755 3145 920 3210 Binii,
963 3161 1017 3215 p.
1059 3143 1182 3199 295.
1223 3143 1382 3201 FABR.

567 3239 629 3294 In
657 3238 778 3293 cod.
802 3236 1004 3293 Caesar.
1039 3235 1275 3290 LXXVII
1305 3235 1450 3307 (cum
1477 3235 1666 3290 multis
1708 3235 1834 3290 aliis
1861 3229 2073 3306 Cyrill.)

495 3347 553 3386 ιι.
593 3330 682 3385 50.
718 3330 783 3385 V.
815 3329 1096 3393 Lambec,
1137 3328 1227 3392 III,
1263 3343 1318 3397 p.
1355 3327 1478 3382 588.
1519 3327 1687 3382 Ηλιιι..

565 3423 654 3476 55.
685 3421 924 3482 Εὐσεὸὲς
967 3419 1248 3487 θέσπισμα
1296 3419 1352 3470 ὲν
1389 3418 1517 3488 τῇδε
1560 3421 1625 3487 τῇ
1671 3417 1932 3487 Ἐφεσίων
1972 3435 2076 3489 μη-

432 3579 438 3585 _
494 3512 771 3584 τροπό).ει.
824 3509 1088 3574 Libellus,
1138 3523 1170 3563 a
1217 3507 1424 3579 Cyrillo
1471 3507 1624 3563 Alex.
1677 3515 1735 3562 et
1766 3508 2074 3574 Memnone,

497 3600 698 3672 Ephesi
730 3599 1010 3670 episcopo,
1035 3597 1254 3652 oblatus
1275 3595 1565 3666 Ephesium
1587 3594 1816 3667 synodo.
1852 3594 1911 3648 In
1945 3609 2076 3665 par-

497 3704 552 3748 te
578 3708 616 3746 ιι
657 3692 842 3747 Actor.
875 3689 1067 3760 synodi
1098 3687 1409 3758 Ephesium,
1447 3696 1578 3742 tom.
1608 3687 1630 3741 1
1667 3686 1831 3752 Binii,
1860 3702 1918 3756 p.
1947 3685 2072 3742 242.

497 3793 553 3840 et
587 3782 732 3853 apud
761 3781 947 3837 Baluz.
983 3796 1036 3850 p.
1073 3779 1177 3834 498
1208 3794 1362 3833 novae
1393 3778 1622 3834 Collect.
1649 3778 1932 3833 concilior.

567 3875 656 3929 54.
703 3869 1197 3940 Εὐφραινὲσοωσαν
1223 3869 1272 3921 οἱ
1319 3868 1558 3938 οὐρανοὶ,
1603 3867 1696 3920 καὶ
1729 3865 2077 3936 ἀγαλλιάσθω

499 3969 533 4036 ἡ
563 3966 653 4034 γῆ.
687 3963 931 4034 Epistola
951 3962 1040 4025 54,
1073 3960 1142 4016 ad
1169 3959 1748 4016 Joan.Antiochenum
1771 3957 1956 4030 (missa
1975 3972 2076 4027 per

499 4057 750 4120 Paulum,
783 4055 1114 4110 Emesenum
1147 4050 1518 4124 episcopum),
1553 4060 1684 4106 tom.
1728 4051 1795 4115 V,
1821 4059 1976 4120 parte
2014 4065 2074 4115 Ι,

497 4165 554 4220 p.
595 4146 846 4211 104-109,
893 4161 962 4200 ex
998 4155 1154 4216 parte
1195 4160 1256 4199 ιιι
1293 4143 1480 4199 Actor.
1532 4142 1726 4215 synodi
1763 4141 2073 4212 Ephesium,

496 4257 552 4311 p.
587 4238 711 4294 428.
745 4237 939 4292 Exstat
986 4245 1044 4292 et
1081 4235 1136 4290 in
1179 4234 1331 4292 Actis
1373 4233 1569 4306 synodi
1614 4231 2076 4290 Chalcedonensis

500 4337 634 4383 tom.
664 4329 710 4384 lI
740 4325 904 4391 Binii,
941 4341 1063 4397 pag.
1113 4325 1202 4390 68,
1239 4332 1295 4379 et
1319 4340 1388 4379 ex
1412 4321 1588 4378 veteri
1632 4321 1885 4378 versione
1930 4318 2076 4392 apud

497 4420 680 4476 BaIuL
729 4435 783 4489 p.
821 4419 942 4474 591.
987 4417 1113 4472 Ilaec
1145 4426 1230 4473 est
1287 4417 1378 4471 illa
1418 4416 1706 4471 notissima
1739 4414 1927 4488 Cyrilli
1961 4413 2076 4486 epi-

2252 1965 2342 2019 41.
2377 1966 2637 2038 Ηὺχὸμην
2661 1967 2759 2038 μὲν
2782 1969 2896 2032 τοῖς
2919 1967 3030 2020 τῶν
3052 1968 3530 2040 εὐδοκιμησάντων
3567 1970 3765 2040 ἴχνεσι.

2185 2056 2426 2126 Epistola
2457 2057 2526 2112 ad
2578 2059 2920 2126 Juvenalem,
2960 2060 3370 2132 Hicrosolymit.
3419 2062 3765 2132 episcopum.

2185 2147 2343 2202 Tom.
2405 2149 2467 2214 V,
2510 2158 2668 2218 parte
2715 2167 2772 2215 ιι,
2809 2166 2865 2221 p.
2917 2151 3110 2216 65-67,
3149 2167 3218 2208 ex
3257 2161 3461 2224 parte:
3501 2153 3765 2210 Actorum

2183 2236 2404 2292 concilii
2461 2237 2750 2307 Ephesini,
2790 2247 2926 2293 tom.
2980 2239 2998 2294 I
3060 2239 3238 2304 Binii,
3297 2255 3352 2309 p.
3393 2239 3516 2294 147.
3567 2238 3766 2311 [Mansi

2185 2333 2320 2380 tom.
2351 2323 2441 2390 IV,
2476 2341 2532 2395 p.
2567 2325 2724 2390 1057,
2755 2335 2813 2382 et
2847 2326 2968 2382 Lat.
3002 2336 3136 2382 tom.
3161 2327 3230 2393 V,
3256 2343 3311 2397 p.
3340 2327 3464 2382 521.
3501 2327 3696 2400 [inn]

2251 2415 2345 2472 42.
2386 2415 2519 2470 Ἰδοὺ
2565 2417 2628 2490 δὴ
2674 2417 2835 2472 πάλιν
2879 2420 2909 2473 6
2947 2421 3045 2489 τῆς
3087 2419 3251 2486 ἁγίας
3283 2417 3499 2490 ἑορτῆς.
3530 2415 3768 2474 Homilia

2182 2505 2457 2576 paschalis
2494 2521 2642 2560 xxxx.
2675 2505 2832 2560 Tom.
2857 2506 2922 2570 V,
2955 2516 3110 2577 parte
3141 2521 3200 2572 ιι,
3233 2522 3288 2576 p.
3323 2505 3586 2560 555-542.

2251 2598 2341 2652 45.
2391 2598 2552 2668 Ἱεροὶ
2605 2597 2706 2668 μὲν
2757 2598 2966 2654 ἄνωθεν
3015 2600 3292 2670 ὑμνήκασι
3335 2599 3502 2668 λόγοι.
3533 2599 3767 2656 Homilia

2182 2705 2272 2744 xrv
2300 2690 2592 2760 paschalis.
2625 2691 2782 2746 Tom.
2815 2691 2882 2756 V,
2910 2698 3068 2762 parte
3110 2705 3170 2755 ιι,
3206 2706 3329 2761 pag.
3362 2689 3622 2746 187-198.

2260 2779 2350 2832 44.
2382 2779 2492 2832 Καὶ
2524 2779 2700 2844 ἄλλως
2742 2779 2912 2850 ἡδέως
2951 2779 3094 2850 ὀρῶν
3123 2781 3247 2843 τοὺς
3281 2779 3521 2848 ἀγαθοὺς
3549 2780 3760 2844 παῖδας.

2185 2869 2424 2939 Epistola
2469 2871 2536 2925 ad
2570 2869 2848 2940 Optimum
2896 2871 3236 2942 episcopum,
3276 2871 3334 2925 in
3374 2871 3509 2932 illud
3559 2871 3763 2930 Gencs.

2185 2978 2256 3026 tv,
2295 2962 2363 3016 15
2395 2980 2408 3014 :
2441 2960 2622 3016 Omnis
2663 2963 2754 3032 qui
2781 2962 3024 3016 occiderit
3055 2962 3209 3027 Cain,
3243 2965 3300 3018 in
3334 2963 3632 3036 sepluplnm
3663 2981 3765 3035 pu-

2185 3055 2382 3108 nietur.
2433 3052 2564 3119 Quae
2609 3052 2795 3108 Grmce
2833 3060 2889 3108 et
2923 3051 3117 3108 Latine
3163 3063 3341 3110 exstat
3393 3055 3450 3110 in
3485 3056 3766 3113 Chronico

2109 3175 2152 3232 α
2184 3141 2578 3206 Alexandrino,
2611 3159 2732 3214 pag.
2783 3143 3022 3198 568-577
3078 3144 3212 3200 edit.
3269 3146 3503 3202 Matthaei
3561 3149 3763 3205 Radcri

2187 3231 2482 3304 (Monachii
2509 3232 2668 3297 1624,
2700 3232 2846 3303 in-4)
2877 3241 2934 3288 et
2963 3233 3018 3288 in
3043 3233 3234 3306 Cangii
3269 3235 3532 3303 editione,
3554 3254 3610 3310 p.
3633 3239 3759 3296 241.

2183 3324 2478 3380 Fixum—In
2509 3323 2670 3378 codd.
2701 3324 2902 3380 Czesar.
2930 3324 3112 3390 LXIV,
3145 3343 3199 3382 ιι,
3225 3326 3324 3393 18;
3350 3327 3558 3395 LXVII,
3588 3346 3643 3385 ιι.
3669 3331 3759 3387 55.

2183 3413 2375 3480 LXIX,
2398 3431 2456 3469 ιι.
2485 3414 2576 3481 5.;
2611 3414 2821 3480 LXXV,
2857 3432 2914 3469 ιι.
2949 3416 3000 3480 1,
3029 3417 3144 3472 haec
3171 3419 3334 3488 epist.
3361 3420 3632 3476 tribuitur
3662 3422 3764 3478 Ba-

2184 3507 2308 3560 silio
2339 3506 2410 3560 M.
2443 3506 2507 3562 V.
2557 3505 2814 3560 Lambcc.
2867 3506 2956 3573 III,
2995 3523 3050 3576 p.
3081 3507 3207 3574 298,
3239 3510 3514 3581 praecipue
3539 3513 3762 3570 Kollarii

2183 3603 2391 3661 notam,
2423 3611 2478 3665 p.
2515 3595 2639 3661 554,
2679 3595 2818 3663 545;
2857 3613 3046 3652 —nce
3079 3613 3188 3654 non
3217 3599 3274 3654 in
3317 3601 3423 3656 vol.
3448 3603 3513 3669 V,
3546 3619 3602 3674 ι).
3631 3604 3760 3664 515.

2183 3685 2240 3742 in
2270 3685 2393 3741 cod.
2421 3685 2574 3751 CCL,
2601 3703 2660 3740 ιι.
2695 3686 2747 3741 8.
2783 3687 2949 3742 Hann.

2253 3779 2344 3834 45.
2376 3777 2583 3849 Καιρὸν
2624 3778 2790 3832 παντὶ
2832 3778 3140 3848 πράγματι.
3191 3779 3427 3837 Homilia
3457 3799 3492 3837 v
3525 3786 3762 3854 pascha-

2181 3869 2270 3925 lis.
2297 3869 2455 3925 Tom.
2487 3869 2554 3937 V,
2589 3876 2743 3940 parte
2768 3886 2830 3934 ιι,
2865 3885 2990 3941 pag.
3021 3870 3206 3927 45-60.

2253 3962 2344 4016 46.
2379 3961 2576 4022 Καλὸν,
2604 3961 2681 4024 ὡς
2719 3961 2885 4024 ἔοικε,
2929 3963 3128 4032 μᾶλλον
3157 3963 3216 4016 δὲ
3259 3964 3359 4035 ἤδη
3391 3965 3601 4036 καιρός.
3649 3967 3762 4024 Ho-

2183 4051 2337 4106 nilia
2368 4067 2465 4104 xm
2491 4051 2784 4120 paschalis.
2827 4051 2984 4106 Tom.
3019 4053 3086 4118 V,
3117 4062 3275 4122 parte
3313 4070 3373 4118 ιι,
3407 4071 3464 4126 p.
3497 4057 3759 4114 I77-l86.

2252 4144 2344 4198 47.
2380 4142 2843 4213 Καταφλυαροῦσι
2874 4143 2994 4212 μὲν,
3017 4144 3092 4208 ὡς
3117 4145 3302 4199 ἀκούω
3332 4147 3424 4218 (al.
3454 4150 3756 4219 μανθάνω).

2182 4235 2426 4305 Epistola
2445 4234 2499 4298 4,
2537 4233 2604 4288 ad
2647 4233 2962 4288 Nestorium
3010 4235 3088 4307 (a)
3139 4237 3346 4308 scripta
3401 4237 3467 4293 A.
3521 4239 3582 4296 C.
3630 4241 3756 4296 450.

2183 4326 2338 4380 Tom.
2369 4325 2434 4391 V,
2465 4333 2618 4394 parte
2636 4341 2694 4390 ιι,
2717 4339 2770 4395 p.
2808 4325 2996 4392 22-25,
3032 4343 3099 4381 ex
3119 4337 3309 4398 parte:
3331 4329 3518 4384 Actor.
3537 4331 3758 4388 concilii

2183 4415 2468 4488 Ephesini,
2507 4403 2549 4470 t.
2587 4416 2790 4482 IBinii,
2822 4418 3080 4488 pag.l20.
3106 4419 3436 4475 Exstatetin
3457 4421 3607 4479 Actis
3621 4438 3757 4480 con-

497 4509 635 4564 stola
685 4507 753 4562 de
798 4506 1057 4562 Ecclesiae
1105 4521 1261 4576 pace,
1298 4505 1504 4576 scripta
1541 4504 1606 4561 A.
1641 4502 1703 4560 C.
1744 4506 1867 4561 455.
1907 4506 2070 4572 Ibid.,
2105 4526 2150 4582 ι)
2185 4507 2305 4563 cilii
2334 4507 2822 4574 Chalcedonensis,
2858 4517 2991 4564 tom.
3013 4511 3218 4580 lI,pag.
3237 4510 3322 4576 60,
3350 4520 3408 4568 et
3445 4527 3572 4568 cum
3601 4511 3755 4568 Marii

496 4615 620 4671 pag.
644 4598 766 4654 786.
795 4598 1109 4653 Tillemont.
1141 4608 1274 4653 tom.
1300 4596 1440 4662 XIV,
1469 4611 1593 4667 pag.
1631 4597 1735 4652 545
1764 4611 1878 4666 seq.
1911 4597 2072 4652 Enn.

2174 4597 2496 4656 Mercatoris
2525 4598 2781 4656 versione
2836 4600 2894 4654 in
2949 4609 3080 4656 tom.
3129 4601 3174 4657 Il
3235 4602 3580 4670 Mercatoris,
3618 4604 3754 4660 edit.

564 4691 760 4748 Venet.
816 4689 876 4744 in
921 4688 1045 4744 cod.
1098 4689 1264 4744 Marc.
1329 4688 1472 4743 Bibl.
1507 4686 1796 4744 CCCCLX.
1841 4688 1904 4743 V.
1951 4686 2070 4744 Cat.
2173 4688 2530 4746 Garneriana:
2572 4705 2630 4760 p.
2661 4691 2750 4756 45,
2793 4700 2850 4748 ct
2877 4692 3020 4762 apud
3049 4693 3332 4750 Beluzium
3371 4711 3429 4764 p.
3461 4695 3566 4751 658
3597 4695 3759 4752 Nova:

495 4780 646 4834 codd.
684 4780 776 4836 Gr.
815 4779 1003 4844 llam,
1025 4795 1082 4848 p.
1109 4779 1235 4834 274.
1269 4779 1438 4834 ΗΑιιι..

2179 4779 2403 4837 Collect.
2455 4779 2752 4847 concilior.,
2783 4789 2840 4836 et
2884 4799 2952 4838 ex
3001 4783 3111 4839 alia
3165 4784 3424 4840 versione
3481 4786 3656 4840 veteri
3699 4786 3756 4842 in

565 4869 656 4924 55.
725 4868 954 4939 Ἦϐικὴν
1019 4867 1294 4936 ὑφήγησιν
1347 4870 1377 4922 6
1419 4868 1578 4938 λόγος
1625 4869 1759 4940 ἡμῖν
1811 4866 2070 4937 εἰσφέρει.

2179 4870 2462 4928 collatione
2506 4880 2659 4926 sexta
2687 4872 2881 4944 synodi
2920 4889 2975 4938 v,
3022 4880 3156 4929 tom.
3199 4874 3245 4930 ll
3295 4873 3459 4942 Binii,
3489 4885 3647 4947 parte
3692 4894 3754 4944 ιι,

496 4960 764 5030 Prologus
794 4958 861 5014 ad
910 4957 1192 5012 homiliam
1223 4958 1538 5028 paschalem
1588 4973 1774 5013 nvnl.
1812 4957 1970 5012 Tom.
2000 4957 2069 5023 V,

495 5062 655 5126 parte
688 5069 746 5118 ιι,
783 5067 838 5123 p.
871 5050 996 5105 526.

2173 4979 2228 5033 p.
2266 4961 2360 5018 91.

2247 5053 2336 5108 48.
2379 5053 2754 5126 Κατηραμένη
2799 5053 2871 5123 γῆ
2911 5055 2968 5106 ἰν
3024 5055 3136 5118 τοῖς
3189 5054 3374 5124 ἔργοις
3413 5055 3509 5110 τοῦ
3561 5058 3752 5130 ’Δδάμη

564 5145 652 5200 56.
701 5145 878 5215 Ἠμᾶς
915 5141 1104 5196 ἐνθάδε
1152 5141 1460 5212 συνήγαγεν
1497 5142 1526 5193 6
1563 5141 1778 5211 καιρός.
1809 5141 2074 5212 Prologus

2179 5144 2312 5200 Vide
2343 5159 2532 5216 supra,
2558 5160 2712 5200 num.
2742 5144 2836 5211 24,
2875 5144 2934 5200 in
2967 5144 3288 5202 recensione
3324 5147 3460 5202 tomi
3492 5149 3584 5204 VII
3610 5147 3750 5220 Opp.

493 5237 563 5292 ad
595 5237 878 5292 homiliam
928 5233 1244 5307 paschalem
1308 5247 1418 5296 xvi.
1485 5231 1643 5286 Tom.
1698 5232 1764 5296 V,
1813 5242 1974 5302 parte
2012 5248 2070 5297 ιι,

495 5328 767 5473 p15279:}!
801 5419 898 5488 μὲν
933 5419 1050 5473 Θεία
1081 5417 1176 5472 καὶ
1223 5415 1519 5487 ἀκήρατος.
1566 5412 1958 5484 Apologeticus
2002 5413 2072 5469 ad

498 5509 632 5580 imp.
659 5509 1027 5565 Theodosium
1060 5511 1364 5566 Juniorem.
1397 5507 1533 5563 Vide
1565 5522 1753 5577 supra,
1788 5521 1944 5561 num.
1977 5506 2071 5572 20,

499 5601 552 5655 in
585 5601 907 5657 recensione
945 5603 1078 5656 tomi
1107 5603 1200 5657 VII
1231 5601 1370 5672 Opp.
1402 5599 1615 5672 Cyrilli.

563 5693 652 5748 58.
694 5693 760 5745 'lI
809 5691 906 5763 μὲν
947 5692 1201 5756 ὑπόθεσις
1229 5693 1315 5762 ἐφ’
1426 5693 1520 5747 καὶ
1554 5690 1668 5746 νῦν.
1700 5690 1970 5762 Prologus
2000 5691 2070 5748 ad

570 5805 644 5868 (a)
685 5805 816 5860 Vide
852 5804 1164 5862 Tiilcmont.
1196 5816 1325 5861 tom.
1355 5805 1496 5872 XIV,
1520 5821 1576 5873 ιι.
1602 5804 1705 5860 557
1732 5819 1851 5874 seq.

2173 5236 2384 5308 Cyrilli.

2243 5330 2334 5384 49.
2362 5329 2725 5400 Κεχρήσομαι
2753 5329 2917 5384 πάλιν
2943 5332 3065 5394 ταῖς
3088 5329 3185 5384 τοῦ
3219 5333 3510 5404 μακαρίου.
3561 5333 3754 5390 Homi-

2179 5419 2253 5474 Iia
2279 5435 2406 5474 nov
2431 5418 2724 5490 paschalis.
2750 5419 2908 5476 Tom.
2940 5420 3008 5486 V,
3043 5428 3202 5491 parte
3239 5437 3300 5489 ιι,
3331 5438 3390 5494 p.
3420 5421 3680 5479 286-295.

2249 5509 2340 5565 50.
2367 5510 2723 5583 Κεχρήσομαι
2752 5511 2914 5566 πάλιν
2940 5513 3062 5575 ταῖς
3086 5511 3182 5566 τοῦ
3220 5513 3498 5583 πανσόφου
3541 5512 3758 5570 Παύλου

2179 5603 2407 5670 φωναῖς.
2440 5601 2643 5658 Ποιιιίι.
2671 5617 2798 5659 xxvi
2828 5604 3122 5674 paschalis.
3153 5605 3292 5661 Ibid.
3331 5605 3383 5671 4,
3411 5621 3465 5676 p.
3492 5605 3752 5662 502-5l2.

2249 5691 2360 5749 50'.
2387 5693 2638 5768 Λαμπρὰ
2686 5696 2787 5769 τῆς
2836 5697 3120 5771 παρούσης
3159 5699 3352 5772 ἑορτῆς
3386 5701 3421 5770 ἡ
3474 5699 3752 5766 ὑπόθεσις-
