4076 6306
533 317 603 370 75
1772 312 2050 370 NOTITIA
2092 317 2180 370 EX
2223 319 2554 374 FABRICIO.
3710 317 3780 370 76

532 435 765 502 φύσεως.
799 433 933 488 Vide
963 447 1130 500 supra
1185 444 1337 482 num.
1369 429 1440 483 25
1473 430 1526 482 in
1581 429 1898 483 recensione
1962 430 2090 482 torni

2270 434 2355 488 89.
2387 437 2428 486 Τ
2433 438 2466 489 ἀ
2495 436 2718 506 λαμπρὰ
2751 435 2842 488 καὶ
2887 435 3099 506 μεγάλα
3150 433 3256 487 τῶν
3306 432 3778 504 κατορθωμάτων.

536 527 619 581 VII
649 525 784 596 Opp.
813 525 1017 595 Cyrilli.

599 619 685 670 77.
726 617 923 670 Πολλαὶ
956 616 1078 670 καθ’
1107 615 1266 686 ἡμῶν
1297 615 1582 684 γεγόνασιν
1620 613 1801 666 ἐκεῖσε
1829 611 2091 666 διαϐολαί.

530 710 767 780 Epistola
808 708 914 773 26,
964 708 1032 762 ad
1070 707 1379 778 episcopos,
1427 703 1884 775 Theopemptum,
1940 703 2100 758 Pota-

529 817 744 857 monem
814 809 870 855 et
929 800 1242 863 Danielem,
1322 795 1794 866 ConstantinOpoli
1857 803 2096 865 agentes.

529 894 683 947 Tom.
733 894 797 958 V,
844 899 1001 962 parte
1064 906 1124 955 ιι,
1177 905 1231 959 p.
1267 889 1356 954 91,
1399 904 1466 943 ex
1493 895 1648 958 parte
1678 904 1715 942 ιι
1743 887 1930 942 Actor.
1973 902 2100 941 con-

530 985 638 1040 cilii
670 984 953 1055 Ephesini,
989 981 1161 1037 tom.l
1191 979 1354 1044 Binii,
1377 995 1433 1049 p.
1472 979 1598 1033 297.

595 1075 684 1129 78.
711 1074 881 1145 Πολλὴ
923 1074 1020 1144 μὲν
1079 1072 1200 1124 λίαν
1248 1072 1281 1141 ἡ
1335 1069 1572 1133 σύνοδος.
1615 1069 1847 1124 Ilomilia
1886 1070 1964 1132 εἰς
2001 1068 2098 1140 τὴν

525 1168 788 1238 ὑπαντὴν,
849 1169 903 1220 in
943 1181 1214 1218 occursum
1271 1162 1501 1226 Domini,
1560 1161 1708 1214 edita
1755 1161 1994 1230 primum
2029 1159 2098 1213 ab

532 1259 771 1313 Auberto
801 1273 949 1312 ems.
987 1257 1157 1326 regio.
1187 1254 1344 1308 Tom.
1378 1251 1443 1318 V,
1465 1261 1622 1322 parte
1648 1266 1707 1315 ιι,
1737 1265 1792 1320 p.
1829 1249 2092 1304 585-592.

531 1351 686 1404 Fam.

594 1439 841 1495 Venetiis
877 1439 930 1490 in
964 1435 1087 1491 cod.
1136 1431 1385 1490 Naniano
1429 1432 1678 1497 LXIII,n.
1715 1433 1766 1497 7,
1805 1432 1963 1487 Hom.
2017 1433 2096 1495 ei;

531 1531 618 1602 τὴν
643 1530 885 1598 ὑπάντην
903 1527 998 1580 τοῦ
1030 1526 1256 1596 Κυρίου,
1291 1533 1400 1578 etc.
1424 1524 1642 1594 Incipit,
1669 1525 1841 1594 Χαῖρε
1865 1525 2090 1597 σφόδρα,

525 1624 763 1692 θύγατερ
820 1619 983 1673 Σιών.
1009 1617 1100 1672 Sic
1128 1615 1322 1687 incipit
1350 1629 1567 1685 quoque
1597 1615 1651 1668 in
1682 1614 1804 1669 cod.
1832 1613 2092 1669 Laurent.

526 1712 684 1777 XVII,
717 1727 774 1765 ιι.
803 1709 891 1763 52.
921 1708 1061 1780 plut.
1085 1707 1154 1771 9;
1183 1704 1278 1759 sed
1303 1705 1378 1758 ibi
1412 1703 1678 1758 tribuitur
1724 1703 1925 1776 Cyrillo
1960 1705 2092 1760 Hie-

2203 525 2444 594 Epistola
2473 525 2562 592 25,
2605 525 2671 580 ad
2714 526 2920 580 clerum
2949 525 3324 595 populumque
3363 523 3519 576 Alex.
3552 521 3780 588 ΤοιιιΝ,

2202 623 2356 684 parte
2377 631 2436 680 ιι,
2467 631 2589 685 pag.
2615 615 2702 681 88,
2740 631 2807 670 ex
2837 626 2993 685 parte
3023 631 3060 668 ιι
3085 615 3346 669 Actorum
3373 611 3561 684 synodi
3595 612 3783 683 Ephe-

2202 709 2353 774 sinaa,
2389 717 2522 763 tom.
2564 708 2772 774 IBinii,
2808 724 2863 778 p.
2887 708 3010 761 247.

2269 799 2356 854 90.
2387 799 2466 852 Τὰ
2494 799 2698 870 συνήθη
2731 800 2825 852 καὶ
2854 799 2949 852 νῦν
2975 795 3418 867 ἁναγνωσόμεθα.
3452 789 3783 851 Protheoria

2199 891 2266 946 ad
2325 891 2606 945 homiliam
2643 906 2751 944 xvu
2789 891 3123 960 paschalem.
3193 888 3348 942 Tom.
3387 889 3452 953 V,
3511 897 3664 958 parte
3715 904 3778 955 ιι,

2199 1000 2322 1054 pag.
2353 983 2479 1038 222.

2269 1075 2357 1130 91.
2388 1076 2501 1146 Τῆς
2524 1077 2603 1139 εἰς
2653 1075 2786 1130 Θεὸν
2835 1074 2926 1147 (al.
2979 1073 3235 1146 Χριστὸν)
3280 1073 3502 1143 ἀγάπης
3554 1073 3657 1144 τὴν
3685 1071 3779 1125 δύ-

2197 1184 2378 1238 ναμιν.
2412 1167 2474 1221 In
2504 1167 2793 1231 Joannem,
2834 1166 3240 1221 Antiochenum
3264 1166 3508 1235 episcop.
3543 1165 3780 1234 ἀποσχί-

2197 1274 2386 1321 σαντα,
2419 1258 2535 1313 sive
2574 1257 3010 1322 schismaticum,
3034 1256 3282 1310 homilia.
3324 1255 3481 1309 Tom.
3511 1255 3576 1319 V,
3617 1262 3777 1324 parte

2196 1365 2254 1414 ιι,
2285 1365 2340 1420 p.
2371 1349 2626 1404 561-564.
2659 1349 2721 1404 In
2747 1348 2960 1404 Latinis
2989 1347 3332 1403 editionibus
3359 1354 3540 1402 exstat
3565 1361 3596 1400 e
3639 1362 3774 1399 ver-

2195 1442 2347 1496 sione
2389 1441 2554 1497 Wolf.
2589 1440 2857 1506 Musculi;
2900 1439 2997 1495 sed
3040 1439 3319 1508 Aubertus
3374 1438 3597 1492 exhibet
3645 1454 3773 1492 cum

2194 1532 2647 1604 interpretatione
2687 1547 2810 1602 quae
2851 1529 3038 1587 addita
3060 1539 3145 1585 est
3178 1529 3234 1584 in
3271 1537 3426 1600 parte
3476 1545 3512 1584 ιι
3571 1529 3764 1584 Actor.

2193 1624 2412 1678 concilii
2443 1623 2728 1694 Ephesini,
2758 1629 2894 1676 tom.
2917 1621 2938 1676 I
2963 1620 3128 1686 Binii,
3151 1637 3205 1690 p.
3236 1620 3365 1675 254.

2263 1713 2350 1769 92.
2378 1715 2490 1786 Τῆς
2520 1713 2840 1776 Θεοσεϐείας
2863 1711 3017 1783 ὑμῶν
3058 1712 3151 1765 τὸν
3187 1712 3370 1782 ζῆλον.
3409 1711 3656 1781 Epistola
3681 1711 3771 1772 I7,

524 1802 935 1874 rosolymitano,
983 1807 1040 1853 et
1074 1804 1296 1866 recepta
1338 1802 1424 1849 CSl
1459 1794 1604 1849 inter
1645 1794 1831 1867 Cyrilli
1875 1797 2090 1851 IIICI‘OS.
2126 1797 2165 1851 Β
2193 1807 2416 1860 nomine
2450 1805 2641 1878 synodi
2672 1805 2825 1860 Alex_
2853 1805 2922 1859 ad
2960 1805 3257 1859 monachos
3295 1803 3768 1873 Constantinopo],

523 1911 649 1964 opp.
676 1893 809 1948 edit.
844 1891 1068 1945 Thomte
1102 1888 1296 1952 Milles,
1319 1903 1374 1957 p.
1403 1886 1527 1940 διε.
1553 1887 1616 1943 v.
1653 1888 1885 1942 Bandin.
1909 1887 2088 1944 Catal.

519 1987 670 2041 codd.
702 1986 864 2039 Laur.
891 1984 932 2049 I,
961 1999 1017 2053 p.
1048 1981 1171 2036 419.
1202 1980 1264 2035 In
1323 1979 1446 2034 cod.
1497 1989 1680 2034 autem
1710 1980 1905 2046 XXXI,
1939 1997 1995 2035 ιι.
2036 1981 2089 2046 8,

520 2083 658 2152 plut.
687 2078 774 2143 60,
821 2076 1121 2132 ascribitur
1152 2073 1358 2146 Cyrillo
1388 2073 1707 2140 Alexandr.;
1749 2081 1805 2129 et
1857 2075 2090 2129 Bandin.

517 2173 557 2226 Ι.
588 2187 661 2236 c.,
698 2186 754 2240 p.
780 2169 903 2234 412,
940 2167 1187 2232 adnotat,
1227 2166 1485 2221 eumdem
1518 2180 1639 2220 esse
1678 2179 2006 2231 sermonem,
2031 2181 2094 2221 ac

519 2265 614 2334 qui
649 2264 704 2317 in
738 2262 1032 2334 superiore
1075 2259 1198 2314 cod.
1238 2259 1460 2330 legitur.
1515 2257 1662 2312 Idem
1710 2272 1894 2312 sermo
1952 2258 2090 2312 assi-

517 2363 717 2425 gnatur
742 2351 944 2425 Cyrillo
960 2352 1115 2406 Alex.
1150 2350 1206 2404 in
1237 2348 1372 2405 Cod.
1428 2347 1626 2404 Caesar.
1665 2347 1894 2414 CXLVI,
1919 2365 1976 2402 ιι.
2005 2349 2091 2413 17,

516 2454 709 2501 contra
727 2442 933 2515 Cyrillo
963 2440 1322 2510 Hierosolym.
1352 2440 1406 2493 in
1435 2438 1558 2493 cod.
1593 2437 1686 2502 XI,
1720 2454 1777 2492 ιι.
1811 2439 1937 2502 7,et
1961 2437 2090 2500 CLI,

518 2557 576 2592 ιι.
607 2537 693 2591 56.
728 2537 791 2590 V.
824 2534 1079 2590 Lambec.
1113 2530 1314 2586 Comm.
1343 2531 1432 2594 IV,
1473 2530 1596 2594 260,
1627 2538 1683 2584 et
1726 2529 1863 2594 VIII,
1889 2545 1943 2599 p.
1971 2529 2092 2592 156,

519 2641 583 2680 ac
609 2642 664 2697 p.
696 2626 822 2680 507.
854 2626 1021 2680 llam“

588 2717 675 2770 79.
730 2716 1060 2785 Πολυμερῶς
1123 2715 1219 2768 καὶ
1281 2710 1636 2784 πολυτρόπως
1689 2711 1717 2762 6
1773 2708 1882 2762 τῶν
1955 2708 2094 2762 ὅλων

518 2809 669 2871 Θεός.
701 2806 939 2861 Homilia
968 2823 1038 2861 xx
1086 2803 1378 2877 paschalis.
1412 2803 1570 2858 Tom.
1620 2801 1683 2869 V,
1742 2809 1895 2871 parte
1944 2817 2003 2865 ιι,
2035 2815 2090 2871 p.

515 2900 779 2954 257-26-1.

604 2991 691 3046 80.
732 2991 948 3062 Πρέπον
973 2987 1124 3062 οἶμαι
1151 2989 1246 3044 καὶ
1274 2985 1369 3042 νῦν
1400 2989 1593 3041 εἰπεῖν.
1628 2985 1870 3056 Epistola
1902 2984 1990 3049 29,
2023 2983 2092 3039 ad

517 3079 925 3143 Maximianum,
957 3079 1276 3148 episcopum
1302 3075 1774 3146 Constantinopol.
1821 3074 1975 3129 Tom.
2024 3075 2089 3139 V,

2193 1897 2350 1952 Tom.
2391 1898 2456 1961 ν,
2482 1906 2636 1968 parte
2666 1913 2725 1962 ιι,
2763 1912 2819 1967 p.
2865 1895 2934 1950 80
2965 1911 3107 1965 seq.,
3142 1911 3210 1950 ex
3260 1904 3414 1965 parte
3457 1911 3474 1948 ι
3503 1895 3767 1950 Actorum

2193 1988 2412 2044 concilii
2443 1987 2733 2058 Ephesini,
2773 1996 2908 2042 tom.
2941 1988 2963 2042 Ι
2998 1986 3164 2052 Binii,
3206 2002 3260 2057 p.
3288 1985 3413 2040 158.

2265 2081 2356 2134 95.
2382 2080 2496 2150 Τῆς
2533 2080 2632 2150 μὲν
2672 2077 2833 2147 ἁγίας
2892 2077 3048 2150 ἡμῶν
3084 2077 3509 2149 ἀναλαμπούσης
3549 2078 3764 2148 ἑορτῆς.

2192 2172 2428 2228 Homilia
2456 2188 2509 2226 vr
2539 2171 2830 2242 paschalis.
2902 2170 3062 2225 Tom.
3096 2171 3161 2235 V,
3194 2177 3348 2240 parte
3401 2185 3458 2234 ιι,
3484 2184 3539 2239 p.
3576 2167 3767 2226 60-8I.

2260 2263 2347 2317 94.
2382 2263 2490 2333 Τῆς
2520 2261 2616 2332 μὲν
2656 2264 2714 2315 ὲν
2746 2261 3054 2333 ἀνθρώποις
3093 2259 3343 2323 εὐκλείας
3371 2259 3430 2313 τὸ
3474 2258 3768 2314 ἀνώτατον.

2193 2353 2328 2408 Vide
2360 2369 2525 2423 supra
2564 2368 2717 2406 num.
2746 2353 2831 2406 14.

2263 2445 2351 2500 95.
2383 2447 2492 2515 Τῆς
2520 2443 2618 2515 μὲν
2641 2444 2878 2515 εὐθύμου
2910 2443 3000 2515 (al.
3029 2443 3290 2514 εὐσήμου)
3328 2441 3420 2495 καὶ
3449 2441 3596 2504 θείας
3615 2441 3769 2512 ἡμῶν

2193 2535 2406 2606 ἑορτῆς.
2435 2534 2670 2589 Homilia
2715 2551 2731 2589 ι
2787 2534 3077 2605 paschalis.
3143 2535 3298 2588 Tom.
3349 2536 3415 2600 ν,
3483 2541 3641 2606 parte
3702 2549 3766 2599 ιι,

2156 2612 2159 2614 ’
2193 2640 2247 2694 p.
2277 2623 2402 2679 -1-16

2262 2713 2350 2768 96.
2384 2715 2495 2785 Τῆς
2534 2713 2632 2786 μὲν
2661 2716 2768 2769 τῶν
2800 2715 2970 2783 ἁγίων
3017 2715 3264 2778 εὐκλείας
3315 2732 3373 2768 τε
3426 2715 3523 2769 καὶ
3564 2713 3749 2784 δόξης.

2193 2804 2448 2870 Ilomilia,
2483 2805 2628 2861 dicta
2665 2806 2891 2877 Ephesi,
2934 2807 3018 2861 die
3046 2804 3104 2861 S.
3135 2805 3361 2860 Joannis
3409 2805 3765 2876 evangelium.

2194 2895 2348 2950 Tom.
2414 2895 2479 2960 V,
2513 2906 2668 2965 parte
2693 2912 2753 2961 ιι,
2799 2913 2854 2968 p.
2897 2896 3158 2952 552-554.
3212 2897 3292 2952 Ex
3311 2896 3616 2968 Wolfgangi
3644 2896 3766 2951 Mu-

2193 2986 2330 3040 sculi
2383 2986 2640 3041 versione
2697 2995 2876 3042 exstat
2920 2986 2976 3042 in
3007 2986 3216 3042 Latinis
3260 2986 3453 3059 Cyrilli
3503 2987 3767 3042 editioni~

2194 3075 2315 3132 bus.
2348 3075 2454 3132 Sed
2509 3076 2786 3133 Aubertus
2815 3078 3057 3149 praetulit
3098 3093 3242 3145 eam,
3278 3095 3512 3151 quacum
3566 3079 3768 3150 legitur

518 3181 671 3241 parte
700 3187 758 3236 ιι,
804 3188 859 3241 p.
907 3171 1091 3236 95—98,
1144 3187 1212 3225 ex
1265 3178 1422 3240 parte
1470 3185 1527 3223 ιιι
1571 3169 1830 3225 Actorum
1870 3168 2088 3223 concilii
2121 3168 2161 3193 υ
2197 3169 2251 3223 in
2276 3180 2430 3240 parte
2454 3185 2513 3224 ιιι
2542 3169 2802 3224 Actorum
2837 3170 3056 3225 concilii
3087 3170 3376 3240 Ephesini,
3420 3180 3552 3226 tom.
3587 3169 3610 3225 I
3667 3169 3764 3223 Βί-

516 3262 804 3331 Epltesini,
835 3269 966 3315 tom.
989 3259 1012 3315 I
1039 3259 1204 3322 Binii,
1228 3275 1281 3329 p.
1314 3258 1440 3313 411.

585 3354 674 3406 81.
712 3351 1139 3424 Προσεδοκῶμεν
1195 3350 1418 3404 ἐλθόντα
1440 3349 1531 3403 τὸν
1567 3349 1744 3418 τίμιον
1780 3349 2088 3420 Νεστόριον.

517 3444 764 3513 Epistola
797 3442 890 3507 20,
921 3441 985 3496 ad
1022 3441 1337 3496 Comarium
1373 3439 1449 3512 (a)
1487 3449 1542 3495 et
1568 3441 1943 3504 Potamonem,
1971 3440 2092 3510 epi-

518 3551 732 3604 scopos,
777 3542 834 3589 et
880 3533 1226 3599 Dalmatium,
1279 3531 1783 3595 archimandritam,
1825 3541 1880 3586 et
1907 3531 2092 3585 Timo-

517 3627 708 3681 tlieum
739 3634 903 3696 atque
927 3623 1237 3696 Eulogium,
1266 3624 1633 3695 presbyteros.
1667 3623 1821 3678 Tom.
1845 3624 1912 3688 V,
1942 3633 2093 3693 parte

518 3735 576 3782 ιι,
607 3735 660 3788 p.
695 3718 883 3783 84-86,
912 3733 978 3772 ex
1001 3727 1155 3786 parte
1189 3731 1226 3772 ιι
1268 3717 1528 3772 Actorum
1570 3715 1760 3788 synodi
1782 3715 2088 3785 Ephesium,

517 3819 652 3864 tom.
691 3811 711 3864 I
745 3809 906 3873 Binii,
939 3825 992 3878 p.
1021 3808 1146 3863 211.
1606 3857 1624 3868 .,

589 3901 676 3954 82.
709 3899 832 3964 Πῶς
865 3902 893 3953 6
936 3898 1068 3962 Θεὸς
1123 3899 1407 3970 ἀχώρητος
1445 3895 1716 3967 ὲχωρήθη.
1748 3893 1884 3951 Vide
1926 3910 2089 3963 supra

517 4007 670 4046 num.
696 3991 762 4045 10
794 3991 849 4044 in
875 3990 1197 4046 recensione
1226 3988 1464 4058 Operum
1492 3986 1679 4058 Cyrilli
1711 3995 1858 4042 torno
1890 3986 2087 4040 Vcon-

520 4092 818 4138 tentorum.

589 4171 676 4224 85.
718 4171 1029 4223 Σαλπξσατε
1085 4168 1350 4234 σάλπιγγι
1397 4167 1454 4218 ἐν
1501 4163 1660 4218 Σιών.
1710 4162 1944 4217 Homilia
1997 4178 2087 4217 vm

517 4264 810 4333 paschalis.
847 4263 1004 4316 Tom.
1037 4261 1103 4325 V,
1131 4267 1286 4330 parte
1313 4274 1374 4321 ιι,
1405 4273 1527 4326 pag.
1563 4255 1787 4310 92-107.

587 4354 657 4407 81
709 4352 1100 4424 Σεμνολόγημα
1151 4348 1250 4419 μὲν
1305 4346 1700 4417 οἰκουμενικόν.
1740 4345 1877 4402 Vide
1923 4362 2088 4417 supra

517 4459 672 4498 num.
707 4443 793 4496 15.

587 4534 674 4588 85.
701 4532 867 4586 Σκιὰν
898 4532 995 4596 μὲν
1017 4531 1047 4583 6
1074 4529 1238 4600 νόμος
1269 4510 1381 4600 ἔχει
1407 4529 1518 4580 τῶν
1548 4527 1869 4599 μελλόντων.
1897 4529 2086 4584 Homi-

513 4624 590 4679 lla
615 4637 688 4675 ιιι
711 4619 1002 4691 paschalis.
1022 4617 1177 4672 Tom.
1214 4617 1278 4682 γ,
1309 4626 1460 4687 parte
1488 4632 1547 4681 ιι,
1579 4631 1633 4685 p.
1660 4617 1911 4670 161-177.

587 4713 676 4767 86.
721 4709 1013 4777 Συναλγεϊς
1067 4709 1214 4779 ἡμᾶς
1271 4707 1539 4775 ἀδελφοῖς.
1599 4707 1842 4775 Epistola
1886 4707 1988 4771 58,
2021 4707 2087 4761 ad

516 4804 808 4866 Domuum,
844 4802 1162 4870 episcopum
1186 4799 1511 4853 Antiochen.
1543 4797 1697 4852 Τοιιι.
1735 4798 1800 4862 V,
1845 4807 1998 4867 parte
2030 4817 2087 4865 ιι,

517 4908 571 4962 p.
600 4890 703 4944 208
732 4906 846 4960 seq.
875 4890 1065 4944 Exstat
1087 4897 1142 4944 et
1166 4888 1308 4942 inter
1344 4888 1608 4957 epistolas
1651 4890 1944 4944 canonicas
1985 4893 2088 4945 Pa-

519 4994 664 5039 trum
695 4997 822 5037 cum
842 4980 1239 5036 commentario
1273 4978 1550 5034 Theodori
1595 4979 1952 5037 Balsamonis.
1990 4981 2079 5054 [ν.

517 5076 584 5131 ad
619 5093 674 5130 ιι.
719 5073 839 5147 21.]

585 5170 670 5223 87.
701 5167 1043 5222 Συντέθειται
1085 5165 1180 5218 καὶ
1214 5162 1308 5216 νῦν
1351 5164 1482 5234 ἡμῖν
1513 5164 1541 5216 ὁ
1577 5163 1751 5231 λόγος.
1808 5165 2072 5236 Prologus

515 5260 753 5315 homilize
774 5259 1049 5330 paschalis
1085 5272 1232 5312 xxix.
1267 5255 1424 5311 Tom.
1449 5256 1513 5321 V,
1555 5265 1794 5326 parte",
1823 5273 1878 5326 p.
1904 5257 2026 5312 555.

587 5349 673 5406 88.
702 5351 783 5403 Τὰ
805 5350 1086 5423 γραφέντα
1111 5347 1263 5417 παρὰ
1283 5346 1382 5416 τῆς
1433 5347 1705 5419 ὑμετέρας
1753 5347 2084 5419 τιμιότητος.

516 5442 759 5512 Epistola
793 5459 898 5506 LXI,
933 5442 1001 5496 ad
1043 5439 1330 5496 Aurelium
1373 5440 1787 5511 (Augustinum)
1820 5450 1877 5497 et
1922 5449 2087 5494 cante-

514 5549 607 5586 ros
635 5533 686 5585 in
733 5532 940 5602 synodo
987 5529 1446 5600 Carthaginiensi.
1504 5530 1659 5584 Tom.
1697 5532 1760 5594 V,
1818 5539 1972 5601 parte
2027 5547 2084 5596 ιι,

514 5644 569 5697 p.
609 5627 714 5681 212
735 5643 849 5698 seq.

2191 3261 2292 3325 nii,
2327 3277 2381 3332 p.
2419 3261 2542 3316 59-1.
2595 3261 2842 3316 Habetur
2881 3269 2937 3315 et
2962 3261 3157 3316 Latine
3199 3277 3230 3316 e
3266 3260 3447 3316 veteri
3503 3261 3767 3316 versione

2191 3353 2334 3422 apud
2359 3353 2664 3419 Baluzium,
2717 3370 2773 3425 p.
2823 3353 2928 3410 545
2990 3353 3151 3410 Novae
3203 3352 3420 3410 Collect.
3456 3352 3660 3410 Confer
3699 3353 3768 3410 de

2193 3444 2295 3498 hac
2322 3445 2546 3501 homilia
2579 3445 3011 3510 Tillemontium,
3039 3454 3170 3498 tom.
3199 3444 3338 3509 XIV,
3375 3461 3430 3515 p.
3451 3445 3575 3499 455.

2263 3536 2349 3590 97.
2399 3538 2466 3590 Τί
2510 3539 2866 3611 τερπνότερον
2923 3539 3018 3592 καὶ
3073 3538 3127 3590 τί
3185 3536 3442 3609 ήδύτερον
3478 3539 3590 3600 τοῖς
3621 3537 3768 3607 φιλο⁹

2194 3626 2355 3691 θέσις.
2397 3629 2633 3684 Homilia
2661 3631 2717 3684 in
2757 3628 2814 3685 S.
2843 3647 3067 3685 caenam.
3093 3629 3249 3684 Tom.
3282 3628 3520 3700 V,parte
3546 3645 3608 3695 ιι,
3639 3645 3763 3701 pag.

2192 3718 2442 3773 560-379.
2466 3720 2624 3776 Edita
2654 3721 2893 3792 primum
2921 3721 2990 3775 ab
3008 3720 3252 3774 Auberto
3280 3733 3312 3774 e
3337 3734 3472 3775 mss.
3508 3719 3679 3791 regiis
3703 3728 3761 3775 et

2191 3809 2437 3865 Vatican.
2465 3811 2624 3866 Fann.

2259 3921 2497 3992 llosquze
2524 3925 2580 3978 in
2612 3925 2734 3979 cod.
2758 3927 2822 3983 V.
2848 3943 2905 3980 ιι.
2935 3925 3022 3978 17.
3045 3923 3108 3980 V.
3141 3922 3379 3978 Matthxi
3405 3921 3572 3977 Notit.
3601 3922 3753 3976 codd.

2189 4010 2380 4082 Mosq.,
2411 4028 2464 4082 p.
2493 4015 2543 4067 7.
2582 4014 2750 4068 IIABL.

2258 4121 2346 4176 98.
2387 4123 2512 4187 Τοῖς
2542 4125 2693 4196 παρὰ
2733 4126 2831 4196 τῆς
2871 4125 2970 4195 σῆς
3015 4125 3338 4193 θεοφιλείας.
3381 4124 3623 4194 Epistola
3673 4127 3761 4191 57,

2192 4213 2261 4268 ad
2301 4214 2536 4270 Atticum
2566 4216 2808 4286 episcop.
2848 4217 3004 4272 Tom.
3034 4217 3098 4282 V,
3130 4226 3286 4287 parte
3325 4231 3383 4282 ιι,
3419 4232 3473 4287 p.
3507 4217 3762 4283 204-208,

2188 4317 2257 4357 ex
2288 4301 2579 4372 Nicephori
2605 4319 2714 4370 xxv,
2742 4304 2832 4359 27.
2863 4306 3022 4360 Fara.

2256 4392 2502 4448 Florent.
2536 4393 2593 4448 in
2639 4395 2763 4450 cod.
2818 4396 3079 4452 Laurent.
3128 4396 3244 4460 XII,
3292 4398 3428 4468 plut.
3474 4399 3526 4461 6,
3577 4413 3633 4451 ιι.
3671 4398 3761 4462 55,

2116 4484 2164 4544 ι)
2189 4481 2354 4538 Attici
2385 4484 2614 4554 epistola
2642 4485 2709 4540 ad
2739 4486 3004 4558 Cyrillum
3036 4489 3214 4551 Alex.,
3259 4499 3315 4543 et
3358 4505 3413 4542 ιι.
3453 4489 3541 4555 54,
3575 4489 3764 4560 Cyrilli

2192 4589 2280 4644 ep.
2310 4577 2377 4631 ad
2403 4578 2662 4633 Atticum.
2699 4581 2762 4636 γ.
2817 4581 3047 4636 Bandin.
3089 4580 3358 4652 Catalog.,
3391 4581 3432 4645 l,
3465 4597 3520 4651 p.
3570 4581 3662 4634 121
3708 4593 3765 4637 et

2195 4667 2316 4723 122.
2351 4669 2517 4725 Hann.

2259 4784 2348 4839 99.
2390 4785 2512 4848 Τοῖς
2546 4786 2696 4857 παρὰ
2725 4787 2823 4856 τῆς
2848 4787 2946 4856 σῆς
2978 4786 3274 4856 ὁσιότητος.
3305 4785 3546 4855 Epistola
3571 4785 3659 4849 56,
3695 4785 3765 4840 ad

2190 4873 2448 4928 Acacium
2501 4875 2849 4944 episcopum,
2915 4878 3041 4948 περὶ
3091 4875 3184 4928 τοῦ
3239 4875 3648 4944 ἁποπομπαίου,
3702 4875 3766 4928 de

2188 4965 2331 5017 hirco
2369 4967 2660 5030 emissario,
2687 4965 2843 5018 Tom.
2875 4966 2940 5031 V,
2970 4973 3124 5035 parte
3159 4981 3216 5030 ιι,
3239 4979 3358 5035 pag.
3397 4964 3654 5029 121-152,
3696 4981 3763 5019 ex
3809 4987 3818 5051 ί

2188 5065 2341 5125 parte
2388 5072 2445 5110 ιιι
2489 5057 2675 5112 Actor.
2732 5055 2924 5127 synodi
2977 5056 3297 5126 Ephesinae,
3349 5066 3482 5110 tom.
3528 5056 3760 5120 IBinii.
3808 5067 3809 5072 ‘

2188 5162 2243 5216 p.
2290 5147 2424 5213 458,
2465 5147 2667 5204 citatur
2714 5162 2744 5200 a
2789 5146 3123 5201 Theodorito
3174 5156 3230 5202 et
3276 5147 3574 5214 Ephraimo
3618 5147 3761 5216 apud

2188 5239 2443 5294 Photium
2469 5239 2592 5294 cod.
2623 5252 2833 5302 ccxxrx,
2868 5253 2922 5308 p.
2953 5238 3078 5292 M6.

2259 5352 2378 5408 100.
2418 5355 2544 5418 Τοῖς
2579 5356 2641 5408 τὸ
2677 5353 2818 5407 θεῖον
2855 5355 2948 5407 καὶ
2989 5353 3240 5423 οὐράνιον
3293 5353 3635 5427 ξερουργοῦσι
3667 5353 3766 5423 κή-

2191 5461 2395 5515 ρυγμα.
2427 5444 2562 5499 Vide
2589 5461 2750 5515 supra
2771 5462 2828 5498 ιι.
2858 5446 2926 5500 15
2967 5445 3022 5498 in
3055 5447 3377 5501 recensione
3408 5459 3634 5516 operum
3658 5442 3765 5514 Cy-

2190 5536 2297 5589 rilli
2326 5535 2380 5589 in
2419 5544 2572 5605 parte
2607 5552 2641 5588 ιι
2674 5535 2805 5588 tomi
2846 5536 2890 5589 V
2923 5544 3330 5590 contentorum.

2260 5626 2380 5680 101.
2423 5627 2546 5689 Τοῖς
2585 5626 2646 5678 τὺ
2677 5625 2871 5679 σεπτὸν
2913 5627 3005 5678 καὶ
3035 5627 3177 5679 θεῖον
3208 5625 3550 5697 ἱερουργοῦσι
3593 5625 3766 5695 κήρυ·

585 5748 660 5811 (a)
711 5742 1166 5800 Cumurionem'in
1214 5743 1387 5796 veteri
1431 5740 1681 5796 versione
1734 5741 1874 5808 apud
1921 5741 2221 5804 Baluzium,
2260 5758 2312 5811 p.
2352 5742 2452 5795 185
2475 5741 2633 5795 Nam
2656 5740 2869 5795 Called.
2910 5741 3265 5795 conciliorum.
3293 5739 3409 5793 Vol.
3444 5735 3546 5791 lX.‘
