4076 6306
225 453 295 508 77
1457 450 1736 505 NOTITIA
1777 451 1867 504 [CX
1910 449 2242 504 FABRICIO.
3413 454 3481 506 78

225 585 361 638 γεω.
422 565 658 622 Ηοηιὶιὶει
716 575 820 619 xxx
864 558 1154 637 paSchalis.
1199 564 1354 618 Tom.
1399 567 1462 630 Υ,
1522 576 1674 637 parte
1730 584 1802 630 ιι,

1978 564 2249 625 Monachii
2294 564 2347 618 in
2389 564 2521 618 bibl.
2564 566 2790 621 elector.
2822 567 2942 622 cod.
2970 567 3104 623 LIII.
3134 568 3478 625 Anathemat.

228 674 282 727 p.
313 655 573 712 542-550.

301 749 419 802 102.
461 749 536 802 Τὸ
585 747 686 818 μὲν
717 746 931 801 εὔτονον
960 748 1040 809 εἰς
1083 747 1384 800 εὐλάϐειαν.
1424 748 1666 818 Epistola
1715 749 1802 811 48,

229 840 295 894 ad
353 839 699 896 Gennadium
759 838 942 910 presb.
993 844 1049 892 et
1100 839 1613 903 archimandritam,
1668 839 1807 910 quod

231 932 610 985 connivendum
648 932 716 985 sit
764 933 818 984 in
854 929 1032 1001 aliquo
1081 949 1114 985 a
1155 932 1297 1002 juris
1343 934 1531 1002 rigore,
1587 935 1806 1004 majoris

232 1022 567 1076 emolumenti
586 1039 770 1081 causa.
803 1021 956 1076 Tom.
986 1023 1050 1086 V,
1085 1030 1238 1092 parte
1266 1039 1323 1087 u,
1351 1040 1405 1094 p.
1439 1024 1530 1078 191
1563 1040 1643 1094 sq.

304 1111 425 1166 105.
467 1113 574 1168 Τοῦ
619 1113 869 1184 Σωτῆρος
897 1113 1054 1183 ἡμῶν
1085 1113 1334 1182 λέγοντος
1365 1117 1631 1187 ἐναργῶς.
1669 1117 1803 1188 Epi-

233 1204 369 1257 stola
411 1205 497 1269 15,
538 1204 604 1259 ad
642 1205 954 1259 Nestorium
1000 1205 1128 1277 περὶ
1161 1207 1262 1276 τῆς
1297 1208 1709 1278 ἀκοινωνησίας,
1743 1211 1806 1266 de

232 1297 778 1360 excommunicatione,
812 1297 1014 1367 scripta
1046 1298 1265 1352 nomine
1289 1300 1479 1371 synodi
1503 1301 1554 1355 iu
1578 1301 1807 1374 [Egypto

230 1396 590 1457 congregato.
621 1387 770 1441 Tom.
798 1389 860 1453 V,
894 1397 1047 1458 parte
1079 1405 1134 1454 ιι,
1170 1406 1291 1461 pag.
1329 1391 1512 1457 67—77,
1547 1395 1807 1465 subjectis

231 1476 527 1532 duodecim
572 1478 844 1552 capitulis,
911 1481 987 1552 (a)
1044 1482 1157 1536 sive
1205 1484 1703 1551 anathematismis,
1775 1503 1807 1542 a

233 1569 507 1635 Nestorio,
558 1571 604 1626 si
660 1573 793 1627 velit
838 1573 1039 1644 recipi,
1087 1575 1406 1645 probandis.
1465 1579 1546 1632 Ex
1593 1587 1745 1649 parte
1788 1596 1804 1634 ι

229 1665 492 1723 Actorum
525 1663 746 1718 concilii
783 1665 1068 1735 Ephesini,
1104 1675 1234 1722 tom.
1265 1669 1284 1723 1
1318 1669 1483 1735 Binii,
1525 1687 1646 1742 pag.
1678 1671 1800 1727 151.

230 1756 288 1812 In
337 1757 530 1810 iisdem
579 1757 750 1820 Actis,
795 1774 848 1828 p.
901 1759 1023 1823 159,
1065 1768 1282 1814 exstant
1327 1761 1519 1816 Latine
1564 1764 1801 1819 Nestorii

231 1849 518 1904 duodecim
569 1852 1028 1917 anathematismi,
1059 1853 1281 1907 totidem
1303 1853 1611 1925 Cyrillianis
1636 1871 1804 1926 oppo-

1908 654 2115 727 εει-ηιξ,
2143 671 2265 710 cum
2283 656 2527 726 apologia
2550 666 2735 713 contra
2755 657 3086 726 Orientales;
3117 659 3268 716 deest
3300 669 3482 715 autem

1908 747 2143 816 primus,
2196 747 2491 813 secundus,
2550 749 2778 819 quintus
2827 760 2882 804 et
2927 759 3116 807 sextus
3163 751 3482 806 anathema-

1910 839 2125 894 tismus.
2151 840 2215 895 V.
2241 840 2360 896 Cat.
2386 841 2535 894 codd.
2568 840 2660 897 Gr.
2683 841 2882 896 Bavar.
2910 857 3030 912 pag.
3075 842 3160 898 16.
3189 843 3257 898 Et
3283 844 3339 898 in
3361 843 3483 898 aliis
3552 912 3569 923 .

1907 931 2066 986 codd.
2095 931 2224 988 hinc
2246 932 2372 988 inde
2393 935 2502 1005 jam
2527 935 2858 989 memoratis.
2888 935 3054 989 ΒΑΜ..

1979 1024 2098 1078 104.
2140 1025 2213 1078 Τὸ
2243 1025 2536 1094 φιλομαθὲς
2559 1026 2651 1079 καὶ
2682 1026 2983 1094 φιλόπονον.
3021 1026 3262 1096 Epistola
3297 1029 3385 1093 47,
3413 1029 3482 1083 ad
3577 1100 3580 1106 ἦ

1907 1113 2274 1182 Anastasium,
2311 1115 2699 1182 Alexandrum,
2747 1115 3152 1183 Martinianum,
3193 1117 3479 1183 Joannem,

1907 1207 2255 1277 Paregorium
2297 1208 2480 1278 presb.
2508 1216 2564 1262 et
2608 1207 2897 1262 Maximum
2947 1205 3054 1281 (al.
3085 1208 3480 1279 Maximinum)

1907 1297 2217 1364 diaconum,
2241 1307 2295 1354 et
2329 1309 2558 1355 caeteros
2586 1300 2774 1356 Patres
2795 1301 3114 1356 monachos.
3148 1301 3215 1357 In
3241 1310 3483 1356 sanctum

1905 1391 2196 1461 symbolum
2234 1391 2525 1447 Nicccnum.
2564 1393 2720 1447 Tom.
2764 1393 2831 1458 V,
2867 1402 3022 1464 parte
3051 1409 3108 1457 ιι,
3139 1409 3190 1464 p.
3227 1394 3479 1458 175-191,

1906 1500 1972 1536 cx
2003 1493 2155 1553 parte
2192 1485 2345 1539 tertia
2376 1485 2634 1540 Actorum
2667 1486 2911 1557 ejusdem
2946 1487 3209 1555 Ephesini
3241 1489 3479 1551 concilii,

1906 1589 1961 1643 p.
2005 1576 2126 1630 457.
2169 1575 2229 1630 In
2259 1575 2470 1637 Latinis
2502 1576 2841 1633 editionibus
2886 1577 3084 1648 legitur
3124 1593 3192 1634 ex
3230 1581 3480 1636 versione

1903 1666 2130 1722 Joannis
2150 1667 2460 1738 Theophili,
2479 1669 2772 1739 subjuncta
2793 1669 3058 1724 relatione
3075 1670 3267 1741 synodi
3287 1669 3482 1727 Orien-

1905 1759 2095 1812 talium
2133 1759 2201 1814 ad
2245 1759 2595 1815 Callimorem
2644 1776 2848 1832 regem,
2886 1761 2953 1816 de
2993 1761 3336 1832 depositione
3381 1763 3483 1837 Cy-

1905 1849 2012 1903 rilli
2041 1858 2096 1905 et
2130 1850 2452 1917 Memnonis,
2484 1851 2687 1921 Ephesi
2728 1852 2921 1922 episc.,
2946 1868 3014 1908 ex
3050 1853 3198 1910 Actis
3224 1855 3482 1911 concilia—

231 1941 316 1999 εἱιί
347 1950 404 1996 et
441 1957 567 1997 cum
606 1943 760 1997 Marii
802 1943 1117 1999 Mercatoris
1141 1944 1534 2012 eonfutatione,
1574 1947 1627 2001 in
1661 1947 1802 2001 Mer-
1838 1929 1877 1984 Β
1906 1940 2020 1995 buli
2047 1940 2431 1997 Orientalium.
2467 1942 2586 1997 Alia
2623 1941 2807 1997 versio
2830 1952 2989 1998 vetus
3028 1943 3084 1998 in
3129 1944 3419 2001 collatione
3448 1948 3482 2000 5

231 2041 408 2088 calore
448 2035 722 2101 Garnerii,
756 2045 886 2090 tom.
927 2038 992 2102 II,
1028 2039 1230 2108 p.116.
1267 2039 1535 2094 Caeterum
1575 2041 1805 2112 epistola

231 2126 319 2180 illa
355 2126 538 2198 Cyrilli
578 2143 702 2181 cum
737 2130 988 2184 versione
1018 2129 1174 2184 Marii
1203 2131 1519 2187 Mereatoris
1563 2133 1805 2188 occurrit

230 2218 285 2272 in
312 2218 559 2272 Carnerii
592 2219 904 2285 Mercatore,
944 2229 1074 2275 tom.
1098 2221 1162 2286 II,
1192 2238 1245 2292 p.
1277 2221 1365 2289 69,
1394 2231 1448 2279 et
1479 2241 1544 2280 ex
1571 2227 1675 2280 alia
1714 2243 1806 2280 vc-

227 2307 332 2365 teri
357 2310 607 2365 versione
629 2312 773 2382 apud
796 2313 1076 2367 Baluzium
1107 2330 1162 2384 p.
1190 2314 1312 2379 412,
1341 2325 1397 2369 et
1415 2331 1480 2369 ex
1503 2317 1605 2370 alia
1627 2333 1680 2386 p.
1703 2317 1804 2372 679

227 2401 386 2458 Nova:
414 2401 732 2458 collectionis
766 2405 1058 2469 concilior.,
1097 2405 1192 2475 qui
1229 2405 1547 2461 Mercatoris
1587 2422 1804 2477 quoque

228 2495 537 2568 versionem
578 2495 802 2550 exhibet
849 2513 904 2567 p.
952 2496 1074 2552 6:11.
1130 2496 1356 2566 Legitur
1407 2505 1462 2551 et
1501 2497 1692 2554 Latine
1748 2500 1804 2554 in

224 2586 520 2641 collatione
554 2595 704 2643 sexta
736 2589 928 2659 synodi
976 2605 1028 2653 v,
1073 2596 1203 2642 tom.
1241 2588 1287 2642 II
1336 2587 1502 2652 Binii,
1546 2598 1699 2660 parte
1743 2606 1802 2656 ιι,

225 2692 351 2746 pag.
392 2677 480 2741 96,
520 2685 573 2731 et
608 2693 676 2731 ex
717 2678 957 2750 Dionysii
1001 2677 1194 2749 Exigui
1237 2679 1489 2734 versione
1527 2679 1807 2749 prodierat

228 2766 403 2822 Paris.
445 2767 600 2832 1628,
662 2768 802 2834 ἰπὶ-8,
842 2777 896 2823 et
927 2769 982 2822 in
1005 2769 1254 2823 Antidota
1287 2769 1532 2822 adversus
1567 2769 1802 2833 hereses,

227 2856 392 2914 Basil.
427 2861 582 2925 1528,
609 2860 728 2926 fol.,
764 2862 866 2916 sub
897 2861 1056 2916 titulo
1095 2861 1216 2916 libri
1249 2871 1433 2918 contra
1482 2861 1800 2916 Nestorium.

227 2952 388 3013 Faue.

299 3044 436 3098 Vide
484 3059 650 3114 supra
690 3061 841 3098 num.
881 3045 944 3098 17
971 3044 1026 3098 in
1061 3043 1382 3098 recensione
1419 3059 1644 3117 operum
1685 3058 1806 3114 qua:

229 3143 414 3188 tomus
458 3135 549 3188 VII
593 3134 728 3188 edit.
775 3133 1200 3190 Graeco-Latina:
1251 3136 1512 3191 continet.
1573 3135 1806 3208 Legitur

227 3225 607 3280 memorabilis
647 3226 736 3279 illa
785 3226 1012 3301 cpistola
1037 3225 1090 3278 in
1127 3224 1296 3278 Mansi
1339 3223 1553 3280 Collect.
1590 3225 1802 3291 concil,,

1905 2033 2097 2103 synodi
2142 2033 2207 2098 V,
2250 2041 2382 2088 tom.
2423 2033 2469 2088 II
2514 2034 2656 2089 Binii
2697 2045 2849 2107 parte
2885 2052 2941 2100 ιι,
2996 2052 3050 2107 p.
3105 2037 3192 2091 70.
3247 2039 3390 2096 Vide
3423 2048 3482 2095 et

1903 2120 2241 2187 Tillemont.,
2267 2132 2399 2179 tom.
2421 2123 2560 2190 XIV,
2592 2139 2646 2195 p.
2689 2124 2811 2179 640.
2841 2125 3000 2182 Ρηιι.

1975 2215 2215 2269 Florent.
2261 2217 2316 2270 in
2346 2217 2468 2271 eod.
2515 2216 2775 2271 Laurent.
2820 2217 2962 2284 XXI,
2994 2235 3051 2274 n.
3075 2222 3128 2276 7.
3157 2222 3221 2279 V.
3247 2221 3479 2281 Bandin.

1906 2300 2175 2374 Catalog.,
2202 2303 2243 2367 I,
2269 2319 2392 2374 pag.
2427 2304 2550 2358 5M.
2579 2304 2748 2359 Hann.

1979 2393 2096 2449 105.
2138 2395 2211 2448 Τὸ
2253 2395 2488 2466 Χριστὸς
2531 2395 2702 2464 ὄνομα
2745 2395 2870 2450 οὔτε
2914 2399 3039 2470 ὅρου
3080 2399 3307 2472 δύναμιν
3343 2399 3478 2474 ἔχει.

1904 2485 2039 2540 Vide
2062 2501 2246 2556 supra,
2280 2502 2431 2541 num.
2473 2485 2506 2542 8
2539 2486 2594 2542 in
2632 2488 2952 2544 recensione
2985 2507 3212 2568 operum
3236 2510 3358 2565 quas
3399 2503 3482 2551 to—
3585 2490 3587 2494 ’

1903 2593 2028 2632 mus
2052 2579 2094 2633 V
2116 2579 2250 2633 edit.
2276 2578 2505 2636 Auberti
2526 2581 2790 2636 continet.

1976 2669 2095 2724 106.
2139 2671 2366 2741 Φαιδρὸν
2398 2671 2507 2740 ὁρῶ
2531 2671 2593 2724 τὸ
2616 2673 2868 2745 σύστημα
2896 2676 3002 2730 τῶν
3033 2676 3222 2745 ἁγίων.
3247 2677 3482 2735 IIomilia

1904 2759 2106 2832 Ephesi
2141 2761 2405 2817 adversus
2439 2762 2753 2822 Nestorium
2783 2764 2990 2829 habita,
3020 2767 3183 2837 ἡνίκα
3215 2768 3481 2838 κατῆλθον

1906 2853 1955 2904 ot
1999 2851 2141 2904 ἑπτὰ
2165 2852 2301 2922 πρὸς
2348 2853 2444 2923 τὴν
2471 2853 2632 2922 ἁγίαν
2657 2855 2892 2925 Μαρίαν.
2947 2856 3103 2914 Tom.
3136 2858 3201 2923 V,
3233 2867 3390 2929 parte
3417 2875 3478 2926 ll,

1904 2956 1960 3010 p.
1999 2941 2250 2997 5554558.
2301 2943 2361 2997 In
2399 2942 2608 2998 Latinis
2645 2945 2981 3002 editionibus
3020 2957 3198 3006 exstat
3227 2966 3258 3005 e
3305 2950 3478 3005 Wolf-

1905 3032 2066 3103 gangi
2098 3033 2330 3088 Musculi
2379 3033 2866 3105 interpretatione;
2910 3039 3006 3100 sed
3043 3039 3317 3098 Aubertus
3343 3059 3481 3114 pra:-

1907 3123 2032 3178 tulit
2068 3124 2375 3180 versionem
2415 3125 2598 3192 aliam,
2639 3143 2873 3197 quacum
2920 3129 3120 3200 legitur
3151 3132 3208 3186 in
3249 3143 3404 3203 parte
3440 3151 3477 3190 ιι

1904 3214 2168 3271 Actorum
2209 3217 2400 3288 synodi
2423 3218 2729 3290 Ephesinae,
2752 3229 2884 3278 tom.
2920 3221 2941 3276 I
2970 3222 3132 3288 Binii,
3156 3240 3210 3294 p.
3254 3225 3379 3279 221.

227 3277 362 3369 Eois.
388 3277 1132 3386 vIV,pag“1069—sqq.,et
1175 3277 1557 3382 antiquissima
1595 3277 1802 3379 vesia;

1978 3307 2100 3362 107.
2139 3277 2366 3378 d’atlSph;
2396 3277 2525 3377 qui;
2552 3311 2580 3360 ὁ
2606 3277 2763 3376 λόγος
2792 3311 2886 3366 καὶ
2914 3277 3134 3384 χάριτοέ
3156 3277 3481 3383 ignariinc-

227 3421 392 3478 quam
455 3406 724 3460 Mercator
756 3405 1066 3469 confecisse
1120 3405 1341 3468 dicitur,
1392 3404 1540 3459 ibid.-
1568 3413 1698 3460 tom.
1733 3403 1801 3471 V,

226 3513 286 3567 p.
300 3498 433 3564 725;
451 3498 630 3552 versio
647 3497 889 3569 Dionysii
906 3497 1122 3568 Exigui,
1145 3495 1300 3568 (saec.
1319 3497 1412 3568 vi.)
1429 3511 1591 3566 quam
1608 3511 1803 3567 parum

227 3586 458 3641 diﬂ‘erre
500 3587 870 3642 aMercatoris
894 3587 1158 3654 versione
1199 3587 1518 3662 pronuntiat
1563 3587 1805 3643 Mansius

227 3685 374 3733 tom.
419 3679 511 3741 IV,
541 3694 596 3748 p.
637 3679 801 3748 1085,
845 3679 940 3734 ubi
966 3679 1158 3738 Latine
1187 3679 1403 3746 editur;
1437 3679 1600 3733 tertia
1648 3687 1805 3735 vetus

228 3768 442 3833 versio,
470 3767 626 3832 ibid.,
661 3777 788 3828 tom.
818 3769 885 3834 γ,
927 3785 1049 3842 pag.
1077 3768 1209 3836 502;
1241 3778 1454 3846 quarta,
1501 3769 1556 3824 in
1587 3768 1726 3842 Lupi
1748 3777 1806 3824 et

227 3860 440 3914 Baluzii
461 3859 729 3931 Synodico
746 3861 912 3927 edita;
934 3863 1126 3933 quinta
1146 3862 1203 3915 in
1223 3861 1376 3920 Actis
1396 3861 1575 3934 quinti
1601 3875 1802 3918 meum.

226 3951 453 4006 concilii
479 3952 534 4005 in
565 3952 734 4008 Mansi
780 3953 997 4008 collect.
1038 3960 1170 4008 tom.
1196 3951 1290 4015 IX,
1313 3968 1368 4022 p.
1401 3951 1499 4005 511
1537 3967 1658 4022 sqq.

307 4040 642 4096 Vindobonaa
686 4041 743 4096 in
774 4041 896 4096 eod.
935 4041 1070 4097 Caas.
1115 4041 1327 4108 LXXV,
1380 4042 1434 4096 in
1471 4057 1582 4119 quo
1622 4041 1807 4100 multa:

227 4134 476 4204 Epistolas
512 4134 727 4204 aliaque
759 4134 1019 4204 opuscula
1043 4134 1110 4188 de
1147 4135 1236 4188 illa
1276 4135 1647 4192 controversia
1679 4142 1808 4190 sunt

229 4226 483 4287 collecta,
527 4224 980 4279 Anathematismi
1029 4242 1084 4279 n.
1137 4225 1225 4280 49.
1274 4226 1337 4282 V.
1392 4225 1674 4290 Lambec.,
1713 4226 1802 4292 III,

230 4333 353 4387 pag.
396 4316 522 4380 595,
561 4316 748 4387 ibique
787 4315 1010 4372 Kollarii
1051 4323 1257 4371 notam.
1283 4317 1432 4372 —In
1467 4317 1588 4372 cod.
1619 4317 1802 4383 XLIV,

233 4427 286 4466 n.
331 4409 434 4475 40;
472 4409 634 4475 XLV,
697 4425 753 4467 n.
815 4409 916 4475 49;
980 4408 1066 4473 LI,
1121 4425 1176 4463 n.
1214 4409 1318 4476 19;
1355 4410 1464 4474 LII,
1494 4427 1548 4464 n.
1585 4411 1638 4474 9,
1680 4427 1805 4465 cum

233 4499 491 4572 anonymi
538 4499 839 4569 appendice
885 4499 952 4554 de
1009 4500 1362 4570 opinionibus
1415 4502 1806 4558 haeresiarcha-

233 4607 377 4645 rum.
415 4590 482 4645 V.
517 4587 800 4654 Lambec.,
842 4589 976 4654 VIII,
1012 4605 1134 4661 pag.
1172 4590 1272 4646 896
1311 4605 1416 4660 sq.,
1459 4591 1582 4655 957,
1617 4591 1720 4646 995
1750 4598 1807 4646 et

233 4679 388 4740 1002.

306 4773 598 4828 Florentiae
647 4772 703 4826 in
749 4772 870 4827 cod.
912 4771 1169 4825 Laurent.
1215 4770 1333 4836 XII,
1375 4787 1428 4824 n.
1476 4771 1527 4834 6,
1575 4771 1713 4841 plut.
1753 4773 1806 4838 6,

234 4862 422 4935 Cyrilli
467 4862 907 4918 anathematismi
948 4862 1064 4928 XII,
1112 4862 1186 4915 ita
1218 4860 1440 4931 quidem
1482 4860 1700 4932 digesti,
1751 4871 1813 4916 ut

234 4970 429 5010 eorum
470 4954 703 5026 quilibet
752 4953 1050 5025 subiectam
1099 4952 1508 5024 habeatCyrilli
1553 4955 1812 5024 explana-

236 5046 466 5111 tionem,
498 5046 820 5102 TheodOriti
854 5045 1359 5116 reprehensionem,
1391 5059 1454 5098 ac
1480 5059 1672 5099 rursus
1704 5044 1810 5118 Cy-

234 5138 348 5192 rilli
377 5137 775 5201 defensionem,
799 5152 895 5194 seu
916 5151 1237 5206 responsum
1261 5153 1274 5199 ;
1301 5135 1580 5205 praemissa
1602 5145 1684 5190 est
1704 5136 1810 5209 Cy-

233 5227 345 5282 rilli
392 5228 556 5299 epist.
611 5227 678 5282 ad
718 5226 1031 5296 Evoptium.
1076 5257 1146 5266 ——
1182 5226 1242 5280 In
1296 5225 1418 5280 cod.
1473 5225 1614 5292 XXI,
1664 5244 1714 5282 n.
1754 5229 1806 5290 8,

231 5318 373 5387 plut.
405 5314 496 5384 IV,
550 5318 735 5374 diﬂ’ert
760 5327 941 5374 tamen
985 5317 1053 5370 ab
1088 5315 1271 5370 editis.
1315 5317 1379 5372 V.
1417 5317 1643 5372 Bandin.
1689 5317 1804 5372 Cat.

233 5408 381 5462 codd.
418 5409 511 5465 Cr.
543 5408 733 5471 Laut,
756 5409 798 5472 1,
827 5423 948 5478 pag.
980 5406 1082 5469 118
1101 5417 1156 5463 et
1180 5407 1302 5462 544.

301 5499 476 5555 Paris.
521 5501 580 5556 in
622 5501 760 5555 bibl.
807 5501 960 5570 publ.
997 5499 1053 5554 in
1085 5499 1206 5555 eod.
1236 5499 1354 5553 Lat.
1399 5499 1673 5553 uanvu
1715 5499 1805 5569 (in

229 5603 340 5658 quo
372 5593 558 5649 multae
587 5599 720 5649 sunt
749 5591 938 5662 Cyrilli
982 5591 1224 5660 epistola;
1251 5597 1306 5644 et
1336 5591 1436 5644 alia
1477 5591 1739 5660 opuscula
1765 5593 1803 5659 ),

226 5697 285 5737 ιι.
308 5686 361 5747 8,
383 5694 439 5739 et
463 5687 520 5740 in
548 5685 674 5740 eod.
706 5685 823 5737 Lat.
844 5683 1176 5744 IIMCXXIII,
1210 5700 1264 5736 n.
1295 5683 1340 5734 1.
1366 5684 1427 5736 V.
1453 5681 1626 5736 Catal.
1654 5683 1802 5733 rodd.

227 5772 348 5827 bibl.
375 5776 573 5837 Paris.,
609 5775 702 5830 III.
722 5790 843 5843 pag.
878 5775 978 5826 117
1007 5782 1061 5826 et
1083 5774 1201 5825 210.

1907 3397 2085 3469 μένος.
2116 3397 2427 3452 Encomium
2449 3402 2502 3452 in
2535 3397 2592 3455 S.
2622 3400 2852 3455 Mariam
2891 3402 3199 3473 Deiparam.
3230 3406 3385 3460 Tom.
3415 3409 3478 3474 V,

1901 3498 2056 3561 parte
2101 3506 2158 3554 ιι,
2190 3506 2243 3560 p.
2277 3490 2533 3556 579-585,
2561 3491 2630 3545 ab
2651 3492 2892 3548 Auberto
2928 3495 3166 3564 primum
3199 3497 3478 3568 vulgatum

1901 3596 2056 3636 ems.
2083 3582 2252 3652 regio.
2281 3581 2379 3654 [ν’.
2415 3581 2694 3647 Lambec.,
2727 3591 2857 3637 tom.
2894 3585 3030 3650 VIII,
3063 3602 3118 3656 p.
3156 3587 3323 3661 820.]

1975 3673 2096 3734 108,.
2137 3675 2272 3743 Φέρε
2315 3675 2378 3744 δὴ
2425 3675 2609 3737 πάλιν,
2645 3676 2837 3744 καιροῦ
2888 3678 3316 3748 παραθήγοντος.
3366 3682 3477 3738 Ilo.-

1893 3764 2057 3822 ‘milia
2084 3766 2356 3836 paschalis
2378 3783 2499 3821 xxv.
2533 3767 2686 3821 Tom.
2718 3768 2781 3832 ν,
2803 3777 2958 3838 parte
2990 3786 3048 3834 ιι,
3072 3786 3126 3841 p.
3153 3771 3405 3835 296—502.

1974 3855 2097 3911 109.
2137 3856 2412 3926 Φοϐοῦμαι
2459 3857 2548 3910 τὸν
2591 3857 2819 3912 θάνατον
2867 3861 2947 3913 ὅτι
2977 3863 3172 3933 πικρός
3222 3865 3310 3934 μοι
3338 3868 3476 3922 ἐστι.

1905 3945 2138 4001 Homilia
2188 3948 2323 4018 Περὶ
2367 3948 2546 4012 ἐξόδου
2590 3948 2769 4018 ψυχῆς
2813 3960 2861 4003 et
2916 3950 2979 4004 de
3023 3955 3246 4007 secundo
3287 3954 3478 4013 Christi

1906 4038 2152 4094 adventu.
2201 4039 2356 4094 Tom.
2390 4041 2452 4101 V,
2487 4048 2642 4110 parte
2684 4058 2744 4106 ιι,
2780 4058 2834 4112 p.
2885 4043 3142 4100 404-416.
3194 4047 3480 4105 Prodicrat

1905 4127 2092 4184 Graec
2113 4130 2287 4184 Paris.
2321 4130 2466 4200 apud
2492 4130 2834 4187 Wechelium
2858 4133 3015 4198 1558,
3036 4135 3209 4196 forma
3245 4140 3475 4204 minore,

1905 4230 2029 4270 cum
2060 4217 2210 4271 horis
2249 4227 2306 4272 et
2333 4218 2549 4289 liturgia
2593 4220 2794 4285 Marte,
2823 4229 2882 4274 ut
2915 4222 3190 4280 Gesncrus
3220 4228 3384 4283 etiam
3425 4231 3478 4284 in

1905 4306 2226 4364 Bibliotheca
2266 4324 2365 4364 sua
2405 4309 2703 4365 adnotavit.
2737 4312 2926 4368 Exstat
2956 4322 3011 4366 et
3039 4314 3225 4370 Grzcce
3270 4321 3477 4375 editum

1907 4401 1974 4455 ad
2008 4403 2211 4458 calcem
2244 4402 2584 4474 'ﬂpolorlov
2636 4404 2948 4460 Graecorum
2996 4407 3190 4463 Venet.
3227 4411 3384 4475 1555,
3422 4415 3474 4477 8,
3505 4453 3510 4458 ι

1911 4491 2082 4558 1555,
2148 4492 2308 4558 1611,
2357 4494 2442 4548 12.
2502 4495 2564 4548 In
2622 4494 2831 4549 Latinis
2886 4495 3078 4567 Cyrilli
3138 4499 3478 4560 editionibus

1909 4589 2084 4636 exstat
2131 4597 2162 4636 e
2225 4583 2473 4638 versione
2543 4583 2846 4640 Sebastiani
2895 4586 3260 4656 Castellionis,
3314 4611 3474 4664 quam

1908 4672 2182 4728 Aubertus
2241 4690 2458 4745 quoque
2516 4676 2773 4732 servavit.
2825 4677 3128 4737 Transtulit
3173 4690 3229 4737 et
3276 4683 3479 4756 Caspar

1911 4763 2150 4818 Ursinus
2185 4765 2388 4820 Velius.
2423 4767 2582 4822 Pana.

1976 4855 2031 4912 S.
2083 4857 2271 4928 Cyrilli
2322 4859 2385 4912 de
2444 4862 2638 4915 anime:
2684 4861 2934 4928 decessu,
2987 4864 3151 4935 deque
3207 4867 3321 4937 ejus
3367 4870 3474 4923 uita

1908 4947 2079 5002 altera
2121 4965 2312 5013 sermo,
2357 4949 2417 5004 C.
2449 4949 2645 5006 Ursino
2672 4951 2826 5007 Velio
2861 4953 3179 5026 interprete.
3216 4957 3475 5028 Ejusdem

1906 5038 2088 5094 Ursini
2110 5049 2290 5095 tomus
2327 5039 2547 5110 quidam
2578 5041 2857 5113 Evangelii
2892 5044 3098 5101 Lucani
3136 5046 3296 5117 (Luc.
3326 5065 3472 5114 xvm,

1909 5130 2031 5202 15.)
2099 5132 2154 5186 in
2206 5148 2398 5188 versus
2453 5132 2550 5205 (52
2601 5135 2982 5208 hexametros)
3037 5138 3310 5204 redactus,
3367 5149 3473 5195 etc.

1906 5223 2127 5287 Viennae
2147 5225 2436 5281 Pannoniae
2465 5226 2522 5280 in
2543 5227 2644 5281 sed.
2669 5227 2752 5282 Jo.
2781 5228 3054 5300 Singreni,
3083 5229 3234 5293 1521,
3264 5231 3396 5288 min.
3422 5235 3476 5291 4.

1906 5317 1968 5374 V.
2002 5315 2166 5370 Denis
2200 5313 2391 5371 ινξοηέ
2412 5316 3124 5383 Buchdrucker-Geschiclite,
3167 5335 3221 5389 p.
3253 5321 3356 5376 224
3393 5340 3472 5395 sq.

1905 5416 1959 5460 et
1984 5407 2337 5462 Lambacheri
2371 5407 2505 5462 Bibl.
2534 5412 2700 5479 antiq.
2727 5411 2892 5474 civic.,
2932 5427 2987 5480 p.
3025 5406 3113 5464 99.
3137 5442 3207 5450 —
3241 5413 3298 5467 In
3339 5415 3472 5472 bibl.

1903 5499 2109 5554 Podlci.
2143 5499 2264 5554 cod.
2289 5499 2513 5554 Barocc.
2547 5499 2796 5554 CXLVII.
2826 5500 2993 5555 Hann.

1975 5589 2092 5644 110.
2135 5591 2363 5661 Χαίρετε
2393 5593 2447 5642 ὲν
2478 5590 2665 5659 Κυρίῳ
2711 5590 2958 5656 πάντοτε,
2994 5592 3153 5647 πάλιν
3186 5595 3318 5665 ἐρῶ,
3352 5599 3470 5666 χαί-

1908 5697 2044 5746 ρετε.
2100 5679 2294 5749 Τρέχει
2341 5679 2396 5732 δὲ
2449 5681 2539 5732 καὶ
2592 5682 2742 5749 ἡμῖν.
2792 5681 3023 5739 Humilia
3075 5686 3116 5749 Il
3177 5688 3470 5766 paschalis.

1905 5770 2059 5826 Tom.
2092 5773 2155 5836 V,
2185 5781 2337 5840 parte
2362 5788 2417 5836 η,
2447 5789 2498 5841 p.
2528 5771 2716 5839 16-51,

295 5891 374 5959 (a)
415 5894 555 5948 Vide
606 5891 921 5946 Tillcmont.
974 5899 1101 5944 tom.
1143 5889 1277 5956 XIV,
1330 5905 1448 5957 pag.
1501 5890 1624 5955 558,
1673 5890 1794 5955 569,
1836 5887 1957 5948 572.
