4076 6306
282 218 345 276 81
1284 260 1291 265 ι
1532 219 1819 278 NOTITIA
1849 221 1943 279 EX
1977 220 2307 280 FABRICIO.
3489 222 3561 279 82

280 335 496 390 rillum.
524 333 583 388 In
621 340 779 403 parte
809 349 824 386 ι
855 331 1115 387 Actorum
1147 330 1366 389 concilii
1401 330 1828 405 Ephesini,tom.
1859 339 1951 414 [Α
1985 348 2133 395 teros
2180 346 2237 393 et
2285 331 2761 403 archimandritas,
2798 352 2918 408 pag.
2952 336 3078 392 9H.
3131 335 3326 407 Incipit
3355 335 3559 407 :Egres

282 426 454 492 Binii,
501 441 627 497 pag.
682 425 807 481 162.
866 425 1068 497 Incipit
1114 444 1127 478 :
1176 426 1342 482 Μέλει
1388 428 1639 482 πλεῖστον
1691 434 1876 485 θεοσε-

280 521 437 584 σεεαις
456 518 642 590 ἡμῶν.
668 510 870 591 (Mans.
892 518 984 585 ιγ,
1013 534 1137 589 pag.
1173 519 1352 587 uos;
1378 519 1501 575 Lat.
1535 521 1600 587 ν,
1635 537 1693 592 p.
1728 507 1874 582 529.]

354 614 476 673 Alia
511 631 636 687 pag.
665 616 789 671 161.
845 617 1093 687 Ηρτηται
1124 613 1226 684 τῆς
1247 615 1329 677 εἰς
1355 614 1490 671 Θεὸν
1517 616 1815 680 εὐσεϐείας.

283 778 443 838 VIII.
492 776 750 855 Scripta
807 771 1037 855 Cyrilin
1094 772 1295 855 edita,
1325 792 1457 855 quae
1486 777 1554 836 in
1600 776 1871 839 editione

462 852 674 917 Paris.
710 852 1191 917 Graeco-Latina
1226 852 1692 916 desiderantur.

354 1001 481 1056 152.
516 997 766 1072 Epistula
811 997 882 1053 ad
932 994 1225 1068 Optimum,
1289 998 1594 1054 Antiochiae
1653 999 1874 1056 Pisidiae

280 1093 628 1163 episcopum,
654 1105 779 1160 qua:
820 1089 1056 1160 incipit:
1086 1089 1197 1145 Καὶ
1248 1089 1427 1154 ἄλλως
1480 1091 1672 1162 ἡδέως.
1735 1092 1871 1149 Vide

285 1200 462 1255 supra
495 1184 558 1239 in
586 1183 793 1247 Indice,
823 1197 978 1236 num.
1009 1182 1099 1236 14.

363 1275 493 1330 155.
524 1274 1015 1337 Commonitorium,
1042 1273 1339 1328 Posidonio
1366 1272 1578 1341 datum,
1606 1277 1753 1346 quod
1784 1276 1871 1331 in-

280 1364 466 1435 cipit:
512 1363 572 1417 Ἠ
623 1362 914 1432 Νεστορίου
949 1363 1167 1427 πίστις,
1202 1363 1404 1433 μᾶλλον
1450 1364 1508 1418 δὲ
1561 1365 1868 1432 κακοδοξία.

282 1454 377 1527 [γ.
407 1469 569 1525 supra
599 1453 658 1508 in
686 1452 894 1519 Indice,
916 1470 973 1507 n.
999 1453 1115 1526 59.]

352 1547 478 1603 154.
542 1545 793 1612 Libellus,
835 1562 867 1602 a
905 1545 1118 1617 Cyrillo
1170 1557 1228 1602 ct
1287 1547 1600 1615 Memnone,
1666 1551 1868 1621 Ephesi

278 1638 480 1717 episc..,
519 1638 742 1694 oblatus
778 1638 1018 1693 concilio
1046 1638 1345 1708 Ephesino.
1392 1641 1530 1697 Vide
1578 1642 1633 1697 in
1672 1643 1869 1698 eodem

281 1726 469 1783 Indice
500 1746 513 1781 ε
549 1726 788 1791 Εὑσεϐὲς
809 1727 1084 1798 θέσπισμα
1107 1731 1164 1780 ἐν
1194 1728 1341 1800 τῇδε.

359 1817 479 1873 I55.
512 1816 895 1889 Fragmentum
945 1818 1194 1884 homilite,
1263 1819 1411 1889 quod
1449 1820 1643 1891 incipit
1672 1840 1686 1874 :
1713 1821 1869 1877 Dices

280 1918 360 1964 est
398 1909 549 1964 hodie
574 1910 835 1965 Dominus
863 1919 1059 1976 noster,
1101 1909 1158 1964 in
1184 1918 1339 1980 parte
1367 1928 1425 1966 ιιι
1459 1911 1646 1968 Actor.
1674 1914 1869 1985 synodi

280 2001 593 2072 Ephesium,
623 2009 756 2055 tom.
782 2000 803 2055 l
840 2000 1007 2066 Binii,
1038 2016 1095 2070 p.
1118 2000 1244 2054 581.
1280 2000 1464 2067 Aliud,
1492 2019 1546 2073 p.
1591 2003 1715 2058 425.
1736 2004 1865 2069 Eos,

280 2095 374 2164 qui
402 2095 596 2165 pietate
631 2093 780 2161 firmi
809 2100 955 2157 sunt,
980 2099 1090 2147 etc.

358 2184 483 2239 156.
537 2182 782 2254 Epistola
834 2184 905 2238 ad
953 2182 1172 2238 clericos
1222 2182 1866 2255 Constantinopolitanos,

280 2277 500 2355 plenior
543 2293 612 2331 ex
668 2276 824 2332 Marii
876 2275 1192 2332 Mercatoris
1236 2276 1509 2332 versione.
1540 2276 1675 2332 Vide
1703 2292 1871 2349 supra

282 2371 342 2424 In
364 2369 549 2426 Indice
579 2388 593 2423 :
635 2370 898 2438 ’Δνέγνων
926 2370 986 2422 τὸ
1015 2369 1440 2439 ὑπομνηστικὸν.

360 2459 482 2514 I51.
514 2458 765 2515 Collectio
790 2459 1002 2512 uberior
1029 2459 1286 2514 dictorum
1310 2459 1562 2525 Nestorii,
1588 2475 1655 2515 ex
1676 2460 1870 2516 Latina

281 2552 448 2606 Marii
494 2551 812 2607 Mercatoris
858 2552 1152 2618 versione,
1189 2561 1322 2607 tom.
1384 2552 1429 2607 II
1467 2552 1602 2607 edit.
1649 2552 1865 2609 Game-

284 2642 477 2707 rianae,
512 2658 565 2712 p.
608 2641 870 2697 105-106.

357 2730 482 2787 I58.
504 2732 685 2789 Locus
715 2733 973 2804 insignis,
1005 2748 1116 2803 quo
1154 2733 1353 2789 scholia
1395 2734 1591 2806 Cyrilli
1633 2735 1702 2790 de
1735 2735 1869 2793 Uni-

277 2824 472 2894 genito
499 2825 746 2880 auctiora
772 2840 842 2879 ex
867 2841 972 2882 ms.
1001 2824 1155 2881 dedit
1190 2825 1338 2881 idem
1374 2825 1616 2882 Joannes
1657 2827 1867 2883 Game-

280 2919 422 2978 rius.
462 2918 598 2973 Vide
647 2934 835 2989 supra,
871 2935 1026 2973 num.
1078 2919 1130 2985 8,
1170 2919 1225 2974 in
1262 2919 1582 2974 recensione
1638 2911 1866 2991 operum

279 3022 407 3077 quae
446 3016 627 3064 tomus
656 3010 702 3063 V
722 3009 953 3064 Auberti
984 3009 1247 3064 continet.

348 3095 482 3150 159.
523 3095 769 3167 Epistola
792 3097 863 3151 ad
893 3096 1144 3152 Acacium
1168 3097 1569 3153 Berrhoensem.
1602 3099 1661 3153 In
1692 3099 1864 3171 Syno-

278 3187 407 3241 dico
434 3187 698 3243 adversus
722 3188 1043 3259 tragcediam
1069 3188 1283 3256 Irenaei,
1314 3205 1363 3244 c.
1402 3190 1490 3255 56,
1532 3206 1587 3261 p.
1617 3190 1713 3245 851
1754 3207 1860 3262 sq.,

277 3278 425 3349 apud
450 3278 737 3334 Baluzium
759 3277 977 3335 Collect.
1007 3296 1155 3335 nova:
1174 3281 1469 3347 concilior.,
1493 3299 1548 3353 p.
1582 3282 1860 3350 758-762;

278 3370 496 3426 Latine.
527 3371 724 3441 Incipit
744 3389 759 3427 :
781 3371 1064 3425 Decen'tem
1095 3388 1150 3426 se
1181 3373 1342 3427 etiam
1382 3390 1521 3428 nunc
1555 3391 1740 3430 curam
1775 3376 1862 3429 in-

276 3465 409 3535 cipit
454 3465 707 3519 sanctitas
762 3472 876 3518 tua.
936 3463 1091 3519 Adde
1156 3464 1471 3521 Tillemont.
1533 3466 1688 3522 Tom.
1720 3467 1861 3536 XIV,

278 3570 411 3627 pag.
443 3554 567 3620 519,
601 3571 716 3626 seq.
772 3555 934 3611 FABR.
978 3588 1048 3597 —
1076 3556 1137 3611 In
1173 3556 1447 3628 Synodico
1486 3559 1659 3615 multa
1703 3577 1864 3632 repe-

280 3646 513 3701 riuntur
542 3647 765 3703 collecta
793 3648 860 3704 de
894 3648 1076 3704 turbis
1116 3646 1479 3704 Orientalium
1514 3659 1636 3722 post
1674 3667 1862 3722 pacem

278 3736 509 3791 factam.
543 3734 708 3791 Hanc.

352 3825 475 3880 140.
523 3826 607 3880 Ad
649 3827 902 3883 Acacium
934 3830 1331 3887 Melitinensem.
1375 3832 1561 3888 Baluz.
1589 3874 1603 3898 ,
1647 3850 1702 3906 p.
1737 3833 1860 3900 917,

279 3928 337 3972 ct
366 3933 433 3973 ex
465 3919 573 3973 alia
603 3920 856 3976 versione
888 3922 942 3976 in
976 3923 1268 3980 collatione
1301 3924 1334 3980 5
1371 3925 1590 3980 concilii
1636 3942 1688 3991 ν,
1726 3934 1859 3981 tom.

280 4008 325 4065 II
361 4011 529 4078 Binii,
572 4021 733 4082 parte
772 4029 831 4079 ιι,
868 4029 923 4084 p.
953 4014 1041 4081 ⁸10,
1085 4016 1176 4070 ubi
1204 4017 1443 4072 traditur
1472 4017 1664 4074 eadem
1683 4018 1862 4090 Cyril-

279 4098 366 4154 lus
394 4101 560 4157 etiam
594 4102 883 4173 scripsisse
911 4103 981 4159 ad
1014 4103 1364 4161 Theodorum
1395 4108 1767 4179 Ancyranum,
1807 4118 1864 4164 et

279 4192 549 4260 Firmum,
586 4194 851 4254 Caesarea:
890 4198 1249 4271 Cappadociae
1306 4196 1653 4274 episcopum.
1708 4202 1777 4256 Et
1807 4203 1860 4256 in

279 4284 511 4354 epistola
542 4286 578 4340 5
607 4286 815 4361 Pelagii
846 4289 893 4344 II
928 4290 997 4346 ad
1049 4279 1360 4362 episcopos.
1395 4293 1586 4348 Istrim.
1625 4291 1855 4361 Incipit:

279 4376 467 4431 Latere
494 4388 647 4433 tuam
682 4396 784 4435 non
807 4383 1037 4452 oportuit
1059 4386 1418 4439 sanctitatem.

344 4468 470 4522 141.
494 4468 582 4524 Ad
623 4468 919 4526 Rabbulam
950 4473 1293 4541 Edessenum,
1344 4477 1400 4531 in
1436 4476 1628 4531 eodem
1682 4475 1859 4546 Syno-

281 4558 421 4626 dico,
475 4576 533 4632 p.
589 4561 715 4627 812,
768 4563 902 4619 edit.
952 4564 1182 4620 Baluzii.
1239 4566 1438 4637 Incipit
1469 4586 1481 4620 :
1512 4568 1756 4622 Piissimo
1813 4575 1861 4620 et

280 4659 521 4707 amatore
554 4652 753 4708 Christi
774 4656 1096 4727 imperatore
1124 4658 1400 4730 dirigente.
1441 4660 1600 4714 Fsen.

348 4743 473 4797 142.
505 4744 591 4799 Ad
609 4744 963 4814 Aristolaum,
989 4750 1274 4805 tribunum
1290 4759 1346 4806 et
1368 4752 1663 4806 notarium.
1693 4751 1855 4815 Ibid.,

282 4847 401 4904 pag.
459 4833 584 4890 889.
639 4834 883 4907 Incipit:
914 4837 1172 4894 Dominus
1236 4857 1379 4895 meus
1438 4840 1857 4911 religiosissimus

279 4922 685 4981 Beronicianus.‘
730 4927 801 4983 Et
828 4944 883 4999 p.
912 4928 1038 4985 9I5.
1085 4931 1282 5001 Incipit
1319 4951 1330 4985 :
1364 4932 1587 4987 Piurum
1625 4935 1857 4987 sanctio-

279 5031 406 5070 mtm
432 5034 551 5089 qua
574 5036 763 5090 nuper.
789 5019 944 5076 Adde
968 5021 1286 5078 Tillemont.
1318 5032 1449 5078 tom.
1472 5022 1611 5088 XIV,
1643 5039 1696 5092 p.
1731 5024 1854 5079 619.

348 5110 473 5165 145.
508 5111 587 5167 Ad
611 5111 957 5168 Theodosium
984 5115 1118 5185 imp.
1153 5115 1337 5169 Baluz.
1360 5156 1375 5180 ,
1403 5130 1458 5185 p.
1483 5114 1604 5171 894.
1625 5114 1851 5186 Incipit:

274 5200 560 5258 IEternam
586 5205 751 5259 vitam
776 5207 1054 5276 prouidere
1084 5226 1115 5261 a
1144 5217 1308 5261 terra.

1977 432 2092 502 gius
2112 428 2322 501 quidem
2360 427 2504 483 zelus
2528 428 2887 499 religiositatis
2914 435 3100 483 uestra
3121 436 3216 482 est.

2050 522 2171 578 146.
2206 522 2288 576 Ad
2324 521 2597 587 Nostrum,
2633 522 2899 576 Antaradi
2953 523 3272 593 episwpum.
3299 521 3464 585 Ibid.,
3501 536 3560 592 ι).

1976 611 2101 665 917.
2136 612 2333 682 Incipit
2363 631 2376 665 :
2400 612 2516 684 Ego
2540 611 2749 683 quidem
2779 627 2988 682 semper
3017 619 3121 667 tuae
3143 611 3497 683 religiositati.

2046 725 2171 780 147.
2212 726 2458 797 Epistola
2509 725 2580 781 ad
2622 725 2947 790 Nestorium,
2977 739 3046 779 ex
3095 723 3333 780 Arabico
3380 740 3558 789 versa,

1975 817 2122 887 apud
2156 817 2457 872 Eusebium
2499 817 2890 872 Renaudotum
2936 817 2994 872 in
3046 816 3285 871 Historia
3322 818 3559 887 patriar-

1975 907 2196 961 charum
2234 906 2414 973 Alcm,
2459 923 2515 978 p.
2561 908 2682 964 109.
2719 908 2917 979 Incipit
2944 925 2957 961 :
2985 908 3103 963 Non
3146 910 3345 965 credidi
3374 926 3558 975 verum

1975 1015 2085 1053 esse
2118 1000 2260 1071 quod
2293 1001 2358 1054 de
2386 1009 2455 1054 te.

2046 1088 2167 1143 148.
2203 1087 2528 1160 Fragmenta
2554 1106 2617 1143 es:
2640 1106 2883 1143 sermone
2903 1089 2967 1143 de
2986 1088 3111 1159 ﬁde.
3148 1088 3313 1155 Ibid.,
3344 1105 3398 1161 p.
3428 1090 3555 1145 927.

1974 1180 2147 1251 Incip.
2178 1199 2191 1235 :
2231 1181 2345 1253 Ego
2371 1191 2823 1253 contemperatum
2854 1198 2957 1236 non
2988 1183 3202 1253 recipio.

2046 1272 2169 1327 M9.
2199 1272 2519 1345 Fragmenta
2563 1290 2627 1329 ea:
2658 1273 2880 1345 epistola
2912 1274 2982 1328 ad
3012 1274 3294 1328 monachos
3342 1273 3557 1328 Phuen-

1973 1383 2075 1431 ses,
2101 1379 2294 1422 contra
2314 1383 2537 1423 errores
2549 1367 2826 1438 Origenis.
2851 1365 3153 1422 Concilior.
3183 1374 3313 1420 tom.
3339 1366 3384 1420 V
3418 1365 3555 1421 edit.

1973 1459 2200 1524 Labbei,
2228 1476 2282 1531 p.
2319 1459 2579 1515 657-660.

2045 1552 2165 1606 150.
2205 1552 2464 1623 Praefatio
2479 1554 2535 1606 in
2553 1552 2757 1624 cyelum
2786 1550 3093 1623 past/talem
3124 1566 3393 1607 annorum
3420 1550 3559 1606 XCV

1902 1693 1943 1749 Β
1976 1642 2283 1715 (conditum
2315 1644 2380 1699 A.
2416 1643 2479 1700 C.
2524 1644 2649 1699 456.
2692 1643 2829 1700 Vide
2881 1643 3198 1699 Tillemont.
3237 1650 3371 1698 tom.
3414 1642 3554 1704 XIV,

1971 1751 2094 1807 pag.
2129 1735 2232 1791 625
2255 1734 2420 1806 seq.),
2454 1735 2647 1793 Latine
2674 1735 2822 1791 edita
2851 1736 2921 1790 ab
2947 1733 3165 1806 Egidio
3197 1733 3470 1789 Bucherio
3501 1732 3559 1788 in

1970 1824 2229 1881 Doctrina
2259 1835 2572 1897 temporum,
2614 1840 2737 1897 pag.
2770 1825 3032 1880 481-484.
3077 1824 3357 1895 Antwerp.
3394 1824 3555 1885 1651.

1968 1916 2063 1972 fol.
2097 1916 2229 1989 [Sed
2263 1917 2591 1987 locupletior
2624 1925 2712 1972 est
2761 1917 2818 1971 in
2872 1916 2995 1972 cod.
3055 1915 3116 1970 Β.
3170 1916 3324 1987 publ.
3378 1916 3554 1971 Paris.

1970 2007 2226 2074 DCIX,n.
2256 2007 2309 2062 ιι.
2340 2008 2405 2063 v.
2433 2007 2553 2063 Cat.
2587 2006 2750 2063 codd.
2784 2005 2981 2073 Paris.,
3014 2006 3105 2073 ιιι,
3136 2022 3260 2077 pag.
3293 1999 3410 2077 51.]
3442 2004 3555 2060 Me-

1969 2097 2133 2152 minit
2165 2097 2301 2169 cycli
2327 2097 2496 2162 illius,
2534 2112 2601 2152 ex
2651 2096 2896 2167 quinque
2927 2095 3094 2167 cyclis
3153 2088 3557 2149 decemnoven-

1969 2189 2190 2245 nalibus
2224 2190 2550 2254 constantis,
2582 2187 2902 2260 Sigebertus
2939 2186 3370 2254 Gemblacensis,
3412 2202 3462 2240 c.
3484 2186 3557 2253 24

1968 2279 2048 2335 De
2077 2280 2415 2353 scriptoribus
2451 2278 2832 2334 ecclesiasticis.

2038 2371 2161 2425 151.
2194 2370 2455 2441 Liturgia,
2490 2385 2555 2425 ex
2585 2369 2821 2425 Arabico
2841 2368 3035 2424 Latine
3070 2384 3229 2424 versa
3248 2385 3279 2424 a
3310 2368 3555 2425 Victoria

1970 2460 2241 2531 Scialagh.
2274 2460 2532 2531 Augusta:
2558 2459 2827 2515 Vindelic.
2859 2459 3017 2525 1604,
3060 2460 3199 2526 ιιι-4,
3234 2468 3399 2529 atque
3427 2458 3555 2513 inde

1968 2551 2026 2606 in
2062 2550 2199 2606 Bibl.
2249 2551 2475 2606 Patrum
2513 2550 2691 2606 Paris.
2723 2567 2774 2605 a.
2801 2552 2958 2607 1654.
2993 2550 3152 2606 Tom.
3178 2551 3266 2606 Vl.
3305 2550 3556 2605 Maxima:

1968 2644 2320 2707 auctoritatis,
2354 2642 2534 2714 inquit
2553 2642 2928 2714 Villalpandus
2954 2642 3009 2697 in
3025 2658 3147 2721 cap.
3172 2659 3209 2696 ιι
3224 2641 3551 2708 Ezechielis,

1967 2748 2023 2804 p.
2054 2733 2180 2799 512,
2206 2734 2367 2787 rideri
2398 2733 2545 2787 debet
2574 2732 2631 2788 S.
2665 2732 2896 2806 Cyrillus
2924 2734 2978 2787 in
3012 2750 3072 2788 ea
3111 2732 3356 2803 liturgia,
3394 2749 3558 2803 quam

1970 2842 2136 2896 nuper
2161 2841 2225 2879 ex
2245 2825 2563 2896 Egyptiaca
2610 2824 2792 2896 lingua
2818 2827 2874 2879 in
2897 2824 3147 2880 Latinam
3171 2827 3428 2881 convertit
3463 2824 3554 2879 Vi-

1969 2918 2162 2971 ctorius
2222 2917 2561 2982 Hacurensis,
2598 2915 2888 2983 Maronita,
2925 2934 3192 2988 quamque
3224 2915 3435 2989 vulgari
3465 2933 3556 2970 cu-

1892 3027 1935 3085 ρ
1969 3014 2057 3060 rat
2092 3005 2353 3061 Vclserus.
2379 3005 2624 3078 Liturgia
2655 3007 2791 3072 haec,
2823 3007 3057 3063 Arabice
3082 3018 3140 3064 et
3165 3007 3391 3081 Coptice
3413 3008 3552 3062 scri-

1966 3106 2079 3169 pta,
2108 3098 2165 3152 in
2199 3097 2537 3153 membranis
2565 3097 2671 3154 fuit
2699 3097 2845 3153 inter
2874 3114 3006 3153 mss.
3034 3098 3255 3155 codices
3279 3098 3343 3153 D.
3374 3098 3553 3153 Abra-

1966 3188 2113 3243 hami
2171 3187 2608 3252 Hinckelmanni.
2658 3189 2818 3244 Fann.
2849 3190 3003 3244 -—In
3035 3189 3159 3245 cod.
3211 3188 3441 3245 Coislin.
3496 3191 3554 3244 in

1964 3281 2256 3337 Montfauc.
2282 3280 2400 3337 Cat.
2426 3281 2548 3336 bibl.
2590 3280 2773 3349 CoisL,
2810 3298 2866 3353 p.
2911 3282 3031 3349 188,
3068 3283 3333 3339 tribuitur
3361 3283 3447 3337 illa
3483 3284 3552 3338 li-

1967 3376 2145 3446 turgia
2168 3375 2394 3441 Jacobo,
2433 3374 2589 3430 fratri
2620 3374 2859 3430 Domini.
2889 3406 2959 3415 —
2984 3376 3043 3431 In
3073 3375 3203 3433 εει).
3236 3376 3552 3431 Renaudoti

1965 3465 2183 3521 Collect.
2211 3466 2479 3538 liturgiar.
2508 3465 2883 3533 Orientalium,
2920 3477 3054 3523 tom.
3095 3468 3137 3535 Ι,
3176 3467 3352 3524 Paris.
3391 3467 3551 3533 1716,

1964 3558 2019 3621 1,
2056 3574 2111 3627 p.
2142 3557 2232 3623 58,
2267 3565 2325 3612 et
2349 3556 2600 3612 Renaud.
2625 3567 2742 3613 not.
2775 3574 2828 3628 p.
2862 3557 2967 3613 515
2993 3574 3137 3629 sqq.,
3169 3556 3358 3630 Cyrilli
3393 3556 3549 3613 Alex.

1964 3648 2184 3720 liturgia
2214 3649 2359 3704 inter
2384 3657 2493 3704 tres
2513 3648 2764 3721 liturgias
2786 3649 3129 3719 Coptitarum
3153 3648 3550 3715 Jacobitarum,

1965 3757 2032 3796 ex
2059 3740 2287 3811 Coptico
2303 3755 2636 3795 conversas:
2663 3740 2718 3794 in
2748 3748 2881 3796 tom.
2904 3740 2972 3805 Il,
2999 3757 3058 3794 ιι.
3081 3740 3240 3812 20,1).
3259 3740 3385 3807 275,
3408 3751 3553 3796 nota:

1964 3849 2018 3903 p.
2052 3832 2178 3897 285,
2208 3864 2279 3872 -
2303 3832 2445 3887 inter
2478 3831 2752 3903 liturgias,
2785 3849 2853 3888 ex
2894 3832 3057 3889 codd.
3088 3832 3328 3905 Syriacis
3356 3831 3552 3887 Latine

1964 3941 2166 3981 versas.
2195 3925 2333 3980 Add.
2365 3924 2570 3980 Abrah.
2618 3924 3031 3981 Ecchcllensem
3073 3924 3138 3991 in
3165 3925 3314 3980 notis
3357 3924 3424 3980 ad
3462 3939 3556 3980 ca-

1967 4017 2126 4088 talog.
2184 4016 2453 4071 librorum
2489 4014 2771 4070 Chaldaic.
2802 4024 2857 4070 et
2883 4016 3147 4087 Syrorum
3193 4016 3347 4072 Ebed
3396 4016 3554 4089 Jesu,

1964 4126 2083 4181 cap.
2108 4110 2198 4165 29.
2218 4111 2282 4167 V.
2308 4109 2598 4167 Renaudot
2622 4109 2768 4180 apud
2796 4110 3166 4165 Montl‘aucon.
3198 4111 3254 4164 in
3276 4109 3546 4179 Palwogr.

1965 4200 2168 4265 Crwca,
2204 4217 2259 4271 p.
2304 4200 2430 4265 514,
2458 4199 2529 4254 de
2570 4199 2825 4269 liturgia,
2863 4215 2985 4269 quae
3019 4199 3226 4254 dicitur
3251 4200 3314 4253 D.
3353 4197 3545 4261 Marci,

1964 4291 2277 4346 charactere
2332 4289 2872 4363 Em'ptico—Grznco,
2924 4305 3087 4360 quam
3138 4304 3271 4343 vero
3326 4288 3553 4342 adnotat

1894 4381 2097 4442 Dibid.
2160 4382 2449 4437 Renaudot
2504 4381 2755 4437 eamdem
2819 4395 2938 4435 esse
3013 4388 3177 4449 atque
3242 4395 3364 4435 cam
3429 4395 3553 4449 quae

1965 4472 2189 4542 Coptice
2221 4481 2398 4531 exstet
2424 4472 2526 4526 sub
2548 4471 2768 4526 nomine
2793 4470 2998 4542 Cyrilli.
3022 4501 3091 4509 —
3120 4470 3292 4525 Paris.
3327 4470 3383 4524 in
3411 4470 3547 4524 bibl.

1962 4563 2116 4631 publ.
2144 4562 2289 4616 inter
2322 4562 2481 4616 codd.
2506 4559 2836 4625 Orientales,
2874 4560 3179 4615 secundum
3229 4568 3336 4615 cat.
3385 4559 3547 4613 codd.

1962 4656 2136 4713 Paris.
2166 4656 2277 4710 vol.
2311 4655 2355 4720 1,
2388 4670 2443 4725 p.
2462 4656 2550 4719 54,
2579 4655 2669 4720 57,
2697 4654 2787 4720 60,
2807 4654 2875 4708 72
2895 4664 2952 4710 et
2978 4654 3065 4718 ιδ,
3092 4653 3282 4725 Cyrilli
3303 4653 3547 4724 liturgia,
3594 4638 3604 4671 ¹

1970 4746 2217 4817 Syriace,
2252 4746 2307 4800 in
2331 4745 2493 4800 codd.
2526 4746 2741 4809 XXXII,
2777 4761 2833 4799 ιι.
2862 4745 2916 4809 2,
2956 4744 3141 4810 LXVI,
3171 4743 3353 4810 XCIV,
3400 4760 3457 4797 ιι.
3491 4745 3544 4798 5.

1962 4869 2033 4879 ——
2065 4838 2310 4909 Coptice,
2342 4839 2398 4892 in
2428 4836 2760 4901 cod.XXVI,
2795 4853 2851 4890 ιι.
2875 4837 2929 4903 5,
2958 4852 3086 4893 cum
3119 4836 3353 4892 Arabica
3373 4836 3546 4891 inter-

1962 4928 2296 5000 pretatione,
2326 4938 2383 4983 et
2410 4928 2570 4983 codd.
2593 4927 2785 4995 XXXI,
2810 4945 2868 4982 ιι.
2908 4927 2963 4992 5,
2984 4937 3150 4998 atque
3174 4927 3313 4992 XLI,
3343 4942 3374 4981 e
3394 4925 3547 4992 Cra;-

1962 5037 2027 5076 ca
2078 5021 2264 5092 lingua
2310 5021 2367 5075 in
2421 5019 2701 5090 Copticam
2767 5036 3062 5087 conversa;
3093 5019 3387 5085 dimidiam,
3416 5034 3548 5072 vero

1962 5119 2177 5183 partem
2225 5125 2461 5184 occupat
2504 5112 2686 5168 versio
2722 5111 2976 5167 Arabica.
3001 5109 3284 5165 ——Oxonii
3312 5109 3369 5162 in
3406 5108 3542 5164 bibl.

1962 5206 2166 5261 Bodlci.
2197 5222 2251 5260 ιι.
2272 5207 2404 5262 5291
2445 5206 2563 5263 Cat.
2584 5206 2727 5261 inter
2754 5200 3544 5272 codd._'l‘homa_:.Mareschalli,

346 5295 470 5349 144.
490 5295 573 5350 Ad
603 5295 865 5351 Joannem
891 5297 1295 5353 Antiochenum.
1328 5299 1490 5362 Ibid.,
1522 5315 1577 5368 ι).
1613 5299 1736 5353 911.
1766 5298 1856 5352 In-

276 5385 411 5455 cipit
452 5404 465 5438 :
513 5385 742 5468 Litteras
797 5405 829 5442 a
871 5396 967 5441 tua
1024 5389 1340 5459 perfectione
1390 5391 1759 5452 transmissus;
1804 5398 1861 5442 et

276 5492 331 5546 p.
367 5478 494 5535 916.
522 5478 757 5549 Incipit:
795 5478 909 5549 Ego
942 5481 1151 5549 quidem
1184 5483 1486 5537 abstersisse
1508 5501 1539 5537 a
1569 5499 1643 5537 se.
1673 5482 1858 5538 Graece

275 5575 333 5623 et
366 5569 561 5626 Latine
594 5570 647 5626 in
669 5571 925 5628 Garnerii
956 5574 1216 5629 Auctario
1240 5576 1582 5631 Theodoriti.

346 5662 467 5718 M5.
492 5661 577 5719 Ad
600 5663 921 5733 Maximum,
947 5666 1227 5734 Joannem,
1258 5668 1607 5735 Thalassimn,
1628 5673 1856 5742 presby-

1963 5307 2125 5368 atquc
2152 5316 2208 5353 ιι.
2244 5300 2383 5354 5878
2399 5316 2462 5355 ac
2500 5299 2662 5365 5879,
2690 5299 2833 5352 inter
2856 5293 3400 5365 codd.Huntingten.
3432 5292 3545 5350 Co-

1961 5393 2109 5462 ptice
2141 5403 2199 5447 et
2223 5392 2389 5447 Arab.
2424 5393 2601 5457 IIsnL.

2034 5486 2154 5539 152.
2178 5485 2499 5557 Fragmenta
2544 5500 2608 5540 ea:
2648 5481 2866 5547 homilia
2901 5480 3036 5551 πρὸς
3070 5481 3196 5545 τοὺς
3230 5480 3542 5553 τολμῶντας

1961 5576 2158 5643 λέγειν,
2198 5576 2271 5647 μὴ
2321 5576 2431 5628 δεῖν
2478 5575 2617 5646 ὑπὲρ
2667 5572 2771 5626 τῶν
2810 5573 2868 5626 ἐν
2918 5572 3097 5626 πίστει
3131 5574 3546 5642 κεκοιμημένων

1969 5667 2315 5741 προσφέρειν,
2344 5668 2610 5722 adversus
2673 5683 2776 5730 cos,
2821 5668 2907 5737 qui
2958 5676 3168 5737 negant,
3227 5663 3546 5737 nﬁcrcudum
