4076 6306
553 289 620 343 37
1791 288 2070 346 NOTITIA
2109 293 2202 347 EX
2241 292 2575 348 FABRICIO.
3767 292 3840 348 88

559 433 629 444 -—-
657 402 718 458 In
749 403 872 460 cod.
899 404 1118 475 quidem
1156 394 1352 459 Caesar.
1383 405 1450 469 X,
1488 423 1543 459 ιι.
1580 407 1667 471 12,
1698 406 1902 478 Cyrillo
1929 408 2127 462 tribui-
2157 415 2200 471 Α
2230 410 2311 463 nit
2335 409 2569 480 Cyrillus
2600 409 2716 479 ipse
2739 405 3062 478 epistola'ad
3080 407 3390 478 Eulogium,
3409 422 3528 476 pag.
3553 407 3688 462 154.
3719 407 3840 461 Κύ-

565 495 754 551 tur.V.
780 493 1034 549 Lambec.
1063 494 1354 550 Comment.
1385 497 1492 551 vol.
1521 497 1608 562 VI,
1633 506 1773 566 part.
1806 514 1843 563 ι,
1866 515 1921 568 p.
1941 498 2009 552 82
2029 515 2134 568 sq.;

561 585 656 642 sed
690 585 964 642 Kollarius
1004 588 1062 642 in
1093 597 1244 653 nota,
1280 589 1376 642 ubi
1414 589 1623 643 multus
1657 599 1744 660 est
1786 591 1853 646 de
1889 591 1994 645 ista
2035 592 2138 646 ho-

563 677 729 741 milia,
753 678 1160 742 animadvertit,
1187 695 1308 734 eam
1341 696 1565 750 prorsus
1603 681 1876 737 diversam
1914 697 2034 737 esse
2069 683 2137 737 ab

562 766 651 820 illa
681 767 737 821 S.
763 766 1209 838 Cyrillihomilia,
1242 785 1363 843 qua).
1388 770 1502 826 fere
1532 773 1774 844 ejusdem
1807 773 2134 843 argumenti,

563 859 658 913 sed
697 859 889 915 Latine
924 868 1157 928 tantum,
1191 862 1459 918 habeatur
1486 865 1620 919 edit.
1659 865 1844 936 Cyrilli
1872 882 1999 936 opp.
2031 866 2138 920 Pa-

563 952 750 1008 risinae
779 969 829 1006 a.
864 955 1021 1021 1658,
1058 965 1190 1010 tom.
1218 956 1284 1021 V,
1320 967 1462 1027 part.
1497 974 1554 1022 ιι,
1584 974 1707 1029 pag.
1738 959 1860 1014 416.
1895 959 2064 1013 Hanc.

636 1044 758 1100 176.
799 1045 859 1100 In
891 1045 1112 1102 Catenis
1162 1048 1385 1104 ineditis
1412 1050 1481 1104 ad
1507 1051 1640 1105 Acta
1679 1060 1736 1106 et
1764 1052 1833 1105 ad
1861 1050 2138 1122 epistolam

565 1137 747 1193 Jacobi
779 1145 835 1194 et
885 1141 1116 1211 primam
1165 1139 1311 1195 Petri
1359 1159 1420 1195 ac
1461 1142 1702 1208 Joannis,
1737 1142 1922 1214 Cyrilli
1979 1144 2133 1198 Alex.

569 1231 834 1302 symbolae
865 1231 1145 1304 leguntur.
1185 1233 1323 1288 Vide
1352 1233 1722 1290 Montfaueoni
1770 1235 1908 1289 Bibl.
1946 1234 2137 1291 Coisli-

567 1324 810 1387 nianam,
848 1339 971 1394 pag.
999 1323 1123 1379 265.
1152 1324 1312 1379 Faan.
1343 1325 1408 1379 V.
1440 1341 1605 1395 supra
1619 1327 1726 1380 vol.
1756 1326 1893 1392 VIII,
1924 1343 1979 1397 p.
2011 1326 2135 1391 695,

566 1413 669 1467 695
694 1423 749 1468 et
771 1413 894 1478 696,
935 1414 1002 1469 de
1031 1422 1222 1470 catena
1246 1416 1304 1470 in
1331 1416 1604 1486 Epistolas
1629 1417 1802 1471 Pauli.
1824 1417 1913 1471 Sic
1942 1433 2138 1472 occur-

566 1513 698 1557 runt
722 1503 1015 1575 Cyrilliana
1042 1505 1234 1576 fragm.
1260 1507 1317 1559 in
1362 1506 1568 1560 catenis
1590 1506 1646 1559 in
1665 1505 1934 1575 Epistolas
1962 1505 2138 1570 Pauli,

564 1594 621 1649 in
654 1595 926 1665 Epistolas
941 1596 1254 1661 catholicas,
1279 1596 1335 1650 in
1367 1596 1437 1651 IV
1460 1597 1770 1668 Evangelia,
1792 1596 1844 1652 in
1875 1596 2137 1661 Psalmos,

565 1688 620 1741 in
652 1687 850 1744 Jobum
873 1695 927 1742 et
955 1687 1247 1743 Parabolas
1276 1688 1584 1743 Salomonis
1617 1688 1906 1742 Florentiae
1947 1687 2003 1741 in
2045 1702 2140 1742 co-

2245 503 2422 573 ριλλον
2449 502 2506 554 ἐν
2531 502 2648 562 ταῖς
2687 499 3062 570 Ἀντιῤῥήσεσι
3097 497 3284 553 laudat
3311 496 3649 566 Ephraimus
3679 499 3835 568 apud

2244 592 2500 647 Photium
2556 591 2679 646 cod.
2723 607 2938 657 ccxxix,
2967 606 3088 662 pag.
3143 589 3267 643 414.
3317 588 3530 644 Walcb.
3569 589 3613 643 1.
3658 605 3740 652 c.,
3776 607 3836 659 p.

2245 686 2368 749 682,
2401 685 2732 755 suspicatur,
2769 683 2872 738 sub
2906 698 2974 736 eo
3008 679 3425 752 intelligendum
3473 695 3596 734 esse
3629 680 3837 750 Cyrilli

2242 779 2657 850 Apologeticum
2697 791 2798 846 pro
2827 776 2923 830 XII
2963 775 3218 845 capitulis
3266 774 3325 828 in
3370 773 3540 828 Mansi
3570 771 3837 834 Collect.,

2246 881 2377 926 tom.
2401 870 2466 935 γ,
2495 885 2616 940 pag.
2655 868 2742 922 19.
2769 866 2932 929 Add.,
2958 881 3111 920 num.
3138 865 3224 930 18,
3262 880 3428 935 supra
3454 904 3469 929 ,
3510 864 3567 918 in
3627 878 3839 917 recen-

2244 965 2398 1018 sione
2437 977 2666 1032 operum
2707 974 2828 1030 qua:
2863 967 3044 1012 tomus
3085 955 3178 1011 VII
3218 955 3353 1011 edit.
3401 955 3636 1016 Auberti
3678 969 3836 1009 com-

2244 1055 2523 1126 plectitur.
2555 1051 2749 1125 11Αιιι..]

2318 1148 2438 1202 180.
2480 1147 2558 1201 De
2593 1163 2876 1218 synagoga:
2900 1145 3103 1216 defectu
3132 1141 3279 1197 liber.
3317 1139 3661 1204 Gennadius,
3703 1155 3832 1209 cap.

2245 1243 2311 1296 57
2344 1241 2421 1294 De
2457 1241 2796 1311 scriptoribus
2833 1238 3012 1292 eccles.

2313 1332 2435 1385 181.
2476 1329 2674 1387 Contra
2711 1329 3076 1384 Messalianos.
3117 1326 3437 1381 Tillemont.
3494 1331 3631 1378 tom.
3684 1320 3829 1386 XIV,

2245 1437 2366 1492 pag.
2383 1421 2504 1486 645,
2537 1421 2658 1475 669.

2317 1512 2439 1566 182.
2480 1511 2652 1577 Liber,
2693 1519 2812 1565 acta
2847 1511 3034 1582 synodi
3071 1517 3254 1564 contra
3273 1506 3575 1562 Nestorium
3609 1505 3834 1574 eiusque

2247 1602 2473 1658 asseclas
2521 1603 2884 1674 complectens,
2935 1617 3120 1671 quem,
3160 1616 3266 1654 una
3295 1613 3417 1653 cum
3457 1597 3600 1651 libro
3641 1606 3833 1650 contra

2246 1695 2474 1749 Neston'i
2501 1694 2850 1765 blasphemias
2883 1693 3109 1762 scripto,
3145 1690 3359 1744 misisse
3389 1703 3448 1742 se
3491 1687 3564 1742 ad
3602 1701 3829 1757 prapo-

564 1776 783 1833 dicibus
812 1778 953 1838 bibl.
976 1777 1236 1832 Laurent.
1281 1779 1475 1834 Medic.
1506 1779 1571 1834 V.
1596 1778 1822 1833 Bandin.
1850 1777 1968 1833 Cat.
1995 1778 2144 1832 codd.
2180 1783 2221 1838 Β
2251 1787 2416 1841 situm
2449 1795 2680 1841 testatur
2708 1783 2945 1856 Cyr-illus
2985 1781 3214 1852 epistola
3248 1779 3317 1834 ad
3349 1778 3670 1848 Eulogium,
3703 1792 3828 1846 pag.

565 1869 734 1924 Gra’c.
767 1869 954 1938 Laur.,
986 1870 1028 1935 I,
1064 1886 1186 1941 pag.
1210 1870 1333 1935 565,
1359 1870 1480 1935 102,
1517 1871 1616 1926 159
1642 1879 1698 1926 et
1732 1871 1866 1938 161;
1895 1885 2016 1941 pag.
2047 1869 2136 1934 91,

564 1977 622 2014 ιι.
653 1961 750 2028 ﬂ;
783 1977 905 2034 pag.
941 1963 1010 2022 52
1037 1971 1092 2017 et
1117 1962 1239 2016 297.
1265 1961 1432 2016 Hann.

636 2051 759 2106 177.
797 2053 1064 2124 Κυρίλλου
1113 2053 1194 2117 εἰς
1242 2053 1339 2116 τὰς
1398 2053 1776 2123 ἀπορουμένας
1818 2052 1993 2116 λέξεις
2041 2052 2142 2122 τῆς

568 2145 729 2213 ἁγίας
772 2145 1012 2216 Γραφῆς.
1061 2145 1158 2199 Ms.
1201 2145 1255 2198 in
1291 2144 1459 2198 variis
1489 2144 1860 2209 bibliothecis,
1891 2143 1980 2198 cui
2006 2142 2141 2199 sub—

561 2237 809 2309 jungitur
855 2237 1150 2309 Ἐρμηνεία
1177 2238 1453 2308 ὀνομάτων
1484 2237 1576 2308 nat
1605 2237 1802 2304 λέξεων
1836 2236 2140 2309 Ἑϐραϊκῶν

563 2331 672 2380 τῶν
717 2330 775 2382 ὲν
815 2331 928 2392 τοῖς
990 2329 1158 2392 Θείαις
1204 2330 1243 2380 Γ
1248 2332 1467 2400 ραφαῖς.
1518 2328 1676 2392 Vide,
1717 2329 1762 2382 si
1792 2329 1988 2398 placet,
2019 2343 2141 2398 qua:

565 2421 677 2476 dixi
711 2437 898 2492 supra,
937 2421 1036 2476 lib.
1067 2438 1140 2486 ιγ,
1177 2438 1296 2492 cap.
1340 2421 1451 2494 [56,
1486 2422 1594 2476 vol.
1629 2421 1718 2486 VI,
1752 2437 1874 2490 pag.
1901 2421 2003 2475 199
2031 2417 2138 2490 sq.]

567 2513 725 2567 FABR.
768 2543 838 2552 —
877 2512 1051 2568 Paris.
1095 2513 1152 2565 in
1186 2512 1323 2566 bibl.
1369 2512 1524 2581 publ.
1575 2513 1699 2567 cod.
1733 2510 2136 2574 DCCCXLVIII,

568 2621 624 2657 n.
654 2604 708 2657 2.
747 2603 941 2675 Cyrilli
984 2603 1140 2658 Alex.
1172 2617 1328 2657 voce.
1361 2601 1618 2656 Hebraic.
1665 2599 2010 2671 alphabetico
2045 2615 2138 2655 or-

568 2695 696 2749 dine
726 2694 1081 2764 digestarum,
1122 2692 1524 2763 interpretatio.
1562 2691 1733 2746 Hann.

641 2779 763 2834 178.
801 2779 1139 2835 Glossarium
1176 2780 1425 2836 Graecum
1472 2780 1574 2835 sub
1633 2780 1818 2853 Cyrilli
1855 2783 2009 2837 Alex.
2042 2797 2141 2836 no-

570 2871 720 2926 mine
756 2871 950 2926 itidem
984 2887 1088 2926 ms.
1146 2872 1292 2942 quod
1326 2872 1522 2943 incipit
1551 2890 1564 2925 :
1597 2873 1825 2936 "Ausa;
1862 2873 2098 2942 ἔϐλαψας
2124 2889 2135 2902 ·

569 2966 848 3038 ἀασάμην,
903 2965 1177 3036 ὲϐλάΰην·
1241 2967 1469 3035 ἀάσατο,
1521 2968 1806 3038 ἠγνόησεν,
1857 2969 2135 3039 ἥμαρτεν·

571 3056 888 3127 ἐφθόνησεν,
908 3057 1171 3121 ἀάπτους,
1193 3058 1694 3129 ἀπροσπελάστους.
1717 3059 1875 3114 ἘΑιιιι.
1895 3059 2142 3114 —Vene-

570 3117 908 3204 ιί1εἱ-ιι1111ι1.
940 3150 1104 3205 Marc.
1131 3117 1491 3217 buixvm,
1549 3117 1727 3207 exstat
1757 3151 1951 3223 Cyrilli
1984 3151 2138 3205 Alex.
2168 3117 2210 3174 C

572 3241 832 3307 Lexicon,
865 3243 1022 3313 cujus
1052 3241 1271 3296 initium
1313 3251 1397 3297 est
1429 3261 1442 3296 :
1481 3244 1606 3302 'Aa,
1653 3242 1902 3312 σύστημα
1933 3241 2141 3304 ὓδατος,

572 3336 850 3390 diversum
885 3336 954 3390 ab
994 3351 1062 3390 eo
1085 3335 1233 3405 quod
1273 3335 1330 3389 b.
1359 3337 1396 3390 1.
1424 3337 1558 3389 citat
1579 3334 1881 3389 Fabricius.
1939 3334 2000 3389 V.
2022 3332 2140 3390 Cat.

572 3428 720 3481 codd.
763 3427 854 3484 Gr.
897 3427 1088 3493 Harax,
1132 3443 1253 3498 pag.
1293 3426 1414 3480 504.
1455 3425 1622 3480 Hann.

646 3520 830 3594 [Falso
859 3521 1107 3592 quaedam
1139 3519 1367 3575 attribui
1399 3519 1623 3590 Cyrillo,
1660 3519 1770 3588 jam
1807 3517 2008 3587 passim
2045 3514 2145 3570 ad-

573 3614 904 3668 notavhnus.
937 3612 1026 3669 Sic
1056 3613 1108 3667 in
1143 3611 1266 3667 cod.
1297 3610 1496 3666 Cazsar.
1517 3608 1844 3672 CLXXXVI,
1879 3607 2144 3679 Spin'tna-

575 3705 649 3760 les
687 3721 940 3777 anagoga:
973 3707 1030 3758 in
1067 3705 1418 3758 hexaemeron
1457 3701 1575 3756 libri
1611 3700 1735 3764 ΧΗ,
1778 3700 1834 3754 in
1875 3715 1985 3769 quo
2031 3699 2146 3768 ipse

572 3796 809 3868 Cyrillus
841 3797 1062 3861 citatur,
1089 3803 1146 3850 et
1174 3795 1320 3865 quod
1344 3793 1399 3847 in
1424 3793 1545 3848 cod.
1581 3792 1782 3847 Caesar.
1815 3787 2146 3860 praecedenti

573 3887 861 3944 CXXXXV
886 3888 1152 3942 asseritur
1180 3885 1470 3941 Anastasio
1499 3884 1740 3940 Sinaitae.
1772 3884 1838 3939 V.
1864 3883 2146 3948 Lambec.,

573 3981 801 4052 IV,pag.
838 3979 1100 4043 457459,
1133 3988 1188 4033 et
1215 3978 1431 4033 Fabric.
1467 3976 1629 4042 infra,
1662 3976 1720 4030 in
1753 3975 1862 4029 vol.
1893 3974 1987 4040 IX,
2022 3990 2143 4046 pag.

574 4071 680 4126 528
707 4087 790 4142 sq.
820 4070 910 4126 ed.
946 4081 1058 4126 vet.
1087 4070 1232 4126 —-In
1253 4069 1376 4124 cod.
1405 4067 1722 4132 CCXLVIII,
1745 4083 1802 4120 ιι.
1839 4067 1871 4121 5
1894 4107 1908 4131 ,
1931 4065 2146 4121 Iudam-

575 4181 696 4217 rum
714 4163 998 4232 disputatio
1034 4179 1150 4216 cum
1171 4160 1228 4217 S.
1249 4162 1540 4216 Athanasio
1566 4169 1614 4214 et
1635 4158 1833 4231 Cyrillo
1855 4159 1918 4212 de
1951 4159 2146 4212 adora—

577 4255 718 4309 tione
747 4253 804 4309 S.
835 4254 1002 4308 crucis
1032 4262 1080 4307 et
1117 4269 1396 4308 sacrarum
1442 4252 1762 4323 imaginum,
1802 4250 1859 4304 in
1890 4248 2144 4304 Lambec.

576 4347 891 4413 Comment,
927 4346 992 4412 V,
1026 4347 1130 4401 col.
1161 4345 1286 4410 287,
1325 4345 1421 4400 ubi
1463 4359 1594 4399 vero
1630 4341 1902 4398 Kollarius
1933 4343 1987 4396 in
2020 4351 2150 4396 nota

2245 1881 2366 1934 15-1.
2401 1878 2601 1935 Confer
2627 1877 2974 1940 Garnerium,
3013 1883 3144 1930 tom.
3187 1873 3254 1938 II,
3297 1872 3363 1926 ad
3395 1871 3632 1926 Marium
3681 1869 3830 1924 Mer-

2243 1981 2504 2033 catorem,
2554 1984 2676 2039 pag.
2726 1967 2850 2031 5—15,
2903 1974 2962 2020 et
3015 1961 3450 2025 Tillémontium,
3489 1967 3636 2013 tom.
3687 1957 3832 2021 XIV,

2242 2079 2366 2133 pag.
2403 2061 2507 2116 405
2525 2075 2642 2130 seq.

2314 2150 2434 2204 185.
2455 2149 2520 2204 In
2557 2149 2826 2203 Psalmum
2854 2163 2968 2202 vm.
2996 2146 3051 2202 S.
3079 2144 3333 2216 Ephraim
3365 2143 3507 2216 apud
3540 2141 3832 2197 Photium.

2242 2241 2366 2296 cod.
2401 2256 2620 2305 ccxxrx,
2687 2255 2812 2310 pag.
2855 2238 2958 2292 420
3004 2238 3137 2292 edit.
3183 2236 3394 2307 prima.
3455 2235 3626 2290 FABR.
3664 2232 3836 2300 Frag-

2241 2343 2427 2387 menta
2488 2332 2544 2386 in
2607 2330 2950 2400 expositione
2991 2328 3186 2399 psalmi
3236 2343 3325 2382 cm
3356 2327 3412 2382 in
3454 2325 3576 2380 cod.
3615 2323 3832 2379 Caesar.

2240 2424 2474 2480 Vindob.
2520 2421 2897 2486 CLXXXVIII,
2939 2436 2996 2474 ιι.
3055 2419 3144 2473 22.
3185 2419 3251 2473 V.
3286 2415 3702 2480 Lambec.,IV,
3726 2414 3830 2468 col.

2241 2517 2343 2570 457
2375 2531 2456 2584 sq.
2487 2515 2630 2568 -ιιι
2643 2512 2855 2568 catenis
2891 2512 2947 2566 in
2981 2511 3334 2575 Psalterium,
3354 2510 3412 2564 in
3429 2507 3590 2565 codd.
3617 2507 3831 2562 Caesar.

2241 2606 2308 2671 X,
2333 2606 2451 2660 XIV
2474 2613 2531 2660 et
2557 2605 2653 2660 XV
2693 2604 2762 2658 de
2816 2603 3020 2672 quibus
3074 2618 3132 2656 γ.
3175 2601 3457 2664 Lambec.,
3485 2601 3596 2656 vol.
3645 2598 3738 2654 III.
3768 2625 3837 2637 -ο

2240 2699 2435 2756 Oxonii
2461 2698 2518 2753 in
2549 2697 2686 2752 bibl.
2724 2696 2958 2760 Bodlei.,
2997 2712 3056 2749 ιι.
3108 2694 3233 2760 710,
3268 2695 3333 2760 2;
3372 2693 3529 2758 1982,
3577 2693 3603 2747 1
3645 2710 3662 2759 ;
3693 2690 3832 2744 2528

2243 2791 2416 2846 Catal.
2436 2821 2507 2830 —
2537 2788 2678 2843 Add.
2705 2789 2770 2843 ad
2802 2805 2859 2842 ιι.
2888 2787 3011 2853 176,
3047 2802 3232 2857 supra.
3264 2785 3433 2840 Hann.

2313 2882 2436 2936 184.
2481 2880 2844 2938 Commentum
2881 2879 3162 2950 Evangelii
3217 2880 3272 2932 in
3325 2877 3651 2932 Muttlueum.
3707 2874 3834 2928 libro

2241 2973 2486 3039 secundo,
2525 2972 2714 3027 laudat
2743 2970 3039 3026 Facundus
3055 2987 3130 3036 xi,
3163 2971 3217 3023 7.
3246 2969 3463 3024 Tantum
3489 2968 3833 3021 undecimum

2243 3074 2292 3119 et
2327 3065 2689 3118 duodecimum
2725 3063 2860 3118 Acta
2890 3061 3153 3134 synodivr
3180 3058 3630 3128 Constantinopol
3653 3058 3829 3119 itana2,

2244 3157 2456 3212 actione
2479 3173 2534 3222 x,
2553 3163 2610 3211 et
2639 3155 2893 3211 secundae
2921 3155 3173 3210 Niczenae.
3201 3151 3696 3223 Frequentissimae
3723 3148 3827 3221 Cy—

2245 3247 2352 3302 rilli
2380 3247 2638 3320 symbolae
2668 3247 2724 3301 in
2761 3245 2982 3301 Catenis
3013 3245 3078 3300 ad
3112 3244 3446 3299 Matthteum.
3485 3242 3716 3297 Citatur
3775 3247 3830 3294 et

2243 3353 2275 3391 a
2305 3336 2534 3392 Leontio
2564 3336 2694 3407 Byz.
2720 3342 2904 3389 contra
2927 3334 3237 3404 Eutychem,
3261 3341 3317 3387 et
3350 3331 3549 3401 βιϐλίον
3581 3329 3827 3399 πρῶτον,

2244 3429 2313 3484 ab
2335 3428 2631 3499 Ephraimo
2656 3427 2802 3498 apud
2825 3427 3104 3491 Photium,
3135 3440 3257 3496 pag.
3298 3423 3423 3489 «1.29,
3452 3421 3573 3478 cod.
3608 3436 3827 3478 ccxxxx.

2245 3521 2403 3575 Alius
2431 3521 2608 3586 locus,
2645 3537 2768 3591 pag.
2812 3520 2933 3574 452.

2317 3614 2439 3669 185.
2481 3617 2544 3668 In
2575 3613 2795 3679 Lucam,
2826 3629 2968 3683 saepe
2997 3613 3198 3668 citatur
3252 3611 3309 3666 in
3360 3609 3564 3666 Catena
3599 3609 3643 3664 G
3663 3623 3825 3664 neco-

2247 3721 2367 3760 rum
2413 3708 2635 3761 Patrum
2683 3703 3016 3760 Corderiana
3071 3713 3124 3758 el
3166 3703 3367 3758 Catena
3394 3717 3557 3756 aurea
3598 3700 3826 3755 Tlioma

2245 3796 2552 3868 Aquinatis.
2577 3796 2737 3850 FABB.
2769 3796 2845 3853 De
2867 3792 3146 3849 catenisin
3174 3791 3484 3847 Matthazum
3513 3799 3570 3845 et
3593 3790 3817 3854 Lucam,

2245 3907 2300 3944 ν.
2343 3906 2528 3960 supra,
2555 3889 2664 3943 vol.
2697 3887 2835 3953 VIII,
2868 3903 2989 3957 pag.
3027 3884 3128 3940 669
3167 3899 3311 3954 sqq.,
3340 3890 3397 3938 et
3427 3882 3482 3936 in
3521 3881 3735 3936 catenis
3766 3881 3819 3933 in

2249 3981 2558 4036 Matthaeum
2597 3980 2842 4047 aliosque
2895 3979 2951 4032 in
2997 3977 3157 4032 codd.
3217 3976 3417 4032 Caesar.
3466 3973 3662 4040 XXIX,
3706 3973 3816 4036 XL,

2249 4072 2411 4135 XLII,
2442 4071 2601 4135 XLV,
2629 4069 2818 4135 XLVI,
2839 4068 3095 4134 LXXVII,
3125 4068 3228 4122 sub
3267 4067 3386 4133 ﬁn.,
3419 4067 3488 4124 de
3531 4067 3736 4137 quibus
3765 4081 3816 4119 ν.

2250 4162 2508 4217 Lambee.
2541 4160 2769 4225 Comm.,
2809 4159 2920 4214 vol.
2955 4176 3033 4223 ιιι,
3063 4159 3357 4213 θῑο.ΉΑιιι..

2323 4254 2443 4310 186.
2484 4254 2550 4308 In
2577 4251 2852 4325 epistolam
2899 4251 2968 4304 ad
2999 4250 3243 4305 Hebrwos
3273 4250 3425 4304 Liber
3459 4249 3516 4304 II
3554 4250 3756 4304 eitatur
3789 4261 3819 4300 a

2251 4344 2507 4401 Facundo
2530 4361 2605 4408 χι,
2639 4344 2692 4408 7,
2729 4342 3065 4397 Theodorito
3102 4341 3314 4411 Dialog.
3349 4348 3406 4396 et
3433 4339 3727 4395 Theodoro
3763 4338 3821 4393 in

576 4441 756 4503 docet,
792 4438 851 4494 id
889 4439 1216 4510 opusculum
1254 4452 1375 4492 esse
1420 4436 1676 4508 anonymi
1724 4435 2031 4506 cujusdam,
2080 4435 2142 4489 ad

2252 4441 2396 4495 libro
2430 4440 2549 4491 Ὅτι
2573 4439 2601 4490 ὁ
2630 4435 2818 4506 Πατὴρ
2847 4435 2936 4488 ἀεὶ
2972 4435 3154 4504 γεννᾷ.
3183 4433 3434 4488 Meminit
3453 4442 3511 4488 et
3540 4435 3814 4504 interpre—

576 4541 816 4588 mentem
848 4530 1130 4586 Athanasii
1164 4540 1221 4585 et
1251 4529 1461 4601 Cyrilli,
1491 4529 1712 4585 Iudaeos
1735 4527 2016 4583 confutare
2056 4541 2149 4580 co-

574 4623 778 4678 nantis.
807 4620 962 4677 Adde
1002 4635 1168 4692 supra
1203 4617 1319 4690 ad§
1351 4619 1417 4674 III
1447 4619 1500 4673 in
1532 4620 1691 4674 nolit.
1723 4618 1880 4673 codd.
1913 4617 2146 4682 voLVII,

574 4731 703 4786 pag.
735 4715 841 4771 47-2
871 4731 990 4786 sqq.
1015 4723 1072 4770 et
1098 4730 1221 4784 pag.
1253 4713 1374 4770 614.

647 4808 729 4862 Ad
755 4807 939 4880 spuria
975 4820 1194 4874 quoque
1226 4804 1573 4860 referendum
1603 4803 1822 4858 videtur
1859 4818 2047 4873 opusc.
2084 4801 2151 4855 de

577 4897 854 4957 mensuris
881 4906 936 4951 et
961 4895 1319 4966 ponderibus,
1338 4896 1485 4964 quod
1514 4895 1724 4966 Cyrillo
1769 4894 1920 4948 Alex.
1955 4892 2152 4947 tribui-

576 5003 669 5052 tur
699 4989 758 5044 in
795 4987 952 5042 codd.
985 4985 1157 5041 Paris.
1185 4985 1320 5040 bibl.
1350 4985 1504 5056 publ.
1529 4985 1946 5050 MCCCLXXIII,
1985 5000 2039 5038 ιι.
2061 4983 2147 5047 15,

579 5094 635 5142 ει
666 5078 1136 5144 MCCCLXXXIX,
1166 5095 1221 5133 ιι.
1247 5075 1553 5149 12.1mm]
1693 5082 1696 5085 ·

775 5223 880 5282 X1.
916 5219 1169 5300 Scripta
1206 5214 1432 5294 Cyrilli
1473 5212 1800 5290 deperdita
1845 5209 1950 5288 (α).

593 5372 596 5375 ’
659 5365 777 5418 179.
846 5365 1188 5434 Ἀντίῤῥησις
1246 5366 1433 5415 contra
1509 5355 1780 5410 Andream
1841 5354 2150 5408 Samosate—

585 5471 739 5518 num,
775 5454 866 5525 qui
903 5455 1168 5510 adversus
1199 5452 1298 5507 XII
1334 5449 1571 5519 capitula
1611 5448 1925 5517 scripserat.
1961 5446 2151 5501 Memi-

2250 4531 2472 4585 tationis
2496 4528 2686 4600 Cyrilli
2713 4528 2770 4581 in
2799 4527 3099 4596 Epistolam
3134 4524 3201 4579 ad
3231 4525 3509 4590 Hebrmos,
3538 4524 3816 4594 Ephraim.

2247 4623 2644 4687 Antioclienus,
2665 4619 2807 4690 apud
2825 4617 3078 4672 Pbotium
3120 4614 3242 4669 cod.
3274 4631 3478 4669 ccxxrx.
3517 4611 3821 4668 Alexander

2249 4715 2706 4786 IIierapolitanus,
2725 4710 2954 4781 epistola
2976 4708 3042 4762 ad
3059 4706 3314 4761 Acacium
3336 4706 3752 4765 Berrhoensem,
3768 4700 3821 4753 in

2249 4808 2454 4863 Baluzii
2504 4807 2652 4861 Nova
2689 4803 2904 4859 Collect.
2945 4800 3243 4864 concilior.,
3281 4815 3403 4870 pag.
3437 4797 3560 4862 762,
3585 4806 3639 4852 et
3672 4808 3820 4864 quas-

2255 4897 2379 4951 dam
2415 4912 2479 4950 ex
2523 4896 2616 4949 illa
2666 4893 2824 4948 atl‘ert
2869 4900 3060 4945 auctor
3093 4889 3348 4960 Synodici
3397 4897 3589 4944 contra
3630 4895 3823 4954 tragoe-

2258 4989 2401 5044 diam
2427 4987 2636 5050 Irenzei,
2655 4983 2926 5054 cap.218;
2956 4983 3052 5046 id.,
3075 4997 3195 5052 pag.
3218 4981 3340 5045 928,
3367 4976 3821 5050 quemadmodum

2257 5091 2313 5136 et
2342 5081 2496 5152 plura
2529 5077 2792 5133 Leontius
2832 5076 2955 5146 Byz.
2988 5081 3169 5127 contra
3208 5072 3516 5143 Eutychem.
3557 5071 3634 5124 Ex
3671 5073 3824 5128 sexto

2261 5183 2428 5236 torno,
2459 5168 2798 5232 Anastasius,
2829 5181 2948 5237 pag.
2988 5163 3090 5218 188
3124 5163 3340 5233 Hodegi.

2331 5262 2451 5317 187.
2489 5261 2632 5314 Libri
2670 5268 2774 5313 tres
2814 5257 3063 5311 adversus
3102 5254 3388 5309 Diodorum
3428 5252 3752 5308 Tarsensem,
3776 5249 3824 5295 et

2263 5353 2581 5407 Theodorum
2605 5350 3046 5418 Mopsuestenum
3072 5343 3166 5416 (b),
3201 5345 3353 5415 quasi
3372 5341 3672 5397 Nestoriani
3697 5338 3823 5405 dog-

2262 5445 2418 5499 matis
2452 5451 2711 5506 auctores,
2735 5448 2784 5493 et
2815 5439 2950 5493 alius
2970 5439 3046 5492 De
3082 5435 3453 5491 incarnatione
3475 5434 3602 5488 liber
3623 5431 3820 5496 (diverv

662 5609 737 5675 (τι)
772 5608 930 5666 Conl.
959 5608 1295 5668 Tillemont.,
1338 5616 1467 5662 tom.
1501 5605 1640 5664 XIV.
1661 5621 1780 5675 pag.
1808 5604 1910 5658 666
1941 5621 2079 5674 scq.,
2103 5612 2160 5658 ct
2267 5597 2824 5675 ritatisdefensorcs,
2859 5595 3145 5675 Accphalis
3194 5591 3528 5663 responsuri,
3560 5591 3821 5658 negarunt

591 5667 830 5750 ceiu'ier.
862 5679 904 5750 γι.
941 5693 1015 5750 c.,
1048 5695 1169 5750 pag.
1211 5679 1314 5732 sat
1346 5689 1401 5735 ct
1429 5677 1564 5750 suo.
1589 5667 1752 5750 mm:

661 5752 732 5825 (ὁ)
759 5749 963 5810 Eodem
998 5745 1253 5803 Libc‘rato
1278 5757 1435 5811 teste,
1477 5746 1696 5816 quidam
1745 5745 2030 5803 catholica:
2056 5761 2155 5800 no~

2267 5671 2436 5725 libros
2466 5669 2586 5723 illos
2617 5683 2735 5723 esse
2764 5664 2971 5738 Cyrilli.
