4076 6306
346 330 418 382 89
1574 323 1858 382 ΝΟΤΙΤΙΔ
1894 328 1920 383 Ε

2028 329 2365 387 FABRICIO.

345 442 609 501 sus'abeo
635 456 802 514 quem
834 458 1021 512 supra,
1052 457 1203 496 num.
1229 442 1283 507 7,
1305 441 1475 497 retuli
1515 441 1573 496 in
1598 443 1917 500 recensione
1947 474 1992 530 Α

346 551 578 605 operum
617 550 741 606 qua:
776 544 958 590 tomus
1001 533 1094 590 VII
1140 533 1370 590 Auberti
1409 534 1834 606 complectitur),
1861 537 1919 590 in

344 625 530 696 quibus
570 627 908 680 continentur
938 626 1298 695 'antiquorum
1354 623 1576 680 Patrum
1612 627 1918 698 incorrupta

345 720 671 783 testimonia,
706 718 762 772 id
799 725 896 782 est,
933 716 1142 783 Felicis,
1182 733 1336 789 papae
1383 716 1629 783 Romani,
1662 715 1915 789 Dionysii,

344 807 744 863 Corinthiorum
781 810 1024 880 episcopi,
1058 816 1106 862 et
1128 808 1367 879 Gregorii
1401 807 1675 875 mirabilis,
1710 809 1920 879 θαυμα-

345 897 579 969 τουργοῦ
605 900 980 975 cognominati.
1010 899 1303 955 Liberatus
1333 898 1391 953 in
1418 898 1709 965 Breviario,
1749 915 1800 954 c.
1829 898 1914 953 10.

348 989 599 1045 Meminit
624 999 679 1045 et
698 989 962 1046 Leontius
980 989 1108 1062 Byz.
1134 990 1215 1045 De
1250 992 1424 1057 sectis,
1455 989 1672 1060 πράξει,
1703 988 1817 1045 sive
1835 989 1919 1045 lc-

348 1080 532 1135 ctione
546 1080 601 1145 4,
638 1096 760 1151 pag.
782 1080 888 1135 448
924 1090 1145 1151 seq.,et
1182 1080 1235 1147 8,
1272 1096 1394 1151 pag.
1419 1080 1678 1150 550seq.,
1712 1080 1806 1134 ubi
1827 1097 1917 1135 ar-

347 1171 469 1242 guit
493 1172 843 1238 Dioscorum,
867 1170 1059 1243 Cyrilli
1097 1184 1494 1231 successorem.
1525 1172 1774 1242 quaedam
1810 1171 1920 1226 illis

351 1261 602 1318 inserere
625 1278 835 1319 ausum.
874 1263 934 1317 '0
964 1264 1074 1333 γὰρ
1104 1263 1391 1334 Διόσκορος
1421 1263 1665 1333 διάδοχος
1691 1263 1920 1333 γενόμε-

353 1370 449 1416 νος
475 1352 569 1407 τοῦ
599 1353 864 1424 μακαρίου
893 1353 1162 1424 Κυρίλλου
1193 1355 1287 1407 καὶ
1314 1353 1490 1427 εὑρὼν
1506 1353 1576 1407 τὰ
1598 1353 1764 1407 αὑτοῦ
1790 1369 1921 1421 συγ-

355 1445 678 1515 γράμματα,
708 1444 842 1508 ἴσως
862 1446 962 1499 οὐκ
986 1444 1052 1499 ἂν
1089 1443 1252 1499 ὤκνει
1288 1444 1410 1499 τινὰ
1436 1444 1629 1508 Θεῖναι,
1663 1438 1740 1498 ὧν
1766 1444 1924 1497 ἐδού-

353 1536 493 1589 λετο.
524 1534 726 1591 Confer
753 1536 1101 1592 collationem
1131 1536 1528 1591 catholicorum
1572 1550 1701 1590 cum
1748 1533 1921 1590 Seve-

352 1622 520 1678 rianis
561 1624 680 1680 sive
718 1625 1028 1696 Acephalis,
1064 1625 1307 1680 habitam
1342 1624 1815 1695 Constantinopoli
1854 1625 1917 1679 A.

346 1714 410 1771 C.
439 1715 565 1782 552,
598 1723 731 1771 tom.
761 1716 812 1772 ll
840 1716 1006 1784 Binii,
1035 1734 1161 1790 pag.
1192 1717 1317 1774 559.
1356 1716 1501 1773 Citat
1534 1725 1593 1773 et
1620 1716 1919 1773 Facundus

347 1824 428 1873 In,
448 1809 504 1873 5,
526 1819 585 1866 et
600 1825 718 1875 vin,
740 1809 794 1875 6,
811 1816 870 1865 et
895 1810 1088 1880 quinta
1102 1808 1368 1882 synodus,
1393 1808 1609 1865 actione
1638 1808 1695 1874 5,
1712 1816 1844 1865 tom.
1869 1807 1915 1862 11
1944 1817 1988 1873 Β

347 1899 513 1965 Βὶιιὶί,
537 1908 697 1971 parte
729 1918 789 1966 ιι,
835 1916 958 1971 pag.
1008 1900 1078 1956 65
1104 1915 1247 1970 seq.,
1272 1898 1370 1954 ubi
1402 1898 1562 1970 plura
1596 1896 1941 1973 fragmenta.

343 2001 403 2047 et
422 2009 547 2065 pag.
572 1994 661 2061 72,
689 1995 782 2049 ubi
813 2004 871 2051 et
903 1994 1247 2060 Theodoriti,
1281 1993 1632 2071 Theodorum
1659 1993 1922 2049 adversus

343 2080 607 2152 Cyrillum
636 2082 1000 2150 defendentis,
1033 2083 1262 2149 mentio,
1297 2090 1354 2138 et
1375 2099 1497 2155 pag.
1529 2082 1618 2148 75,
1646 2082 1742 2137 ubi
1768 2097 1918 2153 qua:-

345 2173 469 2229 dam
497 2191 565 2229 ex
593 2174 836 2231 secundo
863 2176 1008 2231 libro
1044 2175 1252 2248 Cyrilli,
1297 2174 1375 2229 De
1401 2193 1460 2230 eo
1488 2175 1628 2247 quod
1671 2192 1806 2229 unus
1844 2183 1919 2229 est

344 2262 598 2331 Christus,
673 2274 863 2322 contra
902 2266 1272 2325 Theodorum.
1327 2266 1395 2320 Et
1435 2281 1502 2320 ex
1536 2265 1679 2319 libro
1717 2265 1917 2335 primo,

343 2374 464 2430 pag.
490 2358 557 2413 74
583 2373 698 2428 seq.
724 2357 923 2413 Confer
965 2357 1305 2421 Tillemont.,
1336 2364 1469 2412 tom.
1506 2355 1646 2421 XIV,
1664 2371 1787 2427 pag.
1816 2355 1920 2411 795

341 2458 400 2506 ct
425 2450 529 2506 645
548 2465 687 2521 seq.,
709 2449 804 2505 ubi
837 2450 1001 2505 etiam
1022 2449 1090 2504 de
1114 2446 1436 2503 Theodoriti
1462 2455 1648 2518 opere”,
1666 2447 1921 2502 similiter

342 2540 580 2612 perdito,
635 2542 694 2596 in
752 2555 863 2612 quo
904 2540 1093 2613 Cyrilli
1149 2540 1559 2612 objectionibus
1612 2538 1914 2609 respondit,

343 2633 501 2702 cujus
524 2632 773 2688 meminit
802 2633 1086 2698 Leontius,
1115 2647 1237 2703 pag.
1279 2632 1405 2687 552.

416 2722 534 2777 188.
573 2721 770 2780 Contra
789 2722 1154 2795 Synusiastas,
1190 2723 1305 2779 sive
1333 2722 1768 2793 Apollinaristas,
1794 2723 1914 2777 lau-

339 2816 502 2870 datur
531 2815 600 2870 ab
627 2815 929 2885 Ephraimo
963 2816 1309 2872 Antiocheno
1338 2814 1483 2886 apud
1512 2815 1765 2870 Photium
1787 2814 1910 2870 cod.

338 2922 549 2973 ccxxrx,
578 2923 698 2979 pag.
717 2908 819 2963 416
850 2908 983 2963 edit.
1012 2908 1224 2979 primae.

414 2999 530 3055 189.
586 3001 676 3053 Ἐν
710 2999 791 3071 τῷ
817 3000 959 3055 κατὰ
1000 3000 1212 3072 ’Δρείου
1246 2999 1408 3070 λόγῳ.
1450 2999 1614 3064 lbid.,
1644 3014 1767 3070 pag.
1786 2998 1908 3052 452.

409 3091 530 3146 190.
576 3092 662 3147 Ad
715 3092 1057 3148 Theodosium
1116 3095 1244 3164 imp.
1310 3102 1498 3148 contra
1561 3092 1906 3163 Pelagianos.

338 3183 567 3239 Photius
594 3183 717 3239 cod.
753 3200 859 3239 uv.

409 3276 530 3331 191.
572 3277 829 3346 Epistolas
869 3278 1056 3343 variae,
1103 3287 1167 3332 ut
1225 3277 1459 3348 epistola
1508 3275 1575 3331 ad
1626 3275 1908 3343 Acacium,

337 3365 734 3439 Scythopoleos
762 3367 1103 3438 episcopum,
1130 3383 1296 3438 quam
1329 3369 1462 3424 citat
1480 3367 1742 3438 Ephraim
1767 3369 1911 3439 apud

337 3458 592 3512 Photium
614 3457 736 3512 cod.
768 3472 975 3521 ccxxxx,
1004 3472 1126 3528 pag.
1154 3457 1279 3513 416.

412 3549 533 3605 192.
573 3549 723 3605 idem
767 3565 902 3622 pag.
946 3549 1051 3603 420
1100 3548 1291 3605 laudat
1320 3548 1538 3621 Cyrilli,
1594 3549 1733 3620 Περὶ
1775 3547 1912 3603 ἅπα-

344 3639 500 3704 θεὶας
524 3640 677 3709 λόγον
712 3649 769 3695 et
792 3641 967 3709 Λόγον
995 3640 1120 3711 περὶ
1146 3641 1373 3706 πάθους,
1399 3640 1572 3709 Λόγον
1611 3640 1741 3710 περὶ
1768 3638 1896 3693 πίσο

343 3820 575 3885 πίστεως
601 3816 879 3892 [lragmm
917 3820 970 3876 in
1001 3822 1293 3894 Synodico,
1334 3837 1382 3876 c.
1421 3821 1546 3885 217,
1569 3836 1691 3891 pag.
1728 3818 1908 3891 1008],

339 3924 462 3979 pag.
506 3908 629 3963 415.
671 3909 948 3965 Incertum
982 3927 1054 3964 an
1106 3910 1255 3980 quod
1306 3908 1613 3975 Gennadio,
1668 3924 1787 3979 cap.
1817 3909 1906 3977 57,

338 4006 694 4065 memoratur,
716 3998 794 4053 De
819 4000 925 4069 [ide
944 4000 1192 4055 adversus
1223 4001 1508 4054 hwreticos.

406 4093 758 4149 Timotheum
786 4092 1035 4148 Ailurum
1072 4091 1246 4146 πολλὰ
1295 4091 1404 4144 τῶν
1456 4090 1909 4162 συγγραμμάτων

335 4185 430 4240 τοῦ
477 4184 624 4239 θείου
659 4185 931 4257 Κυρίλλου
999 4186 1165 4257 μήπω
1212 4186 1292 4249 εἰς
1334 4184 1537 4248 πλάτος
1581 4184 1918 4238 ἐκδοθέντιιιινΔ

334 4274 792 4346 διαλυμήνασθαι,
826 4274 959 4331 νόθα.
983 4275 1197 4339 τούτοις
1220 4276 1617 4347 ἑπισπείραντα
1640 4275 1907 4346 δόγματα,

336 4367 509 4423 multa
569 4367 637 4422 D.
694 4365 884 4438 Cyrilli
919 4366 1140 4437 scripta,
1204 4373 1492 4436 antequam
1539 4364 1905 4437 vulgarentur,

335 4459 666 4531 dogmatibus
699 4457 1012 4513 adulterinis
1037 4459 1264 4529 aspersis
1284 4458 1616 4529 depravasse,
1649 4474 1719 4513 ex
1753 4472 1906 4513 com-
1938 4457 1945 4523 ξ

336 4549 489 4604 muni
537 4548 683 4603 fama
738 4556 928 4602 narrat
960 4547 1345 4618 Theophanes,
1377 4563 1499 4618 pag.
1539 4547 1628 4611 95,
1663 4556 1719 4601 et
1744 4546 1909 4601 Nice-

339 4642 566 4711 phorus,
606 4656 694 4706 xv,
727 4639 816 4706 16,
855 4640 1122 4694 Historias.
1168 4638 1318 4694 Idem
1360 4638 1703 4708 Nicephorus
1750 4646 1914 4707 negat

338 4748 458 4788 esse
473 4746 690 4797 verum,
715 4730 863 4802 quod
901 4730 1155 4786 nonnulli
1180 4738 1524 4801 sparserunt,
1554 4728 1724 4784 libros
1749 4744 1913 4799 quos-

340 4826 462 4880 dam
485 4823 859 4898 Chrysostomi
888 4839 920 4880 a
950 4823 1159 4897 Cyrillo
1191 4821 1428 4878 abolitos
1463 4821 1656 4887 fuisse,
1687 4837 1798 4886 xw,
1820 4821 1908 4875 28.

336 4937 465 4998 XII.
497 4935 711 4998 Index
762 4952 996 5011 eorum,
1034 4934 1118 4996 ad
1147 4952 1322 5013 quos,
1376 4932 1472 4993 rel
1512 4938 1731 4993 contra
1763 4952 1913 5013 quos

823 5013 1079 5092 scripsit
1119 5012 1418 5090 Cyrillus.

334 5114 535 5165 Numeri
576 5114 753 5174 6mm,
793 5113 977 5174 scripta
998 5112 1167 5171 Cyrilli
1212 5124 1357 5172 supra
1399 5109 1671 5174 recensita,
1701 5107 1910 5174 Arabici,

393 5178 607 5236 indicem
668 5168 995 5236 epistolarum
1037 5168 1418 5234 'etscript'orum
1465 5168 1706 5219 minorum
1744 5169 1914 5231 alpha-

392 5235 610 5286 betieum
635 5234 928 5298 respiciunt.

404 5319 635 5374 Aeacius
662 5318 976 5388 episcopus,
1006 5318 1096 5373 99.
1144 5317 1446 5380 Melitenes,
1501 5314 1590 5381 52,
1630 5314 1749 5368 115.
1784 5314 1913 5383 Epi-

334 5426 532 5481 scopus
556 5410 942 5476 Berrhoénsis,
970 5411 1055 5465 57.

399 5502 617 5575 Egypti
644 5502 922 5568 monachi,
945 5503 999 5558 9.

399 5593 717 5650 Alexander
747 5593 930 5663 presb.
943 5635 957 5659 ,
982 5595 1102 5651 104.

398 5685 813 5745 Alexandrinus
833 5685 1012 5742 clerus
1039 5692 1400 5762 populusque,
1440 5693 1519 5759 ll,
1564 5693 1645 5759 l7,
1679 5692 1906 5757 89,112.

398 5768 728 5837 Anastasius
754 5777 955 5849 pm:st
996 5779 1109 5835 101.

2088 446 2335 502 Andreas
2364 446 2776 513 Samosatenus,
2800 445 2889 519 ιη’.

2088 536 2685 608 Anthropomorphitae,
2712 540 2816 611 κβθ.

2090 627 2446 696 Apollinaris,
2477 628 2566 683 60.

2088 718 2302 776 Atticus
2323 718 2820 790 Constantinopol.,
2861 718 2950 774 98.

2090 813 2343 869 Aurelius
2365 809 2767 886 (Augustinus),
2799 810 2887 865 88.

2087 907 2408 963 Caelestinus
2437 906 2731 977 episcopus
2754 904 2938 966 Rom.,
2965 898 3051 953 19.

2085 999 2396 1071 Calosyrius
2423 998 2712 1070 episc0pus
2740 994 3075 1056 Arsenoitcs,
3110 989 3213 1059 κβ’,
3244 996 3299 1041 et
3323 986 3372 1040 8.

2091 1089 2362 1147 Canonica
2393 1088 2636 1162 epistola,
2666 1093 2770 1143 uu’.

2086 1181 2497 1252 Charmosynus
2521 1179 2831 1251 presbyter,
2857 1176 2947 1232 75.
3144 1222 3175 1252 ε

2089 1272 2378 1328 Comarius
2414 1272 2731 1343 episcOpus,
2773 1269 2862 1323 81.
3234 1271 3237 1276 '

2086 1363 2680 1434 Constantinopolitani
2702 1360 2913 1427 clerici,
2944 1360 3000 1413 5.

2088 1453 2283 1509 Clerus
2308 1453 2679 1524 populusque,
2716 1452 2807 1517 52,
2830 1450 2919 1506 69.
2946 1443 3218 1509 Monachi,
3250 1443 3340 1497 92.

2088 1542 2389 1597 Dalmatius
2408 1541 2858 1606 archimandrita,
2887 1539 2976 1594 81.

2088 1629 2301 1696 Daniel,
2338 1630 2635 1700 episcopus
2659 1628 2942 1684 Damensis
2962 1627 3019 1681 in
3044 1623 3295 1695 Egypto,
3324 1621 3412 1673 77.

2087 1721 2356 1786 Domnus,
2398 1721 2693 1791 episcopus
2715 1717 3113 1782 Antiochenus,
3151 1714 3239 1771 86.

2083 1811 2346 1877 Donatus,
2384 1810 2661 1881 Nicopolis
2679 1809 2844 1881 episc.
2857 1848 2873 1872 ,
2897 1808 2982 1862 11.
3342 1872 3351 1880 γ

2092 1903 2376 1976 Eulogius,
2396 1902 2685 1976 presbyter
2713 1898 3133 1964 Alexandrinus,
3155 1898 3240 1963 50,
3276 1897 3363 1952 81.

2091 2000 2380 2071 Euoptius,
2420 1999 2513 2055 24.

2018 2076 2019 2079 η
2089 2091 2423 2158 Gennadius,
2453 2090 2741 2162 presbyter
2768 2096 2824 2144 et
2844 2083 3299 2147 archimandrita,
3338 2078 3456 2161 102.

2091 2181 2362 2246 Hermias,
2399 2180 2463 2248 ξ’.

2088 2271 2326 2326 Ioannes
2346 2268 2740 2331 Antioohenus,
2772 2267 2860 2332 15,
2885 2266 2976 2332 54,
3002 2266 3091 2331 67,
3124 2264 3215 2319 91.
3284 2262 3289 2269 ⁸

2089 2362 2328 2418 Joannes
2352 2360 2667 2431 presbyter,
2698 2357 2821 2412 104.

2087 2453 2338 2509 Julianus
2358 2450 2519 2521 imp.,
2549 2449 2655 2503 xa'.

2083 2543 2380 2606 Iuvenalis,
2415 2543 2708 2611 episcopus
2736 2539 2979 2604 Hiems-5.,
3012 2537 3105 2592 41.

2084 2632 2290 2702 Lampo
2317 2631 2627 2702 presbyter,
2657 2630 2781 2684 114.

2083 2723 2350 2779 Leontius
2375 2722 2664 2788 diaconus,
2692 2721 2780 2776 75.

2084 2814 2268 2886 Libyae
2293 2821 2350 2869 et
2372 2813 2734 2884 Pentapoleos
2765 2810 3031 2894 episcopi,
3055 2808 3142 2863 75.
3244 2862 3277 2871 ,
3352 2830 3355 2835 -
3422 2872 3447 2907 ὁ

2083 2906 2440 2961 Martinianus
2466 2903 2674 2975 presb.,
2705 2902 2826 2958 104.

2081 2998 2461 3064 Maximianus,
2494 2994 2942 3067 archiepiscopus
2965 2992 3458 3062 Constantinopul.,
3495 2992 3587 3054 66,

1940 3165 1984 3224 ο
2015 3088 2354 3239 80.Ilaximus
2383 3182 2667 3245 diaconus,
2700 3178 2824 3233 104.
2856 3177 3252 3243 Antiochenus,
3282 3176 3370 3229 22.

2089 3274 2340 3329 Memnon
2376 3272 2577 3343 Ephesi
2608 3271 2802 3341 episc.,
2833 3269 2922 3322 55.

2081 3364 2330 3420 Monachi
2354 3372 2561 3435 patres,
2594 3362 2683 3428 61,
2723 3360 2842 3415 104.

2087 3455 2436 3520 Nemesinus,
2464 3453 2542 3520 ς’,
2574 3452 2637 3518 ξ’.

2086 3565 2375 3623 Nestorius
2402 3584 2543 3637 seq.,
2577 3575 2634 3622 et
2660 3566 2715 3630 2,
2751 3564 2839 3631 47,
2888 3564 3010 3628 105,
3053 3562 3172 3618 106.
3222 3562 3358 3616 Tres
3398 3560 3586 3631 Cyrilli

2018 3658 2087 3713 ad
2121 3660 2436 3714 Nestorium
2468 3658 2750 3728 epistolas,
2777 3670 3009 3726 quarum
3038 3653 3215 3709 tertiae
3248 3669 3319 3706 xu
3350 3652 3586 3721 capitula

244 3766 259 3775 ο
346 3746 503 3795 τεως,
540 3738 599 3784 ιιι
624 3746 741 3801 pag.
771 3730 894 3797 429,
937 3730 1060 3796 450,
1089 3730 1117 3784 ὃ
1152 3732 1512 3803 ἐπιγράφεται
1536 3730 1912 3802 ὲρμηνείατῆς

2018 3748 2387 3819 subjunxerit,
2438 3755 2711 3804 memorat
2767 3745 3035 3802 Leontius
3103 3745 3228 3816 Byz.
3295 3743 3373 3798 Dc
3414 3744 3585 3807 sectis,

2016 3855 2139 3913 pag.
2166 3840 2291 3896 452.

2084 3953 2325 4009 Nestorii
2354 3952 2623 4024 ζηλωτής,
2653 3952 2743 4018 55,
2770 3951 2859 4006 27.

2086 4041 2336 4112 Optimus
2356 4044 2550 4113 episc.,
2587 4043 2675 4097 44.

2087 4134 2393 4191 Orientales
2419 4135 2680 4207 episcopi,
2723 4141 2810 4207 ιη’.

2086 4225 2381 4291 Palladius,
2409 4232 2478 4280 σι’.
3016 4296 3020 4300 Δ

2086 4321 2417 4393 Paregorius
2456 4318 2764 4390 presbyter,
2796 4318 2917 4371 104.

2086 4413 2289 4468 Paulus
2316 4412 2640 4473 Emesenus,
2674 4409 2763 4471 54,
2799 4408 2887 4461 64.

2086 4501 2437 4565 Posidonius,
2468 4501 2555 4554 59.

2083 4595 2349 4650 Potamon
2381 4590 2695 4660 episcopus,
2721 4589 2809 4652 77,
2839 4588 2929 4641 81.

2081 4683 2310 4740 Proclus
2344 4679 2841 4750 ConstantinOpol.,
2866 4678 2954 4733 51.

2082 4775 2131 4829 Ε
2153 4774 2335 4829 Rhodo
2367 4773 2579 4842 scripta:
2615 4768 2869 4841 epistolte,
2904 4768 2990 4834 14,
3018 4768 3140 4822 112.
3258 4824 3271 4829 _

2087 4865 2396 4921 Succensus
2420 4863 2773 4917 Diocazsarete
2794 4860 2990 4931 episc.,
3013 4860 3103 4926 25,
3129 4857 3220 4914 25.

2083 4957 2405 5013 Theodorus
2442 4956 2873 5025 Mopsuestcrms,
2903 4952 2989 5007 51.
3355 4983 3393 5015 ,

2083 5049 2474 5115 Theodoritus,
2509 5048 2593 5101 i0'.

2084 5141 2425 5196 Theodosius
2446 5140 2643 5196 Junior
2672 5139 2828 5209 imp.,
2857 5144 2947 5202 ια’,
2973 5142 3020 5187 κ’
3050 5142 3107 5187 et
3150 5133 3203 5195 4,
3244 5131 3330 5184 57.

2084 5231 2375 5287 Theodosii
2402 5247 2540 5286 uxor
2567 5238 2625 5285 et
2645 5244 2888 5291 sorores,
2921 5233 3002 5281 ιε’.

2084 5321 2465 5391 Theognostus
2483 5320 2794 5390 presbyter,
2830 5317 2917 5370 75.

2085 5410 2510 5479 Thcopemptus,
2547 5409 2839 5478 episcopus
2874 5402 3200 5461 Cabascnsis
3246 5403 3301 5457 in
3329 5400 3579 5473 Egypto,

2014 5504 2102 5556 77.

2086 5595 2344 5650 Tiberius
2374 5593 2656 5654 diaconus,
2691 5590 2795 5658 23'.

2088 5685 2414 5743 Timotheus
2452 5681 2757 5752 presbyter,
2788 5679 2875 5733 8|.

2086 5777 2405 5832 Valerianus
2442 5773 2750 5838 cpiscopus,
2792 5771 2843 5824 5.

3519 317 3592 377 90

3625 5214 3633 5331 i
