4076 6306
503 438 3756 502 Mm

1171 678 1727 836 CARD.
1849 665 2630 832 ANGELO
2744 665 3090 823 MAI

1609 959 2650 1082 PRZEFATIONES

929 1225 952 1246 ι
1018 1198 1133 1261 ΑΒ
1169 1197 1237 1260 S.
1291 1191 1633 1260 CYRILLI
1673 1187 2134 1252 ANECDOTA
2179 1186 2540 1250 SCRIPTA
2585 1185 2695 1246 ΑΒ
2741 1182 2938 1245 IPSO
2981 1182 3273 1245 EDITA.
3373 1182 3378 1184 ’

1148 1379 1464 1445 (Bibliotheca
1484 1381 1624 1430 Nova
1643 1379 1868 1437 Patrum,
1889 1381 2008 1426 tom.
2032 1374 2095 1435 ιι,
2123 1374 2290 1424 Romae
2317 1371 2464 1433 tau;
2487 1338 2605 1422 ιοπηῖ
2633 1372 2720 1433 ιιι,
2748 1370 2758 1419 ι

1484 1381 1624 1430 Nova
1643 1379 1868 1437 Patrum,
1889 1381 2008 1426 tom.
2032 1374 2095 1435 ιι,
2123 1374 2290 1424 Romae
2317 1371 2464 1433 tau;
2487 1338 2605 1422 temo.
2633 1372 2720 1433 ιιι,
2748 1369 2884 1432 tam,
2930 1371 3081 1433 ιιιοι.)

573 1745 624 1805 Ι.
655 1736 1025 1802 Editionum
1051 1733 1118 1797 S.
1145 1727 1371 1811 Cyrilli
1395 1723 1887 1806 imperfectio.-—
1901 1724 2155 1796 Quoties
2180 1739 2298 1802 ego
2315 1719 2673 1800 generalem
2702 1718 2872 1782 illam
2895 1717 3094 1782 sancti
3119 1716 3333 1798 Cyrilli
3352 1713 3762 1778 Alexandrini

498 1857 764 1923 operum
787 1833 1150 1908 editionem,
1173 1831 1251 1894 ab
1273 1827 1545 1891 Auberto
1565 1822 1742 1887 Gallo
1759 1829 2002 1904 septem
2023 1824 2208 1887 tomis
2227 1821 2562 1923 vulgatam,
2588 1836 2781 1923 manu
2802 1819 3146 1892 versabam,
3168 1817 3354 1923 toties
3389 1833 3490 1879 me
3521 1830 3764 1923 cupere

497 1913 780 2017 memini,
811 1945 879 2002 ut
912 1951 1072 1999 nova
1123 1931 1333 2012 aliqua
1364 1932 1710 1999 curaretur,
1738 1937 1881 2004 quas
1919 1931 2092 1988 tanto
2122 1922 2462 1986 Aubertina
2484 1919 2734 2001 plenior
2763 1924 2929 1982 esset
2963 1935 3037 1981 ac
3069 1917 3318 1991 melior,
3350 1922 3592 1997 quanto
3619 1913 3764 1975 haec

497 2046 776 2108 minores
810 2040 962 2105 alias
999 2045 1062 2101 et
1098 2035 1468 2100 vetustiores
1503 2045 1836 2112 superasse
1872 2027 2138 2092 videtur.
2182 2025 2430 2090 Etenim
2460 2023 2630 2087 haud
2662 2022 2960 2085 minimus
2995 2021 3182 2102 hujus
3217 2020 3513 2084 editionis
3541 2036 3764 2081 naevus
3815 2075 3830 2092 ,

497 2156 612 2223 est,
645 2147 818 2230 quod
839 2147 1051 2209 Latina
1069 2140 1269 2205 Grmci
1294 2143 1500 2202 textus
1535 2131 1969 2215 interpretatio
1994 2131 2198 2193 varios
2221 2126 2409 2230 habet
2435 2125 2880 2230 auctore-s,_qui
2906 2125 3124 2230 viginti
3143 2124 3285 2230 fere
3301 2133 3722 2230 numerantur
3747 2141 3758 2184 :

495 2266 625 2330 quo
652 2224 717 2312 fit
754 2254 823 2312 ut
857 2244 1066 2326 Cyrilli
1096 2240 1370 2306 elocutio
1399 2253 1609 2316 neque
1641 2249 1924 2298 consona
1960 2246 2171 2311 neque
2206 2227 2541 2292 uniformis
2569 2225 2803 2290 Latinis
2832 2227 3087 2289 auribus
3120 2224 3450 2306 oculisque
3476 2225 3760 2287 accidat:

496 2324 558 2415 et
591 2351 849 2432 quidem
877 2324 1010 2410 veri
1049 2345 1237 2409 etiam
1271 2339 1592 2418 crassique
1633 2350 1878 2398 errores
1921 2331 2339 2410 interpretum
2379 2327 2627 2391 Latinas
2672 2325 2960 2410 plagulas
2987 2326 3327 2390 maculant.
3377 2324 3766 2418 Necessariis

494 2427 754 2530 insuper
781 2448 1037 2513 scholiis
1069 2447 1198 2508 sive
1237 2441 1468 2517 criticis
1520 2439 1649 2502 sive
1675 2432 2016 2514 exegeticis
2053 2437 2223 2496 caret
2256 2447 2426 2511 saepe
2454 2429 2740 2508 Cyrillus,
2777 2435 2840 2494 et
2863 2429 3122 2493 materia
3141 2429 3277 2509 ipsa
3307 2427 3765 2530 respirationes

492 2527 908 2630 capitulorum
938 2545 1401 2621 divisionesque
1434 2537 1695 2600 idoneas
1722 2532 1891 2594 haud
1922 2549 2060 2593 raro
2103 2530 2422 2592 desiderat
2451 2548 2465 2590 :
2502 2531 2759 2592 Graecus
2797 2547 2946 2592 vero
2985 2535 3317 2592 contextus
3344 2527 3528 2592 foedis
3550 2546 3762 2608 quan-

492 2628 705 2729 doque
753 2645 1000 2709 mendis
1059 2644 1330 2714 laborat;
1379 2636 1781 2700 materiarum
1827 2631 2070 2694 indices
2107 2631 2204 2691 vel
2236 2629 2431 2692 exiles
2463 2635 2632 2704 sunt,
2663 2629 2762 2690 vel
2791 2628 3022 2692 alicubi
3051 2629 3241 2704 nulli;
3276 2629 3543 2709 quilibet
3571 2628 3764 2692 deni-

495 2772 621 2836 que
659 2751 917 2815 editoris
970 2753 1309 2828 apparatus
1355 2750 1417 2806 et
1451 2743 1729 2819 isagoge,
1770 2744 1832 2801 et
1853 2736 2248 2815 singulorum
2282 2751 2549 2816 Operum
2577 2734 2771 2797 veluti
2805 2734 3067 2797 historia
3095 2752 3164 2796 ac
3184 2731 3496 2814 judicium
3527 2734 3765 2797 frustra

495 2853 859 2934 requiritur.
909 2854 1278 2929 Quanquam
1319 2846 1509 2925 igitur
1537 2843 1706 2906 haud
1749 2842 1887 2904 leve
1925 2847 2020 2903 est
2045 2839 2304 2902 Auberti
2340 2839 2656 2914 meritum,
2695 2837 2970 2901 modesti
3008 2838 3351 2918 casteroqui
3389 2836 3668 2900 hominis
3702 2845 3765 2899 et

491 2942 1051 3038 ingenui,propte'r
1071 2951 1232 3016 hanc
1264 2959 1581 3016 tomorum
1601 2953 1695 3011 tot
1718 2963 1908 3028 quam
1931 2944 2100 3024 gravi
2120 2944 2336 3008 labore
2364 2962 2480 3007 suo
2511 2943 2745 3007 molem
2767 2940 3090 3018 instruxit;
3110 2949 3383 3005 attamen
3412 2941 3765 3022 Optandum

497 3069 660 3136 erat,
705 3069 776 3126 ut
810 3061 1132 3124 Maurinus
1177 3057 1404 3138 aliquis
1449 3051 1802 3117 monachus
1841 3049 2139 3131 Cyrillum
2172 3066 2432 3130 quoque
2473 3055 2780 3111 consueto
2825 3046 3169 3109 sodalitatis
3210 3064 3340 3107 suae
3387 3044 3761 3125 splendore,

495 3164 781 3228 doctrina
799 3180 871 3226 ac
901 3161 1109 3224 studio
1145 3159 1264 3222 sibi
1287 3154 1725 3221 adornandum
1755 3151 2126 3232 susciperet,
2159 3149 2334 3229 quod
2367 3153 2435 3210 ut
2464 3147 2806 3228 aliquando
2837 3145 3102 3210 meliore
3145 3152 3501 3226 temporum
3539 3144 3766 3208 condi-

494 3269 668 3330 tione
703 3267 829 3340 ﬁat,
856 3265 978 3346 piis
1011 3261 1171 3325 votis
1202 3261 1506 3342 deposco.

573 3376 650 3436 II.
673 3372 1064 3450 Scriptorum
1087 3366 1312 3446 συνειιί
1331 3382 1571 3444 nupera
1598 3358 2075 3442 conquisitio.——
2087 3358 2200 3420 His
2227 3358 2307 3421 de
2329 3357 2585 3420 Auberti
2612 3355 2892 3420 editione
2918 3356 3190 3420 breviter
3205 3363 3416 3438 atque,
3447 3365 3516 3420 ut
3540 3375 3760 3438 spero,

493 3475 887 3556 aequabiliter
929 3473 1132 3546 dictis,
1181 3471 1465 3534 nondum
1507 3475 1719 3530 tamen
1773 3467 1908 3546 ejus
1949 3465 2341 3545 praecipuum
2386 3463 2729 3526 memoravi
2768 3463 3272 3537 incommodum,
3322 3470 3412 3524 tot
3467 3463 3764 3526 videlicet

493 3577 706 3658 Cyrilli
751 3575 1204 3655 opusculorum
1241 3573 1580 3644 defectum,
1613 3587 1756 3649 quae
1787 3567 2013 3649 partim
2033 3568 2273 3641 Graece,
2301 3565 2526 3646 partim
2559 3565 2774 3626 Latine
2806 3563 3088 3643 dispersa
3123 3564 3190 3625 in
3219 3563 3542 3645 impressis
3582 3563 3762 3626 libris

495 3678 838 3754 exstabant,
872 3683 932 3738 et
959 3677 1211 3739 Auberti
1242 3677 1522 3738 notitiam
1550 3673 2062 3752 diligentiamque
2097 3667 2414 3747 fugerunt.
2445 3670 2595 3730 Haec
2630 3667 2870 3730 scilicet
2893 3673 3181 3731 accurate
3212 3673 3499 3730 recenset
3537 3667 3759 3727 Fabri-

494 3781 630 3846 cius
659 3782 748 3842 B.‘
776 3781 851 3844 θ.
883 3779 992 3842 lib.
1028 3797 1095 3854 v,
1150 3797 1288 3860 cap.
1321 3779 1395 3840 22
1418 3827 1432 3854 ,
1468 3797 1531 3840 n.
1567 3776 1600 3838 8
1628 3779 1648 3857 (
1678 3776 1780 3838 ed.
1811 3792 1957 3837 nov.
1999 3781 2040 3835 t.
2072 3773 2176 3846 IX,
2219 3791 2284 3853 p.
2317 3771 2427 3834 487
2475 3771 2664 3854 seq),
2699 3789 2841 3853 quat
2895 3773 3191 3834 nimirum
3230 3790 3264 3833 a
3293 3788 3457 3833 novo
3511 3772 3759 3836 editore
3839 3779 3846 3785 '

495 3884 711 3946 sedule
733 3882 1086 3962 colligenda
1115 3889 1280 3944 sunt.
1315 3881 1536 3961 Neque
1565 3879 1667 3942 hic
1689 3877 2058 3951 sistendum,
2092 3877 2200 3939 sed
2220 3877 2283 3938 in
2306 3876 2722 3940 conciliorum
2739 3877 3018 3952 fantibus,
3047 3877 3397 3956 praesertim
3422 3876 3756 3955 Ephesini,

493 3987 560 4049 in
607 3984 882 4064 antiquis
921 3981 1355 4063 apologeticis,
1392 3981 1731 4060 panOpliis,
1775 3980 2154 4060 scriptorum
2183 3980 2650 4042 enarratoribus
2670 3997 2786 4040 seu
2819 3979 3299 4058 bibliographis,
3333 3981 3757 4061 apprimeque

493 4088 561 4149 in
591 4086 839 4161 Photio,
873 4090 993 4148 nec
1023 4101 1152 4148 non
1184 4083 1456 4164 antiquis
1485 4082 1846 4145 auctoribus
1881 4082 2072 4144 Mario
2101 4085 2466 4156 Mercatore,
2503 4087 2675 4161 puta,
2709 4083 3026 4154 Facundo,
3051 4082 3366 4158 Liberato,
3399 4085 3755 4160 Anastasio,

494 4190 780 4264 Leontio,
829 4195 890 4252 et
936 4189 1194 4269 reliquis
1221 4188 1540 4267 praecipue
1577 4185 1874 4248 adversus
1900 4184 2222 4261 Eutychis,
2263 4185 2556 4262 Nestorii,
2600 4186 2907 4260 Dioscori,
2951 4188 3186 4262 Severi,
3229 4189 3512 4269 aliasque
3543 4196 3752 4251 sectas

498 4294 856 4376 hujusmodi
905 4292 1372 4375 pugnatoribus,
1407 4289 1636 4370 scripta
1672 4289 1881 4368 Cyrilli
1928 4289 2210 4352 rimanda
2252 4295 2420 4351 sunt.
2464 4290 2622 4362 Quid
2659 4289 2738 4351 de
2775 4291 3008 4352 Grmcis
3050 4291 3253 4353 dicam
3293 4292 3371 4354 ad
3407 4300 3754 4372 utrumque

492 4400 958 4462 Testamentum
990 4397 1248 4472 catenis,
1273 4412 1415 4476 quae
1445 4401 1536 4456 tot
1563 4393 1773 4473 Cyrilli
1797 4393 2040 4466 divitias
2059 4391 2414 4455 ostentant?
2441 4395 2538 4456 Me
2577 4399 2749 4455 certe
2780 4393 3195 4456 coacervandi
3237 4413 3380 4456 cum
3406 4396 3753 4476 majoribus

495 4502 745 4582 scriptis
775 4502 1052 4563 minores
1079 4501 1262 4562 etiam
1295 4499 1662 4561 minimasve
1689 4497 1898 4577 Cyrilli
1927 4498 2004 4560 ad
2033 4515 2232 4560 unum
2259 4514 2491 4578 corpus
2531 4497 2827 4579 reliquias
2851 4499 3084 4578 cupido
3113 4499 3481 4573 incesserat,
3513 4506 3752 4562 totum-

493 4624 619 4686 que
662 4605 958 4685 Cyrillum
993 4607 1214 4669 decem
1255 4605 1502 4668 circiter
1539 4604 1730 4666 tomis
1771 4601 2386 4682 comprehendendi:
2423 4619 2635 4683 neque
2673 4603 2728 4664 is
2779 4603 3161 4682 injucundus
3201 4603 3379 4666 labor
3423 4604 3667 4677 fuisset,
3702 4605 3753 4666 si

493 4711 606 4773 otii
636 4711 780 4772 satis
809 4716 1196 4790 suppeteret,
1235 4709 1333 4770 vel
1369 4709 1421 4770 si
1450 4713 1707 4771 caeteras
1737 4723 1918 4768 curas
1948 4722 2120 4767 meas
2141 4723 2454 4785 seponere
2475 4706 2928 4780 decrevissem;
2961 4707 3134 4787 quod
3157 4707 3304 4787 quia
3334 4724 3464 4768 non
3491 4705 3748 4786 placuit,

495 4809 672 4871 nolui
702 4817 914 4872 tamen
954 4810 1275 4888 Cyrillum,
1316 4828 1444 4889 quo
1468 4826 1632 4889 pene
1663 4825 1794 4888 pra)
1837 4808 2082 4870 caeteris
2127 4807 2429 4883 delector,
2463 4807 2790 4870 deserere:
2827 4808 2939 4870 sed
2977 4809 3208 4870 omissa
3236 4808 3409 4870 omni
3438 4808 3749 4870 editorum

496 4912 632 4990 ejus
659 4927 925 4991 Operum
955 4910 1398 4986 sollicitudine,
1451 4912 1732 4974 converti
1785 4927 1886 4972 me
1936 4911 2148 4990 potius
2207 4911 2285 4973 ad
2337 4910 2766 4990 indagandum
2833 4911 3140 4991 quidquid
3193 4913 3345 4973 tanti
3385 4913 3501 4974 viri
3548 4912 3750 4974 adhuc

493 5001 802 5077 ineditﬁm
827 5014 1140 5077 Vaticanis
1175 5014 1499 5078 codicibus
1528 5014 1838 5078 contineri
1875 5014 2040 5078 haud
2077 5014 2282 5078 fallaci
2326 5015 2686 5095 conjectura
2713 5015 2810 5078 vel
2839 5017 3212 5080 certitudine
3249 5018 3459 5097 potius
3488 5035 3750 5098 compe-

495 5131 722 5180 reram.
750 5117 929 5191 Quod
977 5134 1120 5182 cum
1149 5135 1450 5198 prospere
1489 5123 1558 5180 ut
1586 5124 1738 5197 puto
1765 5119 2024 5197 egerim,
2057 5125 2118 5180 et
2147 5136 2246 5182 res
2300 5118 2461 5181 ultra
2480 5126 2695 5182 votum
2751 5121 3041 5190 cesserit,
3073 5119 3256 5182 facile
3304 5121 3421 5183 erit
3453 5122 3752 5202 deinceps

495 5214 720 5280 futuris
751 5217 1011 5282 eruditis
1055 5217 1350 5298 Cyrillum
1380 5218 1656 5298 denique
1678 5223 1809 5280 tum
1839 5237 1917 5283 ex
1948 5219 2382 5299 superioribus
2414 5220 2821 5296 editionibus,
2854 5226 2987 5282 tum
3019 5239 3095 5282 ex
3132 5219 3229 5283 his
3262 5223 3496 5284 nostris
3520 5222 3754 5284 addita-

497 5317 729 5378 mentis
780 5318 1163 5382 cumulatum
1215 5316 1501 5381 eﬂicere:
1551 5320 1730 5400 cujus
1793 5318 1950 5381 mihi
2001 5325 2172 5381 certe
2205 5324 2374 5380 tanta
2405 5317 2484 5381 ad
2517 5335 2742 5379 manus
2773 5319 2944 5380 venit
2977 5319 3182 5398 copia,
3223 5325 3293 5380 ut
3339 5319 3589 5383 duobus
3615 5339 3750 5382 eam

497 5417 943 5496 voluminibus,
960 5438 1091 5483 non
1121 5422 1259 5484 sine
1281 5439 1422 5485 mea
1442 5421 1960 5503 interpretatione
1983 5421 2412 5500 exposuerim,
2444 5437 2713 5501 quorum
2731 5421 2904 5502 prius
2925 5439 3094 5483 nunc
3122 5420 3603 5484 describendum
3636 5428 3749 5483 est.

579 5517 686 5579 IlI.
735 5517 1011 5594 Cyrillus
1041 5520 1114 5582 de
1151 5523 1486 5584 Trinitate.
1517 5557 1593 5566 —-
1646 5523 2093 5602 Episc0patum
2139 5521 2405 5601 Cyrillus
2443 5520 2880 5583 Alexandrina;
2930 5522 3195 5584 civitatis
3235 5539 3482 5600 gerens,
3521 5525 3584 5584 in
3631 5537 3753 5601 qua

500 5614 932 5694 superioribus
955 5619 1132 5681 annis
1171 5620 1350 5683 Arius
1379 5621 1882 5685 scelestissimam
1934 5619 2223 5682 haeresim
2267 5627 2743 5702 propagaverat,
2779 5621 2932 5684 nihil
2960 5622 3309 5703 impensius
3340 5623 3400 5683 in
3434 5624 3561 5685 suis
3597 5619 3748 5681 scri—

501 5721 625 5800 ptis
641 5721 1180 5800 concionibusque
1201 5725 1347 5801 egit,
1367 5742 1552 5802 quam
1575 5731 1640 5786 ut
1663 5721 1826 5786 illius
1847 5723 2299 5799 haeresiarchas,
2317 5729 2504 5801 atque
2530 5723 2928 5800 asseclarum,
2949 5726 3419 5808 praesertimuuc
3452 5723 3755 5786 recentio-
