4076 6306
326 320 399 374 95
1689 337 2204 399 PRIEFATIONES.
3494 353 3565 409 9³

323 447 409 549 ris
445 447 758 549 Eunomii,
801 457 1104 514 venenata
1145 456 1373 534 scripta
1403 459 1824 538 redargueret,
1858 460 2240 544 plebemque
2263 479 2428 528 cura
2447 483 2576 530 suae
2609 469 2905 549 pastorali
2933 466 3230 532 creditam
3260 469 3322 532 in
3354 470 3567 534 erthe-

319 547 632 652 dexaﬁde
654 560 1072 652 conservaret.
1106 556 1404 638 Princeps
1432 566 1494 623 et
1523 563 1830 624 maximus
1861 561 1938 626 de
1967 563 2090 627 hoc
2111 573 2481 644 argumento
2503 547 2664 632 liber
2679 569 2889 650 Cyrilli
2911 575 3005 632 est
3026 567 3396 645 Thesaurus,
3432 589 3562 652 quo

317 648 506 711 veluti
533 649 837 730 ampliore
874 657 1352 720 armamentario
1387 678 1460 723 ea
1485 663 1888 726 continentur
1914 682 2108 740 arma,
2141 683 2283 746 qum
2325 668 2391 729 in
2423 667 2545 731 hoc
2581 648 2839 750 quoque
2870 670 3111 732 minore
3141 671 3214 731 dc
3253 648 3560 733 Trinitatis

315 754 662 812 cernuntur
690 752 1019 832 epusculo,
1063 756 1234 836 quod
1258 757 1505 837 planius
1535 765 1723 842 atque
1753 764 2133 826 contractius
2151 772 2340 846 atque
2363 767 2441 829 ad
2476 767 2648 830 rudis
2670 769 2891 850 pepuli
2909 787 3092 831 usum
3115 771 3560 834 accommoda-

313 854 439 912 tius
459 851 650 932 (sicut
670 854 854 917 etiam
877 855 940 918 in
958 865 1263 938 sequente
1293 863 1376 923 De
1401 864 1830 928 incarnatione
1846 867 2116 949 ipsemet
2144 869 2312 952 dicit)
2336 872 2693 952 composuit
2708 871 2992 952 Cyrillus.
3017 871 3294 934 Alterum
3314 873 3558 950 insigne

319 954 702 1057 deTrinitate
723 961 1023 1040 scriptum
1038 959 1536 1049 Cyrilli,Dialogi
1557 980 1784 1052 septem
1812 980 1956 1036 sunt
1981 973 2460 1040 luculentissimi
2475 976 2558 1038 ad
2569 974 2912 1051 Hermiam,
2935 977 3044 1057 qui
3078 978 3309 1057 pariter
3331 976 3518 1040 fecun
3533 1012 3556 1021 -

321 1054 643 1120 dissimum
666 1063 949 1126 Auctoris
979 1065 1322 1144 ingenium,
1343 1071 1782 1154 inﬁnitumque
1804 1076 2195 1140 orthodoxim
2227 1077 2430 1140 zelum
2459 1078 2909 1142 demonstrant.
2931 1054 3206 1142 Tertium
3229 1080 3314 1139 De
3357 1079 3566 1138 Trini-

320 1164 447 1262 {ate
477 1157 790 1241 quoddam
836 1167 1208 1246 epusculum
1239 1167 1432 1236 edidit
1472 1175 1712 1256 primus
1739 1180 1856 1240 sub
1903 1179 2110 1260 Cyrilli
2136 1184 2393 1246 nomine
2421 1180 2818 1262 Wegelinus:
2848 1190 3277 1246 verumtamen
3306 1183 3368 1244 id
3407 1181 3562 1243 nihil

319 1257 458 1361 fere
483 1279 618 1361 esse
650 1264 812 1361 aliud
856 1284 1044 1347 quam
1082 1270 1631 1352 interpelatienem
1669 1286 1858 1357 atque
1895 1257 2344 1359 compendium
2381 1257 2593 1361 operis
2643 1281 2903 1344 Joannis
2927 1279 3291 1343 Damasceni
3323 1280 3406 1339 De
3437 1279 3560 1356 ﬁde

325 1357 697 1460 orthodoxa,
781 1359 1056 1446 ideoque
1127 1370 1606 1449 abjudicandum
1649 1376 1900 1454 Cyrille,
1937 1357 2068 1455 jam
2129 1379 2238 1442 diu
2290 1357 2490 1444 critici
2540 1379 2914 1443 docuerunt.
2955 1379 3080 1442 Sed
3140 1384 3374 1460 praeter
3414 1377 3552 1439 haec

325 1452 690 1560 nominatim
721 1463 810 1523 De
841 1465 1150 1528 Trinitatc
1166 1468 1464 1550 inscripta
1494 1452 1708 1552 opera,
1731 1452 1962 1554 passim
1981 1477 2244 1557 Cyrillus
2262 1479 2327 1542 in
2344 1477 2765 1542 voluminibus
2790 1480 2918 1542 suis
2934 1497 3051 1560 pro
3082 1452 3205 1542 hec
3237 1479 3561 1558 prmcipue

322 1554 607 1658 dogmate
625 1568 886 1639 pugnat;
919 1569 978 1625 ct
998 1560 1254 1646 quidem
1283 1570 1470 1632 etiam
1492 1571 1557 1633 in
1582 1571 1920 1652 prmclaris,
1947 1554 2108 1656 quos
2135 1595 2251 1640 nes
2272 1579 2393 1641 hoc
2422 1588 2709 1658 tempore
2738 1554 3072 1653 edidimus,
3095 1554 3562 1640 commentariis

316 1653 394 1756 ad
431 1657 605 1719 Pauli
632 1661 939 1740 Epistolas
966 1672 1028 1728 et
1058 1667 1136 1729 ad
1175 1668 1475 1732 Psalmes.
1515 1673 1692 1735 Nunc
1727 1691 1795 1734 se
1827 1653 1985 1736 mihi
2021 1675 2246 1738 obtulit
2281 1676 2489 1756 Cyrilli
2518 1653 2849 1752 ineditum,
2884 1683 2952 1739 ut
2985 1693 3150 1750 reor,
3185 1675 3561 1756 opusculum

313 1751 406 1858 De
435 1758 745 1858 T‘rinitate
765 1763 827 1824 in
850 1765 1146 1830 Vaticano
1169 1787 1425 1850 perraro
1451 1773 1671 1838 codice
1697 1792 1712 1849 ;
1747 1792 1887 1855 qua)
1908 1777 2254 1840 lucubratio
2285 1751 2470 1858 plane
2490 1779 2569 1840 ab
2598 1777 2705 1839 illa
2734 1778 2963 1852 diﬁ'ert,
2996 1794 3185 1858 quam
3218 1751 3352 1856 pari
3380 1775 3562 1837 titulo

314 1853 431 1955 sub
468 1854 630 1946 false
644 1861 847 1939 Cyrilli
867 1865 1123 1927 nomine
1137 1863 1404 1945 vulgavit
1427 1853 1803 1948 Wegelinus.
1838 1873 1932 1933 Ait
1948 1880 2156 1936 autem
2185 1853 2446 1954 Cyrillus
2466 1893 2604 1955 cap.
2629 1873 2663 1935 3
2691 1853 3131 1955 se,pestquam
3148 1853 3363 1938 contra
3392 1872 3561 1935 blas-

313 1953 599 2054 phemias
620 1956 1079 2038 haereticorum,
1100 1965 1464 2028 Arianorum
1483 1969 1741 2045 scilicet,
1771 1971 1917 2032 satis
1938 1953 2360 2033 decertaverat
2385 1953 2560 2054 (puta
2575 1973 2640 2033 in
2672 1953 3008 2047 Thesauro,
3030 1973 3097 2033 in
3119 1973 3561 2033 commentario

313 2050 398 2116 ad
424 2058 751 2135 Joannem,
783 2069 845 2126 et
863 2062 1061 2144 alibi),
1091 2083 1257 2130 nunc
1288 2067 1409 2131 hec
1442 2069 1812 2150 epusculum
1837 2072 1939 2151 pie
1961 2073 2359 2135 credentibus
2389 2050 2683 2147 scribere,
2713 2081 2782 2134 ut
2817 2073 3018 2135 divina
3046 2073 3354 2150 dogmata,
3387 2078 3558 2132 extra

313 2171 565 2220 omnem
597 2166 1038 2227 controversiae
1066 2166 1287 2243 aleam,
1319 2170 1630 2236 didactico
1663 2191 1838 2236 more
1861 2182 2156 2254 exponat.
2188 2178 2432 2256 Reapse
2454 2183 2659 2238 autem
2688 2174 3062 2256 promissum
3100 2174 3349 2236 abunde
3382 2173 3555 2236 facit:

314 2274 390 2321 ea
410 2260 646 2341 quippe
684 2265 1130 2345 perspicuitate
1159 2275 1220 2331 et
1267 2271 1602 2350 theologica
1639 2275 1861 2354 peritia
1889 2257 2256 2336 altissimum
2283 2277 2597 2337 Trinitatis
2613 2276 2978 2355 mysterium
3009 2273 3233 2336 evolvit
3263 2290 3334 2334 ac
3357 2271 3569 2345 tradit,

314 2380 456 2442 quae
472 2371 714 2428 tantum
750 2376 938 2449 atque
970 2389 1005 2434 a
1031 2373 1161 2435 Dee
1190 2375 1590 2454 peculiariter
1623 2378 1915 2440 edoctum
1945 2378 2308 2456 magistrum
2345 2378 2544 2439 decet.
2583 2379 2734 2437 Tres
2756 2375 3115 2454 singillatim
3147 2374 3560 2465 divinas‘per-

313 2484 500 2530 senas
545 2473 814 2552 propriis
853 2478 1157 2556 cujusque
1189 2480 1574 2555 argumentis
1608 2480 1874 2543 illustrat
1917 2487 2104 2560 atque
2142 2481 2504 2543 conﬁrmat:
2540 2480 2731 2560 idque
2771 2476 3168 2558 epusculum,
3208 2476 3398 2537 cedro
3427 2473 3561 2535 sine

313 2569 506 2634 dubie
528 2572 897 2650 liniendum,
928 2578 1146 2656 viginti
1178 2587 1240 2642 et
1270 2587 1413 2643 octo
1456 2581 1745 2661 capitulis
1769 2581 2162 2643 terminatur.

393 2726 478 2786 De
521 2728 970 2791 incarnatione.
995 2766 1068 2775 —
1103 2731 1415 2813 Sequitur,
1450 2735 1583 2815 pari
1615 2734 1945 2814 theologia».
1977 2736 2225 2810 merito,
2251 2740 2544 2798 tractatus
2571 2735 2729 2797 alter
2764 2751 2842 2798 ex
2874 2733 3096 2796 eodem
3130 2733 3348 2795 codice
3383 2749 3559 2794 sum-

313 2835 456 2907 ptus
487 2831 574 2890 De
615 2832 869 2894 Domini
903 2833 1361 2910 incarnatione,
1395 2834 1646 2912 triginta
1690 2836 1972 2917 quinque
2011 2836 2300 2916 capitulis
2339 2834 2858 2915 comprehensus,
2897 2841 2958 2896 et
3002 2851 3036 2897 a
3085 2833 3293 2912 Cyrilli
3322 2832 3564 2894 cmteris

312 2929 390 2991 de
420 2929 543 2992 hec
564 2939 931 3009 argumento
977 2935 1224 3014 scriptis
1256 2952 1513 3015 prorsus
1539 2935 1842 2997 diversus.
1875 2939 2076 3016 Atque
2107 2937 2172 2996 in
2199 2934 2319 2998 hec
2347 2935 2786 2997 refutationem
2815 2933 3250 2997 hmreticerum
3285 2949 3416 2994 non
3447 2950 3563 2993 ne-

310 3029 508 3108 gligit,
541 3048 809 3108 quorum
848 3035 1166 3096 neminem
1206 3037 1624 3098 recentiorem
1671 3037 1982 3099 Eunemie
2021 3037 2322 3100 nominat.
2370 3037 2482 3099 Illa
2520 3053 2665 3099 vero
2705 3035 3013 3098 calumnia
3044 3052 3080 3098 a
3111 3033 3564 3114 posterioribus

310 3128 767 3211 Menephysitis
821 3136 1048 3214 Cyrille
1100 3138 1393 3217 imposita
1449 3138 1528 3199 de
1583 3139 1768 3202 unica
1830 3138 2050 3200 Christi
2091 3145 2308 3200 natura
2354 3140 2432 3200 ab
2479 3155 2556 3200 eo
2602 3145 2870 3214 asserta,
2914 3145 3038 3200 tam
3082 3137 3400 3200 evidenter
3441 3134 3563 3194 hec

310 3232 545 3309 scripto
576 3242 962 3313 προληπτικῶς
991 3237 1372 3313 dissolvitur,
1402 3245 1471 3298 ut
1499 3256 1687 3301 nemo
1708 3239 1838 3318 jam
1867 3247 2081 3300 contra
2110 3237 2354 3300 hiscere
2382 3256 2646 3300 ausurus
2670 3238 2768 3299 sit.
2801 3240 3166 3316 Quanquam
3201 3254 3348 3298 vero
3381 3235 3559 3314 pele-

308 3331 535 3393 micam
563 3335 627 3396 in
683 3334 799 3400 hac
838 3337 1269 3403 lucubratione
1309 3347 1549 3421 partem
1590 3343 1826 3404 naviter
1862 3351 2079 3406 tractat
2111 3345 2403 3424 Cyrillus,
2435 3351 2706 3408 attamen
2744 3345 2809 3406 in
2856 3341 3229 3423 exponenda
3268 3338 3377 3399 Dei
3416 3353 3564 3414 erga

311 3426 597 3494 homines
625 3433 1032 3513 benignitate,
1075 3455 1263 3518 quam
1293 3429 1743 3501 incarnationis
1782 3459 1941 3521 opus
1971 3442 2378 3517 demonstrat,
2405 3443 2712 3523 plurimus
2745 3449 2866 3515 est;
2899 3449 2966 3502 ut
2996 3439 3406 3501 Christianum
3442 3453 3561 3515 pe-

311 3532 530 3613 pulum
562 3536 669 3598 Dci
700 3537 971 3600 vicissim
997 3557 1213 3602 amere
1243 3541 1611 3615 inﬂammet,
1637 3549 1824 3622 atque
1856 3544 1921 3605 in
1952 3543 2073 3604 ﬁde
2110 3542 2458 3617 conﬁrmet,
2489 3561 2674 3623 quam
2704 3542 2952 3620 egregie
2975 3539 3189 3602 deﬁnit
3222 3540 3394 3619 pium
3425 3554 3562 3598 esse

311 3652 461 3713 erga
479 3634 672 3697 Deum
703 3654 773 3699 ac
804 3639 1250 3702 revelationem
1282 3641 1680 3722 obsequium,
1715 3643 2136 3704 controversia
2166 3643 2336 3703 omni
2366 3643 2744 3723 curioseque
2767 3644 2952 3704 etiam
2984 3640 3270 3702 examine
3299 3639 3560 3707 emisse,

311 3741 418 3803 cui
446 3747 612 3804 certe
647 3743 920 3822 indagini
945 3761 1154 3823 neque
1186 3744 1365 3824 plebs
1389 3763 1597 3825 neque
1619 3747 1891 3808 maxima
1918 3743 2244 3807 hominum
2273 3764 2417 3827 pars
2443 3746 2671 3808 idonea
2701 3751 2793 3807 est

388 3887 476 3946 De
494 3887 790 3965 Deipara.
824 3922 898 3932 —
928 3888 1196 3949 Tertiam
1221 3888 1285 3950 in
1310 3887 1430 3951 hec
1450 3895 1668 3972 nostro
1701 3889 2015 3954 volumine
2037 3891 2250 3953 sedem
2273 3898 2537 3972 occupat
2559 3890 2761 3972 Cyrilli
2786 3889 3040 3970 copiosa
3062 3907 3133 3952 ac
3153 3889 3347 3951 libelli
3368 3888 3563 3950 instar

313 3991 534 4066 oratio,
572 4009 691 4070 qua
744 3991 1094 4053 ostenditur
1135 3993 1377 4054 beatam
1421 3968 1674 4056 Mariam
1725 4012 1792 4056 re
1837 4013 1982 4058 vera
2020 4013 2157 4058 esse
2197 3996 2669 4074 rectissimeque
2707 3996 2830 4057 dici
2868 3996 3219 4074 Deiparam.
3251 3993 3550 4054 Exstabat

311 4085 445 4152 ham
467 4089 702 4152 inedita
732 4091 929 4153 oratio
961 4091 1026 4152 in
1057 4092 1354 4155 Vaticano
1383 4095 1599 4156 codice
1629 4097 1889 4174 antique
1924 4095 2073 4156 1434
2104 4113 2221 4158 nec
2253 4113 2379 4158 non
2408 4097 2474 4157 in
2505 4097 2854 4158 recentiore
2895 4095 3101 4159 Otteb.
3141 4093 3249 4166 30;
3281 4093 3559 4172 denique

312 4191 598 4252 eamdem
643 4193 955 4255 contineri
993 4194 1122 4256 scio
1154 4194 1220 4256 in
1249 4196 1466 4258 codice
1504 4198 1691 4258 etiam
1732 4198 2077 4260 Barberino
2117 4198 2255 4260 253.
2299 4201 2455 4260 Rem
2502 4198 2662 4261 hanc
2706 4215 2834 4259 non
2877 4196 3068 4258 semel
3115 4195 3404 4274 Cyrillus,
3443 4193 3560 4254 etsi

312 4294 535 4369 obiter,
560 4313 691 4358 non
727 4302 931 4360 tamen
952 4299 1270 4362 incuriose
1299 4307 1668 4364 traetaverat
1689 4303 1874 4366 etiam
1904 4321 2197 4366 sermone
2239 4305 2266 4364 Ι
2303 4309 2519 4365 contra
2540 4302 3186 4372 Nestorium,necnen
3207 4297 3272 4357 in
3297 4295 3559 4372 epistola

311 4395 660 4476 degmatica
689 4400 766 4460 ad
807 4398 1127 4480 IEgypties
1156 4387 1524 4479 monachos,
1557 4421 1698 4484 qum
1738 4412 1829 4466 est
1857 4405 1923 4466 in
1965 4405 2185 4466 ordine
2213 4405 2616 4483 epistolarum
2642 4403 2862 4480 prima.
2892 4397 3217 4475 Magniﬁce
3246 4413 3393 4458 vere
3419 4395 3556 4456 Viro

311 4502 520 4580 ginem
559 4503 835 4565 celebrat
873 4509 935 4564 et
981 4501 1165 4563 tertio
1197 4522 1454 4584 quoque
1494 4505 1683 4568 verbo
1732 4504 1916 4584 appel

1947 4509 2008 4566 at
2042 4497 2380 4581 Πείρου-ἀτη
2413 4501 2799 4563 ἱηότδιὶοῐιθ
2836 4498 3045 4561 habita
3075 4497 3307 4577 Ephesi
3348 4514 3556 4560 ceram

311 4603 580 4683 synodo.
613 4604 786 4665 Adde
807 4604 1016 4668 locum
1049 4607 1349 4668 orationis
1387 4606 1408 4666 1
1444 4609 1531 4667 De
1568 4608 1687 4685 ﬁde
1720 4607 1802 4668 ad
1840 4607 2110 4685 Reginus
2145 4605 2323 4685 (Opp.
2358 4613 2400 4665 t.
2434 4606 2502 4678 V,
2530 4611 2700 4684 parte
2737 4621 2802 4676 ιι,
2836 4620 2902 4683 p.
2931 4601 3001 4663 47
3033 4600 3196 4680 sqq.)
3223 4599 3343 4660 Sed
3389 4597 3557 4659 enim

312 4710 678 4792 praeclarum
729 4709 881 4770 mihi
913 4711 1188 4785 obvenit,
1220 4717 1288 4772 ut
1315 4711 1438 4772 dixi
1471 4712 1535 4772 in
1564 4718 1692 4773 net.
1724 4711 1798 4773 ad
1848 4728 1987 4790 cap.
2031 4712 2124 4785 13,
2161 4710 2492 4772 Iustiniani
2531 4711 2689 4788 imp.
2721 4709 2786 4768 in
2816 4709 2948 4787 ejus
2985 4723 3172 4786 quam
3225 4702 3390 4765 edidi
3429 4701 3558 4790 cpio

312 4811 466 4874 stola
513 4810 753 4892 dUplex
807 4812 1238 4874 testimonium
1281 4813 1359 4875 de
1410 4811 1525 4874 hac
1556 4813 1762 4891 Cyr-illi
1797 4814 2118 4884 oratione,
2150 4811 2231 4872 ita
2261 4817 2334 4872 ut
2369 4817 2596 4889 praeter
2623 4809 2852 4889 stylum
2881 4813 2941 4868 et
2969 4811 3330 4869 consuetam
3367 4809 3554 4881 atque

312 4917 658 4978 solemnem
711 4915 920 4995 Cyrilli
965 4917 1335 4991 doctrinam,
1379 4918 1714 4979 auctoritas
1765 4917 1951 4978 etiam
1999 4919 2277 4994 Augusta
2311 4914 2590 4987 accedat,
2641 4929 2782 4992 qum
2831 4928 3082 4975 omnem
3149 4904 3557 4971 dubitationis

309 5019 675 5100 scrupulum
726 5018 962 5080 eximit.
1025 5020 1098 5079 Et
1125 5018 1378 5098 quidem
1411 5020 1548 5098 ipse
1587 5018 1848 5096 Cyrillus
1878 5017 2000 5080 hec
2044 5035 2112 5079 se
2168 5023 2610 5093 argumentum
2649 5014 2878 5076 diserte
2927 5019 3222 5074 tractasse
3251 5014 3455 5069 narrat
3489 5006 3552 5066 in

311 5122 567 5201 epistola
595 5121 673 5185 ad
703 5122 1035 5184 Maximum
1064 5123 1229 5202 apud
1263 5121 1578 5184 Baluzium
1609 5121 1766 5185 Nov.
1797 5121 1952 5184 Coll.
1973 5121 2194 5183 concil.
2227 5119 2349 5181 cel.
2383 5118 2517 5194 915,
2551 5119 2648 5180 his
2667 5119 2870 5180 verbis
2896 5135 2908 5176 :
2935 5140 2962 5172 α
2997 5115 3273 5176 Primum
3306 5108 3547 5200 capituc

307 5219 437 5290 lum
477 5230 570 5286 est
600 5224 773 5302 quod
808 5229 1020 5286 sancta
1045 5225 1234 5302 Virgo
1262 5225 1338 5287 sit
1368 5225 1478 5286 Dei
1516 5224 1818 5286 Genitrix.
1854 5247 1882 5280 »
1941 5224 2071 5285 Nisi
2108 5223 2268 5286 forte
2298 5239 2374 5284 ee
2406 5223 2548 5285 loco
2593 5221 2672 5283 de
2711 5221 2917 5300 primo
2956 5233 3069 5278 suo
3098 5216 3164 5274 in
3199 5207 3548 5272 Nestorium

308 5339 597 5386 sermone
636 5325 895 5401 cogitat:
945 5326 1175 5387 etenim
1211 5327 1276 5386 id
1329 5325 1552 5404 dogma
1613 5333 1855 5405 postea,
1907 5332 2095 5406 prout
2145 5344 2312 5388 nunc
2343 5326 2408 5386 in
2449 5325 2706 5386 invento
2765 5329 2981 5383 nostro
3045 5315 3294 5392 legitur,
3350 5309 3550 5374 multo

305 5427 561 5490 uberius
603 5429 924 5508 eXplicuit.
974 5430 1372 5492 Luculentam
1429 5431 1591 5492 hanc
1634 5431 1842 5509 Cyrilli
1886 5431 2232 5492 orationem
2289 5429 2739 5492 commendare
2787 5424 2992 5486 verbis
3023 5421 3334 5490 omittam,
3359 5413 3545 5477 nullis

305 5527 471 5588 enim
499 5527 790 5592 laudibus
820 5536 996 5609 eget;
1028 5529 1093 5590 in
1131 5529 1306 5609 cujus
1327 5529 1510 5590 etiam
1531 5529 1806 5591 clausula
1836 5529 2172 5590 vehemens
2199 5529 2277 5589 ad
2313 5526 2750 5590 erthedoxiam
2785 5519 3172 5583 retinendam
3196 5512 3546 5623 adhortatio

305 5627 389 5689 ﬁt.
423 5629 585 5692 Illud
638 5649 888 5709 nequeo
923 5633 1209 5703 reticere,
1244 5633 1413 5710 quod
1447 5641 1538 5693 est
1577 5633 1803 5710 Cyrillo
1831 5640 2040 5693 nostro
2073 5632 2250 5693 valde
2282 5627 2724 5700 honoriﬁcum,
2759 5624 3069 5702 simulque
3119 5635 3348 5683 novum
3399 5613 3545 5675 huic

316 5731 549 5810 scripto
582 5731 945 5810 suﬁ'ragium
989 5731 1220 5809 adjicit.
1278 5732 1517 5792 Etenim
1582 5733 1706 5794 duo
1747 5732 2131 5811 perillustres
2175 5734 2404 5805 Patres,
2439 5730 2546 5806 qui
2599 5728 2938 5806 Eutychem
2984 5717 3544 5805 reprehenderunt,
