4076 6306
459 277 528 332 93
1806 275 2009 330 CARD.
2053 277 2211 332 ANG.
2253 277 2372 332 MAI
3664 270 3745 325 96

459 398 586 458 Leo
610 414 771 477 papa
800 396 1088 476 pluribus
1120 396 1370 474 scriptis
1402 393 1510 477 (α),
1547 397 1768 457 Petrus
1800 393 2223 477 Chrysologus
2251 415 2379 459 una
2407 395 2670 477 epistola
2717 400 2801 476 (ὑ)
2843 392 3163 476 praedicta:
3194 393 3545 473 Cyrillianre
3585 411 3755 457 ora»

455 499 649 562 tionis
690 500 1017 564 exordium
1046 501 1165 562 sibi
1198 499 1521 562 evidenter
1551 501 2044 564 vindicaverunt.
2076 504 2201 564 Leo
2235 500 2492 582 quidem
2522 517 2887 562 sermonem
2933 516 3119 560 suum
3148 497 3213 558 in
3235 495 3532 558 Ballerin.
3568 494 3745 559 edit.

457 608 873 680 postremum,
899 618 1026 682 quo
1050 604 1398 682 Eutychem
1430 604 1677 679 refutat,
1716 606 1804 668 sic
1835 622 1979 668 cum
2002 604 2232 684 Cyrillo
2263 605 2618 667 exorditur:
2649 627 2676 658 «
2705 604 2876 666 Sicut
2899 602 3247 682 peritorum
3276 598 3746 680 prudentium-

457 722 584 783 que
637 707 1027 770 medicorum
1069 714 1184 783 est,
1225 709 1554 789 passiones
1606 707 1984 769 infirmitatis
2013 707 2304 768 humanae
2347 706 2641 769 remediis
2688 705 3060 786 praevenire,
3095 709 3154 764 et
3186 698 3749 780 quemadmodum

456 810 642 874 saluti
706 815 1019 877 contraria
1057 815 1475 889 declinentur,
1519 813 1876 888 ostendere,
1914 818 2074 875 etc.»
2107 812 2374 892 Reliqua
2415 813 2599 874 etiam
2633 809 3059 879 consentiunt,
3094 807 3215 868 nisi
3251 805 3423 887 quod
3459 804 3750 885 Cyrillus

459 913 592 986 Dei,
637 916 763 975 Leo
811 921 1020 976 autem
1071 924 1392 995 pastorum
1438 915 1900 995 providentiam
1948 919 2277 974 memorat.
2311 914 2443 974 Jam
2497 913 2742 985 Pctrus,
2783 909 2954 970 haud
3010 907 3270 987 quidem
3308 907 3373 967 in
3424 906 3750 988 prmdicta

457 1017 744 1095 epistola,
783 1018 895 1081 sed
932 1019 1111 1080 initio
1143 1019 1451 1082 sermonis
1472 1018 1546 1079 44
1579 1018 1700 1098 (ed.
1731 1019 1874 1080 Seb.
1904 1016 2102 1095 Pauli)
2134 1017 2222 1078 sic
2251 1014 2548 1094 Cyrillum
2569 1030 2751 1094 aeque
2781 1013 3083 1074 imitatur.
3107 1035 3133 1066 «
3169 1011 3411 1072 Peritus
3442 1009 3748 1070 medicus

454 1121 708 1198 quoties
739 1122 909 1184 vario
935 1121 1238 1200 languore
1271 1123 1536 1185 defessis
1556 1122 1810 1202 plenam
1849 1120 2162 1182 desiderat
2188 1117 2476 1181 conferre
2500 1117 2907 1190 medicinam,
2932 1114 3087 1176 altas
3116 1113 3319 1193 aperit
3352 1112 3744 1174 morborum

459 1238 705 1295 causas,
753 1234 902 1298 etc.,
936 1226 1401 1305 quamplurima
1451 1225 1878 1287 remediorum
1917 1241 2172 1302 genera,
2214 1215 2554 1285 herbarum
2597 1222 2762 1283 vires
2813 1220 3054 1300 pandit,
3113 1217 3741 1280 medicamentorum

462 1325 749 1405 loquitur
781 1329 1133 1408 qualitates.
1171 1355 1202 1388 »

542 1429 949 1509 Dialogus.~—
968 1434 1198 1504 Quarto
1225 1434 1368 1496 loco
1392 1434 1722 1514 posuimus
1757 1432 1835 1495 de
1864 1431 2090 1494 eodem
2119 1436 2487 1509 argumento
2517 1429 2833 1508 dialogum
2864 1426 3074 1507 Cyrilli
3121 1443 3266 1489 cum
3312 1422 3603 1487 Nestorio
3669 1421 3747 1482 in

458 1529 682 1591 codice
713 1537 832 1592 vat.
866 1531 980 1593 790
1009 1541 1428 1613 compertum,
1458 1534 1569 1594 ubi
1599 1535 1651 1594 is
1679 1532 2049 1595 nominatim
2085 1531 2314 1610 Cyrillo
2342 1529 2580 1593 auctori
2606 1528 3003 1590 inscribitur:
3038 1542 3246 1606 neque
3267 1523 3371 1586 hic
3394 1529 3561 1586 certe
3591 1519 3747 1584 col-

463 1627 770 1710 loquendi
799 1649 937 1695 mos
969 1652 1014 1696 a
1035 1635 1262 1714 Cyrillo
1293 1635 1610 1711 abhorret,
1645 1641 1717 1696 ut
1744 1635 1876 1713 ejus
1913 1634 2084 1711 longi
2113 1652 2258 1696 cum
2284 1633 2538 1695 Hermia
2571 1637 2632 1694 et
2670 1649 2814 1694 cum
2845 1630 2986 1709 ipso
3015 1627 3306 1691 Nestorio
3337 1623 3570 1704 dialogi
3597 1615 3751 1687 noti

463 1731 829 1794 ostendunt.
866 1734 1043 1796 Certe
1083 1735 1150 1796 ﬁt
1177 1734 1276 1797 hic
1305 1736 1627 1816 perlucida
1659 1736 1928 1798 Nestorii
1958 1735 2276 1813 arguentis
2307 1731 2674 1796 confutatio.

545 1850 851 1928 Episton
888 1852 1030 1913 4.-
1051 1855 1258 1934 Cyrilli
1294 1856 1521 1918 multas
1569 1858 1832 1937 periisse
1886 1855 2185 1937 epistolas
2229 1855 2575 1919 manifestis
2625 1853 2873 1916 indiciis
2923 1858 3187 1917 constat.
3238 1856 3440 1932 Atque
3490 1849 3752 1912 utinam

465 1951 775 2014 Aubertus
805 1970 934 2015 non
965 1961 1090 2016 tam
1121 1973 1336 2019 socors
1371 1958 1436 2018 in
1467 1957 1713 2019 illarum
1755 1957 2030 2020 editione
2059 1957 2300 2033 fuisset,
2326 1956 2434 2036 qui
2467 1971 2549 2018 ne
2593 1970 2924 2016 numerare
2974 1952 3231 2034 quidem
3287 1969 3392 2014 eas
3447 1947 3754 2011 meminit

466 2059 701 2121 nedum
730 2061 971 2141 aliquot
1001 2061 1256 2125 scholiis
1283 2072 1389 2126 aut
1420 2063 1735 2126 historicis
1766 2062 1960 2125 titulis
1988 2061 2332 2124 illustrare!
2365 2063 2494 2123 Nos
2521 2057 2790 2121 ineditas
2821 2062 3092 2136 quatuor
3119 2054 3478 2116 invenimus
3511 2052 3581 2113 in
3618 2068 3748 2113 co-

467 2158 607 2220 dice
643 2159 778 2221 Vat.
819 2159 994 2234 1431,
1028 2167 1088 2222 et
1119 2163 1343 2241 partim
1376 2165 1562 2225 etiam
1599 2164 1662 2224 in
1695 2163 1900 2224 Ottoh.
1939 2161 2115 2237 1262,
2151 2180 2308 2242 quas
2354 2178 2485 2223 non
2528 2159 2740 2221 Latina
2774 2157 2980 2222 solum
3032 2155 3463 2229 translatione,
3519 2167 3751 2215 verum

469 2257 655 2319 etiam
697 2257 937 2338 aliquot
965 2260 1476 2350 adnotationibus
1503 2263 1785 2326 comitari
1808 2260 2144 2324 voluimus.

546 2377 824 2439 llo-milia
863 2379 935 2440 de
964 2381 1395 2443 incarnatione
1426 2384 1785 2446 Domini.——
1804 2382 1952 2445 Alia
1991 2383 2663 2464 homilia.—Sequitur
2690 2386 2859 2466 apud
2891 2401 3008 2447 nos
3035 2383 3294 2446 homilia
3329 2383 3409 2445 de
3443 2383 3752 2446 incarna-

469 2481 641 2541 tione
678 2481 787 2542 Dei
815 2482 1028 2557 Verbi,
1061 2500 1201 2561 qua:
1233 2485 1488 2545 nonnisi
1515 2485 1733 2546 Latine
1776 2484 2092 2558 exstabat;
2124 2485 2340 2547 Griece
2375 2503 2525 2548 vero
2557 2503 2593 2548 a
2620 2487 2805 2548 nobis
2834 2503 2912 2548 ex
2944 2493 3215 2565 utroque
3238 2485 3541 2564 praedicto
3566 2485 3756 2547 codi-

471 2601 544 2646 ce
571 2585 942 2665 deprompta
973 2586 1116 2659 fuit,
1150 2605 1443 2667 novoque
1470 2590 1702 2651 Latinae
1734 2591 1965 2668 linguae
1993 2588 2220 2650 vestitu
2252 2591 2501 2653 amicta.
2535 2591 2696 2651 Item
2738 2589 2988 2654 brevior
3031 2588 3137 2650 illa
3187 2604 3330 2674 quae
3391 2585 3757 2654 subtexitur

474 2686 555 2748 dc
587 2689 874 2750 Nestorio
907 2689 1106 2768 ejecto
1144 2688 1424 2764 homilia,
1465 2693 1680 2755 Latine
1717 2693 2148 2755 tantummodo
2178 2693 2245 2755 in
2271 2692 2603 2775 Ephesinis
2646 2694 2886 2756 actibus
2931 2692 3134 2764 obvia,
3185 2692 3400 2752 Grazce
3454 2706 3490 2750 a
3559 2687 3757 2750 nobis

476 2798 801 2870 comperta
829 2790 944 2853 fuit
974 2793 1040 2854 in
1074 2795 1384 2858 Vaticanis
1414 2797 1740 2859 codicibus
1772 2797 1884 2858 504
1916 2804 1978 2860 et
2012 2797 2147 2873 508,
2179 2796 2469 2879 hancque
2496 2801 2646 2863 item
2673 2799 2998 2862 Latinitate
3029 2813 3243 2859 rursus
3266 2793 3664 2856 donavimus.

555 2889 836 2952 Hom-ilia
862 2889 934 2954 de
974 2895 1261 2956 vinea.-—-
1284 2897 1722 2960 Conciunculw
1748 2899 1820 2961 de
1851 2901 2170 2979 Egyptiis
2199 2901 2584 2979 martyribus
2622 2903 2786 2979 Cyro
2837 2918 2909 2960 ac
2959 2900 3224 2960 Joanne.
3270 2895 3479 2957 Sancti
3534 2894 3758 2971 Cyrilli

478 2987 802 3053 homiliam
820 2993 898 3054 de
929 2996 1284 3073 evangelica
1321 2999 1521 3060 vineae
1554 2996 1876 3078 parabola,
1906 3014 2097 3077 quam
2128 2997 2279 3060 olim
2312 2999 2530 3061 Latine
2559 3005 2801 3060 tantum
2824 2996 3096 3060 Achilles
3122 2995 3370 3068 Statius,
3389 2993 3756 3072 Lusitanus,

478 3089 556 3150 ad
587 3091 954 3170 Gregorium
981 3097 1122 3160 XIII
1149 3099 1265 3158 PP.
1296 3098 1666 3178 impressam
1705 3098 1980 3172 miserat,
2011 3099 2227 3160 Graece
2255 3115 2373 3177 ego
2400 3099 2464 3160 in
2496 3099 2836 3178 Spicitegio
2866 3099 3044 3159 Rom.
3076 3097 3146 3156 T.
3195 3096 3246 3154 V
3296 3092 3614 3154 edideram
3671 3107 3760 3152 ex

479 3191 620 3270 ipso
652 3195 825 3257 Statii
853 3198 1071 3261 codice
1103 3200 1168 3261 in
1189 3201 1570 3267 bibliotheca
1597 3207 2025 3272 Vallicelliana
2055 3211 2274 3272 Romae
2305 3209 2661 3289 superstite.
2697 3208 2835 3269 Fuit
2869 3206 3037 3268 enim
3069 3203 3294 3266 Statius
3319 3200 3485 3263 illius
3512 3199 3758 3262 biblio-

480 3291 682 3356 thecae
712 3298 1025 3373 conditor,
1059 3301 1319 3381 ejusque
1347 3304 1474 3368 illic
1511 3307 1719 3385 imago
1755 3328 1896 3378 cum
1929 3311 2134 3389 elogio
2165 3311 2242 3373 ad
2274 3317 2644 3392 perpetuam
2698 3309 2788 3371 rei
2835 3305 3205 3368 memoriam
3260 3306 3520 3383 prostat.
3567 3300 3761 3362 Nunc

482 3396 676 3475 igitur
711 3418 790 3462 ne
821 3404 1032 3482 Cyrilli
1063 3405 1323 3470 homilia
1353 3411 1754 3475 translatione
1782 3417 1997 3480 Latina
2027 3422 2232 3480 careat
2263 3416 2516 3497 (etenim
2539 3415 2784 3495 priscus
2822 3420 2884 3474 et
2913 3411 3122 3473 tenuis
3152 3409 3325 3470 Statii
3362 3404 3612 3466 libellus
3647 3405 3759 3465 vix

485 3498 716 3564 alicubi
743 3511 1032 3585 occurrit,
1065 3520 1129 3574 et
1171 3515 1292 3595 ipsi
1319 3517 1473 3578 mihi
1509 3521 1584 3580 ad
1616 3537 1834 3582 manus
1860 3540 1986 3584 non
2019 3523 2162 3603 est),
2197 3519 2318 3584 hoc
2348 3537 2604 3601 quoque
2642 3518 2852 3598 Cyrilli
2882 3517 3182 3596 scriptum
3211 3519 3476 3590 utraque
3506 3507 3749 3587 lingua,

487 3617 588 3662 me
621 3603 986 3688 interprete,
1021 3623 1263 3680 exstare
1302 3622 1616 3683 constitui.
1655 3625 1728 3684 Et
1771 3625 2071 3704 quoniam
2105 3625 2172 3686 in
2205 3624 2410 3705 Cyrilli
2434 3622 2710 3686 homiliis
2736 3621 2964 3684 versari
2994 3633 3332 3699 coeperam,
3377 3621 3503 3674 tres
3580 3629 3748 3690 quo-

491 3717 616 3778 que
644 3705 923 3784 ejusdem
957 3715 1404 3780 conciunculas
1433 3718 1509 3780 de
1541 3721 1840 3801 ngyptﬁs
1866 3723 2240 3801 martyribus
2273 3725 2430 3802 Cyro
2455 3741 2526 3785 ac
2565 3725 2829 3796 Joanne,
2865 3737 3019 3800 quas
3048 3716 3202 3778 mihi
3250 3716 3312 3775 S.
3357 3711 3758 3793 Sephronius

490 3803 557 3865 in
585 3821 697 3866 sua
728 3809 1198 3888 praedictorum,
1231 3834 1417 3894 quam
1451 3819 1640 3891 edidi,
1674 3827 2017 3900 martyrum
2054 3822 2314 3886 historia
2342 3823 2589 3898 obtulit,
2627 3822 2748 3886 hoc
2777 3821 3010 3884 idoneo
3044 3819 3187 3881 loco
3219 3832 3349 3878 non
3381 3814 3515 3876 sine
3545 3813 3756 3874 anim-

489 3905 964 3974 adversionibus
993 3913 1232 3995 aliquot
1265 3921 1591 3997 ponendas
1621 3925 1850 3986 curavi.

573 4012 660 4071 De
683 4012 957 4076 homiliis
995 4020 1728 4106 aquuol.-—Quanquam
1767 4031 1961 4092 sancti
1993 4031 2201 4109 Cyrilli
2232 4031 2506 4092 homiliae
2556 4031 2841 4110 plurimae
2888 4028 3164 4103 fuerunt,
3214 4031 3373 4088 teste
3428 4019 3758 4084 Gennadio

498 4129 640 4192 cap.
673 4113 768 4188 57,
803 4115 1034 4197 haeque
1073 4120 1234 4183 adeo
1273 4123 1677 4203 famigcrataa,
1715 4135 1839 4192 uta
1873 4131 2105 4193 Graecis
2137 4133 2453 4213 episcopis
2479 4131 2557 4193 ad
2593 4129 2981 4193 declamandi
3019 4117 3381 4208 eiemplum
3433 4122 3758 4188 memoriae

497 4213 944 4279 mandarentur
976 4216 1118 4300 (ceu
1146 4221 1436 4287 videlicet
1464 4228 1632 4306 apud
1662 4231 1914 4293 Latinos
1945 4234 2145 4294 sancti
2175 4231 2526 4310 Augustini,
2550 4231 2780 4311 Cyrillo
2808 4229 3137 4303 coaetanei,
3171 4241 3494 4291 sermones
3541 4221 3758 4283 multi-

499 4317 718 4382 tudine
754 4339 826 4385 ac
855 4323 1216 4390 celebritate
1247 4329 1726 4413 excelluerunt),
1755 4339 2174 4414 attamen-ego
2202 4336 2281 4398 de
2302 4337 2378 4398 iis
2401 4335 2742 4414 generatim
2788 4340 2928 4415 post
2949 4333 3105 4396 alios
3126 4325 3599 4406 bibliographos
3632 4339 3762 4383 non

501 4417 746 4495 loquar,
779 4439 860 4484 ne
889 4423 1050 4488 forte
1079 4435 1288 4492 actum
1317 4448 1505 4510 agere
1537 4433 1770 4496 videar.
1799 4436 2034 4498 Paucas
2063 4438 2500 4500 tantummodo
2522 4437 2912 4510 memorabo,
2947 4452 3104 4515 quas
3133 4433 3230 4494 vel
3255 4433 3530 4507 integras
3565 4425 3659 4488 vel
3691 4424 3765 4486 il'

505 4515 705 4579 .larum
742 4519 1090 4600 fragmenta
1125 4546 1245 4609 ego
1286 4532 1486 4607 edidi,
1524 4533 1619 4595 vel
1668 4535 1735 4594 in
1786 4535 2112 4596 codicibus
2163 4536 2367 4598 adhuc
2424 4543 2698 4599 retentas
2750 4534 3094 4600 observavi.
3154 4535 3311 4593 Sunt
3364 4535 3574 4591 autem
3624 4525 3760 4586 hae:

509 4617 566 4678 1.
588 4619 855 4686 Homilia
886 4625 959 4687 de
975 4630 1288 4707 parabola
1308 4634 1522 4708 vinem,
1554 4651 1696 4712 quae
1727 4636 2006 4697 nondum
2035 4637 2250 4700 Graece
2277 4639 2478 4701 fuerat
2510 4639 2697 4701 edita.
2723 4637 2781 4697 2.
2806 4635 3098 4698 Homiliae
3126 4639 3254 4695 tres
3274 4629 3657 4694 brevissimae
3686 4629 3765 4692 de

507 4720 623 4780 SS.
649 4723 814 4785 MM.
841 4728 1004 4804 Cyro
1040 4739 1097 4788 et
1122 4733 1362 4795 Joanne
1389 4737 1626 4809 Graece,
1649 4736 1929 4816 itemque
1952 4739 2166 4800 Latine
2191 4740 2534 4819 interprete
2562 4738 2881 4800 Anastasio
2901 4733 3406 4798 Bibliothecario.
3444 4732 3768 4812 (Hujusce-

509 4821 682 4881 modi
717 4841 974 4902 prorsus
1002 4837 1146 4890 sunt
1175 4838 1301 4894 tres
1336 4835 1460 4896 illa)
1491 4839 1553 4897 S.
1601 4838 1929 4915 Augustini
1959 4840 2392 4902 conciunculte
2424 4841 2496 4901 de
2527 4841 2593 4900 S.
2626 4839 2930 4918 Stephani
2957 4835 3282 4898 miraculis
3305 4836 3373 4896 in
3401 4833 3551 4895 edit.-
3587 4833 3762 4894 Mau-

511 4922 630 4985 rin.
669 4931 712 4985 t.
748 4925 820 5002 V,
852 4945 918 5006 p.
955 4928 1150 5012 1275.)
1201 4932 1257 4994 3.
1306 4937 1594 4999 Homilitn
1627 4941 2046 5021 fragmentum
2079 4945 2258 5021 Quod
2286 4941 2571 5004 Christus
2601 4941 2728 5002 dici
2747 4958 2870 5001 non
2900 4939 3114 5001 debeat
3153 4937 3327 4997 homo
3365 4933 3763 5012 theophorus,

511 5023 619 5086 sed
648 5027 808 5086 Deus
843 5027 1234 5091 incarnatus.
1271 5031 1325 5091 4.
1360 5035 1648 5098 Homiliae
1671 5048 1909 5117 quartae
1940 5060 2052 5104 seu
2080 5041 2386 5105 sermonis
2419 5049 2637 5101 contra
2663 5040 2935 5100 Aria-nos
2971 5037 3408 5114 fragmentum.
3459 5033 3512 5093 5.
3571 5035 3762 5094 Pros-

509 5129 832 5208 phouetici
861 5131 945 5192 ad
977 5129 1443 5196 Alexandrinos
1480 5134 1845 5215 fragmenta.
1884 5142 1941 5205 6.
1969 5141 2380 5205 Homiliarum
2410 5147 2619 5219 partes
2645 5139 2885 5219 aliquot
2909 5136 2974 5197 in
3003 5135 3236 5197 Nicetaa
3267 5133 3344 5196 ad
3391 5135 3622 5194 Lucam
3657 5150 3763 5194 ca-

593 5315 1126 5408 lfLLPOiW‘cbri
1157 5321 1224 5408 ad
1257 5322 1575 5404 “etian
1599 5326 1857 5408 ερίξιοιειν
1890 5342 2010 5408 ξαρ·
2041 5329 2093 5393 δν
2267 5327 2340 5408 .(b)
2375 5328 2544 5408 Miror.
2581 5341 2896 5408 sermanum
2949 5325 3109 5408 Petri.
3153 5321 3422 5408 ea“???
3455 5317 3766 5408 991-"???

519 5385 700 5479 Locum
733 5401 949 5479 quoque
987 5407 1097 5446 non
1125 5393 1260 5448 aleo
1278 5393 1554 5479 Δωνξίειιιιῐη
1599 5385 1985 5479 S:_Augustini
2031 5385 2096 5478 ei
2196 5385 2479 5479 epistolam
2532 5399 2590 5479 in
2643 5399 2856 5479 actibus
2896 5395 3113 5452 concilii
3160 5385 3767 5479 Qinalccdonc_nsis_:gl:

523 5455 687 5542 huius
724 5455 917 5542 contra
937 5476 1242 5542 sermonem
1264 5455 1852 5542 Arianorumlibrqvn.
1888 5467 1921 5542 8_
1967 5467 2098 5536 ipsis
2197 5455 2361 5542 viam,
2397 5478 2454 5523 et.
2493 5469 2624 5542 satis
2661 5469 2932 5542 celebrem
2976 5482 3039 5542 ac
3076 5463 3394 5542 pretiosam,
3437 5456 3767 5542 praeteriisse

523 5527 708 5608 verbis
738 5527 843 5608 sibi
868 5530 1191 5608 vindicavit;
1224 5549 1346 5608 qua;
1373 5552 1588 5608 resinon
1613 5536 1730 5592 leve
1751 5536 1949 5608 Leonis
1969 5527 2099 5607 erga
2198 5527 2359 5607 quasi
2379 5555 2476 5608 per
2497 5540 2763 5595 incuriam
2804 5539 2884 5594 vel
2930 5527 3111 5608 potius
3152 5527 3482 5591 oblivionem
3534 5535 3627 5583 aut
3685 5529 3770 5580 in-

525 5592 887 5725 ἒᾶιςιξςιῖηιιηί
913 5592 1429 5725 οὲδὲῗίιιιίιιὶηᾞιίδδο
1456 5607 1812 5662 demonstrat.
1843 5592 2096 5668 Balleri'n.

603 5705 615 5721 .
764 5709 776 5724 .
802 5683 867 5725 co
895 5709 906 5725 .
1045 5709 1056 5722 .

1111 5592 1429 5661 Iittm'ft.lissc
1456 5607 1812 5662 demonstrat.
1843 5592 2096 5668 Balleri'n.
2201 5592 2412 5663 scitiatit
2450 5592 2721 5666 iidcntur.

603 5705 615 5721 ν
661 5685 682 5722 ῑ
737 5685 776 5725 Ι.
802 5685 906 5725 COI.
936 5685 1056 5725 6'24.
