4076 6306
323 407 394 462 97
1705 416 2240 477 PREFATIONESJ
3527 428 3612 490 93.

319 531 461 587 tcna
487 523 600 606 (a).
627 527 685 589 7.
714 530 984 593 Homilia
1013 532 1099 591 De
1117 532 1424 611 parabota
1456 535 1658 597 decem
1692 538 2009 615 virginum
2032 537 2399 601 inscribitur
2428 541 2657 621 Cyl-illo
2686 543 2754 604 in
2785 543 3001 607 codice
3030 544 3287 625 Syriaco
3323 547 3457 608 Vat.
3482 545 3552 608 9'1
3580 562 3601 623 ε

318 635 759 692 verumtamen
773 631 1317 710 ealegiturGrthe
1340 636 1456 697 sub
1481 635 1908 715 Chrysostomi
1930 639 2188 700 nomine
2211 640 2278 702 in
2297 642 2516 704 Graeco
2531 644 2749 706 codice
2769 645 2929 720 Vat.,
2960 653 3286 727 exstatque
3312 648 3378 708 in
3392 650 3615 710 Mont-

316 731 599 794 fauconii
629 735 909 797 editione
936 737 1104 799 inter
1132 739 1377 817 spurias
1404 745 1449 800 t.
1481 741 1638 815 VIII,
1678 759 1738 820 ρ.
1773 740 1849 801 45
1877 759 2086 822 seqq.,
2118 743 2237 804 etsi
2293 744 2490 808 multa
2535 765 2679 808 cum
2733 749 3051 810 varietate.
3108 749 3166 810 8.
3207 749 3479 811 Homilia
3527 749 3600 810 de

318 836 640 898 audienda
666 837 932 918 lit-urgia
967 840 1198 920 Cyrillo
1229 842 1380 904 item
1413 842 1775 906 inscribitur
1805 845 1869 906 in
1914 846 2037 908 alio
2086 847 2343 926 Syriaco
2387 849 2608 913 codice
2659 853 2790 913 Vat.
2840 851 2980 926 200,
3032 853 3139 913 sed
3182 860 3393 913 tamen
3440 853 3602 912 hanc

319 937 555 1002 habere
587 942 886 1020 Cyrillum
916 951 1237 1007 auctorem
1271 944 1554 1006 nondum
1575 946 1732 1008 mihi
1769 948 2076 1027 persuasi.
2111 947 2146 1008 9
2175 957 2237 1010 et
2269 949 2363 1011 10.
2397 952 2699 1014 Homilias
2728 955 2882 1014 duas
2911 952 3138 1032 Cyrillo
3163 953 3495 1032 inScriptas
3525 951 3600 1012 de

321 1047 682 1108 ascensione
711 1049 987 1124 Domini,
1022 1055 1083 1111 et
1112 1051 1186 1112 de
1217 1051 1420 1112 tribus
1436 1052 1654 1131 pueris
1686 1051 2089 1130 Babylonicis
2120 1064 2303 1134 atque
2329 1055 2611 1129 Daniele,
2641 1057 2769 1118 dixi
2806 1057 2954 1118 olim
2987 1074 3086 1118 me
3117 1058 3330 1117 Grazce
3363 1063 3424 1117 et
3452 1072 3596 1136 par-

319 1147 431 1206 tim
461 1148 651 1210 etiam
714 1150 970 1229 Ceptice
997 1153 1062 1212 in
1105 1151 1433 1216 codicibus
1477 1153 1883 1226 observasse;
1938 1169 2148 1232 neque
2205 1162 2416 1217 tamen
2468 1155 2572 1217 his
2621 1157 2806 1218 ﬁdem
2864 1156 3135 1237 adjicere
3188 1173 3378 1217 ausus
3435 1171 3596 1216 sum.

318 1245 550 1307 Postea
570 1253 777 1309 tamen
803 1247 923 1309 alia
954 1266 1213 1328 quoque
1250 1249 1330 1311 de
1350 1249 1576 1312 iisdem
1604 1251 1960 1312 testimonia
1998 1269 2138 1312 sum
2169 1259 2426 1315 nactus:
2459 1254 2672 1334 itaque
2705 1255 2838 1316 fieri
2868 1261 3098 1336 potest,
3129 1261 3198 1316 ut
3223 1255 3443 1316 harum
3465 1255 3600 1315 for-

324 1350 492 1404 tasse
528 1343 649 1406 alio
682 1351 968 1424 tempore
1010 1346 1315 1408 rationem
1347 1345 1638 1407 habeam.
1683 1345 1778 1407 11.
1811 1348 2083 1410 Homilia
2116 1350 2189 1411 de
2217 1351 2516 1430 paschate
2567 1354 2858 1433 quaedam
2902 1354 3196 1415 tribuitur
3245 1355 3473 1433 Cyrillo
3533 1355 3601 1418 in

329 1458 458 1502 uno
489 1443 702 1504 Graeco
730 1442 974 1519 codice,
1005 1443 1071 1506 in
1107 1443 1232 1506 alio
1260 1450 1468 1506 autem
1497 1443 1964 1523 Chrysostomo.
1995 1444 2088 1508 12.
2119 1448 2330 1527 Cyrilli
2357 1449 2616 1513 homilia
2641 1453 2714 1513 de
2736 1454 2812 1514 Β.
2843 1453 3070 1514 Marica
3120 1455 3189 1515 Υ.
3224 1455 3600 1518 dormitione

322 1542 389 1604 in
421 1544 639 1605 codice
669 1545 805 1610 Vat.
839 1545 1027 1608 Arab.
1067 1543 1201 1619 170,
1231 1546 1468 1626 Script.
1498 1555 1619 1607 cet.
1654 1552 1698 1606 t.
1729 1546 1830 1620 IV,
1873 1564 1939 1625 p.
1978 1544 2115 1608 311.
2153 1548 2246 1608 13.
2277 1550 2569 1628 Ejusdem
2599 1552 2809 1631 Cyrilli
2835 1552 3104 1616 Homilia
3125 1553 3198 1614 de
3239 1556 3602 1634 paenitentia

318 1651 416 1709 est
439 1646 506 1707 in
537 1648 681 1709 cod.
708 1649 843 1709 Vat.
876 1647 1132 1728 Coptico
1161 1646 1256 1722 59,
1290 1648 1528 1726 Script.
1557 1655 1674 1708 vet.
1706 1653 1752 1708 t.
1782 1647 1858 1724 V,
1889 1657 2048 1727 part.
2080 1665 2150 1723 ιι,
2182 1668 2247 1729 p.
2288 1649 2422 1710 154.
2460 1651 2553 1712 14.
2585 1653 3025 1730 Fragmentum
3054 1654 3344 1715 Homilim
3363 1654 3435 1715 de
3455 1673 3598 1715 con-

320 1749 734 1810 summatione
764 1748 996 1810 seculi.
1037 1747 1188 1810 Vide
1215 1748 1294 1810 ad
1324 1747 1538 1809 Matth.
1570 1765 1754 1820 xxrv,
1813 1745 1911 1806 29.
1961 1747 2057 1812 15.
2093 1749 2411 1811 Adversus
2439 1751 2804 1828 Eunuchos,
2862 1771 2939 1815 ex
2984 1753 3292 1816 Chronico
3348 1756 3600 1834 Georgii

323 1849 670 1913 Hamarloli
701 1856 758 1914 et
784 1850 1046 1913 Joannis
1077 1848 1291 1912 Siculi.
1321 1849 1608 1928 Denique
1637 1848 1996 1929 paschalem
2027 1850 2271 1911 tertiam
2293 1849 2640 1925 homiliam,
2681 1868 2793 1913 seu
2837 1853 3191 1932 epistolam,
3246 1871 3435 1933 quam
3483 1855 3598 1916 de-

323 1950 637 2030 perditam
676 1951 934 2031 quidam
964 1958 1209 2032 putant,
1241 1949 1430 2012 nullis
1455 1967 1574 2029 ego
1602 1951 1670 2013 in
1701 1951 2026 2013 codicibus
2069 1953 2316 2033 reperi;
2349 1969 2559 2033 neque
2605 1954 2732 2016 ulla
2785 1952 3050 2017 fortasse
3113 1955 3249 2016 fuit.
3309 1955 3600 2018 Felieiter

323 2067 538 2120 tamen
577 2051 732 2114 mihi
763 2053 1005 2132 obtigit,
1041 2059 1107 2114 ut
1139 2050 1450 2132 paschalis
1475 2051 1737 2114 decimae
1767 2052 2050 2132 septimae
2075 2053 2377 2115 ineditam
2406 2060 2594 2133 atque
2635 2053 2984 2132 elegantem
3040 2055 3438 2118 nanciscerer
3482 2060 3596 2116 Ar-

327 2154 508 2216 nobii
533 2155 817 2217 Latinam
841 2153 1450 2235 interpretationem,
1482 2168 1671 2232 quam
1707 2151 1776 2212 in
1813 2154 2035 2232 quinto
2065 2152 2395 2234 Spicilegii
2422 2156 2598 2214 Rom.
2631 2153 2948 2217 volumine
2978 2155 3306 2219 collocavi.
3346 2157 3431 2217 De
3463 2155 3600 2218 aliis

323 2269 472 2316 vero
509 2255 793 2318 nondum
824 2257 971 2318 satis
1000 2255 1155 2317 mihi
1185 2255 1519 2337 perpensis
1551 2259 1656 2316 aut
1687 2252 2048 2332 exploratis,
2074 2271 2230 2333 quas
2266 2254 2334 2316 in
2367 2254 2694 2316 codicibus
2743 2257 3006 2335 scriptas
3074 2266 3180 2318 aut
3223 2263 3600 2318 memoratas

319 2352 635 2418 interdum
667 2357 816 2431 vidi,
843 2355 1054 2436 Cyrilli
1078 2343 1380 2430 homiliis,
1412 2354 1624 2416 dicere
1663 2351 2077 2431 supersedeo.
2111 2351 2395 2431 Denique
2426 2358 2758 2412 tractatum
2781 2355 2866 2412 De
2887 2355 3208 2432 paschatc,
3243 2355 3348 2433 qui
3380 2355 3442 2414 in
3472 2353 3602 2415 edi-

321 2457 604 2521 tionibus
645 2459 939 2520 tribuitur
958 2458 1184 2521 Joanni
1223 2457 1602 2536 Philopono,
1642 2455 1767 2517 vidi
1796 2453 2168 2534 inscriptum
2197 2454 2426 2534 Cyrillo
2463 2455 2528 2515 in
2559 2471 2688 2517 uno
2727 2455 2868 2517 cod.
2910 2457 3074 2532 Vat.,
3116 2457 3183 2518 in
3225 2458 3348 2518 alio
3389 2464 3598 2518 tamen

322 2557 471 2619 cod.
497 2558 801 2639 praedicto
824 2557 1204 2640 Philopono.

403 2660 506 2718 IV.
540 2661 1034 2722 Com-mentarius
1066 2661 1131 2721 in
1159 2661 1491 2722 Lucam.—-—
1512 2659 1636 2721 Sed
1673 2673 1822 2721 ecce
1854 2655 2021 2719 aliud
2049 2656 2116 2718 in
2145 2655 2466 2720 volumine
2496 2662 2714 2720 nostro
2743 2657 3147 2720 continuatur
3171 2657 3360 2735 longe
3392 2658 3594 2738 majo—

322 2757 412 2818 ris
441 2756 626 2818 molis
653 2758 867 2838 Cyrilli
893 2758 1220 2838 scriptum,
1253 2757 1424 2838 quod
1464 2758 1724 2837 paginas
1763 2753 1881 2816 332
1914 2762 2205 2836 occupat,
2239 2757 2730 2819 commentarius
2764 2775 2995 2838 nempe
3031 2757 3106 2819 ad
3160 2759 3344 2818 Luem
3394 2758 3599 2819 Evan-

320 2858 580 2936 gelium,
612 2875 802 2937 quem
826 2875 947 2920 nos
979 2859 1150 2936 gravi
1200 2874 1351 2920 sane
1383 2856 1597 2918 labore
1625 2855 2082 2936 impendioque
2102 2855 2408 2936 temporis
2437 2873 2514 2918 ex
2542 2855 2879 2919 duodecim
2909 2857 3217 2919 Vaticanis
3238 2865 3599 2919 catenarum

319 2963 653 3024 codicibus
681 2960 1163 3040 compilavimus
1201 2978 1213 3021 :
1254 2959 1340 3021 ita
1371 2964 1440 3020 ut
1469 2974 1625 3038 quas
1659 2957 1870 3036 Cyrilli
1890 2956 2190 3037 reliquias
2222 2974 2298 3018 ex
2321 2964 2593 3037 quatuor
2615 2958 2718 3019 vix
2765 2960 3090 3022 codicibus
3131 2967 3274 3022 ante
3321 2958 3439 3021 hos
3485 2977 3599 3022 an-

321 3083 450 3129 nos
471 3063 777 3127 delibatas
809 3063 1032 3124 Graece
1064 3061 1400 3136 edidimus,
1432 3079 1603 3123 nunc
1640 3062 1984 3141 plurimum
2030 3067 2243 3123 auctas
2279 3067 2338 3122 et
2366 3059 2729 3122 emendatas
2777 3078 2854 3122 ex
2889 3067 2981 3122 tot
3014 3060 3360 3135 codicibus,
3392 3060 3601 3124 addita

321 3164 508 3226 etiam
540 3162 943 3225 translatione
972 3169 1183 3225 nostra
1212 3161 1617 3244 scholiisque,
1655 3163 1809 3243 justi
1838 3162 2048 3242 Operis
2075 3162 2270 3222 instar
2304 3170 2847 3242 reprmsentemus.
2900 3161 3057 3222 Sunt
3081 3169 3288 3222 autem
3347 3161 3603 3223 codices

321 3266 411 3338 hi,
446 3283 606 3345 quos
637 3267 704 3327 in
732 3265 878 3327 libri
917 3265 1307 3344 marginibus
1341 3264 1560 3326 litteris
1587 3269 1658 3326 A.
1690 3267 1761 3326 Β.
1802 3267 1865 3325 C.
1899 3266 1968 3325 D.
2123 3264 2189 3324 F.
2223 3264 2295 3324 G.
2337 3264 2414 3325 H.
2446 3265 2495 3325 Ι.
2525 3264 2598 3324 Κ.
2647 3265 2711 3322 L.
2755 3264 2834 3321 M.
2858 3269 3169 3341 perpetuo
3207 3263 3579 3324 denotamus

318 3370 369 3429 l.
401 3368 611 3430 Codex
643 3372 719 3432 Α.
757 3368 893 3430 Vat.
925 3368 1393 3441 membraneus,
1429 3367 1765 3440 maximus,
1792 3367 1858 3427 in
1891 3365 2028 3439 fol.,
2053 3365 2269 3427 saeculi
2301 3364 2435 3426 fere
2464 3363 2633 3425 tertii
2677 3362 2930 3436 decimi,
2963 3363 3196 3423 Nicetaa
3224 3369 3507 3425 catenam
3537 3363 3603 3424 in

318 3472 553 3531 Lucam
583 3470 920 3532 continens
945 3489 1089 3532 cum
1120 3469 1364 3550 Cyrillo
1391 3467 1690 3549 plurimo.
1732 3469 1808 3529 ΙΙ.
1844 3467 2054 3530 Codex
2083 3469 2154 3528 B.
2178 3468 2370 3530 Palat.
2393 3468 2555 3540 Vat.,
2586 3465 3031 3544 bombycinus,
3056 3465 3121 3525 in
3151 3464 3288 3540 fol.,
3319 3466 3603 3545 ejusdem

319 3573 458 3634 fere
492 3589 564 3636 ac
591 3575 656 3633 Β.
689 3573 911 3647 aetatis,
946 3572 1254 3636 diversam
1280 3581 1493 3635 tamen
1519 3577 1804 3633 catenam
1847 3571 2204 3633 continens.
2236 3571 2437 3649 Hujus
2473 3567 2733 3641 codicis,
2769 3568 2884 3628 sub
2909 3566 3088 3628 initio
3108 3567 3410 3644 corrupti,
3441 3582 3602 3646 apo-

324 3673 636 3753 graphum
665 3676 924 3755 insuper
955 3682 1211 3736 recente
1239 3692 1433 3736 manu
1461 3673 1823 3736 contectum
1853 3673 2266 3752 inspeximus.
2291 3673 2395 3732 III.
2420 3670 2630 3731 Codex
2657 3672 2722 3730 C.
2749 3671 2913 3744 Vat.,
2947 3668 3335 3742 chartaceus,
3366 3669 3431 3728 in
3459 3666 3599 3741 fol.,

326 3778 437 3841 ubi
468 3778 611 3840 item
642 3780 840 3858 spissa
864 3777 932 3839 in
956 3780 1186 3839 Lucam
1217 3778 1470 3838 Patrum
1507 3784 1750 3839 eatena.
1780 3777 1882 3836 IV.
1914 3775 2125 3838 Codex
2155 3777 2223 3835 D.
2245 3775 2383 3835 Vat.
2415 3775 2884 3846 membraneus,
2922 3772 2990 3832 in
3017 3771 3155 3846 fol.,
3207 3771 3421 3833 saeculi
3468 3771 3599 3835 fer-

319 3897 423 3941 me
455 3879 836 3952 duodecimi,
865 3877 1018 3940 item
1050 3885 1295 3940 catena.
1336 3878 1410 3937 V.
1444 3877 1656 3939 Codex
1684 3879 1754 3937 E.
1781 3876 1945 3951 Vat.,
1979 3876 2372 3949 chartaceus,
2412 3875 2478 3936 in
2512 3874 2648 3946 fol.,
2675 3874 3012 3936 continens
3039 3873 3291 3935 Macarii
3319 3873 3598 3954 Chryso-

321 3983 572 4064 cephali
600 4001 728 4046 non
753 3991 877 4047 tam
909 3978 1235 4045 sermones
1262 3998 1451 4062 quam
1481 3983 1758 4056 Patrum,
1794 3981 1997 4043 citatis
2035 3987 2323 4044 accurate
2351 3980 2739 4057 nominibus,
2771 3989 3056 4042 catenam
3105 3979 3174 4042 in
3221 3983 3471 4044 Lucam.
3529 3980 3602 4043 Id

319 4086 570 4148 Macarii
606 4097 770 4166 opus
799 4084 1027 4146 dicitur
1055 4083 1245 4144 etiam
1277 4081 1718 4161 Alphabetum,
1759 4083 1908 4162 quia
1937 4082 2199 4145 totidem
2228 4088 2372 4144 sunt
2411 4099 2737 4145 sermones
2773 4090 2928 4162 quot
2979 4082 3298 4162 alphabeti
3338 4083 3597 4148 litterae:

321 4192 665 4272 czeteroqui
721 4191 788 4252 in
817 4190 950 4250 Vat.
984 4187 1205 4250 codice
1235 4203 1362 4249 non
1394 4186 1514 4248 nisi
1545 4187 1862 4248 sexdecim
1892 4192 2157 4262 exstant,
2190 4186 2252 4248 id
2282 4193 2377 4248 est
2401 4204 2605 4266 usque
2633 4187 2710 4248 ad
2737 4186 3004 4248 litteram
3035 4212 3095 4249 π.
3144 4188 3245 4248 VI.
3279 4189 3488 4250 Codex
3530 4193 3595 4250 F.

318 4297 456 4357 Vat.
483 4295 667 4370 alius,
697 4295 1088 4366 chartaceus,
1120 4292 1186 4352 in
1220 4289 1278 4365 4,
1311 4291 1417 4370 qui
1445 4308 1576 4352 non
1610 4291 1733 4353 nisi
1761 4291 2147 4353 mediocrem
2177 4299 2418 4371 partem
2456 4291 2739 4372 praedicti
2775 4292 3262 4371 Chrysocephali
3292 4294 3596 4356 continet.

319 4399 449 4460 VII.
475 4395 703 4457 Codex
739 4395 810 4454 G.
845 4394 1103 4470 Regium
1140 4393 1381 4464 Suecae,
1421 4391 1782 4467 Vaticanus,
1822 4392 2037 4455 saeculi
2066 4393 2314 4454 circiter
2341 4391 2727 4465 duodecimi',
2759 4410 2901 4453 cum
2934 4398 3175 4453 catena.
3207 4393 3364 4453 VIII.
3389 4395 3597 4457 Codex

319 4501 396 4560 Η.
428 4499 567 4560 Vat.
610 4493 1002 4576 praenobilis,
1036 4490 1252 4553 saeculi
1279 4490 1479 4553 ferme
1516 4491 1860 4566 undecimi,
1893 4491 2005 4570 qui
2035 4497 2242 4553 tamen
2273 4490 2339 4551 in
2372 4492 2593 4568 grandi
2630 4491 2821 4567 mole,
2857 4492 3109 4553 nonnisi
3149 4501 3388 4573 partem
3419 4495 3597 4556 Nice-

319 4601 504 4661 tianm
544 4603 787 4659 catente
815 4593 1280 4674 complectitur.
1312 4593 1417 4653 IX.
1453 4591 1661 4654 Codex
1689 4595 1716 4654 Ι
1746 4593 2204 4655 Ottobonianus
2235 4594 2399 4669 Vat.,
2425 4595 2867 4656 membraneus
2896 4595 3165 4674 priscu's,
3194 4615 3335 4658 cum
3361 4599 3596 4676 insigni

319 4703 393 4759 ad
423 4695 769 4778 prephetas
795 4710 1016 4757 omnes
1049 4695 1306 4769 catena,|
1345 4694 1587 4756 habens
1623 4693 1810 4755 etiam
1844 4710 2080 4774 paucos
2113 4694 2323 4772 Cyrilli
2371 4695 2571 4770 locos,
2594 4697 2703 4774 qui
2733 4695 2963 4756 diserte
3001 4695 3293 4758 dicuntur
3341 4715 3416 4759 ex
3464 4700 3598 4778 ejus

231 4794 250 4818 ⁸
321 4801 384 4864 in
422 4805 654 4864 Lucam
693 4797 1151 4861 commentario
1184 4798 1467 4860 detracti.
1501 4799 1576 4870 X,
1607 4797 1711 4858 XI.
1737 4798 1869 4872 XII,
1902 4798 2086 4860 nobis
2117 4801 2190 4860 K.
2224 4802 2292 4861 L.
2319 4801 2424 4873 M.,
2460 4800 2714 4877 exiguas
2749 4799 3085 4862 admodum
3123 4800 3332 4881 Cyrilli
3359 4802 3422 4862 in
3471 4804 3594 4863 Lu-

324 4922 456 4967 cam
488 4902 788 4983 reliquias
817 4901 1003 4963 nobis
1035 4901 1538 4982 suppeditarunt.
1574 4901 1737 4962 Duas
1767 4918 2024 4981 quoque
2055 4902 2300 4963 Latinas
2327 4901 2405 4964 ad
2432 4904 2614 4964 Lucae
2645 4902 3046 4980 Evangelium
3097 4910 3348 4965 catenas
3377 4902 3595 4980 inspe-

321 5014 552 5086 ximus,
601 5028 792 5071 unam
822 5008 946 5070 divi
973 5007 1232 5068 Thomm
1263 5006 2012 5086 Aquinatis,Balthasaris
2044 5007 2321 5070 Corderii
2353 5007 2611 5069 alteram
2657 5025 2669 5066 :
2710 5024 2852 5086 quae
2900 5003 3103 5066 sicubi
3169 5003 3310 5082 plus
3359 5000 3596 5080 aliquid

322 5114 728 5194 Cyrillianum
763 5109 1144 5184 habuerunt,
1175 5109 1296 5172 hoc
1326 5110 1541 5171 Latine
1572 5124 1689 5171 nos
1719 5109 2008 5170 dedimus
2038 5110 2100 5170 in
2133 5111 2666 5185 adnotationibus,
2698 5117 2768 5173 ut
2797 5109 3004 5190 Cyrilli
3024 5114 3252 5180 textus,
3298 5106 3414 5167 hac
3469 5107 3591 5167 sal-

321 5223 447 5278 tem
475 5216 712 5292 lingua,
747 5218 1071 5290 utcunque
1115 5211 1496 5290 expleretur.
1527 5209 1649 5272 Sed
1681 5209 1841 5285 haec,
1877 5211 2159 5289 inquam,
2199 5211 2359 5273 levia
2409 5213 2650 5294 Oppido
2701 5211 3089 5273 incrementa
3137 5215 3304 5268 sunt.
3358 5209 3591 5270 Corde-

321 5318 480 5380 rium
509 5323 722 5379 autem
755 5313 1250 5392 fragmentorum
1279 5330 1540 5375 suorum
1565 5312 1928 5395 imperitum
1958 5312 2125 5375 haud
2159 5331 2300 5377 raro
2332 5314 2740 5396 interpretem
2771 5312 2985 5376 multis
3028 5311 3184 5373 locis
3222 5327 3388 5390 pene
3414 5309 3610 5394 inviti,

323 5422 778 5500 redarguimus.

399 5520 576 5580 Idem
619 5522 1102 5582 commentarius
1159 5520 1415 5598 Syriaca
1448 5521 2219 5584 inventum—Graecorum
2247 5523 2498 5586 Patrum
2531 5523 2610 5586 ad
2635 5525 2865 5584 Lucam
2909 5526 3194 5583 catenam
3240 5539 3465 5602 nuper,
3528 5518 3593 5580 id

393 5713 471 5787 (α)
500 5712 586 5787 Cf:
628 5711 762 5787 L_uc.
801 5727 879 5787 ιιι,
910 5711 966 5787 ﬁ,
993 5710 1216 5763 homilia
1244 5711 1307 5787 de
1330 5708 1610 5763 S.Joanue
1625 5709 1869 5787 Baptista
1886 5727 1904 5773 ;
2016 5711 2279 5787 lautorum
2311 5713 2708 5778 distributione;
2730 5738 2798 5751 -—
2815 5726 2964 5779 χχιιι,
2997 5712 3084 5778 33,
3123 5713 3198 5768 De
3219 5713 3461 5783 passione
3486 5708 3601 5787 Do-Q

411 5777 482 5850 ri,
522 5783 611 5846 15,
654 5782 728 5836 De
773 5781 1021 5834 electione
1053 5781 1406 5848 apostolorum
1423 5795 1638 5843 ;-—xu,
1690 5777 1775 5850 1‘9,
1827 5779 1906 5832 De
2015 5783 2166 5838 ηιίηί,
2339 5797 2343 5802 -
2689 5777 2695 5778 ν
2953 5777 2958 5779 >
3072 5777 3077 5778 ν
3219 5777 3229 5783 -
3594 5777 3600 5791 ι

326 5847 478 5912 divite
511 5856 706 5909 horrea
734 5852 964 5905 dilatare
993 5847 1374 5917 coqitant€;—
1401 5865 1510 5918 xix,
1556 5849 1642 5916 i5,
1685 5847 1774 5918 ,De
1820 5858 1903 5902 ta-
