4076 6306
497 421 568 476 99
1830 421 2034 474 (Alii).
2083 421 2241 472 ABG.
2297 421 2414 471 MAI
3649 426 3767 473 1ου

415 565 420 574 ·
497 550 590 604 est
619 560 786 606 anno
823 541 996 617 1841,
1038 540 1285 616 Oxonii,
1322 539 1490 603 curis
1518 540 1633 602 viri
1671 540 1752 600 cl.
1793 539 2067 600 Crameri
2093 555 2170 599 ex
2209 536 2529 598 Gallicano
2559 535 2779 600 codice
2814 539 3069 613 editam,
3101 555 3244 601 sero
3291 538 3533 619 accepi,
3569 548 3761 620 post-

497 663 684 722 quam
717 663 839 724 ego
863 663 1026 725 Opus
1056 644 1272 725 Cyr-illi
1321 660 1532 705 meum
1567 643 2042 722 proﬂigaveram
2069 657 2082 700 :
2114 639 2396 719 alioquin
2429 641 2564 718 ejus
2593 639 2832 719 aliquot
2867 640 3024 703 locis
3051 640 3421 720 tempestive
3451 657 3604 701 usus
3647 657 3762 701 es—

496 761 652 815 sem,
687 745 740 806 si
769 744 923 806 nihil
945 744 1138 818 aliud,
1161 748 1332 805 certe
1360 742 1438 804 ad
1467 742 1888 804 collationem.
1914 743 2045 802 Jam
2075 756 2225 802 vero
2245 738 2361 801 hac
2390 738 2695 818 inspecta,
2720 740 2784 801 in
2817 741 3023 819 Cyrilli
3054 758 3210 822 quas
3238 739 3426 802 refert
3447 740 3762 820 partibus,

495 848 703 910 statim
738 845 969 923 agnovi
998 843 1249 906 nonnisi
1280 849 1535 904 tenuem
1566 841 1709 905 libri
1732 841 1856 904 mei
1880 847 2122 920 partem
2152 841 2279 902 illic
2301 839 2636 914 contineri,
2669 856 2810 901 cum
2844 839 2949 901 illa
2978 857 3054 900 ex
3086 839 3275 902 unico
3324 857 3442 902 nec
3493 844 3768 923 COpiOSO

495 946 741 1020 codice,
782 963 960 1007 meus
987 951 1195 1007 autem
1227 945 1384 1006 liber
1413 961 1491 1004 ex
1519 944 1850 1005 duodecim
1889 961 2006 1004 ms.
2041 944 2300 1018 catenis,
2333 959 2597 1022 quarum
2649 941 2890 1022 aliquot
2930 941 3408 1024 copiosissimas,
3467 945 3762 1024 prodeat.

495 1051 745 1112 Etenim
775 1049 884 1111 ubi
912 1047 1359 1128 quaterniones
1380 1047 1574 1108 nostri
1609 1046 1778 1124 pleni
1810 1047 2172 1117 decurrunt,
2195 1046 2283 1106 ibi
2318 1046 2631 1106 interdum
2659 1045 2753 1106 vel
2787 1044 2941 1106 nihil
2989 1045 3189 1106 codex
3233 1043 3587 1108 Gallicanus
3639 1047 3763 1110 ha-

495 1148 655 1221 buit,
690 1153 836 1227 puta
863 1147 931 1207 in
967 1163 1151 1225 capp.
1204 1146 1254 1213 Ι,
1287 1145 1443 1216 XVI,
1466 1145 1690 1203 XXIV:
1722 1143 1816 1204 vel
1849 1143 2090 1221 singula
2119 1143 2220 1203 vix
2247 1142 2614 1221 fragmenta,
2643 1148 2794 1223 puta
2823 1142 2888 1204 in
2917 1160 3056 1224 cap.
3086 1145 3172 1204 III
3195 1150 3256 1205 et
3280 1145 3408 1205 XV.
3467 1147 3602 1208 Huc
3647 1165 3766 1210 ac-

495 1249 666 1311 cedit
690 1248 860 1328 quod
892 1248 956 1308 in
993 1247 1153 1307 libro
1181 1245 1352 1306 edito
1387 1243 1649 1321 Cyr-illus
1679 1244 1920 1305 caeteris
1959 1243 2244 1304 Pati-ibus
2281 1243 2695 1318 interseritur,
2751 1243 3050 1322 nullaque
3094 1245 3611 1324 interpretatione
3643 1250 3768 1309 La-

497 1349 625 1411 tina
655 1348 984 1410 scholiisve
1017 1347 1379 1408 illustratur.
1411 1347 1558 1417 Quae
1587 1345 1736 1405 dum
1768 1343 2168 1406 historialiter
2197 1361 2404 1415 narro,
2431 1343 2598 1405 haud
2627 1343 2840 1406 hercle
2869 1344 3214 1425 quidquam
3247 1347 3565 1424 praestanti
3595 1349 3768 1411 Oxo-

496 1451 699 1512 niensi
733 1451 891 1510 libro
923 1448 1253 1510 detrahere
1287 1447 1451 1519 volo,
1486 1447 1587 1509 cui
1617 1446 1822 1507 omnis
1850 1463 1885 1507 a
1911 1462 2013 1506 me
2043 1446 2309 1508 debetur
2341 1446 2549 1507 honor
2573 1463 2644 1508 ac
2678 1461 2869 1525 porro
2902 1445 3203 1521 defertur,
3237 1452 3500 1526 propter
3528 1449 3619 1509 rei
3653 1465 3766 1509 sa-

493 1567 616 1613 crm
649 1549 1000 1622 utilitatem,
1029 1554 1327 1626 typorum
1359 1546 1788 1625 splendorem,
1820 1545 2079 1608 editoris
2112 1553 2431 1608 strenuam
2462 1547 2855 1610 sedulitatem
2887 1553 3075 1626 atque
3105 1549 3418 1627 peritiam.
3453 1549 3575 1610 Sed
3605 1565 3767 1610 ecce

493 1651 657 1713 aliud
692 1668 792 1712 me
822 1649 1226 1710 vehementer
1253 1649 1613 1722 commovit,
1642 1649 1994 1728 gaudioque
2023 1648 2254 1725 affecit,
2286 1649 2454 1728 quod
2504 1650 2582 1710 ab
2627 1650 3135 1731 ephemeridibus
3187 1652 3454 1730 publicis
3507 1652 3769 1714 nuntia-

493 1761 627 1815 tum
665 1751 800 1825 fuit,
836 1751 1043 1830 Cyrilli
1076 1752 1355 1829 integros
1381 1752 1459 1813 ad
1488 1754 1715 1813 Lucam
1747 1754 2254 1828 commentarios,
2276 1754 2341 1815 in
2378 1753 2691 1834 Syriacam
2740 1753 3014 1830 linguam
3056 1771 3414 1828 conversos,
3448 1772 3654 1834 nuper
3680 1773 3767 1818 ex

495 1854 759 1930 Egypto
782 1850 847 1911 in
877 1849 1158 1928 Angliam
1187 1865 1326 1910 esse
1358 1848 1666 1928 perlatos;
1725 1850 1896 1929 quod
1923 1869 2074 1914 sane
2111 1852 2432 1932 exemplar
2459 1853 2511 1913 si
2559 1852 2729 1914 nulla
2775 1852 2990 1913 laesum
3031 1853 3251 1916 lacuna
3285 1853 3385 1927 sit,
3427 1855 3768 1934 periteque

495 1957 576 2020 ab
605 1957 952 2037 interprete
980 1957 1138 2035 Syro
1167 1955 1580 2024 elaboratum,
1612 1954 1821 2032 Cyrilli
1845 1954 2099 2016 demum
2132 1961 2332 2018 totum
2364 1957 2856 2036 ordinatumque
2894 1974 2965 2019 ac
2991 1975 3215 2037 purum
3249 1975 3431 2037 opus,
3463 1958 3526 2020 in
3550 1959 3770 2024 alieno

495 2061 716 2124 saltem
747 2060 1044 2121 idiomate
1080 2057 1576 2138 reprmsentahit.
1609 2059 1762 2118 Nam
1793 2064 2150 2122 catenarum
2181 2060 2586 2123 incommoda
2617 2078 2759 2140 qua;
2787 2061 2935 2133 sint,
2970 2077 3157 2124 nemo
3185 2063 3465 2126 eruditus
3510 2065 3771 2143 ignorat

500 2162 884 2243 (quanquam
917 2163 978 2220 et
1007 2158 1108 2219 illa
1140 2156 1474 2236 peculiaris
1501 2156 1721 2218 harum
1750 2149 1811 2216 et
1828 2157 2149 2219 verissima
2177 2157 2312 2219 laus
2341 2165 2456 2233 est,
2485 2159 2657 2238 quod
2689 2159 3012 2221 meliorem
3035 2160 3339 2240 cujusque
3369 2163 3578 2242 operis
3609 2183 3766 2227 suc-

494 2278 639 2322 cum
668 2258 946 2324 delibare
977 2254 1229 2333 solent).
1265 2253 1577 2331 Eclogarii
1613 2252 1852 2315 scilicet
1882 2258 2386 2332 partescperum
2420 2271 2538 2333 pro
2573 2254 2749 2318 libito
2779 2272 2894 2317 suo
2926 2262 3293 2335 excerpunt,
3327 2265 3389 2319 et
3424 2259 3530 2321 ubi
3585 2259 3772 2324 lubet

496 2360 835 2433 collocant,
869 2366 930 2422 et
961 2360 1346 2439 quandoque
1378 2357 1563 2418 etiam
1592 2337 2189 2435 interpol'ationibus
2219 2355 2474 2418 violant.
2514 2358 2663 2418 Cum
2695 2337 2908 2419 auteni
2937 2357 3234 2420 volumen
3267 2366 3549 2422 nostrum
3590 2362 3766 2428 haud

495 2479 574 2524 ex
601 2478 754 2535 uno,
789 2461 896 2522 sed
927 2479 1001 2521 ex
1029 2459 1365 2522 duodecim
1399 2475 1542 2519 mss.
1578 2456 1900 2518 codicibus
1930 2457 2006 2517 sit
2037 2454 2559 2533 conglutinatum,
2589 2458 2688 2518 vix
2742 2457 2878 2519 ﬁeri
2919 2463 3126 2537 potest
3166 2464 3235 2520 ut
3279 2466 3488 2540 partes
3534 2477 3770 2526 omnes

497 2560 711 2622 sedem
745 2557 1088 2637 propriam,
1119 2561 1261 2634 post
1296 2553 1750 2631 eclogariorum
1791 2550 2108 2611 licentiam
2158 2557 2218 2611 et
2267 2551 2749 2632 discrepantiam
2808 2556 3120 2630 codicum,
3167 2558 3510 2631 retineant;
3569 2579 3769 2641 quam

497 2678 632 2724 rem
657 2655 910 2719 nonnisi
941 2656 1256 2732 integrum
1289 2653 1499 2733 operis
1529 2661 1760 2730 corpris
1798 2650 2140 2730 praestabit.
2172 2649 2236 2710 Si
2285 2651 2478 2728 igitur
2503 2654 2717 2716 Graeca
2737 2660 2949 2717 nostra
2977 2662 3120 2718 ante
3150 2658 3438 2736 Syriatici
3459 2659 3600 2720 libri
3631 2662 3775 2724 edi-

498 2763 740 2823 tionem
767 2757 834 2817 in
863 2753 1144 2831 Angliam
1172 2752 1479 2829 venerint,
1504 2752 1792 2827 multum,
1817 2749 2033 2826 credo,
2071 2751 2546 2832 interpretando
2587 2754 2816 2834 Cyrillo
2865 2755 3248 2836 proderunt;
3282 2761 3460 2822 sicuti
3490 2761 3768 2824 vicissim

497 2855 683 2920 nobis
711 2867 1096 2934 magnopere
1125 2849 1346 2915 fuisset
1372 2851 1744 2914 commodus
1777 2850 2154 2927 Anglicanus
2192 2850 2352 2913 liber
2389 2853 2754 2915 ordinandis
2798 2854 3030 2917 Graecis
3081 2874 3154 2918 ac
3202 2859 3655 2939 perpoliendis,
3705 2861 3767 2924 si

501 2959 696 3042 (quod
731 2958 862 3019 ﬁeri
903 2974 1030 3018 non
1053 2955 1316 3036 poterat)
1349 2955 1427 3016 ad
1456 2971 1572 3016 nos
1599 2960 1842 3018 maturo
1877 2959 2164 3033 tempore
2203 2955 2613 3032 pervenisset.
2654 2957 2773 3018 Rei
2809 2957 2995 3038 hujus
3023 2960 3344 3038 persimile
3393 2963 3762 3042 exemplum

497 3066 594 3124 est
631 3059 886 3122 Eusebii
923 3057 1348 3136 Theophania,
1380 3057 1446 3118 in
1476 3055 1733 3136 Syriaco
1765 3055 1998 3138 pariter
2038 3054 2256 3117 codice
2284 3055 2384 3117 his
2413 3057 2598 3119 annis
2625 3057 2900 3132 inventa,
2934 3060 3114 3139 cujus
3149 3063 3366 3124 Graeca
3400 3061 3766 3140 fragmenta

497 3178 535 3234 a
566 3177 668 3223 me
693 3165 876 3222 antea
911 3158 1178 3235 vulgata,
1210 3157 1289 3220 cl.
1320 3156 1482 3219 Leus
1509 3155 1824 3235 interpres
1854 3159 1918 3216 et
1953 3153 2159 3216 editor
2186 3172 2318 3218 non
2346 3155 2604 3231 habuit;
2637 3175 2756 3219 nos
2807 3164 3038 3232 autem,
3077 3160 3241 3222 libro
3297 3161 3431 3240 ejus
3469 3168 3764 3242 accepto,

496 3263 713 3324 Graeca
739 3266 949 3322 nostra
979 3259 1259 3323 excussis
1297 3258 1509 3320 denuo
1540 3257 1678 3318 Vat.
1713 3255 2040 3320 codicibus
2065 3255 2327 3319 multum
2358 3259 2648 3321 auximus
2676 3264 2738 3321 et
2765 3261 3234 3336 recensuimus;
3284 3279 3406 3341 qua
3452 3280 3645 3342 super
3689 3281 3767 3325 re

495 3363 562 3422 in
593 3369 818 3441 quarto
841 3363 1242 3426 Bibliotheca
1268 3359 1456 3439 hujus
1482 3358 1800 3421 volumine
1828 3359 1974 3421 satis
2011 3358 2304 3422 diximus.
2334 3363 2470 3423 Iam
2502 3378 2690 3425 nemo
2726 3364 2910 3425 nobis
2945 3363 3218 3443 objiciat,
3245 3365 3415 3444 quod
3462 3363 3765 3443 Cyrillum

497 3483 573 3524 ex
605 3467 867 3540 catenis,
896 3484 1026 3528 non
1055 3473 1261 3528 autem
1284 3481 1362 3525 ex
1389 3461 1609 3524 codice
1640 3463 1900 3543 pr0prio
1927 3463 2329 3544 integreque,
2368 3465 2697 3544 Vulgemus
2725 3484 2738 3526 :
2773 3484 2916 3528 nam
2942 3473 3354 3547 prmterquam
3380 3466 3550 3546 quod
3586 3465 3764 3528 nulla

496 3561 618 3625 alia
645 3567 1016 3645 suppetebat
1044 3566 1134 3628 rei
1163 3565 1572 3628 conﬁcienda!
1609 3566 1792 3641 ratio,
1823 3566 1981 3630 nihil
2021 3584 2138 3630 nos
2175 3569 2540 3632 inusitatum
2568 3572 2834 3648 egimus.
2873 3573 3034 3634 Ecce
3074 3572 3243 3636 enim
3301 3572 3630 3650 Origenem
3690 3572 3762 3634 in

496 3665 814 3739 Geuesim,
843 3666 910 3726 in
950 3664 1308 3739 Proverbia,
1337 3670 1398 3726 et
1421 3665 1488 3726 in
1515 3664 1820 3739 Psalmos,
1859 3665 2115 3730 nonnisi
2141 3683 2218 3728 ex
2247 3668 2482 3730 catenis
2509 3669 2746 3731 Ruaeus
2770 3676 3092 3751 utcunque
3115 3670 3420 3732 restituit:
3452 3669 3767 3752 ejusdem-

500 3785 624 3847 que
655 3769 805 3830 item
841 3769 1132 3848 Heacapla
1167 3787 1459 3848 magnam
1496 3776 1737 3850 partem
1776 3776 2012 3832 catenae
2049 3772 2552 3852 suppeditarunt.
2610 3772 3076 3836 Theodoretum
3128 3781 3190 3834 et
3236 3774 3641 3835 Athanasium
3690 3772 3762 3834 in

497 3870 779 3932 Psalmos
810 3877 1047 3934 catenae
1078 3870 1230 3932 solea
1260 3870 1594 3933 Sirmondo
1624 3876 1686 3931 et
1720 3869 2187 3933 Montfauconio
2236 3871 2622 3938 obtulerunt.
2671 3873 3098 3952 Chrysostomi
3151 3873 3298 3937 satis
3353 3871 3643 3952 cepiosas
3695 3879 3764 3934 et

499 3971 784 4048 egregias
814 3969 876 4031 in
907 3970 1239 4032 Jeremiam
1268 3969 1741 4050 explanationes
1769 3985 2080 4048 nusquam
2119 3970 2238 4032 nisi
2265 3973 2431 4052 apud
2453 3971 2745 4034 Ghislerii
2759 3979 3044 4034 catenam
3064 3971 3392 4037 habemus.
3413 3971 3760 4038 Eusebium

497 4069 566 4132 in
595 4072 848 4144 Lucam,
881 4070 1374 4150 Polychronium
1401 4070 1468 4132 in
1487 4067 1829 4141 Danielem,
1867 4066 2202 4146 Didymum
2228 4067 2293 4129 in
2321 4069 2662 4131 secundam
2696 4070 2774 4130 ad
2805 4067 3156 4132 Corinthios
3187 4085 3305 4130 nos
3338 4066 3462 4147 ipsi
3501 4075 3757 4134 catena-

499 4190 639 4234 rum
665 4189 790 4252 ope
818 4172 1012 4252 adjuti
1043 4173 1108 4232 in
1139 4170 1342 4234 lucem
1375 4168 1732 4232 extulimus.
1772 4168 2098 4231 Postremo
2125 4167 2328 4247 qualis
2361 4175 2762 4249 quantusque
2794 4169 3037 4250 percipi
3087 4185 3166 4231 ex
3200 4168 3317 4230 hac
3365 4165 3574 4246 Cyrilli
3619 4166 3760 4234 edi-

499 4273 671 4335 tione
703 4271 942 4335 fructus
973 4271 1192 4353 possit,
1218 4270 1416 4335 lector
1450 4287 1564 4352 per
1588 4287 1655 4333 se
1683 4271 1951 4351 quisque
1978 4269 2222 4338 sentiet,
2247 4276 2310 4332 et
2341 4275 2555 4334 noster
2587 4271 2771 4338 etiam
2808 4285 3017 4332 rerum
3044 4269 3236 4336 index
3257 4269 3478 4350 partim
3500 4268 3762 4333 demonv

500 4375 744 4449 strabit,
773 4374 1123 4454 praesertim
1151 4374 1218 4436 in
1248 4391 1314 4436 re
1348 4373 1720 4454 dogmatica,
1749 4374 1912 4438 circa
1955 4372 2180 4436 Christi
2256 4372 2664 4448 divinitatem,
2719 4373 3022 4452 originale
3077 4381 3428 4454 peccatum,
3485 4372 3756 4435 divinam

501 4478 792 4554 gratiam,
826 4483 1213 4540 sacramenta
1239 4475 1558 4557 baptismi,
1608 4475 2022 4557 pmnitentim,
2061 4481 2250 4556 atque
2287 4474 2700 4551 eucharistim,
2757 4475 2836 4537 de
2886 4491 3014 4555 quo
3066 4483 3385 4556 postremo
3409 4473 3760 4554 praesertim

500 4577 794 4658 dogmate
832 4578 1078 4643 divinus
1099 4585 1194 4642 est
1223 4578 1430 4658 Cyrilli
1457 4577 1637 4641 locus
1669 4577 1769 4657 (ad
1795 4595 1933 4658 cap.
1970 4593 2132 4651 xxu,
2170 4593 2332 4641 vers.
2368 4575 2462 4652 10,
2491 4577 2558 4639 in
2587 4577 2756 4656 fine),
2784 4594 2973 4658 quem
3006 4576 3176 4638 nulla
3197 4593 3475 4656 unquam
3499 4575 3758 4638 haeresis

498 4698 710 4762 neque
736 4697 1014 4761 praesens
1040 4696 1251 4760 neque
1280 4677 1489 4741 futura
1510 4677 1929 4742 labefactabit.
1959 4676 2083 4738 Sed
2120 4675 2200 4738 de
2234 4677 2445 4756 Cyrilli
2467 4678 2533 4742 in
2569 4679 2797 4743 Lucam
2826 4676 3279 4740 commentario
3307 4676 3452 4739 satis
3493 4675 3601 4760 (a).
3633 4678 3752 4738 Su-

502 4788 718 4867 perest
741 4787 813 4842 ut
841 4781 920 4842 de
948 4780 1191 4858 reliqua
1208 4777 1545 4842 voluminis
1571 4776 1960 4840 continentia
1982 4775 2287 4838 dicamus.

577 4885 652 4946 V.
687 4885 926 4946 Contra
961 4883 1364 4960 Synusiasta:
1401 4890 1458 4945 et
1493 4881 1870 4946 aliam—Est
1903 4881 2068 4944 inter
2093 4879 2382 4960 Syriacos
2408 4881 2808 4944 bibliothecas
2835 4880 3150 4944 Vaticanaa
3180 4881 3431 4945 codices
3461 4887 3754 4963 pervetus

501 4985 784 5068 quidam,
817 4998 1083 5045 numero
1119 4980 1227 5042 140
1260 4987 1532 5056 notatus,
1557 4984 1791 5047 saeculo
1826 4991 2070 5058 octavo,
2100 4991 2170 5046 ut
2197 4986 2540 5045 Assemano
2571 4980 2838 5055 videtur,
2867 4983 3160 5063 scriptus,
3197 4982 3308 5064 qui
3329 4982 3590 5045 Joannis
3617 4983 3752 5044 Ca3-

501 5086 798 5150 sariensis
832 5085 998 5148 inter
1026 5083 1315 5163 quintum
1350 5088 1722 5163 sextumque
1747 5084 2045 5148 saculum
2077 5083 2229 5146 clari
2253 5081 2612 5163 apologiam
2641 5082 2921 5146 continet
2951 5081 3201 5144 concilii
3229 5080 3753 5145 Chalcedonensis

567 5211 644 5283 (α)
676 5209 1013 5288 testimonia
1037 5216 1220 5288 vetera
1247 5221 1346 5288 pro
1379 5205 1568 5288 Cy'rilli
1601 5205 1655 5260 in
1680 5206 1884 5288 Lucam
1913 5223 2066 5288 corn:
2167 5215 2323 5288 prete
2360 5203 2473 5288 ait:
2508 5202 2734 5288 senatus
2767 5203 3006 5288 Syrius:
3037 5203 3430 5288 Alexandrinas.
3463 5205 3518 5259 in
3565 5205 3752 5288 etpla-

495 5271 766 5338 mental-io
804 5281 936 5335 olim
976 5294 1078 5334 nos
1105 5271 1670 5338 citavimus,'Latinas
1697 5284 1918 5333 catenas
1955 5277 2068 5333 divi
2167 5271 2465 5329 nationibus
2499 5274 2567 5328 ad
2588 5274 2784 5329 Lucam
2813 5271 2892 5328 'ai:
2914 5291 2932 5329 :
2958 5271 3177 5329 Factam
3201 5289 3310 5328 esse
3331 5273 3546 5329 dicimus
3576 5271 3752 5329 trans-

495 5350 782 5422 Aquinatis
814 5360 986 5422 atque
1013 5348 1296 5422 Corderii;
1337 5348 1467 5401 item
1511 5345 1726 5422 Grmcas
1780 5346 2070 5422 Vaticanas
2167 5345 2542 5422 ﬁgurationem
2566 5343 2832 5422 (Domini)
2874 5361 2980 5422 non
3004 5347 3078 5422 sic
3107 5345 3314 5422 quidam
3343 5351 3399 5396 ut
3432 5359 3620 5422 corpus
3650 5347 3748 5422 Igu-

497 5412 992 5502 ip)r_ophetas:ubi
1017 5435 1188 5502 pauca
1216 5412 1704 5502 fragmenta'citata
1729 5418 2068 5502 reperimus:
2168 5412 2664 5502 iria‘numrﬁgurom
2685 5415 2939 5476 amiserit,
2968 5412 3364 5502 sedjsplen‘dore
3395 5412 3627 5502 quodam
3662 5416 3749 5502 in:

493 5483 1041 5562 deinde-scholiastas
1073 5491 1282 5562 aliquot
1305 5483 1485 5542 Vatic.
1519 5487 1650 5541 Item
1683 5483 1904 5562 catenas
1948 5487 2068 5541 Vat.
2169 5485 2356 5562 duc-uin
2392 5483 2569 5562 fuerit,
2613 5492 2744 5546 etc.,
2793 5497 2967 5552 usque
3019 5483 3086 5538 ad
3115 5483 3416 5562 '_su_stiner.e_'
3443 5493 3746 5555 potuerunt.

495 5562 550 5615 in
585 5561 741 5621 an.,
781 5574 1009 5628 quarum
1061 5551 1207 5614 nun'c
1253 5572 1544 5628 numerum
1591 5556 1843 5628 auximus
1897 5571 2070 5626 usque
2169 5553 2272 5628 Qui
2307 5551 2673 5628 locus_Craeoe
2717 5551 3158 5628 nunc’apparuit
3189 5553 3252 5628 in
3285 5551 3527 5628 editidne
3560 5563 3748 5608 nostra

493 5630 562 5690 ad
589 5629 704 5686 XII.
729 5621 970 5698 Denique
999 5628 1153 5682 adest
1191 5629 1362 5684 codex
1400 5627 1674 5698 Syriacus,
1716 5626 1785 5698 de
1820 5621 2068 5698 quosu-
2169 5623 2302 5698 Luc.
2343 5639 2414 5698 rx,
2447 5621 2524 5698 29_
2549 5637 2674 5698 cum
2720 5635 2784 5674 ea
2825 5621 3047 5698 tantum
3097 5624 3208 5698 levi
3255 5625 3538 5698 varietate,
3580 5638 3748 5698 quam

495 5716 590 5770 pra
630 5691 899 5770 diximus;
926 5697 1391 5770 Nuneccccrhaac
1414 5691 1686 5770 scribens,
1723 5696 1784 5770 in;
1813 5691 1960 5770 aliud
1994 5705 2071 5751 te-
2167 5693 2282 5747 sive
2333 5691 2736 5770 Cyparissiota,
2769 5691 3210 5770 _s_ive_eclogarii
3241 5693 3458 5770 Anostri,
3515 5691 3748 5770 solemni

495 5751 820 5824 titinaiiiiiﬁi
853 5751 1046 5821 incido
1071 5751 1709 5837 JoannisCyparissiotrc
1755 5767 1945 5821 dccad.
1996 5784 2068 5830 τι,
2169 5777 2319 5837 more
2374 5751 2642 5837 iecerunt.
2704 5751 2856 5837 Adde
2909 5751 3174 5837 Joannem
3233 5751 3624 5837 Ctesariensem
3691 5761 3744 5817 in

498 5837 611 5895 tua.
645 5839 754 5896 PP.
784 5839 947 5911 Lugd.
982 5847 1018 5891 ι.
1059 5837 1196 5903 XXI,
1229 5854 1280 5907 p.
1316 5831 1434 5898 tit),
1467 5837 1560 5905 qui
1589 5837 1859 5892 Turrinno
1897 5838 2069 5891 intcr-
2169 5831 2520 5888 adnotatione
2555 5841 2738 5888 nostra
2775 5832 2839 5885 ad
2877 5848 3021 5887 vers.
3061 5832 3130 5886 22
3165 5832 3362 5904 capitis
3391 5849 3426 5887 ιι
3457 5832 3640 5890 Luca.
3741 5843 3761 5908 λ
