4076 6306
295 363 394 417 nn
1666 373 2184 454 rnmrartoxns.
3445 391 3550 446 ma

291 486 586 548 adversus
605 488 1144 568 contemporalem
1172 507 1355 552 suum
1379 493 1702 571 Severum,
1721 498 2133 576 patriarcham
2159 499 2640 576 Antiochenum,
2661 504 3116 585 Acephalorum
3139 507 3548 590 coryphaeum

290 596 352 648 ct
380 588 707 648 doctorem
729 587 920 648 totius
949 588 1216 651 Orientis
1245 590 1850 669 pestilentissimum.
1877 597 2151 658 Joannes
2183 598 2393 678 itaque
2432 608 2501 661 ut
2538 600 2981 679 adversarium,
3027 606 3254 685 Cyrillo
3293 587 3549 690 semper

291 693 477 767 prout
509 695 733 750 notum
765 694 857 750 est
892 689 1064 751 abuti
1091 689 1368 767 solitum,
1400 692 1624 756 iisdem
1661 696 1850 758 armis
1877 698 2172 776 conﬁgat,
2203 698 2459 774 multos,
2507 700 2570 763 id
2619 707 2713 763 est
2763 721 2934 778 XLVI,
2983 707 3191 784 Cyrilli
3240 689 3444 771 locos,
3468 729 3543 772 ex

288 788 590 868 Operibus
620 807 793 853 nunc
825 790 1190 870 deperditis,
1221 798 1438 856 contra
1465 795 1883 874 Synusiastas,
1916 807 1978 862 et
2008 809 2226 862 contra
2259 799 2602 864 Diodorum
2653 805 3021 867 Tarsensem
3049 824 3122 870 ac
3143 808 3543 874 Theodorum

289 893 832 972 MOpsuestenum,
871 911 990 955 nec
1019 909 1148 954 non
1171 909 1246 954 ex
1276 896 1740 958 commentariis
1769 897 1836 960 in
1865 900 2108 974 Matth.,
2132 903 2280 962 Luc.
2317 909 2380 963 et
2414 903 2586 964 Paul.
2624 905 2840 966 recitat
2866 924 2884 980 ;
2935 923 3096 986 quos
3147 909 3264 987 ego
3313 909 3542 975 luben-

286 998 527 1060 tissime
553 998 622 1059 in
650 996 775 1060 hoc
803 996 1126 1060 volumine
1148 997 1364 1059 Latine
1395 997 1614 1060 saltem
1645 1003 1908 1081 exposui
1935 1019 1948 1064 :
1981 1005 2328 1084 prmsertim
2357 1005 2503 1084 quia
2544 989 2844 1070 librorum
2892 1017 3108 1072 contra
3154 1014 3544 1092 Synusias'tas

289 1104 351 1156 et
368 1097 948 1175 contrajDiodorum
969 1113 1042 1159 ac
1069 1095 1472 1160 Theodorum
1501 1117 1610 1161 sex
1629 1101 1757 1179 jam
1789 1119 1908 1182 ego
1938 1104 2266 1184 originalia
2295 1122 2727 1186 compereram
2753 1111 2964 1172 Graeca
2996 1110 3365 1192 fragmenta,
3389 1133 3544 1196 quo-

285 1215 428 1258 rum
461 1205 678 1279 postea
701 1199 1026 1262 veritatem
1053 1201 1327 1261 Joannes
1361 1201 1754 1264 Caesariensis
1781 1204 2191 1268 conﬁrmavit.
3547 1267 3552 1272 .

367 1301 592 1360 Partes
619 1302 1047 1361 commentarii
1079 1301 1146 1361 in
1179 1301 1422 1363 Cantic.
1454 1304 2279 1374 Salomonie.—Notissima
2336 1319 2398 1376 et
2444 1314 2812 1376 universalis
2860 1319 2964 1379 SS.
3020 1319 3269 1382 Patrum
3329 1323 3540 1400 regula

287 1408 409 1474 est,
445 1403 747 1464 canticum
788 1401 1141 1465 Salomonis
1169 1403 1424 1465 nonnisi
1458 1406 1722 1485 spiritali
1757 1426 1941 1475 sensu
1975 1411 2052 1473 de
2103 1409 2344 1476 Christo
2389 1417 2648 1497 ejusque
2697 1417 2971 1480 Ecclesia
3001 1435 3136 1480 esse
3182 1421 3537 1500 intelligen-

287 1501 484 1564 dum:
516 1505 922 1583 quamobrem
953 1506 1120 1584 gravi
1148 1507 1651 1586 reprehensione
1695 1511 1870 1590 digni
1905 1521 2072 1591 sunt,
2106 1518 2470 1598 quicunque
2511 1521 2588 1583 ab
2632 1519 2749 1583 hac
2800 1522 3235 1586 decentissima
3285 1527 3537 1588 Patrum

286 1608 575 1670 omnium
605 1625 828 1673 norma
855 1611 1184 1676 discedere
1209 1614 1464 1678 audent.
1503 1618 1666 1680 Ecce
1698 1625 1910 1682 autem
1937 1627 2000 1684 et
2030 1623 2292 1701 Cyrillus
2321 1631 2535 1686 noster
2564 1626 2629 1688 in
2658 1642 2736 1689 eo
2769 1627 3164 1706 explanando
3214 1631 3464 1693 cantico
3504 1652 3538 1696 a

255 1711 435 1771 -trito
461 1710 859 1793 Solemnique
884 1715 1181 1780 Ecclesiae
1215 1737 1393 1783 more
1422 1739 1551 1784 non
1582 1724 1889 1788 declinat:
1921 1729 2099 1808 cujus
2121 1744 2240 1807 ego
2271 1729 2581 1810 deperditi
2610 1734 3042 1796 commentarii
3071 1753 3213 1797 cum
3242 1742 3386 1819 ante
3420 1736 3542 1799 hos

279 1828 488 1874 annos
514 1811 859 1894 fragmenta
887 1818 1100 1880 Graece
1128 1824 1370 1882 tantum
1400 1822 1704 1890 ediderim
1731 1825 1797 1886 in
1827 1827 2120 1907 Procopii
2154 1833 2371 1890 catena
2411 1826 2565 1909 (AA.
2598 1829 2779 1892 class.
2819 1839 2864 1893 t.
2908 1834 3034 1909 IX),
3083 1852 3252 1898 nunc
3309 1816 3540 1900 collato

281 1931 505 1976 rursus
533 1914 668 1975 Vat.
702 1914 946 1989 codice,
979 1924 1042 1980 et
1071 1919 1281 1983 addita
1316 1923 1674 2000 Latinitate,
1705 1925 1774 1986 in
1808 1924 1927 1989 hac
1957 1926 2168 2006 Cyrilli
2201 1928 2654 1991 anecdotorum
2698 1933 2993 2010 congerie
3041 1936 3375 2000 commode
3423 1956 3534 2001 ex-

279 2015 499 2079 hibeo.
550 2018 769 2096 Neque
808 2018 875 2079 in
914 2019 1010 2082 his
1042 2021 1270 2086 desunt
1319 2025 1669 2105 singulares
1708 2029 1953 2109 aliquot
2003 2031 2162 2094 sacri
2202 2039 2408 2095 textus
2443 2032 2784 2111 lectiones,
2834 2043 3064 2116 praeter
3111 2041 3402 2103 eximiam
3432 2061 3538 2104 au-

282 2116 479 2177 ctoris
508 2116 830 2196 pietatem,
866 2124 925 2179 et
957 2118 1037 2180 de
1068 2122 1269 2184 sancti
1299 2122 1654 2189 chrismatis
1680 2133 2081 2226 saeramento.
2097 2130 2530 2194 testimonium
2561 2134 2660 2212 (ad
2685 2151 2846 2196 vers.
2882 2135 2952 2195 12
2984 2138 3203 2217 capitis
3243 2139 3371 2218 IV).
3426 2141 3538 2203 His

280 2232 404 2293 ego
442 2217 877 2279 commentarii
907 2221 1188 2298 partibus
1221 2224 1553 2304 Cyrilliana
1589 2227 1872 2308 quinque
1923 2228 2043 2292 alia
2066 2217 2308 2292 'diversi
2351 2234 2702 2310 argumenti
2759 2234 3104 2313 fragmenta
3149 2217 3538 2304 subtexenda

277 2334 519 2379 curavr.
3341 2355 3352 2367 .

362 2422 602 2483 Contra
632 2422 980 2486 Iulianum.
1011 2423 1325 2487 Adversus
1346 2425 1706 2487 Eunuchos.
1739 2429 1827 2489 De
1855 2429 2209 2510 Synagogw
2237 2430 2528 2511 repudio.
2563 2433 2942 2514 Fragmenta
2966 2433 3161 2496 multa
3185 2438 3534 2499 minora.—

252 2525 372 2596 _Ne
405 2525 646 2588 minora
674 2527 931 2607 quidem
969 2531 1177 2611 Cyrilli
1205 2531 1578 2611 fragmenta,
1618 2540 1934 2613 quotquot
1963 2535 2129 2597 inter
2157 2538 2322 2600 edita
2349 2556 2383 2602 a
2415 2555 2516 2601 me
2543 2539 2798 2618 scripta,
2829 2540 3018 2602 vel-in
3049 2541 3371 2604 codicibus
3421 2561 3535 2606 ex-

235 2645 238 2649 '
277 2629 590 2704 stiterunt,
624 2632 898 2710 neglexi.
923 2637 1139 2716 Itaque
1169 2638 1373 2718 primo
1395 2639 1784 2716 undeviginti
1811 2641 2144 2720 particulas
2163 2645 2403 2724 sumpsi
2424 2645 2646 2724 partim
2677 2662 2754 2706 ex
2778 2641 2995 2707 codice
3024 2645 3320 2708 Vaticano
3357 2644 3530 2722 1431,

277 2731 501 2808 partim
534 2749 612 2792 ex
649 2734 1071 2812 Columnensi,
1101 2744 1162 2800 et
1199 2755 1275 2800 ex
1309 2740 1468 2802 meis
1497 2741 1758 2802 Leontio
1786 2748 1976 2821 atque
2011 2745 2356 2807 Anastasio.
2389 2745 2625 2807 Deinde
2657 2745 2810 2807 alias
2856 2746 3014 2806 XXV
3066 2745 3403 2826 particulas
3455 2763 3533 2806 cx

277 2833 630 2913 deperditis
655 2838 956 2901 adversus
980 2843 1294 2905 Iulianum
1321 2842 1518 2917 libris,
1551 2861 1585 2905 a
1611 2845 1852 2905 Joanne
1885 2844 2198 2924 eclogario
2236 2847 2473 2922 citatas,
2512 2854 2582 2910 ut
2610 2848 2674 2909 in
2706 2847 2951 2910 Monito
2990 2847 3235 2910 dicitur.
3281 2849 3532 2925 Insigne

252 2947 496 3017 .postea
527 2940 739 3019 magni
775 2941 984 3020 Cyrilli
1009 2941 1177 3022 apud
1210 2960 1323 3006 nos
1355 2951 1751 3021 segmentum
1781 2950 1875 3005 est
1905 2945 2206 3008 adversus
2239 2949 2566 3022 eunuchos,
2598 2949 2677 3010 de
2707 2964 2834 3028 quo
2862 2947 2928 3008 in
2953 2948 3202 3009 Manilo
3231 2948 3418 3010 verba
3445 2947 3534 3008 fa-

273 3039 517 3112 cimus;
553 3057 671 3101 nec
704 3057 834 3104 non
863 3041 941 3104 de
958 3043 1230 3122 junioris
1276 3044 1626 3123 specimine
1656 3043 1827 3124 quod
1857 3045 2160 3124 sequitur.
2190 3047 2518 3110 Postremo
2549 3046 2968 3126 fragmentum
3007 3064 3082 3110 ex
3111 3048 3269 3110 libro
3299 3048 3370 3108 de
3407 3048 3528 3124 Sy-

253 3155 531 3217 nagogm
551 3141 842 3218 repudio,
872 3141 950 3204 de
979 3160 1106 3222 quo
1137 3143 1321 3206 etiam
1357 3145 1422 3207 in
1470 3146 1714 3207 Monito
1744 3162 1860 3208 suo
1909 3145 2077 3210 loco.
2128 3150 2331 3228 Atque
2383 3146 2517 3210 haec
2573 3148 2783 3211 omnia
2833 3149 3064 3211 Latina:
3111 3147 3530 3212 translationis

271 3238 722 3302 commoditate
759 3240 883 3302 frui
910 3241 1241 3306 voluimus.

731 3565 1268 3656 EJUSDEM
1366 3564 2008 3660 PBJEFATIO
2108 3567 2258 3654 AD
2342 3505 2792 3657 .TOMUM
2878 3567 3068 3655 IIl.

351 3761 403 3822 Ι.
442 3760 715 3839 οῃνίιιαε
747 3763 1038 3843 quasitus
1087 3762 1155 3823 in
1203 3762 1438 3824 catenis
1478 3764 1714 3825 Veteris
1765 3760 2553 3824 Testamenti.-—Alterum
2585 3759 2708 3823 hoc
2751 3760 3039 3840 procedit
3069 3764 3522 3828 anecdotorum

263 3864 328 3926 S.
353 3863 563 3944 Cyrilli
589 3863 988 3926 Alexandrini
1016 3862 1392 3944 scriptorum
1429 3863 1748 3937 volumen,
1778 3862 1954 3942 cujus
1974 3864 2259 3926 Graecum
2283 3867 2518 3925 textum
2541 3878 2619 3924 ex
2641 3861 2967 3925 codicibus
2989 3861 3331 3940 hausimus,
3356 3867 3521 3929 Lati-

265 3982 412 4026 nam
444 3980 595 4025 vero
624 3962 1205 4043 interpretationem
1240 3961 1532 4026 festinato
1578 3961 1787 4025 studio
1829 3962 2068 4043 publici
2110 3980 2264 4026 usus
2299 3962 2494 4042 gratia
2529 3960 2825 4037 fecimus;
2861 3968 2924 4024 et
2965 3979 3158 4042 parco
3201 3964 3369 4040 licet,
3409 3968 3522 4030 sed

265 4071 476 4126 tamen
524 4063 615 4126 rei
654 4061 1002 4143 praesertim
1032 4060 1401 4139 dogmaticm
1430 4061 1665 4125 idoneo
1704 4062 2183 4126 adnotationum
2219 4063 2517 4126 comitatu
2545 4063 2929 4142 stipavimus.
2956 4063 3196 4125 Nostras
3224 4064 3413 4143 igitur
3439 4066 3522 4128 ob

262 4164 700 4243 vestigandum
745 4163 1038 4243 Cyrillum
1060 4179 1226 4224 curae
1255 4161 1333 4224 ad
1372 4161 1639 4224 ineditas
1663 4164 1914 4225 Patrum
1944 4168 2195 4226 catenas
2235 4161 2554 4243 praecipue
2581 4167 3017 4240 respexerunt.
3051 4162 3172 4223 Sed
3200 4163 3264 4224 in
3294 4181 3519 4225 manu-

263 4268 512 4347 scriptis
546 4266 808 4346 quidem
846 4266 924 4329 ad
971 4264 1422 4328 Octoteuchum
1471 4272 1533 4328 et
1578 4265 1912 4330 historicos
1957 4268 2063 4328 SS.
2097 4266 2439 4329 Bibliorum
2468 4265 2664 4329 libros
2697 4265 3186 4339 commentariis,
3223 4267 3518 4344 Cyrillum

263 4367 676 4446 quaerendum
713 4367 812 4428 vix
851 4367 1233 4446 putavimus;
1270 4367 1419 4446 quia
1467 4374 1882 4448 praeterquam
1915 4367 2086 4447 quod
2120 4367 2196 4430 ad
2226 4367 2722 4430 Pentateuchum
2761 4365 3084 4444 Glaphyra
3114 4366 3324 4445 Cyrilli
3351 4368 3520 4430 edita

265 4474 541 4542 exstant,
583 4470 845 4548 copiosa
894 4469 1154 4548 insuper
1194 4467 1440 4545 vulgata
1482 4466 1598 4529 fuit
1633 4468 1958 4547 superiore
2003 4467 2236 4529 smculo
2282 4466 2711 4546 Lipsiensibus
2762 4465 2930 4544 typis
2966 4465 3218 4527 Patrum
3264 4475 3514 4545 catena,

262 4587 403 4652 quae
427 4571 726 4651 Cyrillum
743 4588 1022 4650 quoque,
1042 4568 1306 4650 perinde
1336 4576 1404 4630 ut
1420 4575 1512 4631 est
1531 4570 1597 4630 in
1615 4570 1927 4632 Vaticanis
1955 4569 2214 4644 catenis,
2232 4569 2512 4632 continet
2527 4565 2636 4647 (a).
2668 4570 2952 4632 Attamen
2969 4568 3047 4660 ad
3066 4569 3259 4632 libros
3271 4572 3514 4651 Regum

263 4673 578 4750 egregiam
625 4671 941 4752 planeque
974 4672 1280 4733 diversam
1307 4671 1558 4731 Patrum
1587 4676 1868 4732 catenam
1895 4669 2172 4732 Venetiis
2218 4687 2336 4732 nos
2375 4669 2442 4730 in
2487 4669 2872 4730 Bessarionis
2920 4669 3252 4732 cardinalis
3296 4673 3514 4736 codice

259 4787 385 4833 non
418 4772 888 4834 observavimus
915 4771 1141 4846 solum,
1171 4786 1385 4831 verum
1425 4769 1610 4830 etiam
1641 4769 1947 4849 quidquid
1991 4775 2123 4831 erat
2157 4767 2366 4848 Cyrilli
2391 4767 2698 4830 ineditum
2740 4783 2930 4830 manu
2974 4774 3187 4830 nostra
3220 4769 3367 4835 inde
3399 4789 3510 4833 ex-

259 4872 648 4953 scripsimus,
677 4881 866 4952 atque
895 4871 1017 4934 hoc
1045 4871 1363 4934 volumine
1391 4870 1778 4933 inclusimus.
1812 4870 1903 4932 Ad
1930 4871 2158 4933 Jobum
2191 4869 2515 4949 scripsisse
2543 4867 2835 4947 Cyrillum
2865 4875 3140 4943 constat;
3171 4874 3512 4952 cteteroqui

255 4966 320 5030 in
363 4972 681 5034 Vaticanis
719 4972 1042 5034 codicibus
1094 4970 1249 5032 nihil
1295 4978 1525 5051 praeter
1571 4969 1762 5044 illam,
1809 4988 1994 5050 quam
2041 4972 2262 5032 Junius
2314 4968 2531 5041 edidit,
2577 4975 2860 5030 catenam
2905 4969 3135 5049 reperi.
3181 4970 3267 5031 De
3302 4971 3512 5048 Cyrilli

252 5072 595 5151 peramplis
640 5072 709 5132 in
765 5069 1046 5132 Psalmos
1089 5070 1553 5132 commentariis
1604 5068 1766 5132 infra
1811 5070 2039 5133 dicam.
2075 5071 2164 5132 Ad
2215 5069 2547 5131 Proverbia
2592 5069 2692 5130 vix
2740 5085 2936 5130 unum
2973 5068 3256 5146 comperi
3301 5067 3512 5146 Cgarilli

249 5169 708 5250 fragmentum;
744 5171 892 5234 nihil
927 5179 1134 5233 autem
1164 5170 1240 5233 ad
1270 5169 1706 5232 Ecclesiasten.
1737 5171 1828 5231 Ad
1866 5171 2198 5238 duodecim
2229 5171 2507 5233 minores
2536 5169 2877 5250 pr0phetas
2907 5167 3116 5247 Cyrilli
3161 5183 3328 5228 cura:
3357 5173 3508 5229 teta-

251 5280 370 5336 tem
401 5276 714 5349 tulerunt;
749 5277 899 5338 item
936 5274 1012 5336 ad
1045 5274 1265 5336 Isaiam
1299 5291 1311 5334 :
1345 5274 1538 5336 multa
1568 5291 1715 5338 vero
1767 5273 1982 5354 Cyrilli
2029 5275 2106 5337 ad
2144 5274 2474 5338 Jeremiam
2513 5272 2857 5351 fragmenta
2901 5267 3168 5346 vulgavit
3193 5266 3260 5327 in
3289 5273 3508 5330 catena

249 5378 615 5440 Ghislerius.
666 5377 758 5438 Ad
810 5374 1198 5438 Ezechielem
1247 5374 1342 5434 vix
1382 5383 1525 5437 octo
1580 5375 1802 5454 exigua
1851 5375 2060 5455 Cyrilli
2094 5375 2440 5454 fragmenta
2488 5373 2779 5436 Vaticana
2825 5374 3064 5442 catena,
3121 5367 3506 5447 caateroquin

247 5480 491 5560 ingens,
525 5483 715 5544 nobis
763 5481 1016 5552 obtulit;
1051 5485 1110 5540 et
1135 5478 1210 5540 ad
1244 5477 1563 5540 Danielem
1607 5481 1743 5542 tria.
1784 5481 2078 5558 Cyrillum
2125 5482 2189 5542 in
2226 5479 2618 5543 Ezechielem
2669 5473 3016 5553 scripsisse,
3049 5478 3217 5537 extra
3252 5491 3506 5536 omnem

249 5581 705 5647 dubitationem
752 5590 844 5644 est
879 5601 891 5644 :
931 5600 1073 5643 nam
1107 5587 1331 5660 praeter
1377 5589 1624 5661 reperta
1672 5601 1706 5643 a
1756 5584 1936 5645 nobis
1983 5583 2327 5662 fragmenta
2359 5583 2422 5642 in
2469 5579 2726 5650 catenis,
2759 5572 3096 5636 Bandinius
3127 5574 3327 5636 Catal.
3363 5571 3502 5638 cod.

309 5728 384 5800 (α)
417 5729 628 5786 Catena
657 5727 982 5798 Lipsiensis,
1019 5736 1140 5797 post
1169 5725 1481 5798 diligentem
1503 5746 1624 5788 cum
1657 5729 1816 5786 editis
1841 5729 2184 5785 collationem
2211 5729 2430 5789 iactam,
2466 5725 2601 5778 nihil
2644 5724 2798 5778 nobis
2824 5723 3083 5847 magi:
3111 5719 3500 5844 slu‘m‘editavit.
