4076 6306
540 387 644 444 ma
1335 345 1345 371 ”
1881 373 2084 429 cano.
2129 371 2286 427 me.
2329 365 2447 422 im
3708 349 3823 403 tul

540 512 649 574 Gr.
695 510 1017 580 Laurent,
1067 508 1111 563 t.
1161 502 1211 575 Ι,
1239 517 1304 579 p.
1359 494 1492 570 119,
1549 494 1678 556 duo
1721 492 1840 553 alia
1894 490 2219 571 perbrevia
2253 488 2320 549 in
2353 482 2574 548 codice
2614 476 2898 542 miscello
2938 475 3270 544 memorat,
3323 483 3466 548 qua
3502 483 3538 528 a
3580 463 3824 527 nostris

533 618 781 679 diversa
831 575 1010 673 sunt.
1050 607 1211 682 Quid
1242 575 1484 685 plura?
1514 603 1640 662 Leo
1688 597 1946 660 Allatius
1973 597 2041 658 in
2072 591 2476 664 Enchiridio,
2510 607 2573 668 p.
2611 585 2710 659 38,
2755 588 2823 645 ut
2870 580 3158 685 ostendat
3192 575 3492 656 Spiritum
3529 577 3821 634 sanctum

538 676 698 779 esse
725 713 1016 794 spiritum
1052 676 1213 782 Eilii,
1246 676 1392 768 citat
1432 699 1642 781 Cyrilli
1683 698 2148 779 explanatione!

2237 695 2304 756 in
2336 687 2730 754 Ezechielem
2759 683 2857 754 τὴν
2885 678 3152 754 ἐξήγησιν
3183 678 3280 732 τοῦ
3311 676 3585 747 Κυρίλλου
3613 678 3695 740 εἰς
3723 677 3823 730 τὸν

551 785 832 889 Ἰεζεκιρῆλ.
862 814 1014 878 Mihi
1043 819 1255 874 tamen
1284 805 1634 888 pretiosum
1665 801 1788 864 hoc
1818 814 2191 878 summeque
2218 793 2566 876 Optandum
2596 786 2808 870 Cyrilli
2838 785 3140 867 scriptum
3179 797 3490 862 nusquam
3520 796 3823 860 comper-

540 880 672 985 tum
705 880 822 984 est.
865 916 1136 980 Felicior
1162 915 1228 976 in
1255 880 1511 974 Eantico
1541 906 1897 969 Salomonis
1939 903 2055 979 fui,
2105 901 2183 964 ad
2215 916 2406 981 quem
2451 897 2682 958 librum
2731 908 2864 954 non
2892 889 2978 950 ita
3020 903 3254 968 paucas
3280 881 3493 963 Cyrilli
3521 880 3826 960 reliquias

539 1024 870 1105 superiore
898 1015 1220 1082 volumine
1254 1011 1625 1092 complexus
1652 1025 1814 1070 sum.
1852 1006 2028 1068 Mitto
2057 980 2254 1066 libros
2294 991 2903 1064 deuterocanonicos
2931 989 3170 1064 Tobia,
3200 985 3563 1068 Sapientia,
3592 980 3823 1044 Eccle-

434 1166 437 1168 -
539 1091 775 1188 siastici
819 1129 880 1184 et
930 1118 1459 1187 Machabaorum,
1499 1128 1661 1192 quos
1707 1109 1894 1188 prisci
1941 1109 2156 1168 Patres
2185 1103 2351 1166 curis
2382 1102 2512 1164 suis
2558 1114 2697 1162 raro
2744 1098 2851 1157 aut
2885 1092 2987 1154 vix
3012 1091 3350 1169 attigerunt
3397 1107 3411 1148 :
3456 1099 3826 1167 quanquam

543 1223 926 1305 Sapientiam
981 1223 1150 1281 certe
1206 1220 1397 1293 atque
1448 1185 1958 1272 Ecclesiasticum
2011 1203 2276 1283 Cyrillus
2312 1206 2530 1263 noster
2576 1213 2696 1258 ceu
2739 1192 2980 1255 divinas
3032 1189 3382 1268 Scripturas
3435 1202 3565 1248 non
3625 1185 3825 1246 semel

544 1284 758 1388 laudat
781 1343 793 1384 :
816 1318 1152 1402 Sapientia
1177 1284 1386 1378 autem
1411 1312 1572 1373 libro
1598 1309 1768 1386 regia
1797 1323 2020 1370 manus
2045 1303 2318 1366 Matthai
2341 1295 2754 1363 Cantacuzeni
2779 1296 3066 1356 Gracum
3095 1287 3618 1354 commentarium
3648 1284 3830 1348 addi-

545 1426 658 1501 dit,
685 1426 864 1504 cujus
895 1389 1014 1484 nos
1038 1421 1338 1496 excerpta
1363 1414 1430 1475 in
1467 1411 1591 1474 alio
1623 1408 1940 1472 volumine
1971 1407 2138 1468 inter
2173 1403 2414 1467 scholia
2443 1401 2522 1463 ad
2550 1397 2981 1478 Nicephorum
3010 1391 3276 1474 sparsim
3310 1389 3623 1452 dedimus.

621 1490 698 1586 li.
739 1490 898 1585 item
937 1522 1005 1582 in
1041 1490 1280 1579 catenis
1310 1515 1474 1578 Novi
1512 1510 2150 1574 Testamenti.—Jam
2183 1507 2251 1569 in
2287 1507 2465 1568 Novo
2501 1505 2926 1573 Testamento,
2959 1497 3039 1559 ad
3066 1493 3423 1558 Matthaum
3456 1490 3715 1572 quidem
3749 1504 3831 1551 ex

544 1625 772 1708 amplis
799 1625 908 1704 qui
942 1621 1270 1703 perierunt
1309 1615 1518 1697 Cyrilli
1545 1614 1930 1689 tractatibus,
1961 1611 2298 1676 mediocris
2347 1609 2841 1687 fragmentorum
2886 1617 3188 1665 numerus
3215 1599 3283 1661 in
3309 1596 3555 1660 Possini
3585 1601 3648 1657 et
3672 1596 3830 1657 Cor-

546 1700 706 1794 derii
731 1700 970 1792 catenis
996 1725 1226 1804 legitur
1256 1741 1268 1784 :
1303 1720 1416 1785 sed
1464 1725 1675 1783 tamen
1713 1736 1832 1798 ego
1882 1734 2140 1799 quoque
2190 1729 2701 1779 coacervaveram
2733 1725 2899 1773 nova
2931 1705 3138 1778 Cyrilli
3169 1703 3516 1782 fragmenta
3554 1718 3630 1762 ex
3654 1700 3832 1762 Vati-

547 1836 723 1899 canis
745 1832 1097 1906 codicibus,
1131 1848 1203 1893 ac
1246 1843 1414 1910 pene
1441 1827 1884 1906 impresseram
1902 1842 1918 1898 ;
1949 1823 2061 1886 sed
2086 1827 2344 1902 accepta
2375 1819 2628 1882 interim
2655 1815 2996 1879 Oxoniensi
3021 1813 3100 1875 cl.
3131 1813 3186 1873 Ι.
3214 1813 3284 1871 Α.
3318 1806 3587 1870 Crameri
3614 1805 3837 1865 Graca

551 1944 792 2011 catena,
833 1935 1095 1997 multum
1129 1949 1210 1994 ex
1246 1906 1558 1992 Vaticanis
1589 1926 1904 2001 deminui;
1941 1926 2026 1988 ita
2072 1932 2284 1987 tamen
2316 1929 2384 1984 ut
2430 1921 2778 2000 fragmenta
2806 1935 2993 1998 supra
3022 1913 3241 1994 viginti
3269 1911 3424 1973 mihi
3453 1907 3659 1971 adhuc
3685 1906 3834 1966 ine-

549 2040 679 2101 dita
710 2005 1135 2118 superfuerint
1164 2030 1273 2114 (α).
1305 2029 1684 2112 Conquisitis
1717 2028 1898 2091 novis
1934 2027 1999 2088 in
2025 2025 2382 2088 Matthaum
2412 2021 2622 2103 Cyrilli
2652 2020 2957 2100 reliquiis,
2995 2017 3074 2078 de
3104 2009 3554 2078 commentario
3589 2009 3726 2088 ejus
3754 2005 3838 2069 ad

551 2145 828 2205 Marcum
857 2137 1259 2217 cogitandum
1279 2154 1322 2198 a
1351 2150 1454 2196 me
1481 2151 1624 2196 esse
1655 2149 1784 2195 non
1806 2131 2080 2212 judicavi
2097 2148 2113 2205 ;
2145 2129 2294 2210 quia
2328 2129 2396 2191 in
2425 2143 2525 2202 eo,
2559 2143 2747 2207 quem
2776 2123 2930 2187 olim
2957 2120 3257 2185 Pessinus
3284 2116 3452 2197 typis
3478 2110 3838 2176 Barberinis

553 2248 772 2309 Roma
808 2243 1085 2336 excudit,
1115 2241 1330 2304 Victor
1358 2238 1792 2302 Antiochenus
1822 2237 1914 2318 (ut
1941 2241 2109 2299 certe
2145 2231 2528 2315 inscribitur)
2562 2236 2781 2295 auctor
2814 2229 2899 2292 ait
2933 2225 3253 2290 neminem
3290 2224 3520 2304 prater
3559 2235 3625 2280 se
3654 2233 3837 2280 com-

552 2349 896 2413 mentarios
928 2331 996 2410 in
1025 2349 1298 2410 Marcum
1331 2344 1682 2425 scripsisse.
1719 2344 1959 2406 Revera
1990 2348 2199 2404 autem
2236 2357 2319 2403 ne
2347 2340 2410 2401 in
2448 2336 2762 2401 Vaticanis
2807 2333 3066 2415 quidem
3108 2328 3434 2394 codicibus
3467 2327 3680 2388 Graca
3709 2321 3842 2384 ull‘a

553 2452 741 2514 Marci
777 2450 1133 2530 explanatio
1167 2447 1419 2526 legitur,
1453 2453 1682 2527 prater
1720 2446 1893 2508 illam
1933 2461 2124 2525 quam
2163 2444 2282 2506 sub
2317 2440 2586 2504 Victoris
2614 2437 2874 2501 nomine
2903 2434 3134 2497 editam
3171 2430 3299 2494 dixi
3340 2447 3352 2489 :
3385 2443 3528 2508 qua
3567 2430 3840 2488 catero-

553 2554 665 2636 qui
689 2527 889 2615 multo
904 2549 1233 2632 copiosior
1251 2548 1407 2608 mihi
1428 2549 1799 2627 variansque
1822 2547 2192 2608 occurrebat
2211 2545 2280 2606 in
2302 2543 2521 2606 codice
2535 2543 2672 2603 Vat.
2693 2539 2834 2614 756,
2861 2555 2980 2601 nec
3004 2553 3132 2600 non
3161 2535 3228 2597 in
3251 2532 3673 2596 Ottoboniano
3701 2527 3839 2601 113,

556 2633 685 2738 quo
720 2655 789 2716 in
824 2661 1099 2732 utroque
1145 2649 1496 2730 exemplari
1523 2667 1654 2713 non
1695 2649 1933 2712 Victori
1975 2649 2042 2710 id
2079 2665 2244 2729 Opus
2271 2647 2588 2720 tribuitur,
2624 2645 2733 2709 sed
2763 2643 3036 2722 Origeni.
3066 2642 3188 2704 Sed
3237 2647 3447 2702 tamen
3474 2637 3540 2699 in
3572 2633 3840 2697 Ottobo-

557 2756 748 2817 niano
779 2753 939 2816 alius
967 2766 1226 2831 quoque
1259 2747 1620 2812 nominatur
1648 2748 1832 2828 hujus
1863 2747 2081 2828 scripti
2104 2755 2323 2812 auctor
2353 2747 2653 2810 Leontius
2681 2745 2938 2807 lEtolus.
2967 2745 3214 2806 Etenim
3255 2742 3364 2806 fol.
3399 2740 3496 2815 49,
3533 2739 3646 2802 ubi
3676 2755 3843 2819 Opus

556 2856 802 2937 incipit,
834 2856 918 2917 ita
947 2871 1014 2916 se
1044 2853 1235 2914 habet
1259 2850 1478 2913 titulus
1508 2868 1524 2912 :
1567 2851 1877 2924 Ὠριγένυυς
1908 2852 2166 2925 πρόλογος

2227 2855 2268 2917 Ec
2292 2851 2392 2924 τὴν
2422 2849 2720 2925 ἑρμηνείαν
2742 2850 2839 2904 τοῦ
2865 2848 3006 2904 κατὰ
3035 2848 3258 2921 Μάρκον
3287 2847 3444 2916 ἁγίου
3475 2841 3837 2914 Εὐαγγελίου.

559 2959 719 3019 Tum
754 2957 821 3018 in
855 2953 1138 3032 margine
1167 2951 1500 3022 ascribitur
1531 2970 1545 3013 :
1594 2953 1855 3026 Ἀλλαχοῦ
1885 2953 2138 3008 Λεοντίου

2228 2953 2282 3006 πὸ
2310 2953 2408 3024 τῆς
2440 2951 2727 3014 Αἰτωλίας.
2758 2951 2921 3012 Ecce
2949 2954 3155 3011 autem
3189 2946 3268 3009 cl.
3316 2943 3557 3023 Anglus
3585 2944 3838 3004 Crame-

562 3081 670 3126 rus
700 3064 769 3124 in
796 3063 1044 3125 duobus
1068 3076 1275 3140 nuper
1299 3058 1628 3121 Parisiacis
1663 3059 2010 3135 codicibus,
2050 3077 2168 3124 nec
2196 3077 2328 3122 non
2356 3060 2424 3122 in
2449 3058 2820 3131 Bodleiano,
2850 3055 3020 3118 hunc
3047 3055 3112 3116 in
3142 3056 3417 3115 Marcum
3447 3053 3843 3114 commenta-

563 3164 725 3226 rium
771 3161 982 3243 Cyrilli
1019 3158 1422 3224 Alexandrini
1457 3159 1718 3222 nomine
1751 3161 2198 3241 pratitulatum
2236 3160 2605 3235 observavit,
2647 3166 2709 3223 et
2754 3159 2819 3220 in
2867 3176 2979 3221 sua
3023 3161 3380 3220 catenarum
3429 3151 3590 3214 serie
3625 3151 3846 3212 Graec

563 3282 708 3328 cum
755 3261 1196 3326 additamentis
1241 3259 1528 3323 exhibuit
1560 3277 1574 3320 :
1607 3260 1816 3340 deque
1850 3278 1927 3323 eo
1952 3261 2139 3325 titulo
2169 3261 2298 3323 sive
2335 3267 2593 3324 auctore
2629 3260 2911 3323 modeste
2939 3277 3010 3322 ac
3041 3258 3224 3320 docte
3260 3256 3327 3317 in
3357 3271 3487 3316 sua
3519 3251 3846 3333 prafatio-

563 3363 662 3426 nis
689 3362 863 3426 calce
893 3360 1214 3426 disseruit.
1244 3359 1712 3420 Verumtamem
1740 3358 1877 3421 hac
1907 3375 2025 3420 nos
2064 3358 2362 3421 historice
2394 3365 2635 3421 tantum
2667 3375 3022 3432 narramus;
3057 3374 3266 3438 neque
3295 3356 3463 3418 enim
3493 3355 3656 3416 inter
3684 3370 3847 3434 qua-

564 3474 710 3527 tuor
754 3465 890 3525 hac
935 3461 1217 3533 nomina,
1265 3457 1582 3535 Origenis,
1617 3458 1852 3537 Cyrilli,
1898 3459 2168 3521 Victoris
2195 3465 2384 3538 atque
2442 3459 2707 3534 Leontii,
2757 3458 3162 3538 interponere
3213 3463 3496 3518 nostrum
3534 3454 3848 3535 judicium

565 3567 878 3630 volumus.
920 3567 1291 3643 Quanquam
1323 3562 1376 3622 si
1408 3577 1480 3623 ea
1515 3561 1727 3639 potius
1763 3578 1841 3622 ex
1883 3561 2146 3624 diversis
2191 3563 2478 3626 Patribus
2505 3568 2730 3626 catena
2777 3570 2901 3636 est,
2937 3569 3006 3623 ut
3049 3561 3199 3624 satis
3243 3565 3530 3624 constare
3565 3561 3845 3633 videtur,

569 3689 758 3754 quam
805 3671 996 3734 unius
1043 3668 1319 3731 hominis
1365 3666 1740 3741 lucubratio,
1776 3685 1966 3730 nemo
2003 3668 2135 3748 jam
2188 3669 2515 3732 mirabitur
2549 3671 2788 3732 variare
2839 3670 2907 3730 in
2940 3668 3134 3731 titulis
3182 3669 3440 3731 nomina
3493 3675 3845 3730 auctorum.

569 3776 735 3841 Nihil
787 3793 905 3838 nos
948 3776 1141 3854 igitur
1175 3773 1387 3854 Cyrilli
1433 3772 1511 3835 ad
1548 3774 1739 3836 Marci
1769 3775 2180 3852 Evangelium
2227 3775 2638 3856 proferimus;
2673 3775 3194 3856 quandoquidem
3231 3791 3372 3852 qua
3420 3773 3485 3834 in
3524 3771 3848 3834 codicibus

566 3877 884 3940 Vaticanis
934 3876 1321 3937 incrementa
1361 3879 1571 3947 erant,
1606 3891 1680 3935 ea
1721 3892 1931 3955 neque
1958 3875 2172 3955 Cyrilli
2221 3893 2456 3940 nomen
2503 3883 2760 3958 gerunt,
2809 3893 3019 3957 neque
3063 3876 3194 3956 jam
3235 3883 3380 3953 post
3426 3873 3848 3935 Oxoniensem

569 3981 802 4092 librum
841 3979 1161 4092 incognita
1196 3983 1364 4090 sunt.
1396 3977 1516 4039 Sed
1549 3995 1696 4091 ecce
1742 3978 1998 4040 demum
2028 3980 2237 4061 Cyrilli
2267 3984 2536 4059 grandes
2571 3989 2631 4046 et
2660 3982 2951 4044 indubias
2979 3981 3055 4042 ad
3086 3983 3315 4043 Lucam
3353 3979 3846 4054 lucubrationes,

569 4081 636 4191 in
668 4079 999 4191 superiore
1034 4077 1355 4140 volumine
1400 4096 1518 4190 nos
1547 4080 1667 4161 ipsi
1700 4083 2036 4146 edidimus.
2082 4087 2173 4149 Ad
2201 4087 2460 4150 Joannis
2487 4086 2888 4164 Evangelium
2921 4090 3119 4148 exstat
3148 4103 3413 4164 magnus
3450 4085 3660 4165 Cyrilli
3687 4087 3850 4149 duo-

571 4180 776 4242 decim
810 4178 986 4240 libris
1014 4179 1538 4253 commentarius;
1571 4181 1684 4243 sed
1715 4181 1862 4261 quia
1891 4183 2143 4262 septimi
2173 4191 2234 4247 et
2271 4184 2474 4247 octavi
2503 4184 2645 4246 libri
2672 4183 2919 4257 lacuna,
2960 4185 3212 4246 nonnisi
3243 4201 3366 4265 0pc
3393 4191 3629 4248 catena
3657 4185 3848 4248 Galli-

573 4301 748 4347 cana
797 4283 1048 4363 expleta
1091 4288 1417 4363 utcunque
1446 4283 1675 4359 fuerat,
1722 4287 1842 4349 alia
1893 4288 2049 4351 mihi
2102 4288 2542 4371 supplementa
2588 4290 2840 4352 inventa
2897 4294 3060 4366 sunt,
3105 4307 3247 4369 qua
3285 4308 3495 4370 neque
3541 4290 3852 4353 Aubertus

573 4405 786 4468 neque
823 4385 1156 4448 Corderius
1200 4385 1268 4447 in
1306 4389 1622 4468 excerptis
1655 4388 2034 4464 habuerunt,
2066 4397 2127 4452 et
2165 4391 2536 4471 praedictum
2569 4391 3016 4453 detrimentum
3061 4388 3376 4452 minuunt.
3406 4389 3495 4450 Ad
3525 4388 3850 4469 apostolo-

575 4506 715 4550 rum
746 4491 932 4549 Actus
967 4485 1319 4565 fragmenta
1364 4488 1575 4568 Cyrilli
1607 4507 1970 4569 paraveram
2017 4493 2386 4555 (Ecumenio
2416 4493 2768 4570 incognita;
2811 4491 2920 4554 sed
2964 4509 3037 4554 ea
3074 4491 3330 4552 demum
3378 4491 3584 4566 omisi,
3626 4497 3854 4572 prater

574 4609 797 4666 unum,
827 4599 1162 4672 postquam
1196 4594 1464 4669 cognovi
1495 4611 1768 4674 nuperas
1795 4597 1872 4657 ad
1899 4613 2046 4658 eum
2076 4597 2302 4659 librum
2332 4617 2409 4661 ex
2437 4599 2672 4662 catenis
2696 4598 3111 4662 accessiones.
3141 4586 3468 4658 Postremo
3500 4595 3578 4657 ad
3608 4599 3853 4676 Apoca-

577 4696 789 4776 lypsin
827 4695 982 4756 nihil
1026 4693 1232 4757 habeo
1268 4692 1479 4772 Cyrilli
1518 4693 1688 4772 quod
1732 4694 2010 4756 aﬂ'eram.

657 4797 762 4856 IlI.
815 4792 1043 4872 Cyrilli
1074 4793 1435 4870 fragmenta
1471 4791 1554 4852 ad
1603 4791 1728 4870 Ep.
1779 4792 2344 4874 cath.-—Cyrillum
2378 4796 2715 4860 catholicas
2744 4815 3000 4879 quoque
3036 4799 3344 4881 Epistolas
3391 4799 3858 4865 commentariis

580 4895 710 4956 suis
738 4893 1080 4966 ornavisse,
1112 4891 1260 4954 satis
1295 4891 1626 4952 constabat
1667 4890 1834 4970 apud
1855 4893 2406 4960 .Montfauconium
2437 4898 2739 4958 Biblioth.
2774 4900 3062 4976 Coislin.,
3095 4919 3158 4982 p.
3200 4902 3332 4978 163,
3365 4903 3474 4964 ubi
3507 4902 3559 4963 is
3596 4901 3662 4962 in
3691 4902 3855 4964 anti-

581 4994 889 5074 quissimo
912 4993 1203 5071 miroque
1237 4990 1458 5054 codice
1487 4992 1652 5066 CCII,
1684 4993 1898 5055 saculi
1927 4993 2080 5055 vvel
2109 5013 2196 5069 v1,
2231 5003 2443 5058 narrat
2483 5003 2725 5060 exstare
2753 5004 2886 5059 tum
2918 4999 3184 5063 aliorum
3207 5003 3483 5076 Patrum,
3510 5007 3641 5062 tum
3673 5003 3855 5064 etiam

583 5093 793 5175 Cyrilli
821 5090 1083 5166 scholia,
1116 5106 1260 5170 qua
1305 5097 1514 5153 tamen
1563 5093 1699 5172 ipse
1737 5111 1866 5157 non
1905 5096 2146 5158 recitat.
2181 5096 2303 5158 Sed
2342 5099 2512 5160 enim
2543 5098 2874 5180 complura
2921 5099 3024 5162 dat
3070 5101 3394 5163 Cramerus
3431 5101 3499 5162 in
3529 5106 3746 5163 catena
3784 5101 3857 5162 ad

585 5198 1167 5278 catholicasnuper
1215 5197 1440 5258 Oxonii
1485 5199 1672 5260 edita.
1727 5201 1857 5279 Ego
1895 5219 2044 5265 vero
2083 5219 2228 5264 cum
2277 5203 2488 5284 Cyrilli
2538 5222 2772 5267 nomen
2820 5205 2886 5266 in
2919 5205 3235 5268 Vaticanis
3288 5204 3366 5266 ad
3403 5222 3508 5267 eas
3551 5203 3858 5284 Epistolas

589 5301 1061 5409 commentariis
1081 5299 1310 5409 frustra
1340 5301 1731 5409 quasissem,
1764 5306 2016 5368 tandem
2059 5305 2156 5368 his
2185 5307 2408 5370 diebus
2437 5310 2686 5388 gemina
2717 5310 2924 5388 reperi
2956 5309 3164 5388 Cyrilli
3202 5311 3277 5374 ad
3311 5311 3577 5390 primam
3604 5311 3860 5374 Joannis

587 5397 929 5476 Epistolam
975 5397 1236 5472 scholia,
1276 5415 1420 5478 qua
1458 5398 1662 5463 fausto
1713 5420 1863 5465 casu
1910 5406 2300 5467 conservavit
2342 5409 2468 5470 Leo
2517 5408 2814 5488 patricius
2850 5416 2912 5471 et
2962 5407 3232 5470 Caniclei
3269 5408 3604 5489 prafectus
3653 5410 3717 5470 in
3754 5426 3861 5472 sua

589 5501 825 5564 inedita
873 5504 1199 5584 utriusque
1231 5505 1613 5567 Testamenti
1651 5510 1989 5571 summaria
2030 5510 2453 5590 expositione.
2505 5513 2684 5594 cujus
2731 5512 2881 5574 olim
2933 5517 3056 5575 Leo
3103 5513 3359 5576 Allatius
3401 5515 3488 5575 De
3521 5515 3860 5594 Engastri-

669 5663 744 5752 (ᾳ)
772 5664 989 5752 Quibus
1020 5667 1290 5752 accedunt
1317 5685 1381 5752 ea
1407 5686 1535 5752 quae
1559 5671 1685 5752 jam‘
1705 5671 1890 5727 Graece
1927 5673 2176 5752 ediderat
2285 5677 2446 5730 Iliacae
2461 5675 2619 5752 iam
2635 5677 2769 5752 PR,
2795 5696 2845 5750 p.
2867 5681 2989 5736 476.
3017 5682 3169 5736 Adde
3196 5682 3559 5752 fragmentum
3581 5683 3649 5738 ad
3674 5684 3861 5741 Matth.

593 5735 793 5815 huius,
828 5745 867 5789 t.
901 5735 1076 5815 Vll.et
1102 5736 1216 5792 Vlll
1244 5735 1577 5810 Scriptéruni
1607 5749 1859 5807 ueterum,
1889 5753 1945 5798 et
1976 5745 2175 5799 itemm

593 5807 824 5876 protulit
847 5821 972 5864 cum
1000 5811 1456 5880 interpretatione
1497 5812 1685 5866 Latina
1731 5811 1783 5866 in
1823 5823 1860 5870 ι.
1900 5815 1942 5869 ll
1973 5815 2175 5871 Biblio-

2283 5761 2411 5808 xvu,
2455 5747 2552 5828 26,_
2590 5762 2664 5829 ex
2715 5735 2909 5806 incerti
2950 5735 3863 5828 auctori;Fdiapiﬁ'aoﬁziiéii

2283 5816 2427 5881 apud
2453 5817 2558 5874 Mat
2588 5818 2746 5880 Ibld.,
2776 5837 2828 5882 ι).
2858 5822 2980 5878 622.
