4076 6306
229 334 339 390 105
1613 327 2129 384 PREFATIONES.
3390 322 3490 378 106

227 424 463 504 mytho,
497 440 684 503 capp.
719 421 752 482 9
795 427 853 482 et
905 419 1001 496 20,
1051 421 1225 484 locos
1253 425 1379 482 tres
1418 421 1719 494 recitavit,
1769 421 1877 500 qui
1921 420 1998 481 ad
2043 420 2421 480 Testamenti
2468 419 2707 481 Veteris
2752 417 2942 479 libros
2979 421 3282 496 spectant.
3332 415 3492 487 Quin

230 527 390 590 adeo
418 526 481 588 in
523 526 853 588 codicibus
905 542 1164 607 quoque
1213 524 1814 586 Vindobonensibus
1867 523 1971 584 157
2045 529 2105 583 et
2147 521 2300 595 230,
2359 521 2525 601 apud
2569 520 2988 594 Lambecium,
3043 519 3213 580 idem
3269 518 3496 580 Leonis

232 629 478 709 patricii
501 643 668 706 Opus
696 632 995 688 servatur.
1027 624 1175 687 Mihi
1207 623 1463 704 quidem
1494 623 1622 684 duo
1652 620 1936 701 prmdicti
1967 620 2179 698 operis
2207 619 2458 681 codices
2489 617 2764 679 Vaticani
2794 615 3100 696 comperti
3129 619 3298 698 sunt,
3330 629 3495 694 quo-

234 747 372 792 rum
409 727 568 790 alter
606 727 917 805 integrior
963 723 1211 800 gemina
1258 739 1399 802 quze
1448 721 1576 782 dixi
1607 719 1815 800 Cyrilli
1863 718 2100 782 scholia
2154 718 2590 798 suppeditavit.
2629 716 2926 796 (Alterum
2967 731 3222 794 quoque
3270 709 3497 775 diversi

235 832 484 912 generis
511 828 670 891 mihi
696 829 761 890 in
793 826 1080 891 manibus
1111 831 1204 887 est
1228 824 1455 886 Leonis
1486 825 1798 915 κειμήλιονζ
1825 823 1936 884 sed
1967 823 2101 901 ejus
2127 822 2466 903 descriptio
2494 828 2743 902 tempus
2770 819 2940 882 aliud
2971 817 3500 897 occasionemquc

236 931 556 1014 postulat.)
593 932 796 1003 Nune,
831 937 949 992 etc.
995 929 1118 989 Hic
1161 927 1366 988 editor
1397 929 1713 987 Romanus
1758 925 2116 1004 fragmenta
2165 924 2286 985 duo
2317 925 2585 1002 pro/ert,
2636 941 2767 1004 quae
2808 921 2938 982 loco
2971 940 3081 981 suo
3119 920 3498 980 exhibemus.

247 1033 388 1094 Vid.
429 1032 510 1092 ad
546 1033 582 1092 Ι
613 1033 798 1092 Joan.
829 1047 872 1101 ι,
911 1029 966 1102 5,
1002 1037 1058 1088 et
1095 1044 1162 1101 II,
1201 1023 1294 1086 13.
1875 1037 1878 1040 '

323 1137 380 1197 4.
413 1135 638 1214 Cyrilli
665 1154 878 1196 comm.
916 1135 982 1194 in
1012 1133 1110 1194 IV
1151 1129 1335 1194 Pauli
1365 1131 1532 1208 Epp.
1569 1163 1643 1172 —
1680 1125 1932 1206 Reliqui
1967 1143 2116 1204 ergo
2149 1125 2304 1187 mihi
2340 1124 2594 1187 fuerunt
2627 1126 2693 1187 in
2719 1127 2943 1188 Vetere
3000 1124 3256 1205 quidem
3284 1124 3500 1184 Testa-

244 1244 483 1312 mento,
519 1237 674 1300 liber
706 1235 1126 1306 Psalmorum;
1163 1232 1228 1293 in
1257 1231 1459 1316 Novo,
1491 1227 1668 1291 Pauli
1705 1225 2025 1306 Epistolas,
2063 1225 2142 1288 ad
2179 1229 2336 1306 quas
2371 1225 2595 1287 divinae
2628 1226 2961 1307 Scripturee
2995 1231 3203 1316 partes
3238 1220 3501 1304 praecla-

243 1360 381 1403 ram
403 1310 647 1418 aedepol
667 1335 876 1416 Cyrilli
897 1310 1402 1413 explanationem
1435 1328 1669 1390 inveni.
1703 1331 1903 1406 Atque
1928 1331 1997 1387 ut
2026 1325 2105 1388 de
2140 1325 2314 1387 Pauli
2336 1324 2629 1403 Epistolis
2659 1325 2928 1405 primum
2953 1310 3261 1397 dicam,in
3291 1324 3395 1386 illa
3425 1321 3503 1385 ad

245 1446 590 1515 Romanos,
629 1440 692 1500 in
722 1446 987 1516 utraque
1037 1433 1114 1496 ad
1144 1431 1520 1505 Corinthios,
1574 1429 1854 1507 itemque
1886 1427 1962 1489 ad
1993 1425 2294 1488 Hebraios
2350 1425 2496 1486 satis
2533 1443 2837 1506 prospera
2867 1426 3118 1488 fortuna
3147 1443 3295 1488 usus
3323 1442 3460 1486 sum
3487 1443 3501 1484 :

245 1545 314 1606 in
346 1541 601 1622 reliquis
640 1552 1000 1619 quanquam
1038 1550 1142 1594 eas
1163 1530 1457 1612 Cyrillum
1491 1527 1718 1609 partim
1748 1526 1967 1588 saltem
2023 1525 2362 1587 illustrasse
2385 1533 2779 1606 compertum
2800 1534 2912 1599 est,
2946 1525 3099 1588 nihil
3129 1543 3246 1604 ego
3274 1527 3502 1607 reperi,

247 1656 477 1730 praeter
531 1642 775 1722 singula
816 1641 1164 1717 fragmenta
1227 1635 1302 1697 ad
1343 1633 1587 1696 Galatas
1625 1637 1688 1694 et
1723 1630 1800 1692 ad
1827 1629 2250 1692 Colossenses.
2283 1632 2478 1708 Igitur
2503 1638 2572 1692 ut
2599 1631 2663 1692 in
2683 1639 2951 1710 quatuor
2977 1630 3292 1710 Epistolis,
3351 1648 3508 1711 quas

249 1751 399 1825 dixi,
448 1749 700 1820 sistam,
753 1743 954 1806 codex
1013 1740 1350 1801 Vaticanus
1405 1736 1583 1798 valde
1623 1733 1963 1814 pretiosus,
1996 1733 2210 1796 saaculi
2270 1733 2468 1795 ferme
2516 1750 2630 1806 xu,
2665 1733 2946 1810 egregias
3009 1731 3164 1793 mihi
3192 1732 3504 1811 Cyrilliani

250 1849 684 1918 commentarii
715 1853 922 1928 partes
945 1849 1022 1907 ad
1079 1847 1263 1905 Rom.
1324 1846 1385 1902 et
1417 1838 1496 1901 ad
1554 1835 1834 1898 Corinth.
1868 1837 1897 1896 Ι
1925 1840 1986 1898 et
2007 1837 2063 1896 II
2090 1837 2546 1916 suppeditavit;
2576 1853 2732 1916 quas
2759 1852 2876 1914 ego
2907 1835 3240 1912 diligenter
3269 1835 3507 1897 exscri-

250 1965 412 2038 ptas,
450 1949 960 2014 adnotationibus
1019 1947 1204 2008 etiam
1260 1947 1448 2024 prout
1477 1957 1640 2021 opus
1685 1938 1804 2001 fuit
1845 1939 2180 2002 instructas
2203 1987 2218 2014 ,
2252 1946 2313 2001 et
2342 1941 2555 2002 Latina
2587 1939 3106 2019 interpretatione
3137 1939 3417 2015 donatas,
3441 1939 3509 2002 in

251 2059 464 2142 priore
492 2054 830 2118 voluminis
856 2058 1032 2131 parte
1060 2048 1228 2128 typis
1256 2045 1558 2128 expressi.
1588 2045 1676 2106 De
1703 2043 2005 2106 doctrinis
2034 2059 2180 2134 vero
2209 2044 2419 2123 Cyrilli
2467 2046 2824 2126 praecipuis,
2855 2051 2988 2106 tum
3009 2045 3072 2107 in
3096 2045 3513 2108 adnotationi-

252 2165 371 2228 bus
439 2168 570 2222 tum
624 2161 692 2222 in
745 2157 956 2220 indice
1022 2155 1294 2216 lectores
1353 2149 1678 2214 admonui.
1737 2149 1960 2226 Magna
2013 2147 2308 2228 equidem
2384 2147 2698 2228 voluptate
2761 2147 3040 2225 fruebar,
3073 2147 3223 2208 dum
3275 2154 3511 2210 tantam

259 2261 755 2344 prastantissimi
813 2258 1026 2339 Cyrilli
1090 2263 1335 2339 partem
1411 2271 1490 2316 ex
1553 2269 1631 2316 eo
1698 2251 1922 2314 codice
1982 2268 2326 2326 eruerem;
2397 2252 2591 2332 idque
2647 2269 2766 2330 ego
2830 2253 3019 2333 paulo
3074 2258 3220 2332 post
3275 2269 3511 2314 annum

261 2363 399 2428 1841
459 2365 807 2428 elﬁciebam
857 2381 872 2424 :
938 2361 1172 2423 etenim
1228 2360 1394 2420 intra
1452 2355 1578 2420 hoc
1648 2354 2052 2430 octennium,
2116 2371 2318 2434 usque
2377 2355 2454 2417 ad
2535 2355 2722 2430 1849,
2785 2357 3066 2436 quinque
3130 2354 3266 2417 haec
3323 2356 3515 2418 Νουω

255 2471 519 2531 Patrum
575 2465 960 2528 bibliotheca:
1015 2460 1335 2526 volumina
1390 2457 1798 2531 adornabam,
1839 2456 2193 2535 interrupto
2221 2455 2566 2517 identidem
2605 2463 2864 2536 pr0pter
2891 2457 3042 2519 alias
3064 2457 3514 2538 occupationes

257 2575 491 2638 labore.
523 2571 786 2635 Interim
813 2587 963 2632 vero
994 2587 1071 2631 ex
1099 2566 1316 2645 Anglia
1345 2570 1598 2627 catenas
1625 2563 1875 2624 Patrum
1905 2561 2144 2642 accepi,
2176 2578 2317 2642 quae
2345 2562 2559 2624 Graece
2587 2569 2828 2624 tantum
2858 2579 2893 2625 a
2919 2563 2997 2626 cl.
3029 2566 3083 2627 J.
3121 2568 3191 2626 A.
3223 2566 3514 2636 Cramero

255 2675 437 2737 annis
473 2673 617 2735 1841
661 2679 724 2736 et
763 2671 914 2733 1844
962 2668 1485 2748 imprimcbantur
1517 2681 1530 2723 :
1564 2661 1673 2724 ubi
1713 2659 1886 2740 quod
1919 2660 2138 2722 attinet
2165 2660 2244 2722 ad
2298 2661 2641 2740 Epistolam
2671 2662 2846 2724 Pauli
2873 2665 2950 2726 ad
2973 2665 3314 2741 Romanos,
3349 2673 3410 2728 et
3437 2666 3516 2728 ad

257 2772 608 2835 Corinthios
637 2771 927 2852 primam,
956 2777 1166 2848 partes
1200 2782 1370 2827 meas
1407 2760 1618 2843 Cyrilli
1648 2760 2000 2833 Vaticanas,
2031 2775 2184 2840 quas
2201 2759 2330 2839 jam
2346 2761 2810 2840 impresseram,
2871 2764 2996 2827 vidi
3025 2783 3166 2828 cum
3197 2767 3319 2828 illis
3357 2784 3513 2830 con-

259 2880 626 2962 temporalis
657 2880 723 2939 in
753 2876 972 2955 Anglia
1001 2872 1258 2935 editoris
1302 2869 1533 2951 passim
1571 2881 1921 2943 congruere
1945 2867 2329 2945 (quanquam
2371 2867 2555 2927 etiam
2611 2867 2848 2930 catenis
2890 2869 3279 2950 incognitum
3308 2872 3519 2952 Cyrilli

259 2993 523 3049 tractum
546 2980 942 3060 Nicephorus
966 2974 1148 3038 nobis
1171 2967 1591 3052 suppeditavit
1619 2967 1697 3031 ad
1725 2986 1866 3047 cap.
1884 2965 1976 3044 x),
2000 2982 2130 3028 non
2148 2966 2232 3027 ita
2259 2973 2469 3028 tamen
2503 2967 2569 3028 in
2598 2969 2872 3032 secunda
2901 2971 2978 3033 ad
3005 2972 3380 3040 Corinthios,
3410 2975 3520 3036 ubi

261 3089 464 3171 Cyrilli
497 3093 707 3168 partes
748 3082 1061 3145 Vaticanaa
1105 3077 1262 3140 nihil
1308 3075 1542 3138 habent
1586 3072 1844 3152 Anglico
1895 3071 2057 3133 libro
2115 3071 2318 3134 simile
2353 3089 2366 3132 :
2396 3071 2630 3134 etenim
2680 3072 2952 3133 Crameri
2979 3073 3181 3135 codex
3209 3075 3419 3154 Cyrilli
3441 3075 3522 3138 ad

261 3195 422 3257 hanc
448 3187 792 3271 Epistolam
824 3201 1004 3247 curas
1027 3196 1286 3262 prorsus
1316 3177 1732 3239 desiderabat.
1773 3174 1894 3235 Sed
1919 3175 2086 3236 enim
2117 3175 2183 3236 in
2216 3175 2532 3255 prioribus
2553 3194 2809 3256 quoque
2837 3177 3010 3239 Pauli
3037 3179 3330 3258 Epistolis
3383 3183 3520 3244 edi-

263 3299 347 3359 tio
370 3311 512 3357 mea
539 3291 688 3354 satis
716 3290 782 3351 in
815 3287 937 3350 hoc
966 3287 1196 3357 differt,
1224 3282 1396 3363 quod
1427 3280 1725 3361 Cyrillum
1755 3297 1789 3341 a
1816 3278 2208 3358 reliquorum
2253 3279 2666 3361 interpretum
2695 3283 2875 3344 turba
2927 3300 3210 3347 seorsum
3243 3287 3520 3364 exhibet,

265 3407 323 3464 et
351 3417 495 3464 cum
524 3392 1044 3474 interpretatione
1071 3388 1309 3461 Latina,
1348 3403 1538 3466 quam
1568 3383 1862 3462 Anglicus
1897 3382 2056 3444 liber
2085 3383 2324 3445 nullam
2354 3383 2560 3446 habet.
2599 3387 2923 3447 Postremo
2953 3405 3146 3467 super
3182 3389 3523 3468 Epistolam

264 3503 337 3565 ad
371 3501 674 3563 Hebraeos
703 3495 858 3558 nihil
881 3492 1086 3573 Cyrilli
1108 3489 1754 3570 mihisuppeditabant
1775 3486 2027 3550 codices
2045 3487 2412 3568 Vaticani(a)
2423 3507 2437 3562 ;
2468 3489 2876 3551 memineram
2906 3495 3137 3566 tamen,
3161 3510 3261 3554 me
3283 3494 3522 3556 Medio-

264 3603 392 3666 lani
411 3604 476 3664 in
507 3598 884 3664 bibliotheca
914 3593 1319 3656 Ambrosiana
1369 3591 1520 3653 olim
1553 3589 1778 3650 vidisse
1822 3588 2105 3651 codicem
2157 3589 2305 3651 satis
2335 3589 2614 3670 amplum
2657 3590 2748 3671 (E.
2778 3590 2875 3665 63,
2914 3605 3072 3670 part.
3103 3591 3269 3671 inf),
3301 3593 3366 3655 in
3397 3612 3524 3676 quo

264 3710 528 3769 Patrum
550 3707 908 3767 Graacorum
939 3705 1156 3761 catena
1184 3697 1250 3758 in
1279 3695 1619 3776 Epistolam
1644 3694 1720 3756 ad
1750 3693 2050 3755 Hebraeos
2087 3693 2546 3756 continebatur.
2585 3696 2802 3776 Itaque
2826 3713 2969 3758 cum
3019 3696 3167 3758 inde
3218 3697 3527 3778 quidquid

265 3811 401 3866 erat
436 3800 664 3882 Cyrilli,
697 3798 969 3876 benigne
998 3793 1418 3856 annuentibus
1447 3791 1568 3852 loci
1599 3789 1991 3870 praesidibus,
2022 3790 2175 3851 mihi
2226 3809 2474 3855 sumere
2522 3793 2962 3869 decrevissem,
3004 3800 3284 3857 catenam
3312 3815 3347 3859 a
3379 3799 3525 3860 Cra-

263 3918 440 3962 mero
468 3899 699 3961 editam
723 3915 866 3960 cum
893 3896 999 3956 illa
1029 3891 1480 3955 Mediolanensi
1510 3889 1772 3952 fortasse
1813 3907 2162 3969 congruere
2195 3892 2546 3971 suspicatus
2577 3911 2741 3970 sum,
2774 3901 2837 3958 et
2892 3896 3179 3976 inspecto
3222 3896 3382 3961 libro
3413 3916 3526 3961 co-

267 4001 510 4079 gnitum
547 4005 663 4073 est,
692 4015 769 4059 ex
808 3997 1049 4060 duabus
1105 4012 1140 4056 a
1169 3993 1356 4055 docto
1374 3991 1571 4069 Anglo
1599 3991 1676 4053 ad
1717 3991 2083 4071 praedictam
2127 3993 2469 4073 Epistolam
2509 3995 2744 4059 catenis
2777 3997 2982 4072 editis,
3020 3999 3229 4078 priore
3256 3991 3525 4078 integra,

265 4104 456 4165 altera
485 4109 728 4164 tantum
759 4100 1014 4162 dimidia
1054 4103 1317 4179 propter
1354 4095 1592 4158 codicis
1651 4095 1966 4168 Parisiaci,
2013 4095 2184 4157 unde
2224 4105 2473 4176 sumpta
2497 4097 2634 4168 fuit,
2662 4098 3010 4174 defectum;
3061 4102 3406 4179 cognitum,
3436 4103 3531 4163 in-

267 4222 482 4284 quam,
515 4208 608 4264 est
644 4202 808 4264 hanc
839 4201 1093 4263 alteram
1116 4200 1422 4275 integram
1452 4213 1588 4258 esse
1623 4196 1686 4257 in
1734 4195 1952 4258 codice
1987 4195 2460 4272 Mediolanensi,
2493 4203 2671 4278 cujus
2702 4217 2826 4274 ope
2882 4207 3164 4280 Optatum
3189 4203 3294 4264 diu
3319 4203 3532 4282 Cyrilli

267 4304 782 4384 supplementum
805 4299 1106 4380 consequi
1144 4306 1449 4380 poteram.
1473 4297 1890 4370 Quamobrem
1927 4296 2233 4376 postulavi
2271 4314 2304 4358 a
2334 4299 2412 4358 R.
2439 4300 2507 4359 D.
2540 4301 2848 4362 canonico
2888 4298 3168 4378 Josepho
3191 4302 3528 4376 Robbiato,

269 4403 499 4482 linguaa
523 4404 758 4463 Graecaa
789 4401 1036 4479 egregie
1067 4399 1294 4480 perito,
1331 4406 1391 4459 et
1420 4397 1701 4476 legendis
1727 4396 2054 4460 codicibus
2075 4399 2360 4476 apprime
2383 4399 2637 4472 idoneo,
2663 4405 2733 4458 ut
2757 4398 2907 4458 mihi
2937 4409 3305 4479 excerperet
3324 4403 3533 4481 Cyrilli

268 4514 479 4585 partes
512 4507 580 4566 in
612 4505 945 4567 Parisiensi
975 4503 1192 4566 codice
1231 4501 1614 4562 desideratas
1650 4517 1662 4560 :
1706 4497 1880 4579 quod
1911 4499 2062 4560 dum
2113 4499 2220 4560 ille
2271 4500 2728 4563 studiosissime
2780 4501 3036 4575 faceret,
3071 4510 3241 4566 recte
3282 4506 3536 4582 agnovit

269 4605 585 4685 permulta
615 4623 693 4667 ex
721 4621 798 4666 eo
827 4603 1033 4683 Cyrilli
1055 4601 1509 4665 commentario
1543 4605 1866 4678 segmenta
1893 4600 1972 4662 ad
2006 4599 2176 4661 illius
2198 4599 2364 4662 edita
2398 4617 2592 4681 Opera
2641 4602 2980 4682 pertinere,
3029 4604 3142 4664 etsi
3178 4605 3534 4682 insignibus

271 4726 413 4771 cum
456 4705 880 4774 varietatibus.
911 4704 1203 4766 detractis
1229 4704 1524 4764 nimirum
1553 4711 1658 4762 aut
1687 4703 1980 4765 breviatis
2009 4703 2245 4778 multis,
2277 4704 2531 4765 mutatis
2588 4704 2932 4776 nonnullis,
2966 4713 3034 4767 ut
3062 4707 3126 4768 in
3169 4707 3536 4787 hujusmodi

252 4811 589 4890 ,excerptis
649 4807 982 4869 usuvenire
1038 4806 1219 4865 solet.
1257 4803 1379 4865 Sed
1426 4811 1633 4864 tamen
1686 4807 1919 4864 tractus
1945 4819 2202 4883 quoque
2233 4803 2595 4883 complures
2649 4804 2713 4865 in
2763 4806 2980 4868 codice
3018 4807 3288 4885 inerant,
3331 4809 3441 4888 qui
3473 4809 3538 4870 in

249 4891 462 4994 lnullis
494 4907 708 4989 Cyrilli
735 4905 1118 4968 editionibus
1147 4904 1434 4966 videntur
1471 4921 1825 4966 occurrere.

351 5014 575 5074 Utrum
593 5025 745 5072 vero
774 5008 910 5088 ipse
939 5005 1202 5087 Cyrillus
1237 5007 1468 5086 scripta
1492 5023 1602 5068 sua
1633 5006 1699 5068 in
1732 5006 1992 5068 diversis
2018 5007 2419 5086 pr0priorum
2451 5023 2714 5088 cperum
2744 5007 2898 5071 locis
2927 5010 3314 5090 repetiverit,
3355 5029 3433 5073 an
3469 5028 3536 5072 ea

273 5130 372 5174 res
403 5112 615 5194 potius
645 5117 1006 5173 catenarum
1045 5109 1402 5172 auctoribus
1429 5109 1759 5172 tribuenda
1791 5111 1891 5182 sit,
1924 5110 2148 5172 merito
2182 5111 2537 5190 ambigitur.
2569 5113 2749 5174 Certe
2793 5113 2898 5191 qui
2925 5114 3133 5194 ampla
3179 5113 3389 5191 Cyrilli
3426 5129 3540 5173 vo-

273 5209 514 5272 lumina
548 5208 992 5292 pervolutabit,
1017 5209 1185 5270 haud
1213 5225 1354 5270 raro
1391 5209 1735 5288 comperiet
1758 5226 1892 5270 rem
1922 5209 2230 5283 eamdem,
2263 5212 2608 5290 praesertim
2648 5212 3085 5290 dogmaticam,
3118 5212 3331 5274 multis
3359 5213 3538 5289 locis,

275 5311 498 5374 iisdem
523 5310 990 5392 propemodum
1013 5309 1218 5370 verbis
1247 5308 1343 5370 vel
1375 5316 1542 5370 certe
1572 5310 1896 5371 sententiis
1924 5309 2001 5371 ab
2029 5317 2282 5372 auctore
2303 5311 2696 5384 inculcatam,
2720 5319 2869 5392 puta
2897 5312 2962 5372 in
3006 5311 3343 5389 Thesauro,
3365 5316 3432 5377 in
3465 5317 3538 5378 li-

276 5413 402 5474 bris
430 5413 520 5473 De
550 5411 922 5472 adoratione
948 5411 1016 5470 in
1050 5428 1147 5488 sp.
1198 5427 1268 5469 ac
1325 5426 1482 5481 ver.,
1511 5407 1578 5468 in
1613 5409 1987 5487 Glaphyris,
2027 5409 2093 5470 in
2129 5407 2497 5487 dogmaticis
2534 5410 2611 5473 ad
2641 5410 3064 5472 Theodosium
3095 5417 3157 5473 et
3189 5413 3267 5475 ad
3297 5416 3544 5493 reginas

274 5512 662 5584 tractatibus,
695 5510 778 5571 ad
802 5511 1148 5583 Hermiam,
1173 5516 1391 5568 contra
1411 5508 1793 5582 Nestorium,
1821 5515 1881 5570 et
1910 5508 2186 5589 denique
2216 5512 2281 5572 in
2312 5512 2622 5573 Homiliis.
2670 5513 2888 5591 Itaque
2921 5511 3054 5573 fieri
3087 5524 3290 5594 potest
3323 5521 3391 5578 ut
3423 5519 3541 5597 Cy-

275 5613 452 5676 rillus
467 5614 622 5676 dum
643 5613 710 5674 in
731 5612 894 5675 hanc
923 5612 1096 5674 Pauli
1135 5610 1475 5691 Epistolam
1509 5617 1829 5690 postremo
1853 5610 2119 5674 fortasse
2149 5620 2436 5694 tempore
2476 5618 3038 5688 commentaretur,
3070 5615 3147 5677 iis
3175 5615 3540 5697 aliquando.

345 5717 422 5788 (α)
462 5717 741 5774 Nonnulla
779 5726 959 5773 tamen
987 5717 1301 5788 fragmenta
1342 5716 1398 5770 in
1439 5715 1609 5786 Epist.
1643 5717 1707 5772 ad
1749 5717 1916 5771 llebr.
1975 5734 2039 5771 ex
2105 5719 2389 5774 codicibus
2435 5717 2714 5773 Vaticanis
2771 5719 3017 5772 ediderat
3073 5721 3243 5774 Maius
3300 5730 3440 5774 tomo
3502 5719 3544 5777 ll

278 5786 613 5844 Bibliotheca!
643 5788 824 5851 Novae,
855 5804 908 5858 p.
944 5786 1064 5840 484.

524 5889 808 5948 PATROL.
856 5886 970 5944 Gn.
1013 5883 1270 5944 LXVIII.
3079 5898 3112 5936 4
