4076 6306
540 344 637 399 I07
1878 331 2082 386 CARD.
2124 329 2276 386 ANG.
2324 331 2440 384 MAI
3706 325 3811 384 108

538 469 680 532 qua:
701 449 852 514 olim
889 448 1244 525 scripserat,
1268 444 1504 505 abusus
1537 450 1620 504 ενι
1656 462 1668 502 :
1706 442 1799 503 vel
1835 446 2054 502 contra
2084 441 2251 502 idem
2290 439 2578 518 Cyrillus,
2604 459 2653 502 SI
2686 446 2866 504 antea
2906 441 3167 505 fortasse
3204 442 3266 505 in
3293 461 3430 507 eam
3461 447 3811 526 Epistolam

537 555 894 632 scripserat,
919 547 1243 611 nonnullis
1277 546 1424 607 inde
1463 545 1677 606 rivulis
1709 561 1818 606 eos
1846 561 2007 622 quos
2035 542 2306 605 habebat
2326 543 2394 603 in
2431 543 2721 605 manibus
2748 543 2940 632 libros
2970 545 3339 624 irrigaverit.
3371 548 3460 607 Ex
3488 565 3616 626 quo
3647 567 3806 612 con-
3863 553 3865 566 '

534 655 747 733 tigisse
779 652 1021 714 videtur
1046 655 1116 712 ut
1142 649 1336 711 iidem
1367 647 1686 708 interdum
1718 651 1952 706 tractus
1983 643 2100 704 sub
2137 642 2527 706 diversorum
2555 642 2860 706 librorum
2898 645 3092 708 titulis
3125 647 3406 708 redeant.
3444 649 3564 710 Sed
3596 655 3810 713 tamen
3863 711 3868 714 .

536 761 896 817 catenarum
929 768 1187 830 quoque
1232 748 1644 810 sarcinatores
1693 744 1946 807 easdem
1994 742 2131 804 sine
2179 743 2372 805 dubio
2421 743 2636 823 Cyrilli
2689 745 3090 806 auctoritates
3112 745 3190 806 ad
3213 746 3449 824 plures,
3482 757 3673 826 prout
3710 769 3810 815 res
3860 793 3870 834 _-

532 857 796 928 ferebat,
855 853 1365 916 lucubrationum
1407 867 1661 911 suarum
1700 849 1877 910 locos
1903 847 2350 909 adhibuerunt.
2382 850 2474 910 Ne
2503 847 2620 909 sim
2658 848 2980 909 verbosior
3013 849 3078 910 in
3111 866 3177 910 re
3199 850 3568 927 certissima,
3609 872 3807 918 unum
3858 857 3872 928 ἐ

536 955 805 1015 narrabo
845 951 1017 1032 quod
1047 951 1170 1012 hoc
1210 951 1350 1029 ipso
1374 951 1440 1009 in
1470 955 1760 1028 tempore
1791 947 2155 1026 exemplum
2187 948 2489 1026 comperi.
2525 948 2771 1009 Etenim
2798 954 2927 1008 tum
2975 953 3257 1009 catenam
3287 949 3351 1010 in
3383 952 3614 1012 Lucam
3642 969 3678 1014 a
3708 971 3810 1016 me

536 1059 792 1132 editam,
831 1064 962 1119 tum
985 1057 1170 1117 etiam
1214 1054 1377 1115 hanc
1407 1054 1473 1113 in
1530 1053 1726 1131 Epist.
1761 1054 1836 1112 ad
1886 1051 2105 1126 I-Iebr.,
2151 1068 2351 1112 unum
2391 1052 2814 1131 eumdemque
2871 1051 3108 1113 habere
3142 1059 3465 1115 auctorem
3497 1056 3804 1132 Nicetam,

536 1159 790 1224 codices
816 1160 1149 1222 Vaticanus
1177 1163 1237 1218 et
1266 1155 1754 1218 Mediolanensis
1795 1154 2065 1217 solemni
2123 1155 2305 1216 titulo
2340 1155 2405 1215 in
2445 1153 2760 1216 frontibus
2794 1153 3127 1217 afﬁrmant.
3159 1157 3295 1218 Jam
3333 1175 3481 1220 vero
3511 1178 3656 1222 cum
3688 1180 3807 1240 ego

530 1261 605 1325 in
624 1260 1077 1324 commentario
1107 1258 1320 1338 Cyrilli
1363 1257 1440 1318 ad
1500 1259 1728 1320 Lucam
1754 1275 1892 1337 cap.
1927 1273 2014 1331 v1,
2051 1254 2143 1330 13,
2201 1255 2412 1318 locum
2438 1273 2514 1318 ex
2537 1255 2746 1336 Cyrilli
2779 1255 3038 1317 homilia
3087 1256 3414 1332 ediderim,
3450 1261 3560 1338 qui
3585 1262 3807 1342 incipit

537 1376 774 1440 Τούτους
817 1375 1222 1445 προανετύπου,
1255 1382 1456 1444 usque
1487 1363 1565 1424 ad
1595 1375 1692 1444 τὴν
1721 1373 1810 1424 ὑπ’
1839 1372 2088 1444 οὐρανόν,
2123 1379 2147 1423 Ε

2199 1379 2271 1424 ce
2301 1380 2470 1424 nunc
2500 1363 2749 1425 Nicetas
2770 1363 2836 1424 in
2861 1368 3082 1428 catena
3109 1365 3304 1445 Epist.
3337 1366 3413 1426 ad
3445 1364 3636 1426 Hebr.
3662 1383 3804 1445 cap.

535 1487 628 1542 IX,
665 1467 726 1542 2,
761 1469 1055 1530 eumdem
1083 1467 1293 1546 Cyrilli
1317 1473 1586 1528 tractum
1613 1484 1691 1528 ex
1720 1467 1941 1528 eadem
1981 1464 2352 1527 nominatim
2410 1463 2670 1528 homilia
2703 1467 2929 1546 repetit
2981 1468 3046 1528 in
3078 1467 3296 1528 codice
3326 1466 3801 1527 Mediolanensi.

535 1571 790 1636 nonnisi
817 1578 1029 1633 tamen
1063 1571 1414 1646 dimidium,
1449 1587 1651 1650 usque
1676 1571 1755 1632 ad
1785 1571 2044 1632 verbum
2077 1580 2418 1634 πανσύνετοι.
2465 1572 2685 1650 Itaque
2719 1572 2901 1632 etiam
2941 1571 3110 1633 hunc
3148 1571 3423 1651 primum
3457 1571 3670 1650 Cyrilli
3707 1571 3804 1632 lo-

535 1691 685 1734 cum
713 1691 802 1736 ex
834 1680 1006 1754 parte
1053 1673 1289 1736 codicis
1353 1673 1590 1736 inedita
1618 1676 1695 1737 ad
1729 1693 1841 1738 me
1896 1674 2250 1739 Mediolano
2301 1675 2586 1752 missum,
2619 1674 2815 1738 nihilo
2842 1682 3052 1738 tamen
3081 1675 3288 1737 minus
3317 1690 3435 1751 ego
3479 1675 3685 1751 omisi,
3723 1693 3805 1737 ne

517 1778 879 1841 “lectoribus
907 1779 1066 1841 meis
1109 1787 1454 1858 ptsxzomeag
1479 1779 1745 1842 viderer.
2283 1787 2287 1796 '

615 1906 984 1985 Quanquam
1020 1923 1168 1968 vero
1189 1907 1329 1969 'dixi
1353 1907 1583 1970 multos
1621 1923 1699 1970 ex
1729 1907 1939 1987 Cyrilh
1970 1910 2124 1970 locis
2152 1909 2217 1972 in
2247 1909 2466 1972 codice
2493 1909 2744 1972 Mediol.
2777 1911 2981 1972 citatis
3019 1912 3340 1992 pertinere
3369 1911 3446 1972 ad
3479 1908 3645 1971 edita
3671 1907 3804 1984 ejus

539 2023 758 2087 opera,
790 2017 857 2070 ut
907 2009 1188 2071 eruditus
1220 2009 1654 2072 animadvertit
1705 2011 2076 2083 Robhiatus,
2127 2011 2476 2092 praesertim
2513 2013 2592 2074 ad
2631 2013 2954 2092 Glaphyro
2995 2014 3178 2095 (quos
3200 2015 3379 2078 locos
3407 2012 3644 2075 idcirco
3684 2025 3803 2071 nos

538 2110 1102 2190 praetermisimus),
1134 2126 1322 2172 nemo
1350 2120 1562 2172 tamen
1583 2110 1936 2191 suspicetur
1950 2110 2387 2188 imaginarium
2416 2129 2552 2174 esse
2577 2113 2788 2192 Cyrilli
2811 2114 2876 2174 in
2908 2114 3102 2194 Epist.
3138 2114 3216 2175 ad
3244 2114 3435 2176 Hebr.
3469 2126 3802 2174 commen-

540 2215 788 2289 tarium,
825 2214 1006 2294 quasi
1042 2214 1210 2277 hunc
1242 2220 1603 2277 catenarum
1625 2221 1915 2277 auctores
1937 2232 2010 2276 ex
2042 2215 2181 2277 aliis
2202 2214 2692 2295 Cyrilli'scriptis
2731 2222 2931 2279 totum
2965 2216 3366 2280 eorraserint.
3441 2215 3595 2276 Nam
3636 2227 3801 2292 prai-

537 2322 825 2392 terquam
849 2313 1020 2393 quod
1051 2313 1116 2375 in
1149 2314 1303 2393 ipsis
1332 2313 1460 2374 sive
1517 2315 1709 2374 Paris.
1745 2315 1876 2376 sive
1921 2315 2171 2377 Mediol.
2204 2316 2529 2378 codicibus
2586 2316 2782 2378 multa
2819 2323 2965 2379 sunt
3008 2323 3351 2396 segmenta,
3387 2333 3529 2396 qua)
3563 2315 3630 2376 in
3666 2311 3804 2374 aliis

533 2417 745 2499 Cyr-illi
805 2418 1104 2498 cperibus
1152 2434 1411 2497 prorsus
1449 2434 1580 2480 non
1633 2423 1965 2498 apparent,
2014 2419 2332 2497 Cyrilliani
2361 2419 2618 2498 quidem
2669 2419 2748 2481 ad
2790 2418 2953 2481 hanc
2998 2417 3340 2500 Epistolam
3370 2414 3806 2480 commentarii

526 2523 763 2586 «veritas
792 2523 1055 2586 testibus
1079 2522 1304 2603 priscis
1325 2522 1816 2600 certissimisque
1847 2523 2166 2599 asset-itur,
2227 2541 2390 2603 quos
2429 2523 2748 2587 Fabricius
2778 2522 2875 2601 (B.
2909 2526 2984 2588 G.
3019 2524 3119 2586 ed.
3153 2541 3300 2586 nov.
3341 2529 3387 2584 t.
3421 2523 3526 2597 IX,
3567 2541 3632 2602 p.
3663 2519 3799 2593 495)

517 2624 865 2705 «produxit;
900 2629 1046 2685 sunt
1069 2630 1282 2685 autem
1319 2624 1648 2686 Facundus
1683 2623 2178 2699 Hermianensis,
2239 2625 2696 2701 Theodoretus,
2749 2626 3120 2689 Theodorus
3185 2625 3519 2697 Abucaras,
3551 2621 3806 2702 Ephrte-

537 2729 700 2790 mius
727 2727 1178 2803 Antiochenus,
1214 2728 1565 2790 Alexander
1601 2727 2133 2808 Hierapolitanus,
2181 2738 2402 2794 auctor
2457 2733 2758 2812 Synodici
2805 2738 3025 2795 contra
3061 2731 3327 2809 tragmd.
3384 2733 3576 2803 Iren.,
3635 2731 3802 2790 Ana-

518 2834 763 2897 stasius
793 2835 1026 2898 Sinaita
1047 2835 1113 2896 in
1132 2835 1416 2916 Hodego.
1448 2836 1877 2916 Praeterquam
1908 2836 2228 2916 quod-nos
2254 2838 2375 2918 ipsi
2408 2838 2722 2901 edidimus
2775 2838 3208 2901 commentarii
3237 2837 3374 2916 ejus
3429 2831 3804 2897 nominatim

542 2940 713 3002 locos
731 2947 1024 3020 quatuor,
1053 2956 1131 3001 ex
1156 2939 1480 3001 Anastasio
1496 2941 1870 3019 presbytero
1898 2941 2154 3022 (Script.
2178 2951 2297 3003 vet.
2323 2947 2371 3004 t.
2397 2943 2528 3018 VII,
2551 2961 2662 3024 pp.
2690 2941 2863 3013 8-10,
2901 2941 3221 3022 18-24(01).
3248 2941 3620 3020 Ibidemque
3649 2939 3806 3001 alios

539 3045 722 3113 duos,
756 3054 834 3098 ex
870 3036 1158 3103 Leontio.
1191 3054 1301 3116 pp.
1333 3035 1465 3111 130,
1495 3036 1627 3098 140.
1655 3037 1826 3100 Alios
1853 3038 2126 3118 denique
2152 3041 2386 3120 Script.
2413 3050 2534 3103 vet.
2552 3049 2597 3101 t.
2618 3043 2759 3104 VIII
2778 3047 2838 3103 et
2859 3044 2960 3115 IX,
2986 3047 3054 3103 ut
3075 3043 3138 3103 in
3165 3041 3670 3122 prmcedentibus
3689 3055 3803 3118 pa-

538 3137 702 3213 ginis
735 3136 1028 3198 diximus.
1059 3138 1217 3197 Item
1239 3135 1587 3213 fragmenta
1614 3135 1854 3215 aliquot
1883 3137 2016 3216 ejus
2051 3139 2263 3218 operis
2288 3146 2432 3202 sunt
2463 3141 2528 3202 in
2558 3141 2882 3204 codicibus
2902 3141 3170 3221 Syriacis
3197 3143 3333 3203 Vat.
3382 3143 3602 3222 Neque
3665 3159 3803 3204 me-

542 3238 754 3302 diocre
782 3238 972 3302 fuisse
1002 3239 1067 3301 id
1097 3255 1258 3318 Opus
1283 3237 1602 3316 arguimus
1630 3243 1762 3300 tum
1785 3256 1863 3300 ex
1889 3245 2035 3302 nota
2065 3241 2274 3319 Cyrilli
2305 3241 2587 3304 ubertate
2640 3249 2773 3304 tum
2803 3245 2951 3323 quia
3001 3244 3299 3305 Leontius
3327 3243 3476 3305 citat
3520 3243 3803 3322 ejusdem

539 3343 783 3398 tomum
815 3337 1190 3411 secundum,
1229 3337 1586 3398 Anastasius
1609 3337 1840 3400 Sinaita
1886 3341 2443 3420 sextum.Jamque
2492 3352 2773 3422 apparet,
2822 3343 2960 3404 fore
3014 3359 3225 3422 operae
3283 3341 3580 3422 pretium,
3611 3347 3684 3402 ut
3712 3339 3805 3402 fu-

543 3449 718 3502 turus
746 3440 971 3519 aliquis
1000 3440 1214 3519 Cyrilli
1243 3456 1507 3520 Oper-um
1527 3440 1752 3516 editor,
1786 3458 2030 3521 sparsas
2057 3442 2244 3522 hujus
2273 3445 2708 3507 commentarii
2731 3444 3052 3525 reliquias,
3102 3445 3350 3524 Absyrti
3377 3443 3570 3505 veluti
3599 3459 3802 3503 mem-

545 3546 676 3618 bra,
702 3544 808 3624 pie
827 3543 1116 3621 colligat;
1182 3560 1253 3605 ea
1285 3543 1502 3606 saltem
1565 3545 1824 3624 vestigia
1881 3563 2270 3627 persequens
2294 3565 2434 3628 quea
2480 3567 2600 3611 nos
2626 3549 2868 3611 intento
2899 3548 3092 3626 digito
3117 3548 3540 3620 ostendimus;
3570 3563 3804 3625 nempe

520 3689 530 3692 μ
543 3644 817 3718 codices,
848 3649 1090 3705 veteres
1119 3647 1330 3717 testes,
1366 3649 1615 3706 catenas
1650 3643 1869 3721 editas,
1901 3661 1982 3706 ne
2011 3646 2379 3709 (Ecumenio
2401 3647 2657 3726 quidem
2688 3646 2944 3718 omisso,
2968 3650 3420 3726 postremoque
3449 3643 3802 3725 symbolam

541 3745 710 3806 curis
745 3745 976 3807 nostris
1007 3745 1334 3807 conlatam.

622 3871 802 3932 Nunc
836 3871 988 3949 quid
1035 3871 1282 3932 consilii
1332 3872 1631 3951 ceperim,
1711 3875 1988 3954 pressius
2033 3876 2373 3939 dicendum
2436 3883 2549 3939 est.
2609 3876 2852 3939 Codicis
2877 3873 3169 3936 Parisiaci
3191 3877 3497 3946 catenam,
3537 3887 3703 3950 quae,
3734 3874 3802 3930 ut

526 3972 694 4045 dixi,
730 3972 982 4034 nonnisi
1011 3972 1089 4034 ad
1115 3973 1384 4034 mediam
1424 3974 1598 4035 Pauli
1617 3975 1953 4054 Epistolam
1991 3977 2285 4056 pertinet,
2328 3977 2665 4040 lectitando
2703 3975 2886 4038 facile
2908 3975 3213 4048 comperi,
3247 3971 3362 4033 etsi
3413 3969 3614 4032 editor
3643 3966 3802 4030 nihil

545 4077 623 4138 de
647 4077 830 4138 editis
849 4076 946 4137 vel
967 4077 1220 4139 ineditis
1241 4077 1412 4154 dicit,
1432 4095 1715 4155 magnam
1738 4086 2002 4159 partem,
2032 4080 2108 4142 ad
2128 4080 2422 4159 Cyrillum
2456 4080 2626 4159 quod
2661 4079 2902 4152 attinet,
2929 4079 3324 4154 vulgatorum
3349 4090 3612 4154 operum
3643 4071 3803 4133 locis

545 4187 833 4244 constare
881 4183 1029 4244 Pars
1069 4180 1478 4243 nihilominus
1507 4181 1831 4242 videbatur
1852 4199 2040 4256 nova,
2081 4200 2194 4244 seu
2220 4200 2387 4244 nunc
2423 4181 2696 4262 primum
2755 4179 2939 4240 edita.
2988 4179 3250 4239 Prorsus
3294 4176 3508 4254 itaque
3562 4171 3806 4235 codicis

544 4285 835 4371 Parisiaci
863 4283 1213 4346 institutum
1247 4285 1313 4344 in
1340 4282 1791 4344 Mediolanensi
1812 4283 2028 4346 codice
2067 4284 2487 4358 continuatur,
2523 4283 2632 4362 qui
2661 4282 2808 4344 item
2839 4278 3119 4361 partibus
3153 4277 3344 4340 modo
3374 4274 3576 4344 editis,
3606 4270 3804 4334 modo

544 4385 806 4448 ineditis
836 4383 1170 4465 (quatenus
1196 4385 1536 4447 scrutando
1551 4401 1935 4462 cognoscere
1965 4383 2161 4462 licuit)
2182 4384 2670 4446 consarcinatur.
2699 4384 2846 4454 Quae
2869 4398 3010 4444 cum
3036 4380 3120 4441 ita
3142 4395 3208 4440 se
3244 4376 3572 4448 haberent,
3599 4373 3805 4436 visum

539 4485 697 4546 mihi
726 4492 816 4564 est
847 4493 1052 4564 partes
1080 4485 1285 4564 Cyrilli
1322 4502 1514 4548 novas
1546 4485 1872 4564 (quantum
1895 4484 2156 4547 credere
2176 4484 2369 4566 licet),
2406 4491 2538 4545 tum
2571 4482 2804 4545 codicis
2836 4480 3148 4554 Parisiaci,
3177 4483 3309 4540 tum
3362 4473 3800 4538 Mediolanen-

544 4588 650 4662 sis,
685 4603 810 4648 una
840 4588 1001 4649 serie
1025 4593 1385 4660 contexere,
1421 4587 1668 4649 Latinas
1685 4587 1870 4649 etiam
1899 4586 2132 4660 facere,
2157 4594 2219 4648 et
2249 4585 2370 4648 hoc
2408 4601 2552 4646 meo
2591 4582 2930 4654 volumine,
2963 4580 3134 4660 quod
3178 4585 3380 4641 totum
3407 4594 3484 4638 ex
3514 4574 3802 4653 Cyrillia-

543 4686 641 4749 nis
670 4687 919 4765 scriptis
947 4686 1373 4765 componitur,
1407 4692 1551 4765 apte
1582 4685 2148 4765 comprehendere.
2183 4686 2533 4746 Prtesertim
2566 4684 2711 4764 quia
2745 4683 2823 4744 cl.
2863 4680 3229 4753 Robbiatus,
3262 4678 3486 4741 collata
3507 4676 3806 4737 Parisiaci

542 4801 800 4866 quoque
833 4786 1066 4848 codicis
1095 4793 1268 4864 parte
1298 4804 1442 4848 cum
1472 4787 1717 4865 integro
1755 4787 1975 4848 codice
2021 4785 2494 4858 Mediolanensi,
2552 4785 2777 4846 multas
2825 4782 2979 4842 mihi
3042 4787 3101 4842 et
3142 4780 3616 4860 pulcherrimas,
3654 4793 3805 4856 qua:

542 4889 858 4952 Parisiaco
891 4887 1053 4948 libro
1087 4888 1220 4948 ﬁeri
1263 4890 1518 4964 debent,
1551 4890 2028 4952 emendationes
2057 4891 2496 4969 suppeditavit.

622 4991 846 5052 Catena
888 4986 1045 5061 hmc,
1075 4987 1246 5050 unde
1269 4989 1562 5066 Cyrillum
1596 4990 2050 5070 excerpsimus,
2120 4989 2363 5051 videtur
2426 5005 2742 5066 anonyma
2770 4987 2836 5048 in
2877 4985 3093 5048 codice
3125 4981 3497 5054 Parisiensi;
3539 4997 3685 5042 nam
3718 4979 3804 5042 cl.

543 5093 870 5154 Cramerus
902 5087 1138 5173 nullius
1169 5088 1440 5151 auctoris
1470 5104 1704 5150 nomen
1727 5090 1931 5169 ponit.
1959 5093 2033 5150 At
2070 5089 2554 5152 Mediolanensis
2583 5105 2720 5150 eam
2744 5086 2975 5148 diserte
3013 5084 3293 5146 inscribi‘
3357 5083 3588 5144 Nicetaa
3650 5083 3800 5141 Ser-

543 5205 750 5250 rarum
777 5189 1080 5269 episcopo
1111 5185 1209 5249 his
1227 5185 1433 5249 verbis
1459 5204 1472 5247 :
1494 5196 1795 5267 Συναγωγὴ
1825 5197 2138 5268 ἐξηγήσεων

2195 5197 2304 5251 ἀπό
2329 5215 2391 5251 τε
2427 5197 2594 5250 θείων
2627 5194 2890 5267 Πατὲρων
2922 5193 3018 5247 καὶ
3044 5188 3342 5244 τῶνοᾶλλων
3357 5189 3689 5245 διδασκάλων
3717 5187 3804 5249 εἰς

540 5296 641 5369 τὴν
663 5298 802 5370 πρὸς
834 5297 1116 5370 Ἐϐραίους
1166 5294 1485 5365 Ἐπιστολὴν
1516 5293 1609 5346 τοῦ
1635 5295 1790 5362 ἁγίου
1815 5297 2112 5350 ἀποστόλου
2140 5294 2381 5362 Παύλου,
2420 5296 2737 5364 συλλεγεῖσα
2785 5293 2936 5365 παρὰ
2976 5292 3069 5346 τοῦ
3117 5294 3409 5364 ἱερωτάτου
3467 5289 3802 5364 μητροπολί-

542 5398 976 5469 τουἮρακλειας
998 5406 1191 5470 κυρίου
1216 5397 1431 5465 Νικήτα
1456 5397 1551 5450 τοῦ
1574 5398 1684 5452 τῶν
1709 5396 1952 5468 Σερῤὦν.
1989 5390 2059 5449 Εἰ
2078 5389 2152 5449 ab

2191 5389 2304 5450 alia
2333 5405 2522 5450 manu
2549 5387 2614 5447 in
2644 5387 2899 5462 paginae
2943 5385 3114 5448 calce
3159 5385 3247 5447 sic
3289 5401 3300 5444 :
3346 5391 3476 5443 Ἀπὸ
3497 5389 3801 5463 ἑρμηνείας

542 5497 688 5570 παρὰ
725 5497 821 5551 τοῦ
849 5497 1084 5568 Σερρῶν.
1132 5490 1425 5568 Sequitur
1480 5503 1624 5551 mox
1652 5485 1978 5568 prologus,
2006 5487 2081 5546 de
2121 5506 2246 5566 quo
2301 5488 2451 5548 item
2485 5486 2638 5547 nihil
2671 5486 2821 5548 dicit
2874 5489 3231 5560 Cramerus;
3262 5485 3369 5547 sed
3404 5500 3546 5546 cum
3592 5488 3798 5543 totum

618 5678 692 5751 (αὶ
727 5676 854 5751 Qum
889 5684 1091 5751 _lomu_s
1149 5676 1239 5751 Yll
1303 5679 1563 5743 continet,
1600 5675 1791 5730 eadem
1832 5683 2005 5728 tomus
2037 5675 2178 5737 Vl",
2227 5684 2422 5743 prtcter
2457 5675 2818 5744 fragmentum
2859 5675 3057 5743 breve;
3110 5684 3287 5728 tomus
3331 5671 3396 5726 IX
3449 5683 3616 5722 unum
3647 5667 3818 5731 Ιιτίξζο,

545 5747 786 5804 méutum
817 5747 997 5810 habet,
1043 5747 1195 5800 Pl‘atl'.
1235 5764 1267 5815 ι)
1322 5764 1444 5800 xvm
