4076 6306
306 4930 318 5005 l

367 298 468 355 109
1747 304 2259 363 PRAEFATIONES.
3504 312 3608 369 HO

367 433 443 480 ex
468 414 868 479 Theodoreto
899 422 1089 497 atque
1112 417 1554 499 Chrysostomo
1586 431 1899 498 constare,
1930 424 2074 487 libri
2095 426 2244 488 editi
2271 426 2719 490 demonstrant.
2742 426 3166 498 Quamobrem
3195 426 3345 492 hinc
3367 428 3610 493 lacuum

361 519 601 598 aliquot
627 518 696 580 in
717 519 1057 582 Oxoniensi
1088 522 1364 587 editione
1401 526 1638 589 relictas
1680 528 1919 608 expleri
1952 531 2329 610 potuissent,
2390 537 2452 594 et
2512 530 2741 594 menda
2792 530 2980 593 etiam
3036 531 3271 596 codicis
3290 533 3606 608 Parisiaci,

359 618 456 681 vel
499 618 939 698 quorumlibet
993 620 1417 701 librariorum,
1466 624 1628 689 tolli.

435 721 599 784 Satis
627 727 875 784 constat
903 721 1200 801 Cyrillum
1227 745 1378 790 suos
1405 730 1891 794 commentarios
1934 733 2001 794 in
2046 751 2370 798 sermones
2410 732 2645 817 (λόγους)
2712 730 3126 806 distribuisse,
3160 730 3253 793 uti
3282 746 3503 811 reapse
3541 747 3609 792 se

360 824 549 888 habet
573 825 1063 889 commentarius
1089 826 1224 905 ejus
1254 828 1321 888 in
1354 828 1612 902 Isaiam,
1671 846 1792 892 nec
1826 848 1958 893 non
1996 833 2388 897 Thesaurus:
2417 850 2777 915 quanquam
2822 833 2868 894 ii
2916 847 3265 905 sermones,
3297 830 3609 893 sectiones

361 925 572 1004 potius
597 926 1192 989 commentariorum
1223 928 1473 990 dicendi
1493 938 1659 991 sunt.
1692 931 1871 993 Certe
1904 933 2174 998 Severus
2208 934 2635 1000 Antiochenus
2661 936 2828 1015 apud
2861 951 2980 996 nos
3016 933 3246 997 citabat
3288 933 3498 1013 Cyrilli
3543 933 3608 996 in

362 1026 482 1104 Ep.
526 1026 606 1085 II.
629 1025 707 1087 ad
738 1027 875 1087 Cor.
907 1024 1159 1086 tertium
1187 1031 1248 1087 et
1295 1026 1636 1105 septimum
1661 1044 2018 1092 sermonem
2045 1029 2260 1110 (λόγον)
2299 1031 2405 1112 (α).
2438 1034 2741 1095 Caeterum
2769 1035 3077 1112 generalis
3125 1034 3353 1097 horum
3401 1036 3607 1123 Cyrilli

363 1138 625 1200 operum
652 1126 1120 1203 exegeticorum
1176 1126 1391 1189 titulus
1412 1127 1603 1190 modo
1658 1126 1775 1191 fuit
1804 1140 1973 1210 épttm

1997 1139 2093 1206 εία,
2139 1133 2597 1211 interpretatio,
2651 1135 2842 1199 modo
2871 1145 3188 1217 ὑπόμνημα,
3219 1141 3607 1198 commenta-

360 1244 517 1289 l'lllS.
1692 1256 1695 1259 ’

446 1325 503 1403 5,.
537 1328 758 1408 Cyrilli
785 1334 1267 1395 commentarius
1294 1335 1362 1395 in
1398 1334 1783 1409 Psalmos.——
1809 1339 1959 1401 Post
2003 1338 2209 1418 Cyrilli
2237 1339 2313 1401 ad
2364 1345 2634 1419 quatuor
2661 1341 2836 1403 Pauli
2864 1344 3174 1424 Epistolas
3229 1352 3609 1408 commenta-

364 1428 516 1505 rios,
538 1432 613 1493 de
643 1434 922 1514 ejusdem
949 1436 1029 1497 ad
1056 1435 1425 1498 Psalterium
1446 1434 1983 1501 lucubrationibus
2017 1440 2292 1517 cogitare
2340 1458 2434 1503 cm
2441 1442 2530 1521 pi.
2562 1442 2809 1506 Etenim
2837 1460 2955 1521 ego
2974 1444 3351 1507 Balthasaris
3374 1444 3608 1508 Corde-

361 1534 439 1595 rii
462 1534 528 1595 in
546 1536 826 1597 Psalmos
862 1541 1144 1598 catenam
1172 1554 1317 1599 cum
1343 1536 1556 1615 aliquo
1588 1538 1884 1601 Vaticano
1912 1539 2133 1602 codice
2171 1539 2333 1602 forte
2373 1558 2766 1621 comparans,
2787 1545 2992 1606 statim
3023 1560 3399 1624 agnoveram
3428 1560 3607 1607 com-

358 1637 574 1717 plures
588 1638 798 1720 Cyrilli
812 1644 1019 1719 partes
1032 1640 1427 1703 Corderianm
1456 1640 1719 1703 editioni
1742 1642 1987 1707 deesse.
2002 1645 2220 1723 Itaque
2248 1645 2541 1706 constitui
2570 1661 2645 1707 ea
2672 1650 2918 1708 tantum
2938 1646 3152 1725 Cyrilli
3181 1651 3508 1725 segmenta
3530 1661 3608 1707 ex

356 1737 671 1801 Vaticanis
701 1740 1023 1804 codicibus
1055 1760 1327 1818 sumere,
1364 1761 1505 1824 qum
1531 1744 1598 1806 in
1629 1745 1829 1808 tribus
1863 1747 2256 1809 Corderianaa
2290 1753 2527 1811 catenae
2587 1748 3008 1812 voluminibus
3033 1766 3160 1813 non
3198 1748 3605 1831 apparebant.

353 1837 490 1899 Hoc
520 1845 815 1919 suscepto
844 1842 1193 1921 proposito,
1227 1842 1393 1924 coepi
1420 1843 1746 1906 Vaticanas
1778 1845 1855 1907 ad
1898 1845 2178 1909 Psalmos
2206 1852 2459 1909 catenas
2498 1852 2691 1925 prout
2730 1865 2799 1910 se
2851 1849 3083 1912 dabant
3138 1856 3457 1925 excutere,
3487 1855 3607 1912 tot-

354 1951 481 2014 que
514 1935 763 2000 illarum
803 1939 1016 2001 inveni
1058 1941 1330 2016 codices,
1363 1946 1433 2003 ut
1460 1941 1907 2004 duodecimum
1945 1960 2278 2006 numerum
2309 1943 2466 2006 mihi
2510 1945 2931 2025 expleverint;
2988 1964 3150 2027 quos
3211 1964 3329 2026 ego
3353 1946 3607 2010 codices

351 2035 421 2097 in
450 2035 595 2098 libri
622 2039 747 2100 mei
779 2041 1166 2120 marginibus
1208 2040 1446 2103 denoto
1484 2041 1703 2103 litteris
1754 2048 1822 2102 A.
1853 2045 1922 2103 Β.
1960 2044 2022 2104 C.
2065 2044 2135 2104 D.
2161 2044 2231 2104 E.
2264 2045 2329 2104 F.
2373 2046 2446 2106 G.
2480 2045 2556 2106 H.
2589 2047 2638 2107 Ι.
2680 2046 2753 2107 Κ.
2797 2047 2865 2106 L.
2898 2048 2977 2108 Μ.
3016 2049 3088 2109 Et
3108 2047 3364 2127 quidem
3395 2048 3604 2127 Cyrilli

351 2151 588 2199 nomen
624 2138 687 2200 in
721 2139 986 2219 singulis
1005 2141 1295 2205 codicum
1314 2141 1472 2205 locis
1499 2150 1808 2223 perpetuo
1839 2144 2154 2219 scribitur,
2184 2150 2255 2206 ut
2282 2144 2412 2207 dixi
2462 2146 2531 2208 in
2556 2146 2770 2210 adnot.
2803 2148 2883 2209 ad
2936 2165 3097 2211 vers.
3122 2148 3157 2209 9
3187 2148 3414 2230 psalmi
3468 2166 3599 2211 xu.

352 2240 463 2303 His
491 2242 734 2306 accedit
765 2245 1023 2309 unicum
1040 2246 1263 2311 folium
1291 2247 1679 2323 Veronense,
1716 2247 1795 2311 de
1822 2266 1949 2328 quo
1983 2266 2131 2313 mox
2186 2248 2432 2329 loquar.
2466 2250 2560 2312 Ibi
2587 2251 2908 2314 enimvero
2936 2257 3144 2333 empto
3169 2257 3230 2315 et
3258 2251 3446 2332 paulo
3468 2250 3605 2315 lon-

352 2345 492 2424 g’us
528 2363 867 2427 progresso
899 2363 1116 2428 Opere,
1148 2364 1293 2410 cum
1329 2346 1571 2411 inedita
1604 2348 1813 2428 Cyrilli
1838 2351 2097 2413 materia
2136 2349 2370 2413 aﬂ‘atim
2407 2356 2470 2412 et
2500 2368 2690 2431 supra
2724 2367 2979 2414 omnem
3017 2369 3197 2432 spem
3226 2351 3598 2428 abundaret,

351 2449 718 2529 poenitentia
747 2466 848 2511 me
874 2450 1065 2529 cepit,
1094 2449 1266 2530 quod
1295 2449 1735 2530 supplementa
1756 2450 1966 2528 Cj'rilli
2000 2467 2286 2514 seorsum
2324 2467 2361 2512 a
2387 2456 2606 2514 catena
2634 2451 2912 2515 Corderii
2941 2452 3110 2532 typis
3138 2451 3451 2516 excudere
3506 2454 3598 2517 in-

350 2552 710 2627 stituissem,
744 2570 890 2616 cum
922 2562 1139 2617 contra
1195 2554 1580 2635 oportuisset
1625 2553 2034 2617 Corderianas
2086 2554 2300 2634 potius
2337 2552 2545 2633 Cyrilli
2596 2559 2808 2634 partes
2859 2555 3024 2617 inter
3054 2553 3199 2616 libri
3239 2554 3366 2616 mei
3398 2554 3599 2619 multo

348 2651 674 2715 uberiores
711 2670 785 2716 ac
812 2654 1277 2734 prmstantiores
1330 2654 1573 2718 divitias
1602 2670 1937 2717 conserere
1974 2673 1988 2715 :
2027 2671 2155 2735 quo
2184 2653 2372 2729 facto,
2405 2654 2722 2733 integrum
2749 2671 2953 2739 pr0pe
2980 2656 3187 2735 Cyrilli
3210 2657 3289 2719 ad
3318 2657 3598 2722 Psalmos

349 2756 870 2817 commentarium
895 2756 961 2818 in
989 2758 1212 2820 seriem
1252 2757 1684 2820 restituissem.
1718 2759 1912 2820 Tanta
1942 2758 2111 2820 enim
2147 2762 2239 2820 est
2274 2757 2625 2838 Cyrillianm
2667 2758 2760 2820 rei
2812 2758 2880 2820 in
2918 2759 3231 2824 Vaticanis
3271 2761 3596 2826 codicibus

346 2853 556 2933 copia,
593 2862 664 2917 ut
702 2854 1049 2934 fragmenta
1085 2857 1352 2921 antehac
1414 2857 1579 2920 edita
1612 2857 1802 2935 longe
1838 2864 2094 2939 superet
2134 2859 2503 2938 Obruatque.
2556 2860 2737 2922 Nunc
2784 2859 2931 2939 qnia
2976 2860 3306 2923 consilium
3349 2869 3593 2926 mutare

347 2959 557 3033 empto
591 2954 657 3017 in
687 2973 881 3036 opere
925 2974 1054 3020 non
1086 2958 1336 3034 licebat,
1370 2966 1658 3038 superest
1685 2966 1755 3022 ut
1787 2966 1921 3022 tum
1949 2960 2204 3023 demum
2242 2966 2411 3023 totus
2447 2960 2653 3040 Cyrilli
2679 2961 2743 3022 in
2778 2962 3056 3023 Psalmos
3103 2964 3593 3026 commentarius

346 3071 475 3117 una
503 3056 665 3117 serie
697 3064 1105 3120 connectatur
1138 3056 1247 3139 (b),
1284 3075 1425 3121 cum
1454 3057 1664 3119 omnia
1700 3058 2073 3120 sanctissimi
2099 3057 2211 3119 viri
2240 3074 2456 3138 opera,
2496 3058 2727 3138 partim
2750 3057 2957 3121 adhuc
2992 3058 3276 3139 dispersa
3306 3066 3415 3122 aut
3437 3077 3590 3142 per-

345 3155 592 3219 turbata
618 3205 632 3229 ,
674 3174 841 3221 novo
876 3176 946 3222 ac
979 3158 1242 3224 meliore
1285 3167 1595 3241 apparatu
1632 3158 1931 3234 edentur;
1971 3159 2142 3240 quod
2192 3158 2326 3221 fore
2359 3176 2653 3239 auguror,
2688 3164 2748 3223 et
2773 3159 2838 3223 in
2884 3159 3227 3240 superioris
3256 3160 3594 3225 voluminis

347 3257 619 3336 prologo
647 3261 798 3321 satis
825 3262 1013 3323 suasi.

425 3358 486 3423 6.
513 3362 774 3423 Codice:
803 3364 966 3425 unde
995 3373 1275 3445 sumptus
1307 3364 1603 3442 Cyrillus.
1634 3399 1709 3409 —
1738 3365 1894 3427 Sunt
1923 3369 2131 3425 autem
2169 3368 2527 3426 catenarum
2565 3362 2630 3424 in
2670 3361 2949 3425 Psalmos
2977 3362 3260 3425 Vaticani
3315 3364 3588 3441 codices,

345 3462 519 3525 unde
546 3480 661 3526 nos
691 3465 986 3544 Cyrillum
1015 3466 1360 3540 hausimus,
1392 3466 1481 3528 hi.
1512 3469 1563 3528 Ι.
1600 3466 1809 3529 Codex
1850 3482 2040 3545 quem
2066 3470 2133 3526 A.
2166 3464 2441 3545 appello,
2482 3463 2645 3526 inter
2702 3469 2963 3526 caateros
3012 3469 3340 3545 praestans,
3382 3482 3586 3527 mem-

348 3559 647 3639 braneus,
681 3566 898 3629 saeculi
940 3584 1076 3642 xm,
1116 3567 1182 3628 in
1211 3566 1322 3629 fol.
1355 3566 1645 3628 Continet
1683 3566 1735 3627 is
1787 3566 2020 3628 Nicetae
2047 3565 2114 3626 in
2150 3565 2431 3627 Psalmos
2453 3566 2704 3627 Patrum
2753 3570 3061 3642 catenam,
3114 3566 3378 3647 praeﬁxo
3432 3584 3584 3648 pro-

348 3663 527 3744 logo,
577 3686 761 3748 quem
807 3686 926 3732 nos
978 3676 1121 3733 ante
1170 3670 1465 3750 Cyrillum
1518 3675 1801 3733 nostrum
1844 3674 2087 3730 exstare
2137 3667 2468 3731 voluimus.
2516 3669 2623 3729 Est
2656 3668 2758 3731 hic
2795 3667 2965 3730 idem
2994 3668 3197 3730 codex
3232 3668 3403 3731 unde
3436 3669 3588 3731 olim

350 3763 809 3830 Felckmannus
835 3784 998 3829 nova
1033 3769 1245 3846 magni
1283 3767 1602 3829 Athanasii
1633 3768 1711 3829 ad
1738 3764 2021 3827 Psalmos
2048 3765 2394 3843 fragmenta
2423 3766 2662 3840 extulit,
2688 3782 2830 3847 quae
2859 3766 2924 3827 in
2947 3767 3401 3831 Montfauconii
3440 3769 3582 3833 edi-

345 3862 519 3926 tione
576 3866 785 3928 videre
827 3875 940 3929 est.
988 3866 1142 3939 Quia
1193 3883 1338 3927 vero
1382 3865 1484 3927 hic
1538 3865 1739 3927 codex
1790 3864 2045 3926 nonnisi
2091 3880 2291 3944 usque
2322 3864 2396 3925 ad
2438 3864 2747 3944 psalmum
2790 3881 2987 3926 LXXVI
3031 3866 3394 3946 porrigitur,
3437 3872 3584 3933 satis

345 3971 595 4027 constat
627 3965 847 4029 deesse
893 3967 1157 4030 alterum
1202 3966 1371 4047 paris
1421 3964 1605 4027 molis
1634 3962 1951 4034 volumen,
1983 3965 2154 4044 quod
2184 3981 2336 4025 num
2373 3963 2602 4027 alicubi
2633 3962 2838 4027 adhuc
2873 3971 3094 4041 exstet,
3130 3966 3309 4030 valde
3340 3968 3579 4033 dubito.

343 4070 420 4130 II.
447 4069 654 4133 Codex
680 4072 776 4145 B.,
811 4071 1197 4145 chartaceus,
1222 4069 1437 4132 saeculi
1457 4087 1569 4143 xv,
1600 4067 1738 4142 fol.,
1779 4068 1845 4129 in
1875 4067 2000 4131 duo
2026 4085 2250 4146 magna
2269 4066 2587 4131 volumina
2615 4067 2999 4148 dispertitus,
3028 4086 3173 4132 cum
3211 4075 3428 4134 catena
3461 4074 3579 4136 Pa-

342 4175 509 4231 trum
547 4170 626 4232 ad
658 4171 1023 4235 Psalterium
1063 4177 1263 4234 totum
1305 4170 1757 4251 copiosissima.
1793 4172 1990 4243 Quare
2022 4175 2082 4232 et
2114 4169 2216 4232 hic
2264 4170 2428 4231 inter
2460 4168 2592 4232 fere
2631 4169 3055 4231 nobilissimos
3096 4168 3425 4233 habendus
3465 4180 3579 4235 est.

337 4271 445 4331 III.
471 4271 681 4333 Codex
699 4272 789 4347 C.,
821 4272 1261 4352 bombycinus,
1285 4272 1351 4334 in
1370 4271 1427 4345 4,
1457 4289 1602 4334 saec.
1636 4289 1772 4346 xxv,
1808 4270 1918 4350 qui
1960 4277 2191 4350 printer
2228 4277 2513 4333 catenam
2543 4269 2731 4333 habet
2763 4270 2949 4332 etiam
2978 4269 3333 4349 adjunctam
3363 4289 3580 4350 quam-

341 4370 485 4431 dam
529 4370 992 4451 paraphrasim;
1038 4371 1123 4433 ita
1168 4379 1379 4434 tamen
1407 4376 1476 4432 ut
1512 4387 1548 4432 a
1586 4369 1746 4452 psal.
1788 4387 1996 4431 xxxv:
2031 4371 2108 4432 ad
2139 4388 2199 4431 LI
2226 4377 2287 4433 et
2308 4370 2627 4432 interdum
2669 4367 2819 4431 alibi
2857 4366 3244 4430 scholiorum
3281 4370 3580 4433 comitatu

343 4468 738 4533 destituatur.
767 4472 867 4532 IV.
902 4472 1111 4535 Codex
1152 4474 1250 4548 D.,
1288 4472 1579 4545 membr.,
1613 4471 1681 4532 in
1728 4469 1868 4546 fol.,
1907 4488 2054 4532 seco.
2102 4489 2191 4545 x1,
2248 4471 2426 4533 valde
2481 4469 2730 4544 nobilis,
2781 4486 2923 4531 cum
2968 4475 3276 4549 perpetua
3336 4477 3575 4549 catena,

343 4585 487 4631 cum
511 4569 954 4651 hexaplaribus
992 4572 1057 4633 in
1118 4571 1396 4649 margine
1449 4567 1878 4641 varietatibus,
1926 4572 1988 4629 et
2016 4585 2157 4629 cum
2191 4567 2411 4646 grandi
2466 4568 2743 4646 isagoge,
2784 4584 2862 4628 ex
2909 4582 3033 4647 qua
3074 4567 3577 4633 Montfauconius

338 4670 405 4732 in
446 4671 588 4735 aliis
628 4673 789 4736 lecta
830 4674 1154 4737 codicibus
1198 4674 1315 4734 tria
1359 4672 1643 4750 Origenis
1689 4668 1993 4751 Opuscula
2044 4670 2238 4732 edidit
2293 4678 2440 4733 ante
2468 4668 2966 4749 celeberrimam
3021 4687 3196 4732 suam
3249 4674 3573 4754 Hemaplo-

338 4788 475 4831 rum
506 4773 988 4835 restitutionem.
1038 4774 1110 4833 V.
1163 4772 1371 4834 Codex
1399 4772 1495 4845 E.,
1545 4770 2010 4844 membraneus,
2058 4769 2196 4845 fol.,
2230 4787 2375 4832 saec.
2425 4788 2560 4845 xxv,
2593 4775 2812 4832 catena
2841 4769 2907 4830 in
2946 4774 3146 4831 totum
3180 4758 3569 4836 Psalterium.

337 4871 435 4933 VI.
484 4873 692 4934 Codex
721 4875 812 4948 F.,
849 4874 917 4935 in
962 4872 1045 4948 4.,
1079 4873 1546 4945 membraneus,
1578 4870 1791 4932 saeculi
1835 4888 1903 4931 x1
1932 4871 2029 4932 vel
2058 4888 2176 4947 xu,
2210 4871 2481 4949 eleganti
2523 4870 2887 4951 scriptione,
2917 4869 2985 4931 in
3027 4870 3306 4935 Psalmos
3349 4890 3571 4936 omnes

339 4979 575 5036 catena.
626 4976 754 5037 VII.
800 4975 1007 5036 Codex
1061 4977 1158 5049 G.,
1207 4974 1344 5050 fol.,
1387 4975 1609 5044 chart.,
1670 4993 1914 5052 recens,
1973 4985 2192 5039 catena
2239 4992 2273 5037 a
2311 4974 2551 5055 psalmo
2588 4989 2648 5033 L1
2682 4990 2885 5052 usque
2908 4971 2986 5035 ad
3034 4973 3224 5036 ﬁnem
3261 4976 3564 5038 Psalterii.

340 5075 495 5137 VII].
520 5076 727 5140 Codex
756 5078 860 5151 H.,
882 5076 1020 5149 fol.,
1053 5075 1275 5152 chart.,
1307 5076 1374 5139 in
1406 5076 1532 5137 duo
1555 5075 1872 5138 volumina
1894 5082 2121 5152 sectus,
2155 5076 2262 5156 qui
2284 5075 2400 5138 fuit
2430 5074 2580 5137 olim
2610 5074 3565 5154 GibertiepiscOineronensis,

343 5180 556 5239 catena
578 5176 772 5239 densa
801 5192 836 5237 a
870 5172 1109 5255 psalmo
1131 5192 1210 5236 Lv
1236 5174 1303 5236 in
1334 5191 1554 5237 omnes
1583 5174 1883 5255 reliquos,
1916 5193 2057 5255 qum
2086 5192 2228 5236 cum
2248 5172 2352 5235 illa
2374 5178 2710 5253 praestante
2731 5171 2968 5235 codicis
2996 5173 3064 5231 B.
3098 5171 3274 5233 valde
3307 5176 3566 5254 conspi-

337 5280 449 5335 rat.
484 5277 589 5338 IX.
614 5276 823 5338 Codex
856 5277 905 5347 Ι,
938 5274 1228 5346 membr.,
1262 5272 1398 5348 fol.,
1450 5292 1596 5336 smc.
1638 5292 1752 5350 xu,
1802 5280 2022 5337 catena
2060 5292 2094 5336 a
2135 5273 2292 5355 psal.
2326 5273 2531 5354 primo
2574 5272 2654 5335 ad
2693 5270 3319 5351 quinquagesimum;
3372 5292 3567 5355 quare

338 5375 445 5451 vix
469 5382 561 5438 est
597 5375 1036 5449 dubitandum,
1064 5376 1216 5456 quin
1252 5374 1372 5437 alia
1404 5375 1529 5439 duo
1569 5378 1737 5458 paris
1765 5376 1951 5438 molis
1989 5375 2306 5439 volumina
2352 5375 2705 5439 interierint
2736 5374 2834 5436 vel
2876 5371 3107 5435 alicubi
3168 5371 3422 5438 lateant.
3460 5379 3566 5440 Est

336 5492 477 5538 vero
513 5474 617 5538 hic
662 5474 864 5540 codex
897 5473 1094 5537 multo
1128 5476 1515 5550 utilissimus,
1552 5478 1698 5556 quia
1728 5476 2001 5557 spatiosa
2044 5492 2210 5556 pene.
2260 5491 2393 5555 praa
2443 5472 2686 5536 caeteris
2724 5468 3007 5559 continet
3043 5469 3292 5534 Patrum
3341 5490 3566 5537 excer-

1976 5659 1987 5673 ν
2065 5637 2136 5707 (b)
2182 5637 2337 5704 Quod
2395 5638 2451 5692 in
2498 5638 2599 5692 hac
2649 5634 2943 5691 novissima
3000 5635 3240 5693 editione
3302 5637 3556 5693 fecimus.

407 5636 474 5710 la)
501 5640 635 5696 Vide
668 5648 785 5695 not.
806 5639 895 5711 #ad
920 5637 1104 5711 Cyrilli
1128 5640 1530 5711 Expositionem
1571 5641 1626 5696 in
1657 5642 1701 5696 ll
1731 5640 1881 5705 Cor.,

1640 5718 1646 5725 '
1712 5715 1718 5721 '
2003 5709 2153 5765 Enn.
2188 5708 2347 5761 Pun.

328 5722 449 5782 cap.
478 5726 594 5776 xui,
623 5725 773 5765 vers.
804 5709 857 5763 5.
