4076 6306
502 299 598 353 Hi
1855 294 2061 352 (ΞΛΜ).
2094 297 2112 351 ἔ

2151 296 2254 353 NG.
2300 294 2418 350 MAI
3048 323 3050 328 -
3648 291 3761 347 ΗΞ

505 421 647 495 pta:
682 426 822 492 qua)
843 427 943 472 res
980 424 1080 470 me
1111 407 1449 470 commovit
1474 414 1567 483 ut,
1609 415 1838 488 praeter
1867 408 2188 488 Cyrillum,
2220 408 2375 469 alios
2405 423 2662 487 quoque
2693 407 2932 487 aliquot
2970 422 3374 486 excerperem
3415 406 3632 468 Patres
3659 405 3760 467 in—

506 517 729 589 editos,
771 531 930 594 quos
967 521 1252 592 tempore
1295 511 1629 573 commodo
1677 512 1743 573 in
1780 511 1984 574 lucem
2027 511 2364 592 proferam.
2418 513 2492 571 X.
2540 511 2750 574 Codex
2789 515 2889 587 K.,
2931 511 3221 583 membr.,
3257 510 3393 584 fol.,
3437 527 3584 573 saec.
3631 527 3750 579 xu,

503 623 722 680 catena
754 615 995 691 integra
1036 613 1102 673 in
1133 610 1436 684 Psalmos,
1471 629 1610 673 cum
1659 610 1766 673 illa
1795 629 2050 691 quoque
2072 613 2331 690 isagoge
2362 611 2440 672 de
2463 627 2588 690 qua
2619 610 2748 673 dixi
2771 611 2848 674 ad
2900 613 3039 674 cod.
3103 613 3173 672 D.
3198 614 3268 672 In
3319 611 3436 673 hac
3492 613 3750 690 isagoge

500 727 651 781 sunt
674 715 862 777 etiam
890 711 1275 775 Theodoreti
1311 719 1681 790 argumenta
1726 713 2138 789 Psalmorum,
2181 714 2380 777 multo
2411 715 2594 776 editis
2644 713 2953 793 pleniora,
3000 730 3363 792 quanquam
3405 712 3753 775 identidem

497 827 667 884 certe
694 817 1073 899 interpolata
1111 821 1278 878 sunt.
1306 817 1411 876 XI.
1443 815 1651 877 Codex
1686 817 1782 892 L.,
1810 817 2103 890 membr.,
2137 816 2204 877 in
2239 815 2297 890 4,
2332 815 2550 878 saeculi
2585 817 2782 876 ferme
2823 833 2913 876 xu
2951 824 3056 878 aut
3085 836 3221 892 xm,
3248 826 3466 881 catena
3496 818 3561 880 in
3601 819 3750 881 uni-

495 942 749 988 versum
776 921 1172 993 Psalterium,
1213 933 1358 980 cum
1389 915 1689 996 praedicta
1732 915 2017 994 isagoge.
2050 915 2405 994 Caeteroqui
2440 913 2542 976 hic
2574 913 2777 976 codex
2825 914 3072 976 mendis
3109 915 3405 978 abundat.
3463 917 3593 976 XII.
3631 918 3753 978 Co-

494 1035 615 1094 dex
635 1032 742 1104 M.,
776 1031 999 1102 chart.,
1039 1025 1178 1099 fol.,
1212 1039 1356 1084 saec.
1394 1039 1508 1096 xv,
1560 1020 1627 1081 in
1659 1020 2020 1082 universum
2055 1019 2425 1081 Psalterium
2478 1023 2720 1081 catena.
2773 1019 2986 1079 Patres
3017 1023 3227 1080 autem
3268 1018 3332 1078 in
3371 1017 3470 1079 his
3512 1016 3765 1079 catenis

491 1131 728 1194 laudati
759 1147 948 1211 supra
979 1124 1433 1206 quinquaginta
1461 1128 1628 1195 sunt,
1665 1138 1897 1201 nempe
1935 1121 2312 1193 Anastasius,
2340 1119 2618 1181 Andreas
2654 1119 3034 1200 (Cretensis),
3069 1122 3438 1198 Anonymus
3469 1119 3750 1199 quidam,

494 1235 865 1309 Antiochus,
898 1230 1298 1312 Apollinaris,
1325 1226 1610 1300 Arethas,
1643 1226 1961 1299 Arsenius,
2005 1225 2301 1300 Asterius,
2336 1241 2505 1286 nunc
2537 1224 2671 1286 sine
2697 1224 3014 1303 adjuncto,
3044 1237 3214 1283 nunc
3251 1221 3535 1295 Arianus,
3568 1218 3754 1280 Atha-

496 1336 733 1410 nasius,
776 1333 1064 1402 Basilius,
1106 1331 1458 1406 Cassianus,
1489 1330 1797 1402 Clemens,
1842 1328 2107 1408 Cyrillus
2143 1329 2345 1403 Alex.,
2383 1327 2651 1407 Cyrillus
2695 1325 3037 1400 Hierosol.,
3075 1324 3339 1404 Cyrillus
3395 1325 3748 1404 presbyter,

495 1435 821 1513 Didymus,
881 1430 1219 1504 Diodorus,
1278 1429 1640 1509 Dionysius,
1705 1427 2080 1504 Dorotheus,
2130 1427 2551 1508 Ephraamius,
2599 1428 3020 1507 Epiphanius,
3074 1425 3394 1502 Evagrius,
3447 1422 3752 1500 Eulogius
3871 1435 3875 1438 ‘

493 1533 697 1605 Alex.,
731 1530 1039 1592 Ensebius
1069 1531 1321 1604 Caesam,
1363 1529 1749 1604 Gennadius,
1781 1530 2108 1606 Georgius,
2159 1529 2530 1602 Germanus,
2584 1526 2923 1605 Gregorius
2959 1527 3134 1598 Naz.,
3165 1522 3506 1600 Gregorius
3536 1523 3752 1601 Nyss.,

481 1633 872 1707 Hadrianus,
904 1629 1279 1711 Hesychius,
1318 1631 1766 1710 Hieronymus,
1797 1630 2132 1711 Hypatius,
2166 1632 2440 1692 Joannes
2471 1628 2970 1708 Chrysostomus,
3004 1628 3280 1688 Joannes
3311 1626 3753 1696 Damascenus,

479 1735 795 1806 lsidorus,
841 1733 1172 1806 Maximus,
1203 1732 1676 1812 Metaphrastes,
1721 1731 2101 1808 Methodius,
2133 1731 2599 1812 MetrOphanes,
2644 1731 2890 1792 Nicetas
2930 1728 3142 1803 David,
3168 1727 3366 1802 Nilus,
3417 1724 3752 1804 Olympio-

497 1839 714 1910 dorus,
765 1835 1097 1912 Origenes,
1150 1832 1332 1896 Philo
1385 1836 1605 1911 Hebr.,
1659 1835 1947 1911 Photius,
1988 1837 2276 1910 Severus,
2325 1833 2597 1908 Scholia,
2636 1830 3096 1909 Theodoretus,
3130 1832 3524 1904 Theodorus,
3550 1826 3745 1890 modo

481 1942 631 2002 sine
665 1939 960 2019 adjuncto
996 1938 1282 2018 (fortasse
1315 1939 1771 2021 Heracleotes),
1805 1940 1999 2003 modo
2027 1939 2455 2003 Antiochenus
2487 1938 2586 2000 vel
2618 1939 3040 2018 M0psuestiai,
3097 1935 3497 1998 Theodosius
3549 1932 3754 2013 (cujus

497 2056 617 2100 nos
673 2037 824 2100 olim
859 2036 1172 2100 edidimus
1204 2037 1447 2101 scholia
1476 2038 1765 2119 quaedam
1797 2039 1875 2102 ad
1903 2038 2274 2119 Danielem),
2310 2037 2698 2111 Theodotus,
2732 2035 3144 2116 Theophilus,
3185 2042 3248 2098 et
3275 2035 3539 2097 fortasse
3584 2045 3754 2092 non-

495 2142 655 2205 nulli
683 2142 810 2205 alii.
839 2142 1118 2205 Citantur
1153 2149 1460 2224 praeterea
1495 2143 1835 2222 aliquando
1863 2149 2072 2206 textus
2090 2144 2416 2217 Hebraeus,
2441 2140 2847 2220 Septuaginta
2873 2143 3278 2220 Interpretes,
3309 2132 3554 2214 Aquila,
3579 2130 3758 2208 Sym-

493 2239 778 2315 machus,
815 2239 1190 2314 Theodotio,
1230 2245 1291 2300 et
1317 2239 1540 2312 Quinta
1581 2257 1656 2302 ac
1691 2242 1877 2302 Sexta
1900 2240 2248 2303 Editiones.
2278 2241 2370 2303 Ex
2395 2240 2493 2302 his
2529 2241 2802 2320 quisque
2835 2239 3118 2303 eruditus
3162 2239 3354 2312 videt,
3391 2231 3609 2315 quanti
3657 2227 3753 2290 la-

497 2355 672 2410 teant
707 2349 774 2410 in
799 2347 897 2410 his
931 2347 1257 2411 codicibus
1286 2346 1589 2411 doctrinae
1619 2347 1922 2422 thesauri,
1963 2348 2072 2428 qui
2109 2347 2502 2428 singulorum
2551 2349 2804 2410 Patrum
2848 2346 3157 2410 editiones
3192 2338 3513 2405 cumulare
3565 2340 3754 2415 pote-

496 2455 662 2525 runt,
697 2449 794 2512 vel
826 2449 1013 2512 etiam
1043 2449 1332 2530 primitus
1368 2448 1435 2510 in
1476 2448 1798 2528 publicam
1834 2427 2043 2512 lucem
2082 2427 2410 2512 vindicari.
2471 2450 2599 2511 Nos
2641 2449 2885 2511 interea
2935 2465 3136 2511 unum
3185 2465 3262 2509 ex
3310 2450 3403 2506 tot
3457 2439 3752 2522 Cyrillum

497 2552 986 2616 Alexandrinum
1016 2551 1471 2632 excerpsimus,
1503 2558 1564 2613 et
1601 2552 1996 2629 singulorum
2039 2552 2333 2614 codicum
2370 2553 2740 2615 indicativas
2764 2553 3002 2615 litteras
3028 2550 3092 2611 in
3126 2547 3266 2609 libri
3293 2542 3492 2606 nostri
3520 2539 3752 2617 margi-

497 2655 682 2716 nibus
709 2652 787 2715 ad
831 2659 1202 2733 perpetuam
1231 2653 1508 2714 veritatis
1528 2653 2131 2716 demonstrationem
2161 2655 2474 2718 laboriosa
2511 2655 2840 2718 sedulitate
2872 2654 3301 2735 ascripsimus.

575 2756 635 2814 7.
681 2753 907 2831 Cyrilli
942 2755 1366 2834 fragmentum
1408 2759 1754 2820 Veronense
1786 2769 1844 2821 et
1882 2759 2032 2821 alia.
2061 2795 2136 2804 —
2167 2761 2304 2822 Dixi
2354 2767 2561 2837 antea,
2599 2779 2703 2825 me
2731 2761 2810 2824 de
2852 2759 3203 2823 Veronensi
3239 2772 3497 2839 quoque
3543 2751 3757 2832 Cyrilli

497 2861 850 2938 fragmento
877 2859 1262 2923 locuturum.
1294 2864 1378 2924 Ea
1406 2880 1506 2925 res
1535 2864 1620 2926 ita
1645 2881 1712 2926 se
1743 2863 1934 2926 habet
1962 2882 1975 2925 :
2002 2869 2181 2928 Anno
2211 2864 2381 2940 181:4,
2407 2871 2738 2946 postquam
2767 2867 2984 2927 Romae
3005 2869 3134 2944 jam
3163 2859 3458 2941 Cyrillum
3488 2857 3554 2918 in
3576 2852 3755 2916 Pauli

495 2961 806 3042 Epistolas
832 2962 1001 3042 typis
1023 2959 1486 3044 impresseiam,
1521 2964 1931 3044 ejusdemque
1961 2964 2027 3026 in
2047 2965 2328 3027 Psalmos
2353 2966 2878 3028 commentarium
2916 2965 3141 3044 partim
3177 2978 3357 3041 aeque
3387 2957 3566 3040 prelo
3595 2972 3751 3034 sup-

498 3079 858 3144 posueram,
891 3061 1056 3124 facto
1086 3063 1150 3124 in
1182 3061 1648 3126 autumnalibus
1683 3063 1857 3126 feriis
1896 3081 2012 3144 per
2043 3066 2438 3146 superiorem
2469 3065 2711 3127 Italiam
2744 3082 3036 3138 excursu,
3071 3062 3352 3125 Venetiis
3387 3058 3594 3140 primo
3627 3056 3750 3134 Cy-

499 3169 622 3231 rilli
643 3168 991 3247 fragmenta
1012 3168 1091 3230 ad
1119 3170 1363 3246 Regum
1384 3167 1580 3231 libros
1601 3185 1678 3230 ex
1709 3167 1909 3230 nobili
1937 3169 2252 3231 Marciano
2282 3167 2502 3231 codice
2533 3167 2785 3246 collegi.
2829 3167 3064 3244 Deinde
3094 3167 3408 3227 Veronam
3459 3159 3750 3229 veniens,

504 3271 673 3332 adita
723 3273 855 3332 BR.
887 3271 1348 3334 Canonicorum
1382 3270 1617 3350 insigni
1664 3270 1954 3334 codicum
2017 3270 2426 3346 bibliotheca,
2472 3271 2733 3351 quaesivi
2769 3288 2806 3332 a
2855 3267 3335 3332 bibliothecario
3394 3279 3548 3325 num
3597 3259 3750 3340 quid

496 3376 586 3436 ibi
612 3375 820 3454 Cyrilli
859 3383 1367 3449 conservaretur;
1400 3376 1509 3454 qui
1557 3375 1708 3437 mihi
1771 3375 1978 3437 statim
2031 3374 2255 3438 folium
2295 3375 2544 3449 obtulit,
2595 3375 2762 3436 inter
2813 3373 3066 3436 codices
3101 3371 3230 3431 illic
3285 3368 3748 3433 conservatum,

499 3476 673 3554 quod
703 3474 928 3554 cupide
963 3476 1327 3556 inspiciens,
1356 3481 1560 3560 ipsam
1588 3497 1725 3543 esse
1763 3479 2032 3558 cognovi
2054 3479 2264 3560 Cyrilli
2294 3479 2731 3560 praafationem
2769 3475 2934 3558 (quae
2978 3476 3044 3536 in
3073 3471 3388 3539 Vaticanis
3421 3465 3752 3531 codicibus

499 3580 733 3659 deerat)
776 3583 853 3644 ad
911 3601 1093 3645 suum
1145 3585 1212 3646 in
1250 3585 1532 3648 Psalmos
1565 3586 2112 3661 commentarium,
2141 3602 2332 3666 quem
2364 3603 2507 3665 ego,
2539 3591 2608 3647 ut
2640 3583 2792 3658 dixi,
2817 3582 2947 3662 jam
2978 3576 3342 3657 imprimere
3371 3562 3748 3647 acephalum

501 3682 724 3742 Romae
759 3699 1098 3764 cceperam.
1123 3687 1288 3766 Ergo
1337 3689 1476 3750 data
1505 3705 1541 3751 a
1565 3689 1698 3750 BR.
1741 3689 2068 3752 Canonicis
2107 3689 2382 3768 benigne
2410 3690 2588 3752 venia
2635 3685 2966 3767 gemmulaa
3014 3684 3201 3766 hujus
3233 3673 3554 3754 exemplar
3580 3669 3747 3750 pari-

499 3787 617 3846 bus
661 3783 1004 3850 litterarum
1042 3788 1261 3854 formis
1290 3792 1594 3866 faciendi,
1659 3799 1848 3874 prout
1909 3811 2076 3855 nunc
2132 3793 2199 3854 in
2251 3795 2461 3857 tabula
2515 3799 2728 3856 nostra
2775 3789 3165 3869 conspicitur
3227 3780 3352 3859 (a);
3421 3789 3570 3835 mox
3623 3769 3747 3831 ibi‘

501 3881 646 3944 dem
691 3884 814 3963 legi
872 3887 1061 3949 etiam
1115 3892 1617 3972 manuscriptum
1669 3892 2112 3972 capitularium
2143 3894 2432 3956 codicum
2468 3893 2817 3956 indiculum
2853 3908 2888 3952 a
2926 3887 3222 3969 Scipione
3279 3878 3547 3943 Mali‘aaio
3598 3888 3751 3935 con.

503 3984 852 4057 fectum,in
893 4006 1022 4067 quo
1051 3990 1168 4051 sub
1218 4009 1485 4056 numero
1534 3991 1643 4055 119
1675 3992 1768 4052 vir
1809 3992 1915 4057 ille
1967 3991 2388 4069 doctissimus,
2433 3993 2750 4074 Cyrilliani
2821 3991 2957 4055 folii
3013 3994 3191 4052 antea
3249 3995 3603 4065 possessor,
3641 3976 3751 4038 ita

501 4082 724 4146 scribit
760 4104 772 4147 :
813 4088 1078 4151 «Codex
1109 4096 1388 4167 nonest,
1423 4110 1613 4172 quem
1650 4093 1752 4157 hic
1781 4093 1919 4168 tibi,
1949 4093 2172 4167 lector,
2203 4110 2413 4168 narro,
2463 4094 2573 4156 sed
2610 4093 2854 4174 pagella
2886 4108 3012 4152 una
3047 4082 3438 4150 membranei
3482 4077 3748 4150 codicis,

501 4189 561 4244 et
591 4186 846 4265 quidem
877 4190 1061 4253 exilis
1077 4192 1439 4254 admodum.
1464 4196 1744 4260 Abscissa
1775 4196 1995 4277 procul
2018 4196 2210 4259 dubio
2235 4196 2376 4271 fuit,
2409 4196 2788 4258 detrimento
2811 4210 3066 4273 magno,
3087 4188 3517 4254 emolumento
3540 4179 3746 4254 nullo,

502 4287 578 4347 ab
611 4288 842 4351 eximio
872 4296 934 4352 et
962 4291 1142 4354 multi
1171 4292 1462 4356 faciendo
1501 4294 1740 4359 libello.
1774 4296 1886 4370 Qui
1923 4313 2061 4359 eam
2091 4296 2168 4357 ad
2200 4314 2301 4359 me
2335 4295 2528 4371 misit,
2566 4295 2858 4358 daturum
2892 4311 2962 4356 se
3001 4290 3177 4355 brevi
3212 4282 3564 4370 persimiles
3594 4280 3750 4342 alias

499 4386 748 4463 multas,
783 4391 1240 4473 subsequentes
1264 4401 1442 4475 puto,
1485 4399 1860 4478 spopondit;
1891 4399 2002 4461 sed
2055 4399 2133 4462 ab
2160 4399 2342 4461 annis
2399 4397 2688 4476 pluribus
2734 4395 3168 4478 nequidquam
3214 4393 3535 4470 exspecto.
3578 4383 3748 4447 Scri-

496 4493 676 4564 ptum
729 4487 954 4551 litteris
1009 4493 1354 4573 majoribus
1411 4503 1688 4571 constat,
1731 4498 2097 4561 accentibus
2151 4515 2187 4560 a
2235 4497 2437 4576 prima
2495 4513 2688 4559 manu
2750 4495 3198 4578 superpositis;
3249 4489 3585 4571 septimum
3644 4488 3754 4545 aut

498 4595 788 4650 octavum
818 4592 1120 4655 saeculum
1159 4596 1419 4658 redolet.
1452 4599 1544 4660 Ne
1577 4597 1781 4660 avolet
1816 4597 2067 4678 pagella
2127 4603 2190 4659 et
2219 4597 2540 4677 depereat,
2572 4602 2641 4659 ut
2680 4597 2860 4659 initio
2890 4614 3096 4676 nuper
3125 4593 3304 4656 relati
3340 4587 3576 4653 codicis
3603 4583 3750 4646 dili-

498 4700 718 4767 genter
751 4703 1132 4771 assueretur,
1164 4700 1399 4761 curavi.
1433 4701 1590 4774 Quid
1621 4707 1830 4763 autem
1872 4701 2217 4775 contineat,
2244 4701 2485 4781 accipe.
2526 4700 2664 4781 (Hic
2698 4700 3002 4762 Mal’l‘aeius
3046 4698 3468 4776 fragmentum
3511 4689 3750 4754 exscri—

497 4793 609 4868 bit,
641 4800 775 4854 tum
809 4797 1013 4872 pergit
1047 4797 1256 4860 dicere
1288 4800 1327 4881 :)
1363 4801 1573 4880 Cyrilli
1605 4801 1947 4880 genuinum
1983 4819 2120 4864 esse
2149 4801 2370 4876 fetum,
2411 4819 2488 4864 ex
2516 4801 2735 4882 paucis
2772 4801 2869 4862 his
2901 4800 3105 4862 verbis
3143 4798 3381 4878 optime
3419 4795 3755 4872 dignoscet

500 4892 870 4972 quicunque
918 4894 1085 4957 illius
1137 4914 1331 4977 opera
1378 4901 1720 4980 aliquando
1768 4902 2055 4964 triverit:
2102 4901 2538 4983 deprehendet
2595 4901 2763 4963 enim
2811 4901 3016 4963 statim
3075 4898 3410 4980 proprium
3454 4893 3611 4957 illud
3653 4891 3755 4953 di-

499 4993 686 5060 cendi
718 5012 940 5075 genus,
974 5016 1046 5061 ac
1082 4999 1270 5062 veluti
1296 5003 1632 5081 specialem
1666 5007 1969 5085 linguam,
2020 5025 2209 5087 quam
2255 5007 2398 5088 jure
2427 5007 2782 5087 meritoque
2822 5007 3085 5070 Photius
3116 5002 3281 5086 (cod.
3331 5017 3508 5073 XLIX,
3547 5016 3615 5078 p.
3655 4995 3755 5076 38)

485 5100 729 5179 ‘Cyrillo
769 5097 1024 5162 tribuit:
1089 5108 1260 5178 Λόγος
1303 5111 1700 5182 πεπονημένος,
1748 5115 1842 5168 καὶ
1883 5117 1961 5180 εἰς
2015 5113 2325 5179 ἰδιάζουσαν
2375 5115 2516 5170 ἰδέαν
2555 5115 3004 5188 ἐκϐεβιασμένος,
3043 5114 3138 5168 καὶ
3189 5108 3299 5167 οἷον
3350 5109 3620 5182 λελυμένη
3661 5107 3757 5160 καὶ

482 5209 562 5271 ,τὸ
609 5216 810 5281 μέτρον
849 5207 1185 5282 ,ὑπερορῶσα
1224 5209 1462 5281 ποίησις.
1515 5205 1678 5284 Ejus
1725 5209 1927 5269 oratio
1970 5207 2092 5269 elal

2142 5218 2327 5283 rata,
2364 5219 2421 5270 et
2473 5211 2541 5272 in
2589 5209 2966 5291 peculiarem
3011 5210 3281 5287 formam
3318 5213 3639 5278 contorta,
3679 5220 3752 5262 ac

489 5303 665 5364 ,νεῖαι
703 5304 901 5366 libera
936 5316 1253 5386 metroque
1299 5304 1505 5366 sol-uta
1552 5310 1784 5386 poesis.
1839 5309 2107 5373 Phrases
2153 5312 2327 5375 vides
2383 5331 2420 5377 ει
2477 5313 2800 5376 communi
2840 5331 2961 5376 usu
3009 5310 3316 5393 loquendi
3359 5314 3657 5382 remotas,
3689 5312 3754 5368 et

490 5407 752 5485 poetica
797 5407 986 5469 verba
1024 5425 1167 5487 quae
1220 5408 1285 5470 in
1324 5407 1462 5470 aliis
1493 5409 1703 5472 Cvrilli
1751 5411 2051 5490 operibus
2094 5431 2224 5477 non
2281 5431 2408 5477 una
2451 5415 2587 5477 vice
2652 5415 2956 5495 reperias,
3007 5431 3066 5475 ν.
3126 5431 3244 5493 gr.,
3281 5423 3485 5478 εὐκλεᾶ
3545 5439 3607 5475 τε
3655 5421 3752 5473 καὶ

570 5550 646 5619 (a)
686 5549 933 5631 Fides_in
959 5553 1184 5631 tabula_(
1206 5555 1545 5631 Expositioni
1571 5557 1625 5610 in
1640 5555 1896 5631 _Psalmos
1921 5573 2066 5631 prae-
2177 5576 2396 5631 quoque
2427 5562 2631 5617 celebri
2677 5562 2983 5619 Bibliorum
3041 5564 3213 5618 Vatic.
3243 5563 3433 5619 Matth.
3462 5575 3607 5628 xxvr,
3653 5557 3746 5623 5'5,

491 5618 812 5705 missalpro
835 5621 1063 5705 adumpta:
1095 5618 1349 5705 δῦᾖαμᾶι.
1398 5626 1452 5680 Id
1513 5626 1792 5705 pertinere
1846 5618 2067 5705 videtur

1247 5618 1349 5680 ιαὶι.
1398 5626 1452 5680 Id
1513 5626 1792 5705 pertinere
1846 5618 2067 5705 videtur
2176 5618 2375 5702 IEgitiir
2410 5647 2564 5702 aeque
2605 5631 2856 5705 δύναμαι.

497 5689 572 5743 ad
608 5689 903 5746 dialcctum
943 5689 1400 5760 Alexandrinam,
1445 5689 1703 5767 quoniam
1738 5697 1817 5771 _in
1877 5697 2065 5751 codice
