4076 6306
342 420 442 479 H3
757 426 765 433 ’
1731 428 1952 485 ΡΒιΕΕΑ

1978 429 2244 488 TIONES.
3479 442 3506 493 t
3517 441 3583 495 tul

338 543 668 611 ἀξιάγαστον
738 545 898 617 χορόν
962 536 1124 601 libro
1176 541 1444 620 septimo
1477 543 1542 602 in
1594 542 1877 605 Genesim
1915 544 1948 621 (i

1975 562 2000 606 η
2042 545 2384 626 Glaphyn’s
2417 549 2516 612 ed.
2555 551 2809 612 Aubert.
2864 570 2930 632 p.
2967 551 3129 634 238.)
3182 553 3350 632 Opus
3379 559 3585 616 autem

337 653 464 699 non
492 635 806 699 ineditum
839 639 1054 714 modo,
1093 639 1203 702 sed
1247 641 1326 704 ab
1365 644 1625 705 eruditis
1675 643 2056 724 scriptorum
2095 650 2568 713 enarratoribus
2600 651 3111 714 immemoratum
3147 659 3303 733 puto
3358 654 3589 734 (inedi-

333 744 467 800 tum
515 745 688 802 recte
740 739 889 802 dicit
925 742 1249 818 Maﬂ'aeius,
1301 763 1430 808 non
1476 745 1625 808 item
1675 748 1848 827 quod
1897 747 2086 811 fuerit
2129 749 2685 832 immemoratum).
2734 753 3031 832 Cyrillum
3085 756 3477 835 caateroquin
3530 758 3592 819 in

336 839 621 903 Psalmos
657 843 1006 923 scripsisse,
1040 862 1074 906 e
1116 863 1320 927 nuper
1347 848 1664 930 descripto
1698 852 1916 915 codice
1955 852 2090 934 (seu
2119 854 2320 935 folio),
2357 873 2435 918 ex
2472 863 2692 919 catena
2722 874 2758 919 a
2780 856 3035 920 Daniele
3078 858 3354 922 Barbaro
3387 877 3592 931 versa,

341 950 403 1004 et
460 960 539 1005 ex
577 945 958 1008 Corderiana
1000 949 1349 1027 presertim
1390 959 1654 1027 constat,
1701 953 1766 1016 in
1829 972 1954 1034 qua
1995 955 2157 1019 ultra
2220 959 2464 1020 centies
2513 957 2842 1021 laudatur:
2889 959 3025 1038 ejus
3062 964 3273 1021 autem
3333 959 3597 1038 exposi-

335 1042 547 1105 tiones
581 1059 617 1104 a
654 1045 914 1122 speciali
942 1047 1008 1107 in
1038 1047 1317 1110 Psalmos
1341 1055 1607 1113 tractatu
1636 1053 1966 1133 decerptas
1995 1071 2156 1130 esse,
2184 1057 2427 1136 primus
2463 1056 2653 1137 (apud
2674 1056 3074 1137 Corderium)
3123 1057 3333 1136 quarti
3371 1054 3599 1136 psalmi

339 1152 776 1223 argumentum
807 1149 1142 1212 continens
1173 1151 1372 1226 locus,
1402 1154 1550 1216 satis
1582 1156 1810 1234 prodit.
1850 1179 1878 1213 ιο
1909 1159 2000 1218 Ita
2024 1158 2348 1233 Maﬂ'aaius,
2397 1159 2510 1240 qui
2541 1159 2606 1220 in
2640 1157 3080 1220 dissertatione
3103 1158 3290 1219 etiam
3319 1155 3598 1218 secunda

341 1249 421 1312 de
457 1249 822 1327 fragmentis
841 1254 1064 1314 [renati
1098 1255 1248 1316 edit.
1273 1257 1561 1318 Venetst.
1593 1261 1670 1334 ll,
1704 1278 1768 1339 p.
1797 1259 1852 1333 4,
1884 1260 2017 1339 jam
2041 1262 2415 1341 scripserat:
2450 1285 2478 1318 ‹‹
2505 1262 2704 1324 Nemo
2735 1260 2890 1322 dixit
2921 1263 2982 1322 S.
3004 1259 3304 1339 Cyrillum
3335 1259 3600 1320 Alexan-

344 1351 598 1414 drinum
629 1354 692 1415 in
727 1355 1010 1418 Psalmos
1063 1358 1420 1438 scripsisse,
1475 1367 1537 1422 et
1589 1367 1798 1424 tamen
1831 1363 1941 1424 abs
1987 1363 2339 1441 fragmento
2378 1364 2642 1445 alicujus
2682 1380 2799 1424 ms.
2853 1361 3144 1436 celebris,
3186 1379 3313 1441 quo
3364 1362 3596 1440 potior,

345 1452 653 1530 colligitur
685 1455 750 1516 id
789 1455 887 1518 vel
929 1459 1350 1524 certissime.»
1395 1465 1569 1525 Patet
1614 1470 1820 1526 autem
1862 1464 2219 1540 Maﬂ‘mium,
2261 1465 2412 1528 dum
2456 1466 2592 1529 haec
2641 1473 2960 1547 postrema
3013 1467 3339 1538 scriberet,
3390 1480 3597 1542 neque

344 1561 593 1617 catenas
635 1557 842 1620 adhuc
876 1561 1290 1640 consuluisse,
1340 1582 1547 1645 neque
1597 1567 1946 1629 Fabricium
1977 1573 2039 1628 et
2068 1568 2410 1630 nonnullos
2460 1568 2641 1643 alios,
2693 1569 2803 1649 qui
2843 1568 3052 1648 Cyrilli
3097 1565 3494 1648 deperditum
3532 1563 3601 1624 in

339 1656 626 1720 Psalmos
677 1665 1204 1728 commentarium
1252 1675 1775 1731 memoraverant.
1821 1672 2141 1733 Hactenus
2181 1671 2260 1732 de
2299 1671 2598 1736 litterario
2647 1691 2790 1736 meo
2845 1673 3011 1754 apud
3062 1672 3378 1734 Veronam
3424 1684 3596 1730 casu.

342 1759 559 1822 Statim
588 1780 740 1842 ergo
771 1767 1036 1829 Romam
1081 1769 1304 1846 redux,
1343 1772 1616 1851 primum
1651 1773 1969 1852 Cyrilliani
2003 1774 2068 1835 in
2094 1773 2375 1836 Psalmos
2405 1777 2617 1855 operis
2656 1777 2878 1840 folium
2913 1779 2997 1839 ita
3028 1776 3245 1850 refeci,
3286 1783 3353 1836 ut
3390 1776 3596 1836 Vero-

345 1880 611 1928 nensem
652 1868 988 1948 prologum
1035 1871 1101 1933 in
1143 1875 1369 1954 capite,
1412 1883 1598 1956 prout
1634 1876 1742 1957 jus
1797 1876 2019 1957 fasque
2066 1884 2219 1953 erat,
2262 1878 2662 1942 collocarem.
2712 1885 2914 1960 Atque
2958 1879 3061 1942 hic
3101 1880 3223 1942 fuit
3267 1877 3491 1941 Veneti
3535 1882 3596 1939 et

338 1969 724 2035 Veronensis
772 1973 1016 2038 itineris
1062 1976 1326 2041 fructus.
1377 1980 1501 2043 Sed
1550 1998 1759 2062 neque
1827 1981 2057 2045 frustra
2101 1983 2524 2046 Mediolanum
2570 2002 2641 2047 ac
2698 1985 3076 2048 Florentiam
3131 1985 3304 2048 adii:
3365 1984 3596 2046 etenim

343 2072 541 2149 illinc,
593 2075 646 2136 si
714 2077 924 2140 minus
973 2097 1166 2143 manu
1237 2084 1516 2163 propria,
1556 2091 1820 2165 pr0pter
1873 2087 2176 2166 temporis
2228 2086 2832 2163 incommoditatem,
2896 2088 3109 2152 favore
3163 2095 3333 2153 certe
3387 2087 3596 2150 homi-

343 2189 500 2236 num
545 2178 893 2243 amicorum
938 2199 1132 2246 novas
1187 2187 1397 2266 Cj'rilli
1453 2188 1851 2250 accessiones
1905 2194 2126 2252 nactus
2176 2205 2335 2251 sum.

428 2276 486 2338 8.
520 2281 790 2342 Lexicon
826 2285 938 2345 sub
973 2286 1199 2363 Cyrilli
1253 2291 1523 2350 nomine.
1561 2325 1631 2334 —
1665 2292 1843 2353 Nunc
1875 2291 2024 2370 quia
2063 2291 2131 2353 in
2191 2291 2539 2372 specimine
2596 2311 2749 2355 cuso
2801 2291 3059 2354 titulum
3108 2288 3428 2370 Cyrilliani
3493 2306 3600 2352 cu-

335 2375 584 2456 jusdam
637 2383 844 2446 Lexici
897 2388 1327 2467 exposuimus,
1369 2398 1656 2470 superest
1705 2397 1774 2453 ut
1813 2392 1892 2455 de
1945 2409 2022 2455 eo
2076 2393 2376 2455 Vaticano
2443 2392 2693 2468 codice,
2746 2395 2896 2457 satis
2971 2395 3181 2473 prisco
3233 2410 3320 2454 ac-
3365 2390 3594 2462 nobili,

343 2499 546 2560 pauca
591 2485 776 2548 verba
820 2487 1144 2552 faciamus.
1196 2494 1563 2573 Quanquam
1606 2494 1796 2572 igitur
1841 2494 2071 2574 Cyrillo
2125 2494 2515 2558 Alexandriae
2577 2495 3061 2575 archiepiSCOpo
3097 2494 3164 2556 id
3217 2493 3599 2556 Glossarium

343 2577 730 2658 inscribitur,
778 2591 1052 2651 attamen
1115 2591 1376 2671 alicujus
1422 2592 1635 2672 potius
1682 2592 1892 2672 Cyrilli
1943 2593 2332 2672 grammatici
2389 2594 2740 2656 credendus
2800 2593 3136 2666 videbitur,
3192 2610 3380 2672 quam
3434 2590 3600 2652 illius

345 2682 720 2749 sanctissimi
772 2692 1060 2768 prmsulis
1108 2713 1120 2754 :
1175 2712 1449 2775 cumque
1497 2697 1551 2759 is
1612 2697 1773 2760 liber
1815 2715 1945 2761 non
2000 2697 2230 2772 semel,
2307 2705 2497 2778 prout
2551 2715 2619 2759 se
2681 2699 2849 2761 varie
2903 2698 2968 2759 in
3030 2699 3215 2759 variis
3281 2696 3602 2758 codicibus

345 2780 602 2860 obtulit,
658 2787 861 2853 editus
941 2793 1150 2870 fuerit,
1197 2796 1355 2858 mihi
1422 2799 1590 2860 nuda
1686 2799 1820 2879 ejus
1882 2799 2404 2862 commemoratio
2463 2800 2612 2861 satis
2677 2800 2784 2860 sit.
2847 2799 3151 2875 Pertingit
3207 2797 3268 2858 id
3326 2795 3599 2858 Lexicon

341 2883 525 2948 valde
571 2891 919 2968 spatiosum
968 2895 1034 2956 in
1089 2897 1308 2960 codice
1363 2917 1490 2962 non
1550 2901 1726 2981 parvi
1775 2900 2019 2962 moduli
2061 2919 2098 2963 α
2147 2900 2262 2962 fol.
2325 2897 2350 2962 1
2397 2899 2474 2963 ad
2517 2900 2650 2962 154.
2709 2902 2784 2961 Et
2840 2899 2959 2962 hoc
3021 2900 3389 2961 Vaticanum
3449 2893 3594 2974 qui-

344 2985 489 3049 dem
553 2991 758 3070 Cyrilli
817 2995 1087 3059 Lexicon
1143 3001 1494 3062 communis
1533 3002 1782 3080 generis
1851 3007 1981 3064 est:
2015 2987 2383 3080 "cmteroqui
2428 3001 2746 3063 Fabricius
2790 3001 2862 3061 Β.
2906 3001 2980 3064 G.
3025 3001 3126 3063 ed.
3189 3018 3333 3062 nov.
3385 3005 3429 3059 t.
3495 2999 3600 3072 IX,

346 3107 412 3169 p.
465 3088 602 3166 493,
651 3094 736 3156 ait
779 3103 1026 3160 exstare
1079 3117 1195 3162 ms.
1244 3101 1308 3163 in
1349 3103 1533 3165 variis
1587 3101 1954 3166 bibliotheci

2048 3102 2233 3164 etiam
2297 3109 2567 3179 Κυρίλλου
2611 3111 2690 3174 εἰς
2726 3109 2824 3174 τὰς
2871 3109 3252 3181 ἀπορουμένας
3298 3107 3469 3174 λέξεις
3502 3105 3601 3177 τῆς

347 3203 509 3272 ἁγίας
560 3207 806 3280 Γραφῆς,
839 3201 1066 3280 Cyrilli
1105 3204 1176 3265 de
1207 3207 1516 3286 ambiguis
1545 3209 1890 3286 Scriptum
1917 3216 2145 3268 sancta
2192 3203 2551 3272 vocabulis;
2610 3205 2711 3265 cui
2759 3204 3052 3282 subjungi
3111 3201 3270 3264 solet
3321 3201 3601 3280 ejusdem

359 3303 656 3377 Ἕρμηνεία
687 3310 966 3380 ὀνομάτων
1001 3313 1093 3366 καὶ
1120 3312 1316 3379 λέξεων
1356 3315 1658 3388 Ἑϐραϊκῶν
1700 3319 1757 3370 ὲν
1783 3318 1904 3379 ταῖς
1950 3317 1969 3370 ε

1988 3316 2122 3379 είαις
2165 3316 2428 3386 Γραφαῖς,
2461 3305 2915 3382 Interpretatio
2960 3304 3282 3364 nominum
3322 3319 3394 3362 ac
3424 3319 3598 3360 voca-

353 3393 645 3458 bulorum
674 3399 1080 3463 Hebraeorum
1112 3404 1340 3466 divina:
1377 3407 1752 3486 Scriptura,
1805 3406 2203 3487 alphabetico
2243 3405 2464 3467 ordine
2514 3403 2922 3481 digestorum.
2984 3405 3224 3464 Revera
3269 3401 3336 3462 in
3393 3398 3602 3478 Cyrilli

348 3497 518 3578 apud
577 3515 693 3561 nos
728 3504 1178 3566 commentario
1234 3504 1616 3569 Psalmorum
1669 3507 1988 3570 nonnullae
2021 3507 2377 3586 hujusmodi
2424 3523 2502 3568 ex
2557 3504 2864 3567 Hebraico
2905 3503 3456 3584 interpretationes
3487 3519 3600 3562 oc-

352 3609 635 3677 currunt,
692 3623 941 3669 necnon
995 3609 1177 3672 etiam
1244 3627 1320 3672 ex
1402 3613 1655 3690 Syriaco
1702 3613 1767 3674 in
1812 3613 2091 3693 ejusdem
2147 3609 2355 3689 Cyrilli
2407 3609 2759 3687 fragmento
2796 3609 2869 3670 de
2912 3607 3258 3669 Abrahami
3313 3615 3602 3666 transno-

355 3707 735 3785 minatione,
811 3712 984 3792 quod
1041 3731 1118 3776 ex
1167 3714 1528 3779 Florentino
1604 3717 1821 3779 codice
1896 3734 2012 3779 nos
2085 3713 2575 3794 impetravimus.
2633 3714 2759 3775 Suo
2811 3711 3001 3790 igitur
3055 3709 3317 3772 fortasse
3373 3704 3602 3766 Lexico
3659 3721 3666 3732 ·

352 3812 643 3875 utebatur
685 3815 966 3895 Cyrillus,
1008 3836 1136 3882 non
1175 3821 1455 3884 Philonis
1498 3829 1604 3884 aut
1652 3821 1956 3900 Origenis,
1986 3827 2055 3883 ut
2082 3839 2197 3883 nos
2233 3819 2547 3881 interdum
2596 3816 2971 3898 putavimus.
3017 3815 3144 3876 Nec
3201 3827 3367 3890 aegre
3424 3807 3599 3889 quis-

352 3933 540 3997 quam
585 3918 701 3979 sibi
738 3925 1134 4000 persuaserit,
1188 3925 1504 4005 Cyrillum,
1558 3927 1666 4006 qui
1697 3933 1897 3987 totum
1924 3927 2064 3987 vitae
2109 3944 2238 3987 suae
2269 3930 2518 4004 tempus
2561 3925 2627 3985 in
2670 3939 2991 3985 sacrorum
3021 3919 3364 3982 Bibliorum
3394 3915 3601 3978 studio

360 4026 419 4079 et
449 4017 893 4097 explanatione
926 4027 1336 4106 consumpsit,
1385 4026 1583 4089 lexica
1611 4026 1796 4088 etiam
1837 4031 2033 4088 marte
2072 4025 2331 4106 proprio
2364 4024 2482 4087 sibi
2528 4023 2964 4092 concinnasse,
3016 4021 3245 4100 quibus
3308 4018 3372 4079 in
3425 4032 3602 4077 sacro

357 4121 578 4184 codice
637 4124 1018 4190 declarando
1075 4128 1408 4192 commode
1458 4131 1551 4191 uti
1601 4135 1846 4210 posset;
1901 4127 1998 4190 vel
2030 4145 2171 4208 qum
2215 4134 2462 4208 sponte,
2500 4133 2571 4188 ut
2632 4125 2718 4201 tit,
2759 4123 3114 4188 lucubranti
3165 4121 3286 4201 ipsi
3341 4119 3602 4179 subnata

354 4220 642 4283 fuissent.
681 4223 793 4285 His
841 4225 918 4287 de
948 4227 1154 4305 Cyrilli
1191 4229 1418 4291 Lexico
1472 4230 1676 4304 dictis,
1717 4229 1991 4308 reliquas
2040 4228 2274 4290 codicis
2302 4227 2608 4301 Vaticani,
2652 4243 2841 4306 quem
2899 4237 3294 4303 cmperamus
3362 4218 3602 4278 descri-

356 4321 529 4397 bere,
564 4329 775 4402 partes
828 4342 1310 4406 prosequamur.
1358 4328 1606 4392 Scilicet
1662 4347 1697 4390 a
1750 4347 1814 4409 p.
1866 4325 1966 4388 154

2029 4343 2232 4406 usque
2285 4326 2364 4388 ad
2427 4325 2536 4386 163
2595 4331 2686 4388 est
2742 4332 2988 4387 Ἰωάννου
3016 4327 3308 4383 Φιλοπόνου
3342 4322 3603 4394 περὶτῶν

355 4430 630 4504 διαφόρων
661 4437 946 4504 σημασιῶν
973 4438 1247 4510 διαφόρως
1283 4440 1622 4512 τονουμένων
1645 4458 1658 4472 ·
1717 4431 1965 4493 Ιοαηηίέ

2021 4429 2360 4508 Philoponi
2421 4429 2493 4490 de
2539 4427 2856 4488 vocabulis
2910 4426 3150 4486 diverse
3194 4439 3310 4501 pro
3345 4418 3604 4480 diversi-

358 4537 480 4589 tate
521 4538 885 4592 accentuum
923 4535 1452 4614 signiﬁcantibus.
1492 4537 1790 4598 Posthinc
1841 4534 2152 4596 rhetorica
2191 4531 2480 4614 quaedam
2529 4531 2728 4593 lexica
2779 4547 2980 4610 usque
3025 4527 3103 4590 ad
3170 4525 3281 4587 fol.
3337 4523 3472 4584 177.
3513 4520 3604 4581 lbi

357 4646 502 4692 vero
537 4631 796 4714 incipit:
828 4639 1051 4706 Λεξικδν
1081 4643 1397 4697 ὲνδιαθέτων
1425 4643 1658 4715 Γραφῶν
1689 4644 1906 4697 ἐκτεθὲν
1939 4644 2089 4715 παρὰ
2117 4643 2393 4714 Στεφάνου
2425 4645 2518 4698 καί
2546 4643 2845 4714 Θεοδώρου,
2888 4640 2983 4693 καὶ
3021 4637 3221 4708 ἐτέρων
3260 4631 3604 4702 λεξιγράφων

357 4739 630 4794 Κασιανοῦ
662 4743 756 4794 καὶ
784 4743 1047 4812 Λογγίνου
1085 4744 1402 4814 φιλοσόφου·
1470 4738 1739 4798 Lexicon
1761 4739 1967 4816 Script

1993 4758 2105 4799 ara:
2123 4741 2447 4819 utriusque
2485 4741 2538 4799 Τ
2538 4738 2858 4798 estamenti
2877 4735 3224 4815 (ὲνδιαθέτων
3252 4729 3603 4823 positarum

361 4829 422 4889 in
451 4830 708 4911 canone)
739 4831 1023 4899 edituma
1046 4834 1357 4914 Stephano
1389 4844 1446 4896 et
1492 4835 1811 4897 Theodoro
1841 4835 2103 4918 aliisque
2133 4837 2597 4916 lexicographis
2627 4836 2929 4899 Cassiano
2962 4843 3018 4895 et
3047 4833 3352 4910 Longino,
3392 4845 3598 4906 usque

360 4929 430 4990 ad
465 4929 577 4992 fol.
619 4929 757 4991 212.
816 4932 1121 5010 (Cassiani
1165 4939 1225 4996 et
1260 4936 1525 5014 Longini
1555 4945 2013 5016 ἀποσπασμάτιον
2056 4935 2244 4999 lexici
2288 4953 2406 5014 ego
2443 4937 2569 5000 vidi
2610 4937 2675 4998 in
2719 4937 2842 4999 alio
2893 4937 3083 4998 etiam
3121 4935 3256 4996 Vat.
3317 4931 3600 5010 codice.)

360 5030 595 5095 Deinde
640 5041 814 5106 λέξεις
847 5045 1088 5116 ἰατρικοῦ
1124 5045 1327 5115 βιϐλίου
1349 5065 1361 5078 ·
1392 5049 1520 5120 περὶ
1549 5048 1790 5119 βοτανῶν
1819 5051 1964 5121 ἑρμη

1988 5050 2110 5110 θεία.
2163 5057 2392 5120 nempe
2457 5041 2764 5104 medicum
2813 5052 2871 5101 et
2929 5039 3288 5101 herbarium
3329 5034 3598 5101 lexicon,

361 5150 558 5212 usque
613 5135 691 5196 ad
736 5136 846 5198 fol.
901 5136 1036 5199 215.
1092 5141 1235 5200 Mox
1287 5148 1426 5220 post
1472 5142 1718 5205 minora
1773 5142 1892 5204 alia
1939 5149 2000 5204 et
2069 5142 2334 5205 fortasse
2374 5142 2713 5205 levidensia
2767 5142 2879 5204 fol.
2915 5141 3069 5201 255:
3119 5142 3402 5200 Θεοδοσίου
3424 5155 3605 5208 γραμ-

364 5235 593 5301 ματικοῦ
637 5237 856 5312 Ἰωάννῃ
876 5239 954 5310 τῷ
992 5241 1389 5313 Θεοφιλεστὰτῳ
1432 5244 1790 5316 πρεσϐυτέρῳ
1828 5245 1924 5298 καὶ
1957 5247 2015 5299 ἐν
2067 5245 2289 5316 Χριστῷ
2323 5245 2561 5316 ἀδελφῷ,
2599 5247 2728 5317 περὶ
2773 5245 2882 5298 τῶν
2933 5243 2992 5296 ὲν
3050 5242 3162 5301 τοῖς
3196 5235 3444 5289 κανόνεσι
3485 5232 3595 5286 τῶν

361 5332 530 5398 ἁγίων
574 5335 821 5406 ἑορτῶν·
872 5330 1203 5392 Theodosii
1260 5336 1653 5411 grammatici
1701 5337 1784 5396 ad
1829 5338 2138 5397 Joannem
2202 5339 2329 5398 Deo
2402 5338 2871 5399 dilectissimum
2919 5331 3353 5412 presbyterum
3417 5335 3475 5386 et
3527 5326 3593 5386 in

362 5423 610 5487 Christo
656 5427 944 5504 fratrem,
985 5431 1058 5491 de
1103 5432 1443 5494 canonibus
1493 5452 1602 5492 seu
1641 5433 1857 5494 metris
1912 5443 2269 5495 sanctarum
2335 5435 2820 5495 solemnitatum.
2875 5433 3199 5492 Postremo
3259 5433 3405 5489 sunt
3474 5426 3592 5486 Co-

363 5539 508 5585 smaa
559 5527 857 5588 monachi
896 5528 1175 5608 itemque
1234 5531 1494 5592 Joannis
1555 5530 1989 5611 (Damasceni)
2045 5550 2322 5594 canones
2373 5533 2612 5611 aliquot
2661 5547 2774 5592 seu
2833 5535 3030 5590 metra
3067 5544 3210 5590 cum
3263 5525 3420 5586 odis.
3476 5524 3596 5581 Co-

363 5637 522 5684 smas
575 5623 835 5704 quidem
890 5630 982 5684 est
1020 5625 1124 5686 ille
1176 5627 1700 5706 philogregorius,
1749 5634 1811 5690 et
1856 5628 2144 5691 melodus
2203 5629 2491 5701 celebris,
2531 5627 2709 5706 cujus
2778 5643 2892 5687 nos
2965 5623 3210 5704 amplos
3268 5635 3594 5683 commen—

364 5729 554 5792 tarios
623 5729 702 5792 ad
759 5730 1135 5791 Nazianzeni
1190 5714 1610 5793 carmina-his
1676 5731 1857 5794 annis
1925 5732 2237 5795 edidimus
2293 5733 2356 5794 in
2416 5730 2749 5809 Spicih-gio
2812 5730 3008 5802 Rom,
3056 5720 3611 5803 t.ll(n).l‘r0fcct<%

433 5875 509 5948 (α)
564 5877 773 5932 Rccusi
805 5875 860 5932 in
893 5883 1038 5931 tomo
1069 5875 1329 5933 XXXVIII
1369 5879 1682 5955 Patroloyice
1706 5881 1918 5937 (Σῖριν-(ι’.
1946 5880 2095 5934 Enn.
