4076 6306
528 479 654 554 HS.
1407 494 1904 554 PBEFATIONES
1941 495 2282 556 EDITIONIS
2315 499 2886 559 GMCO-LATINE.
3669 497 3700 553 1
3715 497 3785 552 ιθ

530 617 585 680 si
638 613 884 678 occasio
927 610 1118 675 ferret
1147 611 1226 676 de
1289 612 1520 676 Graecis
1573 611 1792 676 lexicis
1846 612 2046 694 loqui,
2103 633 2246 696 quae
2305 617 2613 697 permulta
2667 618 2733 680 in
2798 615 3112 681 Vaticanis
3164 609 3493 677 codicibus
3541 611 3782 689 latent,

529 715 846 779 dilatando
901 713 1180 777 sermoni
1241 719 1460 776 nostro
1509 731 1768 794 campus
1818 720 2095 795 pateret:
2141 721 2330 798 atque
2385 716 2520 780 hinc
2567 735 2697 781 non
2745 713 3102 799 spernenda
3136 712 3403 774 fortasse
3463 710 3781 774 mantissa

525 819 692 884 foret
743 815 1092 881 lexicorum
1139 814 1394 878 illorum
1447 830 1590 894 quae
1644 813 1905 877 Photius
1954 813 2022 876 in
2091 832 2202 877 sua
2251 814 2638 879 Bibliotheca
2676 821 2966 880 numerat
3004 833 3041 876 a
3072 813 3212 876 cod.
3242 828 3406 872 θην
3434 809 3514 872 ad
3549 827 3778 872 eLvm.

525 921 820 986 Profecto
865 921 934 982 in
985 917 1085 981 his
1141 915 1455 980 Vaticanis
1507 915 1810 978 nonnulla
1857 921 2026 979 certe
2063 917 2417 993 excellunt,
2465 935 2736 998 quorum
2780 923 2989 980 tamen
3044 913 3304 977 materia
3358 928 3505 974 cum
3563 911 3767 974 Suida

529 1029 592 1085 et
654 1039 799 1086 cum
845 1017 1280 1100 etymologicis
1331 1033 1500 1097 saepe
1543 1017 1873 1096 congruit;
1929 1017 2040 1080 sed
2088 1034 2219 1080 non
2261 1019 2398 1080 sine
2454 1019 2746 1081 varietate
2779 1017 2973 1080 multa
3029 1033 3148 1079 seu
3179 1011 3634 1092 vocabulorum
3657 1028 3783 1074 seu

529 1123 720 1186 etiam
779 1119 1267 1201 exemplorum:
1323 1133 1457 1198 quo
1519 1117 1586 1179 ﬁt
1630 1124 1701 1180 ut
1770 1117 2018 1198 egregia
2076 1118 2265 1181 etiam
2319 1119 2792 1199 deperditorum
2845 1136 3114 1200 Operum
3171 1115 3545 1194 fragmenta,
3587 1113 3783 1192 quasi

527 1220 665 1283 auri
720 1219 1144 1302 probatissimi
1195 1217 1490 1293 scobem,
1543 1218 1824 1282 nancisci
1877 1219 2214 1299 possimus.
2279 1219 2401 1281 Sed
2447 1220 2536 1298 lde
2560 1219 2658 1300 his
2713 1219 2836 1282 alio
2865 1219 3130 1282 fortasse
3166 1224 3454 1298 tempore
3484 1231 3781 1295 agemus.
3825 1299 3832 1302 _

1026 1435 1760 1564 PBIEFATIONES
1831 1435 2363 1564 EDITIONIS
2455 1435 3275 1567 cnseo-mm

1617 1666 1761 1727 QL‘IE
1796 1666 2038 1717 JOANNE
2071 1666 2372 1718 AUBERTO
2405 1667 2701 1719 CURA‘NTE

549 1329 3758 1366 Μ

921 1812 1133 1874 Tomis
1160 1819 1400 1890 septem
1433 1812 1663 1891 prodiit
1691 1812 1946 1872 Lutetia:
1983 1812 2356 1873 Parisiorum
2385 1830 2552 1874 anno
2598 1811 2769 1886 1638,
2799 1811 3010 1890 Regiis
3043 1811 3229 1892 typis,
3266 1809 3378 1872 fol.

2117 1960 2187 1971 ~—

1269 2096 1747 2143 EMINENTISSIMO
1785 2099 2036 2145 SANCTE
2079 2101 2352 2145 ROMANxE
2393 2101 2694 2145 ECCLESUE
2729 2100 3060 2146 CARDINALI

1873 2203 2177 2248 ARMANDO
2211 2203 2457 2260 JOANNI,

1560 2301 1706 2346 DUCI
1746 2301 1828 2345 DE
1865 2301 2219 2388 RICHELIBEJ,
2269 2302 2412 2346 PAR]
2457 2301 2759 2347 FRANCI.B.

608 2447 836 2527 Magni
883 2447 1109 2527 Cyrilli
1149 2454 1545 2510 monumenta
1580 2445 1774 2528 offero
1814 2446 1955 2522 tibi,
1993 2448 2338 2510 cardinalis
2388 2449 2900 2524 eminentissime,
2933 2449 3582 2532 tardumque‘nomen,
3613 2452 3791 2532 quod

535 2547 826 2626 expedire
845 2548 1089 2627 pridem
1129 2549 1317 2627 gestit
1365 2547 1632 2621 animus,
1677 2546 2012 2626 aliquando
2043 2548 2352 2627 persolvo.
2391 2549 2663 2611 Vixdum
2692 2549 2836 2612 huic
2879 2551 3058 2630 operi
3105 2561 3365 2612 mentem
3399 2552 3788 2632 adjeceram,

534 2663 673 2706 cum
699 2664 793 2707 me
821 2649 990 2726 regis
1021 2643 1466 2722 interpretibus
1494 2645 1838 2723 ascriptum
1865 2647 2048 2725 gravi
2077 2654 2184 2708 tuo
2222 2647 2296 2710 de
2323 2649 2674 2729 mejudicio
2706 2657 2764 2710 et
2795 2650 2996 2728 ofﬁcii
3020 2653 3381 2714 necessitate
3406 2654 3678 2734 quadam
3722 2657 3791 2718 in

535 2745 708 2806 istud
734 2745 972 2808 laboris
992 2745 1316 2826 impulisti.
1338 2744 1506 2821 Quid
1528 2742 1836 2824 reliquum
1862 2755 2018 2820 erat,
2048 2747 2177 2808 nisi
2193 2757 2264 2809 ut
2290 2767 2358 2810 eo
2384 2750 2754 2829 perfunctus
2789 2749 3043 2829 publica
3068 2754 3355 2814 memoris
3377 2755 3574 2816 animi
3602 2757 3791 2817 testi-

537 2847 826 2926 ﬁcatione
857 2847 1129 2910 debitam
1151 2847 1236 2908 E.
1274 2847 1344 2908 T.
1375 2844 1646 2924 gratiam
1675 2845 2064 2925 insignirem,
2091 2855 2147 2908 et
2171 2848 2580 2930 inscriptione
2614 2851 2709 2911 tui
2737 2851 3006 2914 nominis
3039 2852 3302 2914 editioni
3333 2851 3474 2914 huic
3501 2857 3788 2916 auctori-

539 2953 729 3007 tatem
756 2965 828 3007 ac
867 2945 1052 3008 decus
1081 2939 1538 3025 adjungerem?
1560 2942 1723 3005 Nam
1771 2944 1993 3023 quanti
2037 2945 2120 3006 sit
2153 2945 2452 3008 invictum
2480 2946 2657 3009 illum
2700 2947 2996 3010 han-esum
3038 2951 3404 3013 domitorem
3444 2971 3516 3014 ac
3565 2955 3797 3015 trium-

536 3044 862 3125 phatorem
896 3045 980 3107 E.
1019 3046 1090 3106 Τ.
1124 3045 1364 3120 sistere,
1390 3061 1564 3105 nemo
1591 3052 1793 3122 potest
1819 3062 1948 3106 non
1976 3045 2388 3126 interpretari
2411 3097 2427 3124 ,
2456 3050 2584 3110 nisi
2612 3051 2720 3129 qui
2755 3066 3022 3131 quantus
3048 3051 3168 3129 sis,
3201 3061 3258 3116 et
3299 3054 3540 3138 qualem
3569 3057 3636 3116 in
3669 3055 3794 3120 hoc

539 3166 733 3228 regno
759 3157 817 3210 et
847 3145 1135 3210 Ecclesia
1169 3147 1284 3209 Dei
1314 3165 1645 3228 personam
1680 3147 2011 3223 sustineas,
2042 3166 2170 3209 non
2195 3148 2516 3229 intelligit.
2547 3151 2764 3214 Annus
2792 3154 3138 3217 tricesimus
3172 3176 3365 3237 supra
3389 3159 3794 3221 centesimum

542 3251 779 3330 agitur,
805 3266 885 3311 ea:
906 3267 1024 3330 quo
1060 3248 1334 3312 Jodocus
1367 3247 1789 3325 Chlictoveus,
1821 3247 2164 3329 theologus,
2191 3250 2325 3331 ejus
2353 3251 2421 3312 in
2436 3251 2702 3314 Joannis
2737 3253 3154 3334 Evangelium
3187 3257 3718 3321 Commentarium
3755 3276 3795 3317 a

546 3351 626 3416 G.
655 3353 1070 3433 Trapezuntio
1099 3353 1319 3414 Latine
1370 3367 1614 3412 versum
1665 3349 1742 3412 G.
1773 3348 2056 3411 Ambasii
2085 3348 2428 3412 eardinalis
2447 3349 2817 3431 amplissimi
2829 3355 3182 3432 patrocinio
3204 3357 3451 3435 primus
3477 3375 3791 3419 commen-

545 3452 743 3515 davit.
773 3452 955 3516 Felix
975 3452 1081 3516 ille
1114 3452 1340 3514 oblatis
1375 3451 1499 3514 sibi
1519 3460 1664 3514 tunc
1685 3452 1810 3513 viri
1843 3453 2005 3514 tanti
2032 3453 2370 3532 auspiciis:
2391 3453 2644 3532 felicior
2671 3463 2875 3516 tamen
2901 3474 3065 3518 nunc
3096 3476 3204 3538 ego
3237 3461 3382 3521 tuis.
3419 3461 3795 3542 Quanquam
3863 3502 3868 3508 -

549 3553 712 3615 enim
751 3561 932 3614 erant
961 3553 1032 3614 in
1057 3551 1350 3614 Ambasio
1401 3551 1577 3613 card.
1609 3567 1847 3612 summa
1878 3550 2361 3632 quamplurima,
2385 3552 2690 3614 altissima
2729 3556 3101 3635 prudentia,
3136 3577 3344 3620 rerum
3369 3561 3794 3623 maximarum

547 3673 730 3730 usus,
760 3653 1104 3715 auctoritas
1147 3661 1205 3714 et
1234 3649 1578 3732 amplitudo
1605 3668 1800 3731 prope
1827 3649 2170 3729 singularis
2193 3669 2213 3710 :
2249 3668 2322 3710 ea
2359 3658 2564 3712 tamen
2600 3651 2669 3712 in
2708 3661 2764 3712 te
2797 3653 2886 3713 sic
2923 3654 3188 3716 eminent
3222 3656 3540 3731 universa,
3571 3665 3640 3718 ut
3675 3677 3792 3719 ea:-

463 3754 501 3801 δ
546 3756 841 3835 pressisse
865 3755 1139 3834 perfecte
1178 3752 1420 3814 demum
1457 3750 1708 3812 videare
1729 3748 1896 3830 quod
1925 3748 2030 3811 ille
2057 3755 2240 3809 antea
2267 3747 2542 3828 feliciter
2585 3749 3002 3812 adumbravit.
3043 3754 3223 3816 Istud
3261 3765 3425 3816 certe
3468 3757 3792 3833 eximium,

551 3857 718 3939 quod
739 3875 877 3918 cum
903 3851 1260 3918 incredibili
1299 3869 1509 3912 rerum
1557 3849 1913 3912 divinarum
1941 3856 2000 3909 et
2040 3847 2452 3910 humanarum
2481 3850 2744 3912 scientia
2769 3870 3067 3912 summam
3104 3851 3176 3914 de
3211 3851 3438 3916 litteris
3476 3855 3622 3920 bene
3659 3875 3793 3918 me-

550 3957 733 4021 rendi
756 3954 1120 4036 facultatem
1151 3949 1412 4021 obtines,
1432 3947 1867 4027 praesidiisque
1897 3943 2177 4007 omnibus
2204 3944 2486 4008 abundas
2523 3965 2656 4027 qua:
2672 3955 2818 4009 sunt
2839 3948 2924 4010 ad
2944 3967 3047 4010 eas
3071 3950 3332 4012 tuendas
3357 3952 3795 4034 amandasque
3872 3984 3876 3988 -

552 4059 923 4124 necessaria.
957 4057 1106 4134 Quae
1132 4070 1268 4114 cum
1306 4053 1372 4114 in
1403 4059 1458 4112 te
1481 4049 1720 4130 largius
1751 4066 1934 4129 quam
1963 4049 2032 4110 in
2067 4065 2428 4143 quemquam
2460 4057 2818 4110 nostrorum
2861 4049 3173 4112 hominum
3195 4053 3357 4114 Deus
3392 4053 3536 4134 Opt.
3569 4063 3794 4116 contu-

552 4166 721 4240 lerit,
757 4161 946 4226 simul
975 4161 1159 4223 etiam
1185 4158 1453 4220 edixisse
1475 4154 1747 4228 videtur,
1774 4172 1812 4213 a
1840 4151 2011 4213 nullo
2031 4153 2494 4232 prmsentiorem
2520 4160 2589 4212 ut
2621 4149 2744 4212 illae
2788 4169 2962 4230 opem
2990 4171 3170 4234 quam
3204 4174 3244 4214 a
3277 4163 3334 4215 te
3373 4163 3656 4236 quierant
3683 4164 3797 4218 aut

551 4273 822 4346 sperent.
871 4261 1041 4327 Unde
1061 4260 1289 4321 mirum
1315 4255 1549 4318 nemini
1587 4253 1790 4316 vide-ri
1824 4250 2023 4326 debet,
2054 4252 2220 4313 inter
2239 4257 2330 4312 tot
2346 4249 2612 4330 publica:
2649 4252 2746 4312 rei
2773 4269 2954 4311 curas
2983 4258 3155 4312 tuum
3197 4251 3372 4314 illum
3401 4255 3712 4334 ingentem
3737 4262 3796 4316 et

551 4382 782 4445 magna
813 4362 1153 4425 volventem
1180 4357 1456 4419 animum
1489 4353 1573 4416 ad
1593 4353 1856 4432 optimas
1889 4350 1961 4412 de
1979 4350 2284 4430 juvandis
2315 4357 2372 4410 et
2403 4347 2858 4428 ampliﬁcandis
2877 4347 2957 4410 iis
2975 4351 3382 4430 cogitationes
3408 4351 3668 4414 subinde
3690 4370 3793 4412 re-

554 4467 791 4540 vocari,
821 4483 1007 4545 eaque
1037 4479 1284 4524 versare
1311 4477 1383 4520 ac
1414 4456 1649 4531 moliri,
1678 4471 1832 4536 quae,
1861 4454 1918 4514 si
1942 4454 2103 4514 Deus
2131 4450 2459 4531 aspirarit,
2477 4451 2758 4529 profecto
2784 4449 3054 4529 efficient
3090 4458 3160 4510 ut
3191 4470 3272 4512 ea:
3297 4451 3644 4531 disciplina:
3663 4469 3798 4532 qua

555 4575 614 4626 te
641 4565 827 4626 talem
861 4570 1216 4642 tantumque
1240 4559 1547 4639 fecerunt,
1576 4555 1842 4633 receptis
1887 4570 2002 4632 per
2053 4558 2110 4612 te
2154 4550 2557 4622 ornamentis,
2587 4549 2797 4630 quales
2827 4559 2886 4612 et
2927 4560 3171 4631 quanta:
3199 4553 3328 4614 sint
3360 4570 3568 4614 omnes
3605 4551 3793 4615 intel-

555 4668 777 4749 ligant.
804 4666 1019 4746 Itaque
1054 4681 1191 4725 cum
1215 4671 1272 4723 te
1297 4658 1740 4740 propemodum
1761 4670 1952 4717 unum
1971 4651 2083 4714 hoc
2103 4660 2370 4730 tempore
2393 4651 2693 4713 doctrina:
2726 4669 2932 4712 omnes
2974 4650 3307 4731 appellent,
3331 4661 3574 4733 tamque
3604 4671 3797 4732 supra

554 4795 616 4836 se
635 4773 908 4855 positum
937 4779 1017 4845 te,
1036 4786 1218 4850 quam
1245 4785 1360 4846 pro
1383 4785 1470 4840 se,
1509 4782 1635 4825 esse
1663 4761 1902 4834 norint,
1936 4755 2246 4836 theologia
2277 4755 2587 4836 peculiari
2609 4756 2757 4836 jure
2793 4763 2997 4816 tamen
3024 4757 3308 4836 agnoscit
3349 4776 3525 4818 suum
3554 4777 3576 4818 :
3613 4758 3714 4819 cui
3741 4758 3799 4819 si

556 4877 640 4940 ad
682 4875 1044 4954 magniﬁcas
1085 4871 1225 4932 illas
1263 4867 1752 4931 substructiones
1795 4860 2348 4925 armamentarium
2376 4859 2674 4920 adversus
2729 4858 2982 4926 hwreses
3034 4859 3181 4921 olim
3227 4861 3581 4938 addideris,
3611 4861 3796 4941 plura

535 5000 704 5062 pane
729 4999 802 5042 ac
830 4978 1099 5042 certiora
1130 4974 1251 5037 tela
1269 4992 1451 5057 quam
1469 4971 1742 5052 Cyrillus
1768 4987 1892 5032 non
1905 4969 2044 5050 jam
2070 4974 2304 5040 noster,
2323 4964 2431 5026 sed
2451 4973 2614 5026 totus
2637 4964 3200 5039 tuus,ministrabit
3228 4984 3402 5027 nemo
3418 4987 3436 5036 ;
3467 4984 3576 5026 seu
3598 4965 3794 5026 disse-

545 5074 740 5150 rendi
767 5085 862 5148 vis
907 5093 964 5146 et
1006 5097 1264 5144 acumen
1297 5085 1633 5159 quaeratur,
1662 5094 1769 5136 seu
1796 5069 2277 5156 argumentandi
2302 5069 2572 5130 varietas
2605 5077 2662 5129 et
2687 5069 2886 5147 copia,
2912 5069 3039 5129 sive
3078 5069 3443 5149 disputandi
3483 5068 3798 5130 vehemens

559 5197 618 5248 et
663 5194 960 5250 accurata
1009 5181 1176 5244 ratio
1234 5178 1608 5243 Christiana:
1647 5173 2114 5236 mansuetudini
2169 5187 2242 5232 ac
2280 5169 2593 5232 modestia:
2633 5168 2964 5247 conjuncta
2990 5187 3011 5226 :
3066 5166 3288 5247 quibus
3319 5165 3658 5228 virtutibus
3709 5167 3798 5226 ita

559 5287 772 5368 pollet,
812 5297 880 5350 ut
913 5287 1070 5348 hanc
1107 5285 1165 5347 ei
1197 5282 1442 5344 laudem
1479 5280 1686 5342 σωτενί
1715 5277 1966 5342 Graecia
1991 5275 2215 5338 Patres
2251 5289 2377 5332 non
2409 5268 2753 5333 invideant.
2788 5268 2943 5344 Quis
2979 5268 3141 5328 enim
3175 5284 3446 5368 unquam
3483 5264 3799 5368 hereticos

562 5361 861 5455 eteorum
909 5387 1193 5464 asseclas,
1244 5390 1302 5452 si
1340 5387 1407 5449 in
1446 5384 1754 5446 sententia
1809 5385 2269 5461 permanerent,
2301 5376 2511 5436 acrius
2540 5372 2916 5451 confutavit,
2944 5379 3076 5444 aut,
3107 5372 3164 5432 si
3200 5361 3448 5452 quando
3487 5388 3549 5430 se
3591 5366 3796 5429 studio

557 5494 734 5575 pacis
764 5492 1170 5570 inflecterent,
1195 5490 1278 5552 ad
1320 5504 1530 5550 veram
1559 5503 1631 5547 ac
1663 5485 1970 5546 sinceram
1997 5477 2144 5558 ﬁdei
2189 5475 2636 5551 confessionem
2667 5472 2884 5533 mitius
2910 5470 3261 5551 perduxit?
3290 5472 3370 5532 In
3397 5469 3799 5549 prafractum

563 5571 922 5667 Nestorium
954 5607 1250 5680 quantum
1273 5603 1330 5657 et
1350 5611 1534 5677 quam
1565 5591 1863 5654 invictum
1899 5584 2095 5646 animi
2123 5582 2320 5644 robur
2347 5575 2610 5662 jactatis
2647 5576 2942 5680 Ecclesia:
2969 5575 3153 5680 reb-us
3183 5573 3514 5637 adhibuit!
3538 5571 3622 5680 At
3655 5587 3797 5680 vero

565 5705 635 5765 in
659 5669 1466 5770 Joannem-Antiochenum,
1497 5688 1970 5761 Theodoretum,
1992 5694 2046 5746 et
2071 5683 2228 5744 alios
2258 5681 2660 5742 adversarum
2680 5678 2958 5757 partium
2988 5675 3325 5755 episcopos,
3353 5689 3488 5734 cum
3521 5669 3605 5731 ad
3625 5669 3796 5730 sani-

567 5808 755 5865 tatem
795 5799 1124 5870 redissent,
1156 5803 1281 5855 tam
1316 5811 1551 5875 (equum
1589 5800 1644 5852 et
1673 5789 1988 5868 placatum
2024 5805 2086 5845 se
2121 5781 2410 5863 prwbuit,
2434 5787 2506 5840 ut
2538 5778 2765 5839 librum
2803 5777 2876 5838 de
2910 5774 3251 5846 emissario,
3287 5779 3344 5875 et
3383 5787 3546 5875 quos
3583 5777 3799 5875 contra

568 5902 891 5966 lulianum
934 5869 1306 5961 desertorem
1355 5869 1689 5974 scripserat
1721 5887 2166 5952 examinandos
2207 5886 2294 5947 eis
2354 5882 2614 5945 miserit.
2651 5881 2769 5942 His
2802 5877 3107 5940 machinis
3153 5873 3528 5938 Christiana
3561 5869 3800 5934 militia:
