4076 6306
336 338 439 397 H7
1220 338 1374 393 PFUE
1382 340 1715 397 FATIONES
1753 342 2093 400 EDITIONIS
2127 343 2707 403 GRAECO-LATINE.
3500 346 3602 407 “8

331 458 468 522 dua:
493 458 881 538 fortissimus
905 455 1233 536 gentilium
1265 466 1321 518 et
1348 456 1781 522 hareticorum
1814 479 1988 522 arces
2017 460 2165 523 olim
2196 464 2438 525 evertit.
2473 464 2587 537 Et,
2627 462 2690 523 si
2714 460 2849 522 tuis
2876 460 3178 539 auspiciis
3202 505 3220 535 ,
3255 460 3603 526 cardinalis

333 562 840 635 eminentissime,
875 562 943 622 in
966 569 1214 623 exteras
1247 561 1418 626 orbis
1454 567 1741 644 regiones
1771 566 2110 647 aliquando
2140 569 2585 647 transferetur,
2616 567 2742 630 ibit
2764 583 2968 646 porro
2992 566 3121 628 illis
3150 557 3304 647 ipsis
3333 567 3604 649 insignis

330 664 528 725 armis
554 664 623 724 in
646 662 1063 726 Nestorianas
1094 663 1420 744 reliquias,
1452 666 1700 747 aliaque
1728 669 2086 732 istiusmodi
2112 680 2415 747 monstro,
2449 689 2583 752 quo.-
2605 669 2858 750 pridem
2897 666 3131 731 Oriens
3163 667 3310 745 alit,
3342 679 3452 731 aut
3470 687 3604 750 quae

330 786 462 829 non
486 766 700 829 multis
736 768 963 830 abhinc
994 768 1181 828 annis
1219 769 1519 833 Occidens
1556 772 1834 850 infausto
1852 781 2046 852 partu
2072 776 2362 854 suscepit.
2389 774 2628 851 Quibus
2647 771 3053 853 propositum
3083 790 3219 833 ann
3240 772 3325 833 sit
3348 772 3416 833 S.
3449 772 3599 851 Spi-

331 870 499 930 ritus
530 878 589 930 et
618 868 858 933 Christi
882 871 1130 932 Domini
1157 870 1568 944 divinitatem,
1601 872 1749 950 ﬁdei
1768 882 1996 934 nostra:
2013 882 2219 953 caput,
2249 884 2542 948 evertere,
2565 872 2863 934 acerrimi
2879 868 3123 951 pugilis
3149 872 3273 931 vim
3294 880 3352 932 et
3381 873 3596 933 incur-

334 986 472 1029 sum
492 987 621 1028 non
654 968 901 1047 frustra
935 970 1226 1045 sentient,
1264 989 1369 1051 qut
1399 978 1491 1032 tot
1522 970 1669 1033 olim
1700 971 1942 1035 Christi
1977 974 2091 1035 Dei
2136 973 2337 1034 hostes
2373 971 2731 1035 incredibili
2770 971 3008 1033 virtute
3045 972 3421 1049 prostravit.
3470 972 3598 1033 Nec

337 1071 539 1149 magis
569 1069 778 1131 abillo
811 1071 934 1131 tuti
958 1071 1098 1150 fore
1118 1071 1409 1133 censendi
1436 1082 1581 1133 sunt
1609 1083 2257 1154 novatores:quorum
2284 1082 2530 1135 strenue
2560 1070 3091 1150 confutandorum
3113 1087 3253 1131 cum
3290 1069 3409 1131 tibi
3434 1072 3597 1135 Deus

339 1175 615 1233 animum
659 1190 732 1231 ac
774 1179 1037 1231 mentem
1080 1172 1405 1245 indiderit,
1444 1191 1552 1233 nec
1596 1181 1653 1234 te
1698 1176 1910 1253 pigeat
1957 1174 2466 1252 gravissimorum
2512 1174 2907 1253 negotiorum
2940 1170 3275 1231 intervalla
3316 1170 3431 1230 hoc
3467 1175 3595 1232 otio

341 1283 556 1335 sancto
586 1273 990 1352 distinguere,
1019 1292 1149 1334 rem
1177 1273 1533 1336 decidendis
1564 1276 1642 1360 iis
1671 1294 1803 1355 qua:
1831 1277 1898 1336 in
1924 1275 2225 1356 religione
2257 1284 2402 1336 sunt
2430 1285 2831 1337 controversa
2863 1272 3176 1354 capitibus
3199 1272 3599 1335 utilissimam

344 1383 509 1435 certe
543 1374 788 1451 feceris,
816 1375 871 1435 si
899 1380 1005 1435 tuo
1040 1372 1353 1454 beneﬁcio,
1387 1393 1520 1455 qua:
1546 1375 1665 1438 tibi
1686 1376 2029 1454 amplitudo
2053 1383 2141 1436 est
2160 1377 2379 1451 animi,
2401 1384 2608 1437 vetera
2639 1375 2706 1437 id
2723 1394 2917 1454 genus
2940 1382 3302 1436 sanctorum
3326 1375 3598 1435 Patrum

343 1484 735 1536 monumenta
765 1476 1038 1537 studiose
1066 1478 1543 1557 conquirantur,
1566 1487 1624 1539 et
1644 1496 1760 1556 per
1794 1477 2049 1540 idoneos
2077 1472 2367 1539 homines
2384 1478 2448 1539 in
2477 1475 2673 1538 lucem
2702 1476 2992 1538 edantur.
3017 1476 3126 1536 Ea:
3146 1473 3244 1535 his
3276 1474 3601 1554 enitetun

340 1576 538 1653 fuerit
559 1576 858 1654 primaeva
885 1576 1060 1656 ﬁdes,
1085 1596 1219 1659 qua:
1248 1578 1595 1658 disciplina:
1624 1579 1858 1658 forma,
1892 1587 1951 1640 et
1986 1581 2095 1660 qui
2130 1580 2293 1640 ritus
2322 1580 2567 1657 antiqui
2599 1580 2873 1640 omnium
2910 1578 3138 1657 optime
3173 1576 3594 1656 dignoscitur,

343 1683 402 1735 et
427 1674 538 1735 via:
568 1673 701 1736 ulla
726 1675 1006 1739 suboriri
1030 1686 1237 1757 potest
1269 1679 1337 1741 in
1358 1679 1480 1759 ﬁde
1505 1681 1759 1742 novatio
1796 1698 1930 1761 qua:
1961 1697 2089 1741 non
2127 1681 2327 1759 possit
2376 1697 2587 1740 eorum
2619 1679 2989 1759 prajudicio
3032 1675 3249 1738 deleri.
3279 1676 3415 1737 Hoc
3443 1695 3596 1739 vero

341 1786 400 1837 te
435 1787 642 1839 manet
670 1780 922 1859 facinus
942 1778 1452 1860 pulcherrimum,
1474 1783 1820 1846 cardinalis
1855 1784 2330 1845 eminentissime
2354 1832 2369 1857 ,
2409 1782 2533 1843 hac
2564 1801 2593 1843 e
2633 1782 2927 1842 maximis
2957 1781 3082 1841 tuis
3129 1778 3600 1859 innumerisque

340 1881 634 1946 laudibus
669 1902 799 1945 una
830 1903 897 1946 eo
926 1903 1103 1967 quem
1157 1887 1226 1948 in
1252 1904 1442 1966 regno
1487 1888 1872 1949 Francorum
1911 1894 1969 1948 et
1998 1885 2283 1949 Ecclesia
2312 1886 2426 1947 Dei
2464 1883 2702 1945 obtines
2734 1883 2940 1962 gradu
2975 1880 3153 1960 longe
3191 1879 3593 1959 dignissima.

339 1981 472 2045 Alii
492 1983 652 2047 alios
680 1984 801 2047 tibi
819 1985 1162 2067 triumphos
1191 1996 1403 2067 optent
1430 2007 1451 2047 :
1474 2006 1678 2049 omnes
1702 2006 1811 2067 ego
1842 1988 1981 2062 tibi,
2003 1987 2112 2050 sed
2141 1989 2206 2050 in
2221 1985 2446 2068 primis
2476 2004 2575 2045 eos
2604 2002 2823 2044 vovere
2845 2000 2972 2044 non
2998 1981 3301 2055 desinam,
3329 1994 3590 2060 quorum

341 2104 465 2149 non
492 2087 559 2147 in
591 2089 783 2150 terris
814 2088 1021 2160 modo,
1041 2088 1150 2152 sed
1172 2096 1227 2151 et
1260 2090 1328 2151 in
1356 2087 1518 2151 calis
1552 2091 1919 2171 consignata
1940 2090 2241 2151 memoria
2270 2087 2676 2151 immortalem
2708 2095 2765 2147 te
2810 2104 2888 2146 ex
2917 2081 3174 2145 mortali
3200 2083 3469 2162 faciant.

1806 2253 1875 2314 E'
1927 2255 1997 2314 T'
2043 2253 2117 2314 θ’
2667 2332 2948 2392 Joannes
2995 2327 3412 2393 ALBERTUS.

3357 2535 3573 2551 ———-—-

1635 2701 2299 2817 LECTORI.

411 3074 515 3144 Qui
534 3073 854 3132 Gracorum
877 3071 1135 3130 Ecclesia
1159 3073 1382 3132 Patrum
1396 3072 1807 3131 lucubrationes
1841 3049 2033 3133 Latine
2069 3082 2279 3133 tantum
2311 3075 2368 3132 in
2387 3075 2566 3133 lucem
2601 3075 2823 3143 dedere,
2859 3072 3074 3129 tametsi
3132 3072 3320 3127 labore
3347 3086 3444 3126 suo
3479 3085 3589 3125 non

348 3181 548 3242 parum
573 3167 839 3225 Ecclesia
872 3167 1219 3240 profuerunt,
1250 3167 1504 3224 nonnihil
1530 3176 1711 3226 tamen
1741 3171 1978 3241 posteris
2004 3171 2257 3227 intulisse
2287 3170 2549 3227 videntur
2578 3169 2931 3237 incommodi,
2960 3167 3107 3240 quod
3142 3167 3317 3224 Graci
3365 3164 3585 3222 codices

358 3273 472 3315 non
501 3260 667 3331 pauci
716 3261 920 3331 quibus
947 3261 1034 3316 usi
1087 3268 1267 3325 erant,
1296 3260 1583 3317 hominum
1612 3262 1834 3319 tandem
1857 3264 2095 3330 incuria,
2123 3277 2248 3320 cum
2280 3262 2488 3318 Latina
2517 3261 2790 3317 versionis
2833 3258 3221 3330 opportunitas
3270 3256 3507 3321 adesset,
3532 3257 3591 3314 in

350 3351 460 3408 situ
478 3368 545 3409 ac
582 3353 831 3410 tenebris
848 3354 1155 3425 perierunt.
1213 3353 1330 3410 Hoc
1357 3354 1618 3410 damnum
1668 3363 1966 3411 senserunt
1994 3357 2126 3411 olim
2169 3356 2429 3427 permulti
2462 3354 2723 3411 Ecclesia
2768 3354 2997 3410 Patres:
3025 3367 3130 3408 nec
3158 3352 3280 3423 ejus
3330 3346 3594 3404 immunis

350 3441 588 3515 Cyrillus
626 3446 951 3511 exstitisset,
976 3447 1084 3501 nisi
1115 3447 1345 3502 studiosi
1372 3448 1625 3504 homines
1672 3450 1782 3521 jam
1833 3450 2164 3519 periclitanti
2216 3450 2510 3505 salutarem
2559 3463 2782 3503 manum
2838 3446 3227 3502 intendissent.
3262 3444 3413 3498 Inter
3458 3455 3598 3512 quos

354 3536 565 3590 utinam
591 3536 794 3593 Anton.
823 3537 1084 3609 Agellius,
1099 3540 1744 3611 Aeernensisepiscopus,
1773 3549 1868 3595 aut
1884 3541 2266 3596 Bonaventura
2287 3540 2607 3606 Vulcanius,
2633 3539 2837 3595 eruditi
2862 3538 3212 3608 interpretes,
3233 3543 3329 3590 aut
3350 3532 3601 3589 Andreas

358 3625 583 3682 Scottus
609 3635 664 3681 et
693 3625 931 3682 Iacobus
959 3627 1239 3682 Pontanus
1268 3643 1300 3681 e
1346 3628 1611 3684 societate
1638 3628 1789 3695 Jesu,
1831 3638 1927 3684 aut
1960 3629 2164 3683 Anton.
2190 3628 2439 3694 Salmat.,
2463 3643 2531 3683 ex
2551 3629 2912 3684 Ambrosiano
2937 3625 3167 3697 collegio
3201 3623 3395 3679 doctor
3432 3623 3594 3679 theo-

359 3717 540 3791 logus,
580 3727 672 3774 aut
706 3719 881 3775 Nico].
912 3720 1175 3785 Borbon.,
1207 3720 1406 3777 Graca
1437 3722 1637 3792 lingua
1662 3721 1943 3792 professor
1962 3724 2249 3790 emeritus,
2283 3724 2378 3795 qui
2403 3723 2460 3778 in
2488 3723 2595 3779 hoc
2641 3722 2911 3792 scriptore
2955 3718 3224 3774 vertendo
3248 3715 3483 3771 feliciter
3509 3729 3604 3770 su-

360 3816 580 3877 darunt,
614 3827 752 3882 opus
777 3828 807 3868 a
828 3828 886 3868 se
923 3813 1240 3868 inchoatum
1257 3814 1326 3868 ad
1360 3814 1568 3870 exitum
1597 3815 2015 3885 perduxissent!
2044 3818 2247 3890 Dignos
2267 3824 2417 3874 certe
2456 3823 2641 3872 tantus
2673 3814 2934 3871 Ecclesia
2981 3810 3174 3867 doctor
3206 3819 3399 3865 nactus
3426 3808 3605 3863 inter-

355 3908 542 3971 pretes
573 3899 733 3972 longe
766 3901 994 3957 nitidior
1024 3910 1080 3957 et
1100 3901 1343 3956 ornatior
1367 3910 1673 3973 appareret.
1704 3905 1903 3959 Verum
1944 3906 2060 3961 sive
2122 3907 2237 3962 otio
2267 3923 2376 3961 non
2414 3904 2747 3963 abundarint
2778 3904 2927 3976 quod
2970 3904 3123 3976 operi
3157 3911 3266 3958 tam
3296 3901 3475 3971 spisso
3503 3914 3601 3953 nc-

358 3992 659 4047 cessarium
689 4001 855 4061 esset,
889 3994 1004 4049 sive
1039 3994 1163 4049 aliis
1202 3995 1402 4050 studiis
1430 4004 1526 4051 aut
1551 3999 1787 4068 negotiis
1814 4000 2076 4055 abstracti
2107 4000 2252 4056 istud
2282 4002 2465 4058 oneris
2515 4001 2838 4074 abjecerint,
2894 4000 2952 4055 in
2996 3998 3195 4070 capite,
3232 3995 3379 4067 quod
3424 3994 3601 4053 aiunt.

356 4089 536 4143 solum
575 4089 919 4156 laborarunt,
948 4100 1172 4147 cateras
1194 4092 1441 4162 corporis
1463 4101 1648 4163 partes
1684 4095 2031 4165 imperfectas
2080 4098 2446 4168 reliquerunt.
2486 4097 2641 4165 Quod
2678 4114 2804 4153 cum
2833 4098 2890 4151 in
2922 4096 3113 4167 primis
3155 4095 3426 4157 dolerem,
3455 4098 3513 4146 et
3548 4090 3606 4145 in

354 4198 474 4239 eam
506 4184 636 4238 vita
664 4184 932 4239 rationem
974 4185 1251 4255 ingressus
1275 4201 1453 4241 essem
1488 4187 1543 4242 in
1575 4204 1681 4257 qua
1717 4190 1891 4245 otium
1942 4200 2275 4263 suppeteret,
2316 4193 2459 4263 cepi,
2489 4193 2839 4263 quantumvis
2872 4190 3266 4247 mediocritatis
3302 4202 3438 4241 mea
3468 4200 3605 4240 con-

367 4280 535 4342 scius,
577 4277 840 4335 editionis
866 4279 1029 4349 hujus
1050 4280 1365 4345 consilium,
1392 4290 1565 4346 ratus,
1608 4292 1667 4337 ut
1695 4284 1749 4337 in
1788 4284 2061 4355 locuplete
2100 4287 2284 4353 domo,
2322 4286 2477 4341 sicin
2516 4286 2761 4340 Ecclesia
2793 4285 2892 4339 Dei
2919 4299 3039 4338 csse
3094 4296 3313 4350 quoque
3347 4277 3607 4333 ﬁctilibus

349 4380 406 4426 et
426 4371 624 4441 ligneis
646 4370 789 4427 vasis
813 4371 993 4425 locum
1016 4372 1349 4441 aliquem,‘si
1374 4374 1537 4429 modo
1574 4374 1683 4430 sint
1719 4376 1863 4430 usui.
1888 4376 2260 4447 lntelligcbam
2295 4379 2441 4432 enim
2473 4394 2635 4447 quam
2676 4377 2814 4430 male
2845 4391 2875 4427 a
2901 4372 3181 4428 nonnullis
3207 4369 3606 4441 interpretibus

349 4462 573 4518 habitus
595 4470 740 4517 esset
763 4460 1012 4532 plurimis
1044 4462 1101 4516 in
1130 4461 1290 4516 libris
1339 4462 1595 4534 Cyrillus,
1648 4465 1704 4518 in
1744 4463 1946 4533 quibus
1992 4465 2360 4535 repurgandis
2396 4481 2616 4534 cperam
2648 4478 2854 4535 ponere
2905 4478 3017 4518 non
3055 4462 3220 4517 modo
3259 4460 3453 4516 inutile
3493 4474 3605 4513 non

350 4563 513 4619 esset,
542 4554 639 4610 sed
682 4570 945 4625 perquam
988 4552 1383 4610 necessarium.
1440 4554 1557 4611 Dici
1602 4557 1805 4626 quippe
1848 4571 1959 4612 non
2003 4563 2185 4626 potest
2207 4564 2473 4627 quantum
2500 4557 2605 4613 sibi
2626 4556 2770 4628 juris
2796 4555 2850 4609 in
2876 4569 3003 4610 eum
3048 4553 3343 4622 sumpserit
3367 4550 3432 4607 G.
3468 4551 3606 4606 Tra-

349 4649 660 4718 pezuntius,
688 4648 873 4704 multis
906 4649 963 4704 in
1002 4647 1279 4718 epitomen
1302 4646 1559 4713 redactis,
1583 4659 1640 4703 et
1662 4664 1952 4718 perperam
1981 4664 2122 4719 sape
2148 4649 2445 4704 translatis.
2489 4648 2648 4716 Quod
2694 4650 2751 4704 in
2791 4648 3052 4703 Thesauro
3079 4647 3299 4716 quidem
3350 4651 3609 4714 expertus

350 4741 587 4811 primum
631 4741 833 4795 Bonav.
883 4740 1196 4805 Vulcanius,
1233 4756 1335 4811 ego
1359 4739 1559 4795 deinde
1614 4741 1785 4796 nihilo
1837 4742 2233 4813 religiosiorem
2259 4743 2428 4798 fuisse
2463 4744 2517 4797 in
2561 4742 2867 4799 Comment.
2897 4743 3006 4798 illis
3042 4743 3097 4795 in
3135 4739 3399 4794 Joannem
3426 4738 3608 4807 reipsa

351 4834 612 4903 comperi.
630 4833 742 4888 Nec
765 4833 920 4904 longe
946 4832 1160 4887 felicior
1192 4834 1465 4903 interpres
1490 4832 1968 4903 OEcolampadius,
2002 4844 2065 4890 ut
2083 4837 2254 4892 libros
2274 4836 2351 4891 Dc
2370 4836 2626 4890 Trinitate
2648 4842 2705 4889 et
2729 4842 2913 4888 contra
2937 4832 3216 4888 lulianum
3236 4829 3438 4901 legenti
3453 4828 3611 4883 facile

353 4926 581 4993 patebit.
616 4924 805 4993 Neque
838 4908 1019 4979 tamen
1044 4940 1139 4980 eos
1160 4940 1259 4980 sua
1291 4925 1452 4979 laude
1485 4940 1673 4981 carere
1697 4926 1885 4991 velim,
1906 4936 2001 4983 aut
2024 4945 2126 4999 ego
2159 4938 2270 4984 tam
2293 4936 2585 4983 accuratus
2610 4927 2823 4993 haberi,
2855 4932 2916 4980 ut
2947 4942 3058 4981 non
3082 4923 3484 4995 quamplurima
3512 4935 3610 4973 su-

353 5030 571 5085 peresse
605 5031 825 5086 quoque
846 5015 1042 5071 fatear.
1078 5032 1199 5087 qua
1224 5016 1636 5086 diligentiorum
1662 5032 1884 5085 operam
1918 5033 1983 5072 ac
2023 5018 2291 5089 judicium
2328 5018 2628 5086 requirant.
2665 5017 2850 5086 Itaque
2884 5014 3082 5084 siquid
3123 5030 3155 5068 a
3204 5028 3291 5067 me
3324 5018 3608 5080 peccatum

354 5105 780 5173 animadvertes,
812 5107 1167 5163 humanitatis
1192 5118 1276 5162 est
1299 5108 1613 5178 ignoscere;
1646 5124 1822 5178 eoque
1839 5110 2043 5179 justius
2068 5111 2227 5165 venia
2254 5110 2464 5180 sperari
2489 5110 2679 5174 debet,
2703 5108 2851 5179 quod
2884 5108 3103 5163 dillicile
3146 5103 3442 5158 admodum
3490 5110 3617 5154 erat

354 5215 410 5272 in
432 5208 541 5255 tam
568 5201 731 5271 longo
760 5200 934 5270 spatio
956 5216 1065 5255 non
1085 5200 1370 5271 cespitare.
1389 5201 1539 5256 Adde
1558 5203 1703 5273 quod
1723 5218 1848 5256 cum
1870 5218 2008 5272 Opus
2034 5212 2414 5269 retractarem,
2441 5213 2497 5259 et
2513 5202 2760 5272 quadam
2784 5208 2976 5255 notare
2998 5198 3295 5267 cmpissen,
3319 5208 3608 5247 excussum

355 5305 418 5346 ac
449 5290 849 5361 pr0pemodum
907 5297 1182 5344 extortum
1214 5290 1349 5344 mihi
1403 5300 1485 5347 est
1524 5292 1703 5362 ipsum
1735 5292 1802 5348 de
1850 5293 2126 5360 manibus,
2156 5293 2577 5366 bibli0polarum
2603 5294 2824 5348 assidua
2867 5288 3200 5361 ﬂagitatione
3223 5327 3236 5350 ,
3274 5300 3401 5340 suas
3426 5284 3610 5355 perire

356 5383 458 5439 sibi
484 5382 728 5438 rationes
750 5382 1151 5455 objicientium,
1174 5390 1230 5437 et
1267 5397 1333 5436 eo
1354 5384 1576 5447 nomine
1612 5385 1666 5438 in
1700 5385 1902 5454 juslme
1941 5386 2346 5455 quodammodo
2388 5388 2741 5458 rapientium.

422 5474 495 5530 Ut
544 5489 683 5529 vero
725 5490 825 5545 per
887 5492 1025 5546 quos
1048 5475 1398 5547 profecerim,
1454 5485 1510 5531 et
1554 5478 1755 5547 quibus
1798 5478 2141 5548 adjutoribus
2172 5481 2474 5535 editionem
2513 5481 2654 5534 hanc
2700 5476 3036 5540 adornarim,
3077 5490 3145 5529 ne
3174 5484 3225 5530 te
3258 5475 3445 5540 lateat,
3475 5474 3621 5529 scito

359 5567 586 5639 gratiam
612 5568 671 5634 in
696 5567 886 5637 primis
908 5569 1096 5624 deberi
1118 5570 1456 5640 amplissimo
1487 5571 1687 5625 viroN.
1710 5572 1967 5642 Rigaltio,
2010 5575 2104 5643 qui
2135 5575 2267 5629 mihi
2298 5581 2566 5643 quotquot
2607 5573 2660 5626 in
2704 5569 2868 5638 Regis
2909 5567 3203 5622 lectissima
3235 5567 3325 5621 illa
3360 5581 3490 5636 gaza
3527 5581 3625 5618 rc—

358 5658 518 5731 positi
544 5665 709 5713 erant
734 5658 922 5731 Cyrilli
956 5660 1175 5715 codices
1199 5661 1432 5732 benigne
1456 5665 1883 5719 communicavit
1919 5684 1931 5718 :
1970 5665 2270 5736 itidemque
2317 5667 2424 5720 IYD.
2460 5664 2609 5721 card.
2652 5661 2950 5715 Barbcrino
2978 5669 3034 5715 et
3066 5659 3119 5715 S.
3157 5656 3461 5727 Onuphrio,
3494 5669 3614 5707 om-

355 5754 444 5811 nis
465 5751 736 5809 doctrina
759 5760 814 5808 et
840 5751 1193 5808 humanitatis
1216 5752 1376 5809 laude
1402 5752 1869 5817 eminentissimis,
1898 5771 2128 5825 quorum
2147 5756 2465 5811 auctoritate
2502 5752 2861 5809 reverendiss.
2893 5752 3051 5806 Pater
3069 5751 3254 5805 Horat.
3277 5744 3617 5802 Justinianus
