4076 6306
496 317 598 376 ΗΘ
1588 313 1866 370 ΑΝΤΟΝΙΙ
1903 313 2106 370 AGEL!

2214 309 2592 367 PREFATIO.
3659 308 3692 363 1
3707 306 3800 362 20

498 437 673 492 libros
706 452 743 490 ll
767 436 1096 506 posteriores
1112 432 1420 490 Comment.
1448 435 1503 490 in
1528 435 1731 492 Isaiam
1756 437 2067 508 prophetam
2092 445 2150 491 et
2187 436 2390 491 librum
2435 452 2527 491 vm
2561 437 2615 490 in
2641 434 2863 491 Joannis
2905 431 3254 507 Evangelium
3279 428 3346 486 ad
3375 442 3479 485 nos
3513 441 3582 481 ex
3603 422 3762 482 Vati
3791 456 3798 462 -

495 543 630 582 cana
660 526 982 581 transmisit.
1006 527 1142 582 Nam
1175 530 1431 598 quintum
1455 547 1519 588 ac
1553 542 1769 588 sextum
1804 535 1860 588 in
1889 535 2156 590 Joannem
2206 534 2423 589 nescire
2453 543 2504 589 te
2532 548 2645 588 non
2671 542 2889 604 Oportet
2936 532 3218 587 illustriss.
3273 543 3338 584 ac
3379 523 3791 581 reverendiss.

491 617 556 672 D.
592 615 786 671 Carolo
809 616 876 670 de
897 616 1167 685 Monchal,
1214 621 1628 693 archiepiscopo
1651 624 1943 690 Tolosano,
1976 624 2044 680 de
2076 622 2281 680 litteris
2306 639 2473 695 supra
2521 640 2686 695 quam
2728 624 2836 679 dici
2877 631 3058 695 potest
3088 623 3228 678 bene
3260 619 3482 684 merito,
3533 614 3788 678 debeti,

456 707 584 778 ‘qui
618 707 781 762 nobis
809 723 907 762 eos
940 724 1008 763 ex
1036 709 1098 762 L.
1123 709 1376 766 Hostenii
1408 713 1772 768 eruditissimi
1813 715 1918 769 viri
1947 714 2252 785 κειμηλίοις
2287 715 2650 785 deprompsit,
2682 713 2738 768 id
2775 714 3002 784 insuper
3030 712 3278 768 studiose
3332 708 3792 784 commendante

492 800 561 856 Ν.
606 799 865 855 Fabricio
897 800 1179 856 Peirescio
1219 803 1276 857 in
1307 813 1502 860 senatu
1535 805 1778 875 Aquensi
1809 806 2124 861 consiliario
2149 806 2296 876 regis
2323 805 2682 876 amplissimo,
2717 806 2876 875 cujus
2916 813 3092 859 morte
3127 801 3495 859 clarissimum
3538 800 3792 854 littera-

487 909 610 948 rum
644 893 831 948 lumen
863 895 1199 949 exstinctum
1231 894 1363 949 boni
1395 911 1590 951 omnes
1634 897 1911 951 desiderio
1945 912 2045 951 suo
2075 912 2140 951 ac
2194 896 2385 952 dolore
2438 905 2726 952 testantur.
2763 894 2973 950 Exinde
3025 894 3116 948 alii
3160 893 3413 949 certatim
3442 891 3575 946 huic
3597 895 3782 960 operi

438 1020 444 1032 ι
497 1001 727 1040 manum
765 987 1154 1043 admoverunt.
1182 987 1318 1042 Nam
1346 988 1671 1042 Thesaurum
1706 1004 1814 1042 una
1835 1004 1960 1043 cum
1987 989 2108 1059 ejus
2134 988 2612 1059 interpretatione,
2643 995 2700 1044 et
2719 988 2796 1042 De
2825 988 3136 1041 adoratione
3163 986 3220 1038 in
3270 985 3461 1054 spiritu
3509 999 3571 1035 ac
3615 981 3787 1035 veri-

494 1089 602 1132 tate
628 1081 802 1136 libros
825 1098 955 1147 xvn,
989 1097 1130 1152 quos
1158 1083 1465 1138 Academiae
1491 1083 2001 1154 Lugdune-Batava:
2029 1083 2412 1139 Bonaventura
2439 1084 2740 1140 Vulcanius
2775 1083 3052 1154 quondam
3086 1083 3380 1153 legaverat,
3414 1077 3612 1133 advehi
3653 1091 3783 1130 cu-

495 1171 640 1225 ravit
663 1172 736 1226 cl.
761 1189 815 1225 v.
849 1173 910 1227 Ρ.
944 1174 1222 1230 Puteanus
1239 1178 1500 1249 juvandis
1528 1179 1725 1233 litteris
1748 1187 1929 1233 natus.
1951 1179 2032 1233 Ex
2056 1194 2155 1233 sua
2205 1194 2337 1234 vero
2383 1179 2720 1234 bibliotheca
2764 1177 3168 1234 illustrissimus
3201 1175 3264 1229 D.
3296 1173 3363 1228 de
3387 1172 3602 1242 Harlay,
3637 1171 3780 1224 Ma—

495 1261 789 1318 cloviensis
821 1264 1134 1335 episcopus,
1193 1269 1412 1322 codices
1451 1269 1590 1323 duos
1627 1268 1865 1338 benigne
1896 1268 2293 1338 suppeditavit,
2323 1284 2558 1338 quorum
2584 1284 2728 1323 unus
2752 1267 3011 1324 Catenam
3036 1269 3092 1321 in
3115 1264 3342 1322 Joannis
3371 1261 3773 1332 Evangelium,

492 1369 559 1409 ex
586 1355 776 1427 Cyrilli
801 1359 1146 1430 aliorumque
1174 1362 1396 1416 Patrum
1429 1358 1841 1413 commentariis
1867 1358 2273 1424 concinnatam,
2303 1359 2442 1413 alter
2460 1359 2732 1430 Glaphyra
2755 1361 2812 1414 in
2833 1359 3271 1421 Pentateuchum,
3291 1371 3402 1410 una
3432 1370 3559 1409 cum
3596 1353 3778 1407 libris

492 1445 571 1500 De
604 1449 914 1504 adaratione
947 1453 1004 1505 in
1053 1454 1243 1522 spiritu
1285 1459 1334 1504 et
1372 1451 1610 1516 veritate,
1657 1465 1720 1503 ac
1753 1448 2018 1503 Thesauro
2061 1449 2464 1519 complectitur.
2499 1449 2580 1504 Ex
2608 1448 2941 1520 Augustana,
2970 1449 3201 1504 Mathias
3241 1447 3574 1517 Ehingerus,
3634 1443 3776 1514 ejus

495 1542 610 1593 tum
643 1548 830 1596 custos
867 1541 1340 1613 diligentissimus,
1366 1543 1444 1597 De
1465 1550 1806 1598 sacrosancta
1856 1543 2114 1597 Trinitate
2144 1542 2318 1598 libros
2354 1558 2454 1598 sua
2486 1557 2653 1596 manu
2685 1541 2892 1597 dillicili
2939 1551 3185 1612 tempore
3227 1540 3532 1610 descriptos
3566 1538 3769 1600 ;misit.

494 1629 784 1685 Postremo
811 1629 1160 1689 Collectanea
1194 1651 1263 1689 ex
1293 1635 1500 1707 Cyrillo
1535 1635 1766 1705 aliisque
1789 1635 2046 1691 Patrihus
2070 1643 2329 1705 excerpta
2357 1634 2729 1705 suppeditavit
2750 1633 2910 1689 nobis
2947 1633 3228 1688 illustriss.
3256 1632 3343 1687 vir
3370 1633 3433 1687 D.
3467 1631 3768 1695 Biberius,

495 1721 638 1775 sacri
673 1721 999 1780 Consistorii
1025 1740 1229 1792 comes,
1271 1727 1605 1798 integritatis
1625 1735 1680 1781 et
1709 1725 2040 1780 eruditionis
2057 1724 2233 1796 gloria
2267 1725 2630 1779 clarissimus.
2661 1723 2874 1790 Quibus
2897 1721 3155 1777 omnibus
3200 1730 3412 1776 tantum
3454 1720 3770 1791 gratiarum

493 1828 595 1884 ego
621 1813 798 1870 debeo
831 1827 1099 1886 quantum
1129 1819 1373 1874 Ecclesia
1405 1817 1678 1872 commodi
1709 1832 1778 1871 ex
1809 1816 2031 1887 scriptis
2082 1815 2416 1870 sanctissimi
2471 1814 2718 1870 doctoris
2759 1813 2960 1883 capiet.
2999 1813 3246 1884 Longum
3299 1819 3448 1867 esset
3506 1811 3769 1880 reliquos

496 1919 831 1973 percensere
860 1908 957 1978 qui
985 1909 1121 1964 mihi
1155 1911 1213 1964 in
1243 1910 1350 1965 hoc
1379 1910 1657 1964 curriculo
1689 1907 1908 1963 sudanti
1937 1921 2091 1962 suam
2120 1921 2283 1976 opem
2313 1914 2408 1961 aut
2435 1905 2758 1960 obtulerunt
2779 1912 2874 1958 aut
2903 1903 3300 1974 praestiterunt.
3331 1901 3494 1957 Certe
3519 1909 3765 1970 praeter-

493 1995 638 2052 mitti
663 2013 774 2053 non
798 1999 964 2055 debet
993 2001 1258 2057 eximium
1287 2018 1376 2056 vv.
1408 2002 1478 2056 cl.
1506 2000 1896 2056 P.1uniietD.
1934 2000 2085 2054 Rous
2106 1999 2162 2052 in
2190 1997 2434 2052 editione
2465 2007 2651 2052 nostra
2679 1995 2918 2068 juvanda
2957 1993 3313 2063 ornandaque
3349 1991 3614 2054 studium,
3657 2006 3740 2059 qu

493 2088 749 2144 homilias
784 2090 992 2160 aliquot
1046 2100 1103 2146 et
1144 2091 1325 2146 varias
1366 2092 1422 2146 in
1461 2106 1553 2145 eas
1604 2091 1873 2146 lectiones
1921 2104 1990 2143 ex
2033 2085 2460 2142 instructissima
2502 2084 2674 2141 Oxon.
2710 2083 3018 2139 Academiae
3046 2082 3380 2137 bibliotheca
3429 2089 3576 2134 tanta
3614 2081 3756 2137 mihi

492 2196 619 2235 cum
649 2182 930 2237 celeritate
955 2183 1246 2250 miserunt,
1276 2193 1337 2240 ut
1367 2185 1707 2254 praevertisse
1740 2180 2146 2254 quodammodo
2173 2179 2500 2233 viderentur
2533 2177 2856 2249 petitionem
2879 2191 3078 2229 meam.
3112 2175 3223 2230 Nec
3254 2172 3455 2227 tacitus
3482 2172 3658 2226 abibit
3684 2173 3732 2228 N

490 2266 819 2334 Borbonius,
843 2271 1097 2326 candoris
1112 2279 1166 2327 et
1197 2271 1402 2342 ingenii
1431 2272 1656 2326 dotibus
1688 2269 2096 2334 ornatissimus,
2123 2266 2214 2338 qui
2242 2267 2525 2338 luculenta
2564 2266 2726 2322 nobis
2761 2266 3067 2336 fragmenta
3106 2265 3566 2322 intermediorum
3599 2281 3653 2319 iv
3686 2263 3756 2318 li-

491 2365 720 2420 brorum
744 2366 801 2418 in
831 2360 1092 2422 Joannem
1122 2383 1190 2422 ex
1217 2367 1422 2423 Catena
1476 2367 1757 2423 illustriss.
1788 2367 1852 2421 D.
1888 2365 2133 2436 episcopi
2190 2363 2574 2419 Macloviensis
2599 2364 2895 2432 desumpta
2950 2362 3184 2432 benigne
3238 2363 3485 2428 tradidit,
3517 2377 3754 2433 quorum

491 2474 593 2528 ope
620 2459 790 2515 multa
819 2460 876 2515 in
926 2478 958 2516 v
1010 2470 1066 2516 et
1097 2479 1149 2516 v1
1185 2463 1305 2517 loca
1354 2462 1790 2527 emendavimus,
1853 2475 1980 2516 cum
2025 2459 2251 2514 unicum
2283 2458 2529 2528 alioquin
2576 2459 2856 2528 exemplar
2901 2467 3242 2529 suppeteret,
3291 2457 3543 2525 inﬁnitis,
3588 2466 3755 2513 utne

491 2556 624 2626 quid
655 2557 1020 2622 dissimulem,
1052 2559 1268 2613 mendis
1298 2559 1669 2627 inquinatum.

562 2649 638 2704 De
673 2648 869 2703 ordine
895 2649 1187 2714 librorum,
1248 2649 1354 2703 hoc
1381 2649 1604 2714 habeto,
1648 2663 1752 2703 nos
1775 2662 1902 2702 eum
1941 2660 2052 2700 non
2090 2660 2483 2715 usquequaque
2545 2653 2762 2700 secutos
2800 2659 2941 2710 esse,
2985 2661 3151 2716 quem
3186 2647 3524 2718 exemplaria
3556 2645 3756 2701 Latina

492 2737 877 2812 praeferebant,
897 2736 992 2792 sed
1015 2737 1539 2804 commodissimum,
1570 2747 1836 2809 quantum
1870 2737 2182 2809 patiebatur
2210 2738 2348 2792 ratio
2401 2746 2697 2804 ternorum,
2743 2736 3071 2793 instituisse.
3108 2740 3354 2795 Primum
3388 2740 3570 2795 locum
3592 2741 3757 2795 libris

492 2830 571 2884 De
601 2828 910 2882 adoratione
939 2827 995 2879 in
1019 2827 1212 2897 spiritu
1243 2835 1293 2879 et
1314 2828 1534 2882 veritate
1563 2843 1672 2882 una
1709 2842 1840 2901 cum
1871 2826 2154 2898 Glaphyris
2180 2826 2453 2892 dedimus,
2492 2827 2661 2896 quod,
2704 2829 2984 2898 proposita
3034 2829 3291 2900 legalium
3343 2841 3596 2902 typorum
3626 2847 3756 2888 cum

493 2918 810 2990 evangelica
832 2920 1067 2974 veritate
1103 2919 1515 2985 convenientia,
1540 2921 1766 2991 planum
1793 2921 1900 2975 iter
1923 2919 1992 2974 ad
2017 2918 2305 2988 utriusque
2339 2918 2677 2974 Testamenti
2708 2920 3078 2991 cognitionem
3124 2923 3395 2992 aperiunt,
3431 2925 3756 2995 animosque

493 3011 562 3068 ad
585 3013 704 3082 ejus
717 3011 1009 3065 lectionem
1038 3009 1244 3064 utiliter
1274 3016 1602 3079 praeparant.
1628 3010 1798 3065 Porro
1824 3010 2003 3066 varias
2035 3010 2300 3065 lectiones
2319 3024 2428 3064 non
2464 3024 2656 3065 omnes
2686 3009 2786 3063 tibi
2816 2997 3291 3080 repraesentamus,
3332 3012 3410 3067 uti
3436 3029 3541 3069 nec
3561 3030 3754 3070 emen-

493 3107 747 3162 dationes
790 3113 845 3160 et
864 3104 1370 3160 animadversiones
1394 3104 1450 3158 in
1494 3119 1559 3158 ea
1583 3103 1883 3174 Scriptura:
1913 3103 2031 3158 loca
2067 3119 2303 3173 quorum
2337 3103 2522 3158 versio
2576 3118 2702 3157 cum
2729 3102 2923 3158 Latina
2980 3105 3199 3175 vulgata
3250 3106 3432 3162 minus
3476 3109 3753 3175 congruit,

494 3202 901 3273 exemplaribus
929 3216 1164 3272 quorum
1187 3201 1255 3256 ad
1296 3201 1599 3271 marginem
1641 3217 1735 3258 eas
1759 3202 2080 3257 adnotaram
2109 3217 2207 3272 per
2243 3215 2513 3257 summam
2570 3200 2843 3257 incuriam
2875 3216 3168 3271 operarum
3219 3204 3456 3259 amissis.
3510 3204 3640 3261 Haec
3700 3215 3754 3261 te

496 3296 706 3366 paucis,
730 3297 928 3364 lector,
958 3297 1228 3354 monitum
1259 3297 1430 3352 volui.
1465 3296 1620 3365 Quod
1652 3307 1924 3370 superest,
1955 3298 2224 3363 studium,
2250 3312 2459 3368 quaeso,
2486 3313 2672 3354 meum
2703 3296 2834 3352 boni
2853 3299 3100 3363 consule,
3125 3307 3181 3354 et
3206 3300 3348 3356 bene
3380 3300 3482 3355 tibi
3528 3303 3758 3372 cupien-

497 3402 609 3444 tem
632 3389 824 3445 eodem
851 3391 1036 3446 animo
1072 3407 1430 3462 prosequere.

506 3581 762 3598 -—-—_

1211 3779 1918 3876 ADMONITIO
1990 3781 2444 3876 ANTON.
2529 3782 3010 3876 AGELLII

860 3973 1184 4038 Prtemissa
1217 3974 1477 4038 editioni
1509 3975 1742 4036 Latine:
1788 3974 2088 4036 librorum
2121 3976 2207 4036 De
2253 3975 2624 4036 adoratione
2662 3976 2726 4035 in
2767 3976 2999 4054 spiritu
3048 3987 3102 4038 et
3143 3979 3419 4042 veritate.

1831 4145 1846 4204 (
1875 4142 2042 4192 Romae
2093 4140 2232 4204 1588,
2260 4141 2344 4192 τοι.
2374 4143 2388 4202 )

571 4427 723 4482 Beati
763 4425 951 4498 Cgrilli
983 4427 1057 4483 De
1105 4427 1428 4483 adoratione
1471 4428 1530 4482 in
1564 4428 1764 4500 spiritu
1796 4437 1854 4484 et
1897 4429 2131 4483 veritate
2175 4427 2334 4483 libros
2383 4446 2502 4483 cum
2539 4429 2858 4502 Lugdunum
2903 4436 3278 4505 imprimendos
3314 4440 3592 4505 misissem,
3628 4443 3758 4495 adeo

503 4519 664 4586 male,
691 4537 795 4574 non
824 4521 975 4574 modo
1007 4522 1357 4592 imprimentis
1385 4521 1725 4593 negligentia,
1743 4538 1927 4576 verum
1949 4523 2111 4575 etiam
2135 4523 2445 4593 corrigentis
2477 4521 2655 4594 culpa,
2676 4526 2874 4596 accepti
2905 4527 3139 4596 fuerunt,
3160 4537 3216 4581 ut
3247 4530 3538 4585 innumeris
3557 4532 3757 4586 mendis

502 4614 664 4684 pleni,
701 4625 749 4669 et
784 4615 923 4685 quod
946 4616 1073 4669 mihi
1095 4615 1362 4670 molestius
1379 4617 1499 4686 fuit,
1526 4616 1971 4670 adnotatiunculis
2003 4615 2327 4686 marginibus
2348 4616 2542 4671 additis
2561 4620 2784 4689 respersi
2813 4629 3007 4686 essent,
3027 4637 3158 4691 quas
3177 4639 3341 4693 neque
3358 4639 3451 4695 ego
3472 4628 3720 4681 miseram
3741 4665 3758 4690 ρ

503 4723 670 4778 neque
713 4707 980 4776 feceram:
1015 4715 1065 4760 et
1092 4708 1166 4760 ita
1191 4708 1383 4777 inepta:
1414 4716 1464 4760 et
1491 4707 1732 4762 absurda:
1755 4716 1930 4772 erant,
1960 4715 2017 4759 ut
2039 4706 2235 4760 alicubi
2268 4723 2333 4761 ne
2366 4709 2600 4763 auctoris
2628 4710 2839 4779 quidem
2863 4713 3192 4766 sanctissimi
3212 4721 3262 4765 et
3294 4716 3647 4772 eruditissimi
3663 4715 3765 4773 tiri

504 4802 704 4856 nomini
721 4808 1017 4870 parcerent.
1040 4799 1191 4865 Quod
1209 4803 1293 4855 ubi
1313 4804 1576 4873 conspexi,
1607 4810 1772 4856 totam
1791 4801 1944 4856 illam
1969 4801 2333 4873 Lugdunensis
2365 4803 2726 4872 impressionis
2749 4805 3116 4874 cogitationem
3143 4803 3326 4874 abjeci.
3362 4804 3465 4860 Sed
3499 4810 3758 4866 hortanti-

504 4894 599 4946 bus
641 4901 822 4962 postea
857 4893 1078 4945 eruditis
1103 4893 1252 4955 viris,
1284 4909 1587 4964 mecumque
1619 4891 1978 4948 benevolentia
2007 4893 2324 4962 conjunctis,
2343 4901 2392 4946 et
2417 4895 2682 4964 praecipue
2710 4893 2930 4950 illorum
2956 4897 3376 4953 adhortationem
3409 4900 3759 4960 illustrissimc

505 4984 936 5055 amplissimaque
967 4984 1115 5039 card.
1134 4983 1355 5055 Carafa,
1392 4986 1542 5051 cuius
1565 4987 1720 5057 jussu
1747 5005 1809 5042 ac
1845 4985 2116 5040 voluntate
2144 4985 2265 5039 illos
2290 4995 2674 5051 converteram,
2705 4989 3053 5058 approbante,
3083 4999 3138 5043 ut
3169 4991 3298 5043 vitia
3325 4994 3621 5061 superioris
3659 4997 3758 5048 im-

507 5082 790 5151 pressionis
821 5080 1178 5146 emendarem,
1221 5080 1450 5136 alteram
1482 5090 1537 5134 ut
1560 5083 1752 5137 dicitur
1773 5084 2161 5155 navigationem
2183 5082 2406 5153 suscepi,
2437 5091 2486 5136 et
2526 5082 2594 5134 ad
2615 5082 2858 5136 incudem
2883 5081 3039 5136 illam
3085 5085 3484 5154 impressionem
3505 5091 3761 5154 revocavi,

508 5171 792 5241 curavique
820 5180 877 5225 ut
899 5170 1070 5224 denuo
1109 5169 1227 5224 libri
1255 5169 1634 5223 emendatiores
1655 5171 2108 5242 imprimerentur.
2159 5170 2353 5235 Habes,
2408 5169 2571 5224 lector
2591 5211 2605 5236 ,
2631 5169 2887 5226 Romanae
2921 5173 3079 5243 hujus
3130 5174 3492 5245 impressionis
3525 5195 3761 5233 causam.

507 5262 658 5316 Nunc
694 5263 828 5316 mihi
861 5264 998 5318 ratio
1023 5262 1334 5333 exponenda
1359 5271 1434 5315 est
1460 5278 1620 5332 quam
1656 5263 1711 5316 in
1732 5262 2133 5334 interpretando
2155 5279 2273 5316 sum
2311 5271 2538 5316 secutus.

583 5353 696 5424 Ego
720 5370 837 5406 cum
866 5355 1094 5409 viderem
1123 5357 1180 5409 in
1211 5363 1550 5410 externorum
1582 5357 1790 5428 scriptis
1833 5355 2214 5426 transferendis
2239 5353 2399 5423 ﬁdem
2445 5353 2750 5423 interpretis
2813 5354 3034 5424 requiri,
3057 5363 3214 5425 atque
3234 5371 3362 5413 eam
3383 5355 3592 5409 abunde
3614 5375 3756 5426 pra:-

506 5450 664 5516 stari,
693 5452 738 5503 si
767 5451 904 5519 quod
931 5452 984 5503 in
1018 5454 1379 5522 permutandis
1409 5455 1635 5509 nummis
1665 5455 1942 5508 usuvenire
1969 5451 2101 5506 sole:
2128 5493 2142 5517 ,
2179 5454 2463 5507 testimatio
2486 5453 2763 5507 sententia:
2793 5452 3126 5506 tantumdem
3151 5454 3334 5507 valens
3359 5454 3633 5511 reddatur.
3657 5471 3760 5508 non

508 5540 812 5616 scrupulose
852 5539 1010 5594 verba
1048 5553 1425 5611 numerentur;
1467 5547 1690 5600 mediam
1729 5543 2018 5616 quamdam
2057 5543 2196 5596 viam
2239 5545 2364 5598 mihi
2402 5544 2798 5616 ingrediendum
2831 5544 3032 5614 putavi,
3069 5553 3127 5596 ut
3151 5547 3468 5600 sententiam
3524 5550 3760 5605 auctoris

423 5686 426 5691 .
511 5638 588 5692 ita
612 5633 902 5695 redderem,
936 5641 992 5685 ut
1020 5650 1184 5706 neque
1218 5638 1372 5692 illam
1394 5640 1566 5694 solum
1592 5649 1834 5710 spectans
1871 5637 2026 5692 verba
2050 5646 2455 5704 contemnerem,
2495 5655 2661 5710 neque
2709 5656 2892 5693 rursus
2933 5639 3101 5694 verbis
3128 5638 3409 5712 plusquan.
3441 5653 3571 5707 opus
3627 5641 3760 5691 esset

515 5731 897 5799 adhtercsccns,
922 5727 1170 5786 obscurus
1201 5749 1383 5788 essem.
1417 5734 1594 5795 Neque
1645 5750 1762 5788 vero
1793 5731 1983 5787 Latina
2013 5733 2169 5788 verba
2215 5731 2306 5787 illa
2350 5740 2558 5789 tantum
2585 5735 2786 5800 vutavi,
2815 5750 2929 5806 qua:
2978 5735 3120 5804 apud
3168 5733 3362 5802 lingutc
3395 5740 3627 5781 διιηιηιοδ
3654 5741 3753 5777 aur

460 4792 481 4830 ι)
