4076 6306
241 407 342 463 121
1365 414 1648 508 ἈΝΤΟΝΙΙ
1680 419 1851 478 AGEI.

1881 423 1953 478 LII
1991 425 2372 483 ΡΒᾹΞΕΑΤΙΟ.
3386 426 3491 481 523

233 529 404 578 ctores
443 521 813 592 reperiuntur;
863 539 990 578 nam
1018 525 1116 579 illa
1142 527 1399 583 scribendi
1447 535 1610 588 anxia
1650 536 1888 589 nimisvet
1927 537 2240 609 scrupulosa
2306 536 2446 592 ratio
2477 539 2532 592 in
2564 540 2627 592 iis
2663 540 2868 610 scriptis
2896 553 3014 610 quas
3066 538 3136 591 ad
3183 536 3487 607 religionem

235 617 518 686 pertinent,
552 629 658 667 non
687 630 1066 687 usquequaque
1118 622 1320 674 servari
1366 632 1570 693 potest;
1614 624 1868 697 religione
1925 630 2063 683 enim
2101 629 2334 701 quadam
2377 629 2655 683 verborum
2686 631 2937 684 astrictus
2975 636 3180 684 tenetur
3205 631 3485 700 interpres,

235 706 367 761 ad'eo
388 713 448 759 ut
477 707 522 759 si
551 704 850 776 elegantius
873 710 1168 780 transferre
1200 712 1347 778 velit,
1388 731 1552 785 neque
1598 719 1753 770 certis
1780 718 2094 789 quibusdam
2132 721 2211 774 uti
2250 721 2420 774 verbis
2473 727 2633 791 atque
2660 719 2999 784 solemnibus,
3035 719 3344 790 plerumque
3363 735 3488 772 seri--

235 800 457 852 tentiam
483 799 740 863 obscuret,
768 798 893 853 dum
924 798 1240 856 Christianis
1262 804 1476 875 abjectis
1505 807 1732 862 cultiora
1757 808 1981 878 fortasse
2004 814 2227 882 quierit,-
2256 830 2394 884 saepe
2417 812 2816 884 simplicitatem
2849 810 3004 865 illam
3028 810 3322 866 Christiani
3349 811 3489 864 scri-

231 891 400 959 ptoris
427 908 462 944 a
490 891 621 959 fucis
650 891 887 945 alienam
907 909 1097 963 parum
1130 896 1361 966 referat;
1386 915 1766 971 nonnunquam
1788 904 1980 970 etiam,
2007 906 2144 975 quod
2166 914 2327 977 caput
2351 913 2446 970 est,
2480 906 2688 960 decreta
2720 904 2964 975 quaedam
2993 911 3188 957 nostra:
3216 901 3340 967 ﬁdei
3373 903 3485 956 vio-

233 977 324 1032 let.
365 978 720 1044 Quamobrem
746 985 978 1038 auctoris
1006 1001 1217 1042 sensum
1243 989 1320 1041 ita
1360 997 1578 1044 conatus
1610 1009 1730 1048 sum
1771 997 2084 1067 transferre,
2119 1006 2176 1051 ut
2203 998 2526 1070 simplicibus
2550 999 2748 1062 verbis,
2785 1004 2834 1051 et
2872 1014 2904 1051 a
2926 995 3305 1050 consuetudine
3333 995 3488 1050 Chri-

233 1070 386 1125 tiana
410 1073 627 1126 minime
646 1073 839 1127 alienis
875 1083 1092 1143 uterer;
1116 1082 1433 1150 _curavique,
1463 1094 1724 1153 quantum
1773 1090 1941 1156 potui,
1973 1105 2038 1143 ne
2077 1091 2132 1144 in
2155 1106 2215 1144 eo
2275 1091 2498 1162 legendo
2538 1077 2870 1145 Christianus
2932 1091 3096 1143 lector
3128 1090 3185 1142 in
3250 1088 3486 1142 auctoris

230 1166 493 1219 sententia
517 1180 684 1218 mores
706 1168 936 1221 auctoris
967 1167 1306 1225 desideraret.
1339 1172 1603 1231 Hactenus
1635 1178 1696 1232 de
1718 1194 1850 1234 mea.
1870 1182 2319 1252 interpretationis
2343 1184 2566 1237 ratione.
2598 1182 2754 1237 Nunc
2781 1182 2844 1237 de
2877 1185 3048 1252 operis
3075 1189 3288 1235 auctore
3314 1195 3486 1248 pauca

232 1259 456 1314 dicenda
487 1267 626 1313 sunt.

304 1347 497 1420 Cyrilli
523 1352 614 1403 hoc
639 1366 769 1421 opus
795 1367 924 1417 esse,
957 1354 1046 1422 qui
1069 1354 1124 1407 in
1149 1353 1262 1424 ejus
1302 1357 1512 1427 scriptis
1541 1359 1868 1432 perlegendis
1892 1366 1959 1418 sit
1983 1374 2243 1431 versatus,
2287 1373 2414 1439 puto
2445 1368 2810 1422 dubitaturum
2866 1371 3164 1435 neminem;
3195 1370 3352 1440 idque
3380 1387 3484 1424 non

230 1441 651 1512 exinscriptione
675 1441 850 1496 solum
887 1446 1123 1514 cognosci
1143 1455 1330 1516 potest,
1360 1463 1476 1518 quae
1508 1452 1564 1504 in
1593 1454 1831 1508 omnibus
1849 1473 1976 1526 quos
2014 1457 2187 1511 videre
2236 1462 2384 1529 potui
2435 1462 2812 1530 manuscriptis
2839 1460 2983 1514 libris
3035 1469 3335 1530 prwnotata
3380 1470 3478 1522 est,

229 1553 418 1591 verum
455 1537 611 1591 etiam
639 1554 705 1592 ea:
737 1538 1046 1594 elocutionis
1074 1557 1264 1611 genere
1287 1560 1406 1598 cum
1434 1549 1636 1602 caeteris
1665 1550 1780 1617 eius
1812 1550 1960 1605 libris
1985 1553 2437 1623 quamsimillimo.
2471 1555 2639 1608 Habet
2665 1557 2803 1608 enim
2842 1555 3098 1625 Cyrillus,
3128 1563 3185 1608 ut
3204 1558 3482 1626 scriptores

231 1647 434 1696 omnes,
469 1647 622 1686 suam
643 1635 935 1704 quamdam
965 1637 1220 1691 orationis
1247 1638 1475 1707 formam
1504 1658 1566 1695 ac
1585 1643 1812 1712 faciem;
1840 1662 2023 1716 quam,
2059 1655 2118 1699 ut
2148 1649 2204 1700 in
2231 1649 2345 1718 ipsa
2374 1647 2549 1702 vultus
2577 1650 2796 1702 humani
2823 1651 2992 1719 specie
3040 1653 3302 1713 usuvenit,
3339 1651 3483 1704 haud

230 1721 386 1794 facile
404 1725 459 1777 in
483 1725 589 1779 alio
621 1725 978 1797 deprehendas
1007 1745 1024 1782 :
1063 1744 1225 1798 eaque
1252 1731 1305 1784 in
1327 1730 1516 1786 Latino
1538 1751 1758 1808 quoque,
1775 1739 1868 1792 sed
1893 1739 2105 1808 facilius
2135 1758 2197 1793 ac
2230 1742 2423 1794 certius
2463 1742 2520 1794 in
2569 1740 2751 1796 Graeco
2793 1742 3129 1811 perspicitur.
3158 1741 3370 1795 Accedit
3397 1742 3482 1796 al-

230 1824 401 1869 terum
431 1829 824 1888 argumentum,
861 1820 998 1891 quod
1031 1821 1226 1876 eaedem
1258 1829 1530 1881 sententiw
1561 1846 1624 1882 ac
1658 1831 1908 1901 dogmata
1936 1834 2122 1904 quibus
2160 1835 2216 1887 in
2252 1835 2330 1888 his
2366 1833 2513 1888 libris
2549 1836 2739 1898 utitur,
2764 1835 2820 1886 in
2860 1834 2980 1888 aliis
3015 1836 3141 1888 item
3175 1836 3289 1902 ejus
3313 1834 3480 1900 libris,

228 1907 293 1960 de
323 1908 509 1978 quibus
543 1909 697 1964 nulla
730 1919 810 1966 est
845 1915 1222 1979 controversia,
1248 1914 1497 1986 leguntur
1528 1919 1628 1991 (a).
1659 1920 1898 1994 Longum
1927 1941 2048 1979 vero
2078 1932 2238 1990 esset,
2274 1941 2442 1996 neque
2461 1926 2832 1989 necessarium,
2862 1927 2906 1978 si
2931 1941 3020 1979 eas
3053 1943 3238 1980 omnes
3262 1936 3482 1980 senten-

228 2001 330 2053 tias
364 2004 604 2072 persequi
631 2002 825 2058 velim:
853 2005 983 2058 satis
1012 2007 1113 2059 erit
1146 2007 1215 2061 ad
1233 2023 1351 2062 eam
1383 2025 1495 2064 rem
1515 2010 1986 2070 demonstrandam
2022 2034 2188 2071 unum
2233 2025 2324 2070 aut
2367 2015 2598 2071 alterum
2624 2017 2922 2088 exemplum
2954 2034 3382 2072 commemorare.
3403 2017 3480 2072 Ne

232 2093 441 2163 longius
463 2093 670 2160 abeam,
695 2096 835 2166 quod
863 2098 918 2150 in
949 2099 1122 2168 primo
1144 2098 1276 2154 libro
1312 2103 1508 2171 posuit,
1547 2104 1978 2163 substantialiter
2022 2126 2087 2164 ea;
2136 2110 2300 2164 Patre
2337 2120 2386 2165 et
2441 2110 2576 2164 Filio
2621 2110 2898 2181 procedere
2924 2109 3183 2180 Spiritum
3219 2121 3482 2176 sanctum,

229 2201 404 2240 nonne
438 2183 700 2256 Cyrillum
728 2196 997 2242 auctorem
1030 2191 1311 2262 coarguit?
1362 2209 1463 2263 quo
1509 2209 1574 2247 ex
1616 2195 1811 2253 Graecis
1842 2199 2137 2254 doctoribus
2184 2217 2334 2255 nemo
2360 2202 2551 2272 dogma
2595 2202 2688 2254 hoc
2749 2203 2981 2270 apertius
3031 2201 3294 2272 protulit;
3356 2217 3486 2255 nam

226 2279 467 2334 eamdem
490 2281 810 2334 sententiam
842 2298 960 2336 cum
985 2282 1133 2350 ah‘bi,
1170 2293 1281 2340 tum
1297 2288 1354 2341 in
1386 2287 1654 2344 Thesauri
1685 2291 1817 2346 libro
1833 2309 1927 2346 xm
1963 2292 2200 2363 legimus,
2234 2296 2403 2365 capite
2431 2295 2465 2348 2
2490 2305 2540 2349 et
2560 2296 2626 2360 3;
2658 2297 2886 2366 itemque
2911 2295 2999 2349 lib.
3041 2311 3150 2360 xxv,
3183 2312 3301 2365 cap.
3340 2295 3393 2362 1,
3419 2305 3470 2350 et

234 2373 285 2428 in
309 2373 578 2429 Joannem
612 2373 702 2428 lib.
735 2391 789 2439 ιι,
815 2393 933 2446 cap.
961 2376 1496 2450 25.1nsufflationem
1530 2384 1718 2439 deinde
1749 2384 1978 2457 Spiritus
2016 2387 2187 2439 sancti
2235 2388 2291 2440 in
2327 2389 2556 2440 hominis
2613 2404 2800 2457 corpus
2837 2403 2862 2439 e
2907 2385 3032 2439 limo
3073 2387 3388 2455 formatum,
3423 2395 3484 2440 ut

228 2467 480 2523 Ceneseos
508 2468 732 2520 secundo
759 2466 996 2538 legimus,
1037 2469 1092 2524 id
1117 2472 1342 2542 effecisse
1379 2472 1622 2545 :Cyrillus
1655 2484 1826 2547 putat,
1876 2485 1935 2530 ut
1986 2476 2214 2548 Spiritus
2239 2480 2409 2532 sancti
2443 2494 2657 2532 munere
2694 2479 2932 2532 animam
2983 2477 3275 2532 decoraret.
3321 2479 3476 2534 Hanc

225 2561 543 2614 sententiam
581 2560 636 2612 in
663 2557 798 2612 libro
832 2576 1037 2633 quoque
1055 2564 1111 2616 in
1138 2563 1347 2636 Evang.
1373 2565 1435 2620 B.
1472 2566 1632 2622 Joan.
1659 2585 1717 2634 ιι,
1753 2587 1797 2624 c.
1817 2569 1870 2635 5,
1889 2579 1936 2624 et
1961 2570 2050 2624 lib.
2091 2587 2186 2635 xu,
2210 2587 2255 2624 c.
2285 2571 2374 2636 56,
2403 2572 2593 2640 posuit.
2645 2570 2831 2642 Cyrilli
2873 2570 3172 2640 opinionem
3224 2588 3329 2624 non
3355 2574 3487 2626 satis

223 2651 415 2724 probat
431 2649 494 2704 Β.
522 2649 744 2704 Thomas
769 2650 823 2705 in
850 2669 868 2707 t
899 2670 1041 2722 par.,
1071 2672 1125 2726 q.
1169 2656 1259 2720 91,
1292 2667 1398 2712 art.
1430 2661 1482 2725 4,
1508 2669 1558 2714 et
1583 2663 1639 2715 in
1660 2661 1836 2715 libello
1875 2681 2031 2734 quem
2066 2665 2316 2719 adversus
2349 2680 2555 2717 errores
2585 2663 2891 2719 Grcecorum
2938 2665 3169 2734 scripsit,
3231 2670 3487 2732 tanquam

229 2739 417 2814 Cyrilli
452 2741 728 2812 propriam
759 2745 1016 2813 agnoscit.
1045 2743 1148 2799 Sed
1180 2755 1238 2801 ut
1259 2747 1391 2802 solet
1427 2749 1656 2805 Patrum
1692 2755 1980 2806 sententias
2027 2753 2404 2806 modestissime
2442 2754 2497 2806 in
2539 2759 2740 2805 rectum
2775 2768 2988 2806 sensum
3029 2753 3394 2822 interpretari,
3429 2759 3486 2805 ut

228 2838 395 2908 magis
427 2853 514 2891 eos
547 2836 825 2908 defendere
859 2854 1019 2908 quam
1044 2827 1419 2910 reprehendere
1453 2845 1716 2909 videatur,
1767 2861 1885 2898 eam
1919 2847 2210 2900 reverentia
2261 2847 2396 2899 tanti
2425 2845 2604 2898 Patris
2636 2851 2902 2913 permotus
2923 2850 3156 2906 excusat,
3209 2842 3490 2912 allegorice

229 2929 293 2983 ab
323 2929 422 2984 illo
458 2927 732 3000 prolatum
763 2930 959 2983 dicens.
981 2926 1241 2981 Excusari
1288 2944 1350 2980 ac
1381 2929 1590 2999 defendi
1622 2930 1780 2984 aliter
1817 2947 2020 3002 quoque
2058 2941 2244 3002 potest,
2273 2950 2393 2986 cum
2419 2930 2652 3003 Cyrillus
2685 2931 2740 2983 in
2781 2948 2899 2984 eam
2931 2934 3249 2985 sententiam
3292 2934 3488 2986 venisse

227 3020 490 3084 videatur,
510 3030 566 3074 ut
593 3020 878 3075 Marcionis
907 3018 1242 3073 etManichcei
1269 3018 1620 3098 blasphemias
1637 3024 1994 3093 propulsaret,
2017 3027 2105 3095 qui
2133 3025 2374 3078 dicebant
2410 3042 2503 3095 per
2525 3025 2938 3095 insufflationem
2957 3021 3109 3076 illam
3137 3023 3362 3076 inditum
3381 3038 3489 3076 esse

229 3117 430 3170 homini
450 3113 550 3172 Dei
561 3115 828 3185 spiritum,
848 3128 1070 3183 eumque
1085 3114 1136 3167 in
1153 3114 1390 3167 animam
1411 3116 1633 3170 hominis
1649 3131 1974 3170 conversum.
1996 3117 2104 3171 Hoc
2127 3116 2358 3187 Cyrillus
2380 3116 2684 3181 detestatus,
2716 3124 2871 3186 negat
2897 3113 3153 3184 Spiritum
3174 3117 3226 3169 in
3253 3117 3490 3169 animum

229 3228 536 3268 conversum
554 3211 874 3281 ;asseritque
894 3209 1306 3280 insufflationem
1320 3209 1470 3265 illam
1504 3212 1572 3265 ad
1588 3212 1824 3267 decorem
1847 3214 2058 3277 animle,
2078 3229 2182 3265 non
2201 3213 2270 3264 ad
2297 3228 2484 3282 corpus
2513 3211 2859 3265 auimandum
2879 3210 3296 3280 profecisse.Non
3315 3220 3491 3264 tamen

229 3305 628 3377 negatSpiritus
657 3307 848 3361 virtute
861 3313 1019 3376 atque
1040 3309 1266 3377 efficacia
1292 3326 1478 3379 corpus
1506 3309 1643 3364 illud
1672 3313 1854 3365 anima
1879 3313 2080 3364 vivente
2109 3317 2440 3380 vegetatum;
2471 3309 2561 3363 sed
2589 3308 2751 3362 simul
2780 3309 2889 3378 fere
2937 3310 3173 3361 animam
3196 3311 3245 3362 vi
3263 3307 3490 3380 Spiritus

227 3400 487 3471 infusam,
526 3407 575 3453 et
608 3398 852 3470 evestigio
873 3400 1044 3453 sancti
1069 3397 1298 3470 Spiritus
1324 3416 1538 3456 munere
1571 3402 1896 3455 decoratum.
1923 3400 2072 3466 Quod
2104 3403 2375 3472 perspicue
2399 3401 2530 3454 dixit
2561 3402 2617 3454 in
2649 3399 3000 3472 Evangelium
3037 3399 3100 3454 Β.
3132 3401 3357 3457 Joannis
3397 3403 3486 3458 lib.

228 3508 289 3560 tt,
322 3510 442 3565 cap.
465 3493 519 3548 3.
558 3491 662 3550 Sed
686 3491 876 3564 Cyrilli
903 3495 1164 3563 opinionis
1199 3499 1467 3550 excusatio
1491 3497 1714 3551 alterius
1743 3498 1914 3568 aperis
1945 3505 2044 3562 est;
2069 3513 2206 3550 nunc
2231 3497 2362 3550 satis
2401 3502 2479 3550 est
2517 3495 2804 3550 ostendisse
2838 3493 3030 3566 Cyrilli
3057 3497 3193 3550 hanc
3236 3513 3345 3550 esse
3365 3514 3491 3552 sen-

232 3586 478 3641 tentiam.
508 3584 667 3656 Atqui
690 3586 747 3641 in
789 3586 962 3656 primo
999 3585 1155 3657 hujus
1197 3588 1369 3658 aperis
1411 3587 1543 3643 libro
1568 3589 1676 3644 hac
1699 3590 1963 3644 sententia
1993 3589 2166 3660 posita
2195 3597 2311 3654 est;
2340 3603 2442 3659 quo
2479 3602 2661 3642 verum
2708 3601 2816 3642 esse
2839 3583 3027 3658 Cyrilli
3056 3587 3150 3642 hoc
3182 3603 3308 3660 opus
3349 3588 3492 3643 indi-

228 3687 411 3732 catur.

301 3771 671 3844 Expositiones
701 3789 823 3844 vero
851 3773 1042 3828 divina:
1074 3773 1382 3846 Scriptura,
1404 3794 1521 3847 qua:
1544 3778 1598 3831 in
1623 3777 1742 3832 aliis
1772 3777 1884 3848 ejus
1926 3776 2068 3831 libris
2101 3777 2417 3846 afferuntur,
2439 3773 2602 3828 sicubi
2627 3774 2682 3826 in
2702 3773 2782 3826 his
2816 3771 2961 3826 libris
2984 3788 3108 3824 usus
3144 3771 3350 3834 incidit,
3388 3787 3492 3825 ea:-

228 3866 347 3921 dem
361 3868 548 3937 posita:
560 3873 703 3931 sunt;
727 3865 864 3936 quod
874 3865 1046 3936 ipsum
1063 3866 1300 3920 eumdem
1319 3883 1428 3920 esse
1449 3867 1892 3938 prodit.Singuias
1904 3883 2169 3921 recensere
2185 3881 2350 3937 neque
2366 3865 2586 3918 breviter
2598 3879 2830 3935 possum,
2845 3871 2893 3916 et
2914 3863 3064 3916 otiosi
3083 3863 3303 3915 hominis
3324 3870 3457 3915 esset
3477 3877 3493 3914 :

233 3959 484 4028 idquecui
517 3955 722 4011 libitum
752 3955 907 4025 fuerit
925 3955 1081 4026 facile
1110 3967 1266 4010 estea:
1292 3957 1462 4010 indice
1479 3955 1769 4029 Scriptum
1792 3975 1981 4024 sacrae,
2013 3960 2102 4029 qui
2127 3958 2197 4011 ad
2218 3957 2379 4026 ﬁnem
2404 3957 2576 4028 operis
2612 3963 2688 4008 est
2713 3955 2930 4026 positus,
2950 3954 3244 4018 desumere,
3278 3961 3328 4006 et
3371 3953 3496 4007 illas

230 4059 371 4109 inter
380 4068 440 4106 se
453 4050 860 4121 conferre.Quin
878 4053 1190 4108 etiaminter
1202 4051 1389 4124 Cyrilli
1401 4071 1562 4125 opera
1577 4055 1782 4111 libellus
1797 4057 2013 4128 quidam
2029 4058 2316 4121 invenitur,
2333 4056 2421 4127 qui
2444 4055 2788 4110 Collectanea
2810 4051 3140 4116 inscribitur;
3173 4052 3230 4103 in
3245 4067 3303 4104 eo
3327 4049 3497 4104 multa

231 4151 352 4196 sunt
381 4141 672 4212 Scriptum
722 4141 838 4196 loca
865 4142 1161 4198 sublimiori
1205 4159 1362 4197 sensu
1387 4153 1436 4197 et
1456 4146 1744 4216 anagogico
1784 4144 2068 4215 explicata,
2102 4145 2355 4215 pleraque
2382 4159 2444 4196 ea:
2477 4141 2621 4197 libris
2638 4157 2766 4212 pene
2787 4143 2856 4196 ad
2893 4141 3103 4196 verbum
3127 4142 3422 4212 desumpta,
3441 4152 3497 4194 ut

231 4234 367 4288 illud
393 4234 457 4288 de
489 4233 666 4305 Moyse
691 4232 883 4306 linguae
909 4239 1215 4294 tarditatem
1266 4249 1572 4306 excusante,
1603 4242 1667 4295 de
1697 4249 1852 4296 aetate
1875 4242 2078 4304 Aaron,
2099 4241 2161 4292 de
2183 4241 2330 4309 virga
2363 4238 2417 4291 in
2454 4245 2749 4309 serpentem
2765 4254 2937 4300 versa,
2968 4236 3029 4288 de
3060 4251 3213 4305 aqua?
3240 4236 3460 4305 penuria
3481 4276 3494 4298 ,

235 4347 342 4400 qua
372 4330 638 4386 Israelitae
661 4329 823 4400 paulo
845 4341 966 4386 ante
993 4351 1058 4388 ea:
1078 4334 1308 4406 nggpto
1335 4335 1564 4401 liberati,
1607 4337 1838 4406 primum
1879 4335 2055 4390 vexati
2092 4334 2402 4404 probatique
2425 4342 2567 4398 sunt,
2619 4332 2682 4386 de
2707 4347 2885 4403 pugna
2917 4329 3168 4382 adversus
3193 4327 3495 4382 Amalechi-

236 4430 316 4478 tas
337 4425 497 4487 inita,
516 4423 675 4480 Iosue
701 4427 850 4492 duce,
880 4425 1058 4498 Moyse
1078 4435 1390 4499 spectatore.

303 4515 370 4569 In
392 4514 588 4572 ercis
618 4519 818 4572 catenis
847 4527 1129 4588 praeterea,
1162 4519 1218 4570 in
1256 4517 1670 4572 Pentateuchum
1701 4516 1981 4588 praecipue,
2010 4529 2126 4584 quae
2152 4514 2208 4566 in
2245 4513 2504 4567 Vaticana
2530 4510 2842 4565 bibliotheca
2865 4519 3008 4575 sunt,
3031 4528 3193 4581 quam
3228 4511 3400 4564 multa
3433 4527 3497 4563 ac

239 4622 401 4676 prape
426 4607 652 4661 dixerim
679 4609 859 4662 omnia
891 4623 954 4662 ea:
974 4609 1052 4662 his
1078 4606 1225 4662 libris
1258 4614 1472 4678 accepta
1501 4606 1664 4660 sunt?
1699 4606 1777 4660 ita
1807 4614 1866 4659 ut
1888 4620 2018 4676 pene
2047 4612 2178 4658 totos
2221 4603 2293 4658 ibi
2319 4603 2542 4656 insertos
2589 4600 2768 4655 videas
2793 4603 2883 4656 hos
2913 4601 3092 4668 libros,
3125 4611 3282 4672 atque
3313 4600 3498 4673 Cyrilli

242 4701 454 4752 nomine
485 4699 698 4756 citatos.

308 4789 583 4845 Postremo
611 4791 881 4847 Anastasii
905 4794 1224 4862 patriarchae
1273 4789 1942 4856 Antiocheni,sanctissimi
1975 4797 2023 4843 et
2049 4788 2389 4843 eruditissimi
2417 4789 2534 4852 viri,
2569 4803 2723 4858 quem
2751 4803 2854 4839 non
2905 4793 3110 4840 moveat
3164 4786 3448 4840 auctoritas
3473 4786 3498 4838 Υ

242 4898 296 4953 1s
319 4888 458 4940 enim
483 4888 537 4941 in
566 4903 660 4940 suo
715 4887 1047 4942 Deductorio
1088 4888 1234 4942 libro
1282 4888 1344 4941 de
1373 4887 1452 4941 his
1497 4885 1643 4940 libris
1695 4886 2051 4938 testimonium
2096 4883 2320 4954 profert,
2358 4882 2775 4952 interrOgatione
2829 4881 3094 4934 vicesima.
3123 4879 3289 4933 Locus
3320 4891 3496 4934 autem

243 4989 396 5041 quem
419 4980 547 5032 citat
595 4979 844 5033 adversus
887 4983 1178 5034 vanitatem
1227 4979 1594 5050 auguriorum,
1621 4978 1684 5030 de
1722 4977 1853 5030 libro
1883 4992 1934 5030 γι
1958 4983 2196 5045 sumptus
2234 4982 2328 5026 est.
2361 4973 2444 5026 Ea:
2481 4974 2558 5026 his
2603 4972 2839 5026 omnibus
2884 4971 3019 5026 illud
3053 4973 3282 5042 profecto
3314 4970 3495 5043 liquet,

246 5071 518 5138 proprium
544 5087 652 5126 esse
683 5069 869 5142 Cyrilli
891 5087 1043 5142 opus,
1072 5087 1236 5142 neque
1261 5071 1401 5142 apud
1421 5085 1740 5141 quemquam
1759 5077 1884 5140 puto
1932 5069 2068 5122 hanc
2095 5084 2207 5120 rem
2246 5068 2302 5119 in
2322 5065 2535 5119 dubium
2568 5063 2936 5118 revocandam.

315 5183 392 5240 Ne
418 5202 539 5240 vero
565 5189 844 5258 quisquam
891 5188 1205 5258 offendatur,
1233 5205 1350 5242 cum
1384 5187 1710 5251 testimonia,
1753 5202 1871 5256 qua:
1899 5186 1962 5238 de
2014 5184 2294 5254 Scriptura
2353 5182 2720 5253 proferuntur,
2763 5180 3026 5251 aliquibus
3056 5179 3181 5232 locis
3224 5194 3327 5231 non
3371 5193 3499 5231 con-

247 5294 435 5348 gruere
454 5296 575 5334 cum
601 5281 793 5336 Latina
819 5283 1042 5336 editione
1063 5281 1274 5347 viderit,
1307 5282 1667 5336 admonendus
1695 5283 1736 5335 is
1764 5283 1891 5335 mihi
1911 5290 2005 5346 est,
2031 5281 2086 5334 id
2107 5296 2211 5334 non
2241 5281 2297 5333 in
2319 5295 2422 5332 uno
2446 5275 2669 5348 Cyrillo,
2691 5276 2780 5329 sed
2800 5278 2854 5329 in
2877 5276 3109 5329 omnium
3131 5273 3358 5328 Patrum
3389 5283 3496 5327 tam

249 5372 555 5430 Crtecorum
612 5393 774 5447 quam
810 5387 1042 5431 veterum
1101 5376 1415 5432 Latinorum
1461 5377 1605 5431 libris
1654 5378 1948 5433 usuvenire.
1998 5375 2065 5432 Hi
2104 5391 2332 5447 namque
2370 5389 2548 5428 omnes
2612 5370 2808 5425 Veteris
2856 5369 3175 5422 Testamenti
3210 5366 3496 5438 Scripturis

322 5548 397 5675 (αἶ
458 5549 866 5621 Argumentum
931 5553 1069 5606 nulli
1100 5553 1400 5607 secundum
1437 5553 1647 5621 praebet
1702 5551 1820 5622 ipse
1929 5567 1992 5606 co
2034 5552 2138 5605 iam
2160 5550 2427 5619 complexi
2445 5545 2817 5628 simus,capita
2835 5544 2963 5624 huic
2980 5545 3132 5613 operi
3150 5544 3495 5626 insertacon-

322 5622 371 5675 'ri
395 5621 505 5675 lus.
538 5621 706 5675 initio
737 5620 1126 5675 Clavhurorum
1153 5624 1207 5675 in
1248 5623 1468 5675 Genesin
1520 5623 1595 5675 (υ.
1632 5621 1711 5675 2}.
1735 5623 1822 5675 di-
1930 5569 2073 5675 suﬂo
2130 5620 2582 5675 nrzetermisimus
2613 5626 2668 5670 et
2714 5623 3080 5669 Inexammata
3131 5615 3495 5675 reliquimus;

251 5615 706 5696 Cyrillus,_initio
737 5620 1126 5696 Glaphyrorum
1153 5624 1207 5676 in
1248 5615 1468 5696 _Genesin
1515 5623 1595 5696 _(p.
1632 5615 1822 5696 2),'d_i-
1930 5615 2073 5676 sulto
2130 5615 2677 5696 prmtért_nisimus_et
2714 5615 3080 5696 inexnminata
3131 5615 3496 5684 reliquimus;

251 5686 409 5762 cens:
449 5711 466 5741 ι
499 5689 804 5762 Sciendum
835 5686 971 5762 vero
1028 5692 1192 5746 etiam
1248 5693 1354 5746 hoc
1387 5686 1560 5762 quod"
1585 5686 1709 5747 cum
1748 5692 1826 5746 De
1935 5686 2147 5762 tametsi
2181 5689 2457 5744 interdum
2488 5686 2684 5762 accidit
2712 5693 2772 5738 ut
2802 5686 3036 5762 alicujus
3083 5698 3277 5762 eorum
3309 5696 3500 5738 neces-

250 5761 565 5817 adoratione
612 5767 666 5814 et
712 5758 860 5812 cultu
886 5761 941 5813 in
968 5762 1156 5830 spiritu
1181 5772 1228 5814 et
1256 5753 1477 5816 veritate
1507 5763 1678 5817 libros
1717 5777 1825 5815 xvu
1933 5761 2076 5820 saria
2108 5761 2174 5816 de
2203 5774 2365 5814 causa
2400 5757 2832 5813 meminerimus.
2863 5773 2880 5808 ›
2919 5753 3066 5810 Enn.
3089 5753 3249 5809 Pun.

244 5832 665 5907 scripserimus,
705 5829 1042 5898 multamque
1077 5831 1130 5886 in
1169 5832 1275 5888 illis
1303 5832 1826 5898 contemplationum
